  <div class='ocr_page' id='page_1' title='image "/cluster/home/n/w/nwhite01/storage/ocr_20150623/57/uva.x004697226/377.png"; bbox 0 0 4080 6474; ppageno 0'>
   <div class='ocr_carea' id='block_1_1' title="bbox 555 449 663 513">
    <p class='ocr_par' dir='ltr' id='par_1_1' title="bbox 555 449 663 513">
     <span class='ocr_line' id='line_1_1' title="bbox 555 449 663 513; baseline 0 0"><span class='ocrx_word' id='word_1_1' title='bbox 555 449 663 513; x_wconf 67' lang='lat'><strong>“3</strong></span> 
     </span>
    </p>
   </div>
   <div class='ocr_carea' id='block_1_2' title="bbox 559 559 2132 634">
    <p class='ocr_par' dir='ltr' id='par_1_2' title="bbox 559 559 2132 634">
     <span class='ocr_line' id='line_1_2' title="bbox 559 559 2132 634; baseline -0.005 -12"><span class='ocrx_word' id='word_1_2' title='bbox 559 578 678 623; x_wconf 81' lang='lat' dir='ltr'><strong>ctus</strong></span> <span class='ocrx_word' id='word_1_3' title='bbox 700 564 924 621; x_wconf 74' lang='lat' dir='ltr'><strong>fuisset?</strong></span> <span class='ocrx_word' id='word_1_4' title='bbox 948 562 1293 632; x_wconf 85' lang='lat' dir='ltr'><strong>Quandonam</strong></span> <span class='ocrx_word' id='word_1_5' title='bbox 1324 563 1443 634; x_wconf 87' lang='lat' dir='ltr'><strong>quis</strong></span> <span class='ocrx_word' id='word_1_6' title='bbox 1463 565 1670 634; x_wconf 81' lang='lat' dir='ltr'><strong>rogavit</strong></span> <span class='ocrx_word' id='word_1_7' title='bbox 1693 559 1885 627; x_wconf 83' lang='lat' dir='ltr'><strong>Deum,</strong></span> <span class='ocrx_word' id='word_1_8' title='bbox 1912 568 1969 615; x_wconf 89' lang='lat' dir='ltr'><strong>ut</strong></span> <span class='ocrx_word' id='word_1_9' title='bbox 1989 559 2132 614; x_wconf 87' lang='lat' dir='ltr'><strong>circa</strong></span> 
     </span>
    </p>
   </div>
   <div class='ocr_carea' id='block_1_3' title="bbox 561 653 2177 726">
    <p class='ocr_par' dir='ltr' id='par_1_3' title="bbox 561 653 2177 726">
     <span class='ocr_line' id='line_1_3' title="bbox 561 653 2177 726; baseline -0.003 -16"><span class='ocrx_word' id='word_1_10' title='bbox 561 657 700 711; x_wconf 90' lang='lat' dir='ltr'><strong>hunc</strong></span> <span class='ocrx_word' id='word_1_11' title='bbox 721 657 978 711; x_wconf 85' lang='lat' dir='ltr'><strong>morbum</strong></span> <span class='ocrx_word' id='word_1_12' title='bbox 994 655 1092 710; x_wconf 89' lang='lat' dir='ltr'><strong>sibi</strong></span> <span class='ocrx_word' id='word_1_13' title='bbox 1118 655 1374 726; x_wconf 88' lang='lat' dir='ltr'><strong>propitius</strong></span> <span class='ocrx_word' id='word_1_14' title='bbox 1399 655 1588 710; x_wconf 79' lang='lat' dir='ltr'><strong>esset?</strong></span> <span class='ocrx_word' id='word_1_15' title='bbox 1615 654 1783 709; x_wconf 84' lang='lat' dir='ltr'><strong>Nemo</strong></span> <span class='ocrx_word' id='word_1_16' title='bbox 1803 653 1984 722; x_wconf 91' lang='lat' dir='ltr'><strong>utique</strong></span> <span class='ocrx_word' id='word_1_17' title='bbox 2010 667 2131 706; x_wconf 84' lang='lat' dir='ltr'><strong>um-</strong></span> <span class='ocrx_word' id='word_1_18' title='bbox 2170 669 2177 676; x_wconf 91' lang='grc'><strong>·</strong></span> 
     </span>
    </p>
   </div>
   <div class='ocr_carea' id='block_1_4' title="bbox 554 744 2128 816">
    <p class='ocr_par' dir='ltr' id='par_1_4' title="bbox 554 744 2128 816">
     <span class='ocr_line' id='line_1_4' title="bbox 554 744 2128 816; baseline -0.003 -16"><span class='ocrx_word' id='word_1_19' title='bbox 554 760 733 816; x_wconf 86' lang='lat' dir='ltr'><strong>quam;</strong></span> <span class='ocrx_word' id='word_1_20' title='bbox 759 745 850 802; x_wconf 91' lang='lat' dir='ltr'><strong>sed</strong></span> <span class='ocrx_word' id='word_1_21' title='bbox 870 747 912 800; x_wconf 91' lang='lat' dir='ltr'><strong>si</strong></span> <span class='ocrx_word' id='word_1_22' title='bbox 925 746 1126 815; x_wconf 88' lang='lat' dir='ltr'><strong>jejunet</strong></span> <span class='ocrx_word' id='word_1_23' title='bbox 1143 761 1203 798; x_wconf 88' lang='lat' dir='ltr'><strong>ac</strong></span> <span class='ocrx_word' id='word_1_24' title='bbox 1225 745 1485 799; x_wconf 74' lang='lat' dir='ltr'><strong>tantillum</strong></span> <span class='ocrx_word' id='word_1_25' title='bbox 1508 745 1744 813; x_wconf 70' lang='lat' dir='ltr'><strong>pecunia:</strong></span> <span class='ocrx_word' id='word_1_26' title='bbox 1765 745 1856 798; x_wconf 91' lang='lat' dir='ltr'><strong>det</strong></span> <span class='ocrx_word' id='word_1_27' title='bbox 1887 744 2128 812; x_wconf 86' lang='lat' dir='ltr'><strong>pauperi,</strong></span> 
     </span>
    </p>
   </div>
   <div class='ocr_carea' id='block_1_5' title="bbox 553 837 2126 908">
    <p class='ocr_par' dir='ltr' id='par_1_5' title="bbox 553 837 2126 908">
     <span class='ocr_line' id='line_1_5' title="bbox 553 837 2126 908; baseline 0.001 -20"><span class='ocrx_word' id='word_1_28' title='bbox 553 839 893 908; x_wconf 74' lang='lat' dir='ltr'><strong>quantumvis</strong></span> <span class='ocrx_word' id='word_1_29' title='bbox 910 839 977 892; x_wconf 95' lang='lat' dir='ltr'><strong>sit</strong></span> <span class='ocrx_word' id='word_1_30' title='bbox 991 837 1211 901; x_wconf 83' lang='lat' dir='ltr'><strong>invidus,</strong></span> <span class='ocrx_word' id='word_1_31' title='bbox 1227 837 1358 891; x_wconf 85' lang='lat' dir='ltr'><strong>nihil</strong></span> <span class='ocrx_word' id='word_1_32' title='bbox 1381 852 1439 892; x_wconf 89' lang='lat' dir='ltr'><strong>se</strong></span> <span class='ocrx_word' id='word_1_33' title='bbox 1458 852 1616 906; x_wconf 85' lang='lat' dir='ltr'><strong>grave</strong></span> <span class='ocrx_word' id='word_1_34' title='bbox 1636 837 1916 892; x_wconf 86' lang='lat' dir='ltr'><strong>admisisse</strong></span> <span class='ocrx_word' id='word_1_35' title='bbox 1940 844 2088 905; x_wconf 91' lang='lat' dir='ltr'><strong>putat</strong></span> <span class='ocrx_word' id='word_1_36' title='bbox 2111 852 2126 900; x_wconf 89' lang='lat'>;</span> 
     </span>
    </p>
   </div>
   <div class='ocr_carea' id='block_1_6' title="bbox 558 926 2126 999">
    <p class='ocr_par' dir='ltr' id='par_1_6' title="bbox 558 926 2126 999">
     <span class='ocr_line' id='line_1_6' title="bbox 558 926 2126 999; baseline 0.001 -19"><span class='ocrx_word' id='word_1_37' title='bbox 558 930 680 982; x_wconf 90' lang='lat' dir='ltr'><strong>licet</strong></span> <span class='ocrx_word' id='word_1_38' title='bbox 719 930 1032 999; x_wconf 86' lang='lat' dir='ltr'><strong>gravissimo</strong></span> <span class='ocrx_word' id='word_1_39' title='bbox 1072 929 1306 982; x_wconf 92' lang='lat' dir='ltr'><strong>omnium</strong></span> <span class='ocrx_word' id='word_1_40' title='bbox 1339 928 1525 983; x_wconf 91' lang='lat' dir='ltr'><strong>morbo</strong></span> <span class='ocrx_word' id='word_1_41' title='bbox 1543 935 1801 982; x_wconf 89' lang='lat' dir='ltr'><strong>teneatur.</strong></span> <span class='ocrx_word' id='word_1_42' title='bbox 1854 926 2126 982; x_wconf 84' lang='lat' dir='ltr'><strong>Undenam</strong></span> 
     </span>
    </p>
   </div>
   <div class='ocr_carea' id='block_1_7' title="bbox 553 1019 2128 1077">
    <p class='ocr_par' dir='ltr' id='par_1_7' title="bbox 553 1019 2128 1077">
     <span class='ocr_line' id='line_1_7' title="bbox 553 1019 2128 1077; baseline -0.002 -3"><span class='ocrx_word' id='word_1_43' title='bbox 553 1021 682 1074; x_wconf 79' lang='lat' dir='ltr'><strong>Cain</strong></span> <span class='ocrx_word' id='word_1_44' title='bbox 704 1031 808 1075; x_wconf 90' lang='lat' dir='ltr'><strong>tam</strong></span> <span class='ocrx_word' id='word_1_45' title='bbox 823 1021 1075 1075; x_wconf 76' lang='lat' dir='ltr'><strong>scelestus</strong></span> <span class='ocrx_word' id='word_1_46' title='bbox 1091 1021 1310 1076; x_wconf 78' lang='lat' dir='ltr'><strong>effectus</strong></span> <span class='ocrx_word' id='word_1_47' title='bbox 1326 1021 1441 1076; x_wconf 79' lang='lat' dir='ltr'><strong>est?</strong></span> <span class='ocrx_word' id='word_1_48' title='bbox 1461 1021 1600 1077; x_wconf 93' lang='lat' dir='ltr'><strong>unde</strong></span> <span class='ocrx_word' id='word_1_49' title='bbox 1616 1020 1780 1075; x_wconf 76' lang='lat' dir='ltr'><strong>Esau?</strong></span> <span class='ocrx_word' id='word_1_50' title='bbox 1802 1021 1940 1075; x_wconf 83' lang='lat' dir='ltr'><strong>unde</strong></span> <span class='ocrx_word' id='word_1_51' title='bbox 1959 1019 2128 1074; x_wconf 88' lang='lat' dir='ltr'><strong>Laba-</strong></span> 
     </span>
    </p>
   </div>
   <div class='ocr_carea' id='block_1_8' title="bbox 554 1110 2126 1178">
    <p class='ocr_par' dir='ltr' id='par_1_8' title="bbox 554 1110 2126 1178">
     <span class='ocr_line' id='line_1_8' title="bbox 554 1110 2126 1178; baseline -0.002 -12"><span class='ocrx_word' id='word_1_52' title='bbox 554 1115 606 1166; x_wconf 90' lang='lat' dir='ltr'><strong>ni</strong></span> <span class='ocrx_word' id='word_1_53' title='bbox 635 1114 761 1167; x_wconf 77' lang='lat' dir='ltr'><strong>filii?</strong></span> <span class='ocrx_word' id='word_1_54' title='bbox 783 1115 918 1170; x_wconf 91' lang='lat' dir='ltr'><strong>unde</strong></span> <span class='ocrx_word' id='word_1_55' title='bbox 941 1115 1034 1169; x_wconf 85' lang='lat' dir='ltr'><strong>filii</strong></span> <span class='ocrx_word' id='word_1_56' title='bbox 1055 1114 1275 1169; x_wconf 78' lang='lat' dir='ltr'><strong>Jacobi?</strong></span> <span class='ocrx_word' id='word_1_57' title='bbox 1305 1110 1444 1168; x_wconf 84' lang='lat' dir='ltr'><strong>unde</strong></span> <span class='ocrx_word' id='word_1_58' title='bbox 1463 1113 1601 1168; x_wconf 89' lang='lat' dir='ltr'><strong>Core</strong></span> <span class='ocrx_word' id='word_1_59' title='bbox 1630 1155 1644 1178; x_wconf 92' lang='lat'><strong>,</strong></span> <span class='ocrx_word' id='word_1_60' title='bbox 1687 1112 1889 1167; x_wconf 87' lang='lat' dir='ltr'><strong>Dathan</strong></span> <span class='ocrx_word' id='word_1_61' title='bbox 1919 1121 1974 1167; x_wconf 93' lang='lat' dir='ltr'><strong>et</strong></span> <span class='ocrx_word' id='word_1_62' title='bbox 1996 1111 2126 1165; x_wconf 82' lang='lat' dir='ltr'><strong>Abi-</strong></span> 
     </span>
    </p>
   </div>
   <div class='ocr_carea' id='block_1_9' title="bbox 555 1200 2127 1272">
    <p class='ocr_par' dir='ltr' id='par_1_9' title="bbox 555 1200 2127 1272">
     <span class='ocr_line' id='line_1_9' title="bbox 555 1200 2127 1272; baseline 0.001 -19"><span class='ocrx_word' id='word_1_63' title='bbox 555 1205 689 1256; x_wconf 81' lang='lat' dir='ltr'><strong>ron?</strong></span> <span class='ocrx_word' id='word_1_64' title='bbox 718 1203 858 1259; x_wconf 84' lang='lat' dir='ltr'><strong>unde</strong></span> <span class='ocrx_word' id='word_1_65' title='bbox 891 1204 1053 1259; x_wconf 83' lang='lat' dir='ltr'><strong>Maria</strong></span> <span class='ocrx_word' id='word_1_66' title='bbox 1073 1209 1096 1256; x_wconf 65' lang='grc' dir='ltr'><strong>’ρ</strong></span> <span class='ocrx_word' id='word_1_67' title='bbox 1124 1204 1262 1258; x_wconf 90' lang='lat' dir='ltr'><strong>unde</strong></span> <span class='ocrx_word' id='word_1_68' title='bbox 1287 1205 1462 1258; x_wconf 87' lang='lat' dir='ltr'><strong>Aaron</strong></span> <span class='ocrx_word' id='word_1_69' title='bbox 1489 1203 1512 1256; x_wconf 85' lang='lat'><strong>?</strong></span> <span class='ocrx_word' id='word_1_70' title='bbox 1541 1202 1680 1257; x_wconf 89' lang='lat' dir='ltr'><strong>unde</strong></span> <span class='ocrx_word' id='word_1_71' title='bbox 1701 1203 1812 1272; x_wconf 88' lang='lat' dir='ltr'><strong>ipse</strong></span> <span class='ocrx_word' id='word_1_72' title='bbox 1843 1200 2127 1255; x_wconf 80' lang='lat' dir='ltr'><strong>diabolus?</strong></span> 
     </span>
    </p>
   </div>
   <div class='ocr_carea' id='block_1_10' title="bbox 623 1293 2124 1365">
    <p class='ocr_par' dir='ltr' id='par_1_10' title="bbox 623 1293 2124 1365">
     <span class='ocr_line' id='line_1_10' title="bbox 623 1293 2124 1365; baseline -0.004 -13"><span class='ocrx_word' id='word_1_73' title='bbox 623 1299 675 1353; x_wconf 66' lang='grc' dir='ltr'><strong>Δ.</strong></span> <span class='ocrx_word' id='word_1_74' title='bbox 709 1297 840 1352; x_wconf 90' lang='lat' dir='ltr'><strong>Cum</strong></span> <span class='ocrx_word' id='word_1_75' title='bbox 880 1296 964 1351; x_wconf 85' lang='lat' dir='ltr'><strong>his</strong></span> <span class='ocrx_word' id='word_1_76' title='bbox 994 1296 1096 1351; x_wconf 91' lang='lat' dir='ltr'><strong>hoc</strong></span> <span class='ocrx_word' id='word_1_77' title='bbox 1139 1296 1298 1350; x_wconf 89' lang='lat' dir='ltr'><strong>etiam</strong></span> <span class='ocrx_word' id='word_1_78' title='bbox 1328 1295 1595 1365; x_wconf 83' lang='lat' dir='ltr'><strong>perpende</strong></span> <span class='ocrx_word' id='word_1_79' title='bbox 1621 1336 1636 1358; x_wconf 91' lang='lat'><strong>,</strong></span> <span class='ocrx_word' id='word_1_80' title='bbox 1672 1307 1719 1348; x_wconf 90' lang='lat' dir='ltr'><strong>te</strong></span> <span class='ocrx_word' id='word_1_81' title='bbox 1761 1309 1864 1348; x_wconf 88' lang='lat' dir='ltr'><strong>non</strong></span> <span class='ocrx_word' id='word_1_82' title='bbox 1892 1307 2013 1347; x_wconf 87' lang='lat' dir='ltr'><strong>cum</strong></span> <span class='ocrx_word' id='word_1_83' title='bbox 2041 1293 2124 1346; x_wconf 91' lang='lat' dir='ltr'><strong>cui</strong></span> 
     </span>
    </p>
   </div>
   <div class='ocr_carea' id='block_1_11' title="bbox 553 1383 2122 1456">
    <p class='ocr_par' dir='ltr' id='par_1_11' title="bbox 553 1383 2122 1456">
     <span class='ocr_line' id='line_1_11' title="bbox 553 1383 2122 1456; baseline -0.004 -14"><span class='ocrx_word' id='word_1_84' title='bbox 553 1389 756 1444; x_wconf 90' lang='lat' dir='ltr'><strong>invides</strong></span> <span class='ocrx_word' id='word_1_85' title='bbox 788 1388 985 1443; x_wconf 64' lang='lat' dir='ltr'><strong>laedere</strong></span> <span class='ocrx_word' id='word_1_86' title='bbox 1014 1428 1029 1453; x_wconf 88' lang='lat'><strong>,</strong></span> <span class='ocrx_word' id='word_1_87' title='bbox 1063 1387 1155 1442; x_wconf 87' lang='lat' dir='ltr'><strong>sed</strong></span> <span class='ocrx_word' id='word_1_88' title='bbox 1196 1387 1246 1440; x_wconf 92' lang='lat' dir='ltr'><strong>in</strong></span> <span class='ocrx_word' id='word_1_89' title='bbox 1273 1387 1502 1456; x_wconf 90' lang='lat' dir='ltr'><strong>teipsum</strong></span> <span class='ocrx_word' id='word_1_90' title='bbox 1535 1386 1766 1455; x_wconf 80' lang='lat' dir='ltr'><strong>gladium</strong></span> <span class='ocrx_word' id='word_1_91' title='bbox 1793 1396 2022 1440; x_wconf 83' lang='lat' dir='ltr'><strong>vertere.</strong></span> <span class='ocrx_word' id='word_1_92' title='bbox 2068 1383 2122 1436; x_wconf 90' lang='lat' dir='ltr'><strong>in</strong></span> 
     </span>
    </p>
   </div>
   <div class='ocr_carea' id='block_1_12' title="bbox 553 1477 2127 1548">
    <p class='ocr_par' dir='ltr' id='par_1_12' title="bbox 553 1477 2127 1548">
     <span class='ocr_line' id='line_1_12' title="bbox 553 1477 2127 1548; baseline 0 -17"><span class='ocrx_word' id='word_1_93' title='bbox 553 1497 656 1548; x_wconf 84' lang='lat' dir='ltr'><strong>quo</strong></span> <span class='ocrx_word' id='word_1_94' title='bbox 684 1482 825 1534; x_wconf 90' lang='lat' dir='ltr'><strong>enim</strong></span> <span class='ocrx_word' id='word_1_95' title='bbox 856 1479 1076 1533; x_wconf 82' lang='lat' dir='ltr'><strong>Abeium</strong></span> <span class='ocrx_word' id='word_1_96' title='bbox 1099 1477 1229 1533; x_wconf 88' lang='lat' dir='ltr'><strong>Cain</strong></span> <span class='ocrx_word' id='word_1_97' title='bbox 1252 1479 1387 1532; x_wconf 66' lang='lat' dir='ltr'><strong>laesit</strong></span> <span class='ocrx_word' id='word_1_98' title='bbox 1407 1477 1599 1531; x_wconf 62' lang='lat' dir='ltr'><strong>illium</strong></span> <span class='ocrx_word' id='word_1_99' title='bbox 1629 1478 1784 1532; x_wconf 86' lang='lat' dir='ltr'><strong>citius</strong></span> <span class='ocrx_word' id='word_1_100' title='bbox 1813 1478 1896 1529; x_wconf 84' lang='lat' dir='ltr'><strong>vel</strong></span> <span class='ocrx_word' id='word_1_101' title='bbox 1929 1477 2127 1530; x_wconf 83' lang='lat' dir='ltr'><strong>invitus</strong></span> 
     </span>
    </p>
   </div>
   <div class='ocr_carea' id='block_1_13' title="bbox 553 1568 2124 1643">
    <p class='ocr_par' dir='ltr' id='par_1_13' title="bbox 553 1568 2124 1643">
     <span class='ocr_line' id='line_1_13' title="bbox 553 1568 2124 1643; baseline -0.005 -16"><span class='ocrx_word' id='word_1_102' title='bbox 553 1575 605 1627; x_wconf 90' lang='lat' dir='ltr'><strong>in</strong></span> <span class='ocrx_word' id='word_1_103' title='bbox 639 1589 854 1643; x_wconf 90' lang='lat' dir='ltr'><strong>regnum</strong></span> <span class='ocrx_word' id='word_1_104' title='bbox 887 1573 1048 1636; x_wconf 86' lang='lat' dir='ltr'><strong>misit,</strong></span> <span class='ocrx_word' id='word_1_105' title='bbox 1079 1587 1239 1640; x_wconf 83' lang='lat' dir='ltr'><strong>seque</strong></span> <span class='ocrx_word' id='word_1_106' title='bbox 1265 1571 1527 1624; x_wconf 83' lang='lat' dir='ltr'><strong>sexcentis</strong></span> <span class='ocrx_word' id='word_1_107' title='bbox 1555 1570 1775 1623; x_wconf 81' lang='lat' dir='ltr'><strong>involvit</strong></span> <span class='ocrx_word' id='word_1_108' title='bbox 1806 1570 1976 1622; x_wconf 83' lang='lat' dir='ltr'><strong>malis.</strong></span> <span class='ocrx_word' id='word_1_109' title='bbox 2012 1568 2124 1634; x_wconf 87' lang='lat' dir='ltr'><strong>Qua</strong></span> 
     </span>
    </p>
   </div>
   <div class='ocr_carea' id='block_1_14' title="bbox 552 1659 2126 1717">
    <p class='ocr_par' dir='ltr' id='par_1_14' title="bbox 552 1659 2126 1717">
     <span class='ocr_line' id='line_1_14' title="bbox 552 1659 2126 1717; baseline -0.003 -1"><span class='ocrx_word' id='word_1_110' title='bbox 552 1665 604 1716; x_wconf 93' lang='lat' dir='ltr'><strong>in</strong></span> <span class='ocrx_word' id='word_1_111' title='bbox 639 1678 697 1717; x_wconf 88' lang='lat' dir='ltr'><strong>re</strong></span> <span class='ocrx_word' id='word_1_112' title='bbox 737 1662 936 1717; x_wconf 72' lang='lat' dir='ltr'><strong>iacebo</strong></span> <span class='ocrx_word' id='word_1_113' title='bbox 966 1663 1141 1716; x_wconf 91' lang='lat' dir='ltr'><strong>nocuit</strong></span> <span class='ocrx_word' id='word_1_114' title='bbox 1190 1660 1332 1715; x_wconf 73' lang='lat' dir='ltr'><strong>Esau</strong></span> <span class='ocrx_word' id='word_1_115' title='bbox 1361 1662 1384 1714; x_wconf 84' lang='lat'><strong>?</strong></span> <span class='ocrx_word' id='word_1_116' title='bbox 1411 1675 1588 1713; x_wconf 86' lang='lat' dir='ltr'><strong>annon</strong></span> <span class='ocrx_word' id='word_1_117' title='bbox 1633 1660 1718 1714; x_wconf 91' lang='lat' dir='ltr'><strong>ille</strong></span> <span class='ocrx_word' id='word_1_118' title='bbox 1742 1659 1891 1713; x_wconf 82' lang='lat' dir='ltr'><strong>dives</strong></span> <span class='ocrx_word' id='word_1_119' title='bbox 1927 1667 2044 1711; x_wconf 87' lang='lat' dir='ltr'><strong>erat</strong></span> <span class='ocrx_word' id='word_1_120' title='bbox 2073 1668 2126 1711; x_wconf 88' lang='lat' dir='ltr'><strong>et</strong></span> 
     </span>
    </p>
   </div>
   <div class='ocr_carea' id='block_1_15' title="bbox 553 1747 2121 1818">
    <p class='ocr_par' dir='ltr' id='par_1_15' title="bbox 553 1747 2121 1818">
     <span class='ocr_line' id='line_1_15' title="bbox 553 1747 2121 1818; baseline -0.004 -13"><span class='ocrx_word' id='word_1_121' title='bbox 553 1753 696 1806; x_wconf 90' lang='lat' dir='ltr'><strong>mille</strong></span> <span class='ocrx_word' id='word_1_122' title='bbox 716 1752 870 1806; x_wconf 87' lang='lat' dir='ltr'><strong>bonis</strong></span> <span class='ocrx_word' id='word_1_123' title='bbox 897 1751 1182 1813; x_wconf 77' lang='lat' dir='ltr'><strong>fruebatur,</strong></span> <span class='ocrx_word' id='word_1_124' title='bbox 1219 1751 1301 1804; x_wconf 87' lang='lat' dir='ltr'><strong>hic</strong></span> <span class='ocrx_word' id='word_1_125' title='bbox 1327 1764 1451 1804; x_wconf 89' lang='lat' dir='ltr'><strong>vero</strong></span> <span class='ocrx_word' id='word_1_126' title='bbox 1481 1758 1694 1818; x_wconf 85' lang='lat' dir='ltr'><strong>paterna</strong></span> <span class='ocrx_word' id='word_1_127' title='bbox 1724 1748 1884 1803; x_wconf 91' lang='lat' dir='ltr'><strong>domo</strong></span> <span class='ocrx_word' id='word_1_128' title='bbox 1905 1747 2121 1813; x_wconf 79' lang='lat' dir='ltr'><strong>excidit,</strong></span> 
     </span>
    </p>
   </div>
   <div class='ocr_carea' id='block_1_16' title="bbox 557 1837 2126 1912">
    <p class='ocr_par' dir='ltr' id='par_1_16' title="bbox 557 1837 2126 1912">
     <span class='ocr_line' id='line_1_16' title="bbox 557 1837 2126 1912; baseline -0.005 -14"><span class='ocrx_word' id='word_1_129' title='bbox 557 1855 610 1898; x_wconf 89' lang='lat' dir='ltr'><strong>et</strong></span> <span class='ocrx_word' id='word_1_130' title='bbox 654 1853 771 1912; x_wconf 90' lang='lat' dir='ltr'><strong>post</strong></span> <span class='ocrx_word' id='word_1_131' title='bbox 814 1851 1040 1896; x_wconf 83' lang='lat' dir='ltr'><strong>structas</strong></span> <span class='ocrx_word' id='word_1_132' title='bbox 1086 1841 1303 1896; x_wconf 83' lang='lat' dir='ltr'><strong>insidias</strong></span> <span class='ocrx_word' id='word_1_133' title='bbox 1333 1841 1383 1895; x_wconf 91' lang='lat' dir='ltr'><strong>in</strong></span> <span class='ocrx_word' id='word_1_134' title='bbox 1415 1841 1586 1895; x_wconf 89' lang='lat' dir='ltr'><strong>aliena</strong></span> <span class='ocrx_word' id='word_1_135' title='bbox 1632 1839 1850 1910; x_wconf 87' lang='lat' dir='ltr'><strong>regione</strong></span> <span class='ocrx_word' id='word_1_136' title='bbox 1877 1837 2126 1893; x_wconf 84' lang='lat' dir='ltr'><strong>erravit?</strong></span> 
     </span>
    </p>
   </div>
   <div class='ocr_carea' id='block_1_17' title="bbox 555 1929 2122 2001">
    <p class='ocr_par' dir='ltr' id='par_1_17' title="bbox 555 1929 2122 2001">
     <span class='ocr_line' id='line_1_17' title="bbox 555 1929 2122 2001; baseline -0.001 -17"><span class='ocrx_word' id='word_1_137' title='bbox 555 1933 692 2001; x_wconf 82' lang='lat' dir='ltr'><strong>Quid</strong></span> <span class='ocrx_word' id='word_1_138' title='bbox 738 1941 915 1987; x_wconf 89' lang='lat' dir='ltr'><strong>autem</strong></span> <span class='ocrx_word' id='word_1_139' title='bbox 946 1931 1128 1986; x_wconf 81' lang='lat' dir='ltr'><strong>Jacobi</strong></span> <span class='ocrx_word' id='word_1_140' title='bbox 1174 1931 1312 1985; x_wconf 79' lang='lat' dir='ltr'><strong>ﬁlii?</strong></span> <span class='ocrx_word' id='word_1_141' title='bbox 1346 1947 1412 1986; x_wconf 87' lang='lat' dir='ltr'><strong>an</strong></span> <span class='ocrx_word' id='word_1_142' title='bbox 1459 1930 1748 2000; x_wconf 82' lang='lat' dir='ltr'><strong>.loscphum</strong></span> <span class='ocrx_word' id='word_1_143' title='bbox 1791 1930 1844 1984; x_wconf 88' lang='lat' dir='ltr'><strong>in</strong></span> <span class='ocrx_word' id='word_1_144' title='bbox 1885 1929 2122 1999; x_wconf 75' lang='lat' dir='ltr'><strong>peiorem</strong></span> 
     </span>
    </p>
   </div>
   <div class='ocr_carea' id='block_1_18' title="bbox 551 2023 2123 2094">
    <p class='ocr_par' dir='ltr' id='par_1_18' title="bbox 551 2023 2123 2094">
     <span class='ocr_line' id='line_1_18' title="bbox 551 2023 2123 2094; baseline -0.001 -17"><span class='ocrx_word' id='word_1_145' title='bbox 551 2035 744 2078; x_wconf 87' lang='lat' dir='ltr'><strong>statum</strong></span> <span class='ocrx_word' id='word_1_146' title='bbox 770 2024 1103 2079; x_wconf 78' lang='lat' dir='ltr'><strong>adduxerunt</strong></span> <span class='ocrx_word' id='word_1_147' title='bbox 1129 2067 1141 2086; x_wconf 87' lang='lat'><strong>.</strong></span> <span class='ocrx_word' id='word_1_148' title='bbox 1171 2025 1375 2079; x_wconf 91' lang='lat' dir='ltr'><strong>etiamsi</strong></span> <span class='ocrx_word' id='word_1_149' title='bbox 1400 2038 1565 2094; x_wconf 82' lang='lat' dir='ltr'><strong>usque</strong></span> <span class='ocrx_word' id='word_1_150' title='bbox 1592 2025 1657 2078; x_wconf 89' lang='lat' dir='ltr'><strong>ad</strong></span> <span class='ocrx_word' id='word_1_151' title='bbox 1688 2023 1996 2094; x_wconf 83' lang='lat' dir='ltr'><strong>sanguinem</strong></span> <span class='ocrx_word' id='word_1_152' title='bbox 2028 2037 2123 2076; x_wconf 78' lang='lat' dir='ltr'><strong>ve-</strong></span> 
     </span>
    </p>
   </div>
   <div class='ocr_carea' id='block_1_19' title="bbox 551 2113 2123 2184">
    <p class='ocr_par' dir='ltr' id='par_1_19' title="bbox 551 2113 2123 2184">
     <span class='ocr_line' id='line_1_19' title="bbox 551 2113 2123 2184; baseline -0.002 -16"><span class='ocrx_word' id='word_1_153' title='bbox 551 2116 756 2169; x_wconf 84' lang='lat' dir='ltr'><strong>nissent</strong></span> <span class='ocrx_word' id='word_1_154' title='bbox 780 2113 802 2168; x_wconf 86' lang='lat'><strong>?</strong></span> <span class='ocrx_word' id='word_1_155' title='bbox 829 2115 1015 2170; x_wconf 81' lang='lat' dir='ltr'><strong>Nonne</strong></span> <span class='ocrx_word' id='word_1_156' title='bbox 1043 2114 1126 2168; x_wconf 85' lang='lat' dir='ltr'><strong>isti</strong></span> <span class='ocrx_word' id='word_1_157' title='bbox 1146 2115 1337 2168; x_wconf 86' lang='lat' dir='ltr'><strong>famem</strong></span> <span class='ocrx_word' id='word_1_158' title='bbox 1369 2117 1530 2184; x_wconf 82' lang='lat' dir='ltr'><strong>passi,</strong></span> <span class='ocrx_word' id='word_1_159' title='bbox 1560 2129 1623 2168; x_wconf 91' lang='lat' dir='ltr'><strong>ac</strong></span> <span class='ocrx_word' id='word_1_160' title='bbox 1651 2114 1716 2168; x_wconf 89' lang='lat' dir='ltr'><strong>de</strong></span> <span class='ocrx_word' id='word_1_161' title='bbox 1747 2113 2001 2169; x_wconf 78' lang='lat' dir='ltr'><strong>extremis</strong></span> <span class='ocrx_word' id='word_1_162' title='bbox 2031 2127 2123 2182; x_wconf 86' lang='lat' dir='ltr'><strong>pe-</strong></span> 
     </span>
    </p>
   </div>
   <div class='ocr_carea' id='block_1_20' title="bbox 550 2205 2121 2277">
    <p class='ocr_par' dir='ltr' id='par_1_20' title="bbox 550 2205 2121 2277">
     <span class='ocr_line' id='line_1_20' title="bbox 550 2205 2121 2277; baseline -0.001 -18"><span class='ocrx_word' id='word_1_163' title='bbox 550 2205 764 2263; x_wconf 84' lang='lat' dir='ltr'><strong>riclitati</strong></span> <span class='ocrx_word' id='word_1_164' title='bbox 790 2219 930 2270; x_wconf 88' lang='lat' dir='ltr'><strong>sunt,</strong></span> <span class='ocrx_word' id='word_1_165' title='bbox 962 2208 1048 2262; x_wconf 88' lang='lat' dir='ltr'><strong>ille</strong></span> <span class='ocrx_word' id='word_1_166' title='bbox 1071 2223 1199 2261; x_wconf 87' lang='lat' dir='ltr'><strong>vero</strong></span> <span class='ocrx_word' id='word_1_167' title='bbox 1228 2223 1320 2262; x_wconf 75' lang='lat' dir='ltr'><strong>rex</strong></span> <span class='ocrx_word' id='word_1_168' title='bbox 1351 2208 1402 2262; x_wconf 89' lang='lat' dir='ltr'><strong>in</strong></span> <span class='ocrx_word' id='word_1_169' title='bbox 1431 2216 1534 2262; x_wconf 85' lang='lat' dir='ltr'><strong>tota</strong></span> <span class='ocrx_word' id='word_1_170' title='bbox 1567 2207 1798 2277; x_wconf 64' lang='lat' dir='ltr'><strong>Egyptu</strong></span> <span class='ocrx_word' id='word_1_171' title='bbox 1826 2205 1965 2260; x_wconf 78' lang='lat' dir='ltr'><strong>fuit?</strong></span> <span class='ocrx_word' id='word_1_172' title='bbox 1989 2205 2121 2260; x_wconf 88' lang='lat' dir='ltr'><strong>Nam</strong></span> 
     </span>
    </p>
   </div>
   <div class='ocr_carea' id='block_1_21' title="bbox 551 2297 2122 2369">
    <p class='ocr_par' dir='ltr' id='par_1_21' title="bbox 551 2297 2122 2369">
     <span class='ocr_line' id='line_1_21' title="bbox 551 2297 2122 2369; baseline -0.002 -16"><span class='ocrx_word' id='word_1_173' title='bbox 551 2311 745 2369; x_wconf 87' lang='lat' dir='ltr'><strong>quanto</strong></span> <span class='ocrx_word' id='word_1_174' title='bbox 777 2300 940 2368; x_wconf 83' lang='lat' dir='ltr'><strong>magis</strong></span> <span class='ocrx_word' id='word_1_175' title='bbox 968 2298 1162 2352; x_wconf 78' lang='lat' dir='ltr'><strong>invidia</strong></span> <span class='ocrx_word' id='word_1_176' title='bbox 1193 2298 1540 2362; x_wconf 86' lang='lat' dir='ltr'><strong>laboraveris,</strong></span> <span class='ocrx_word' id='word_1_177' title='bbox 1574 2307 1721 2353; x_wconf 89' lang='lat' dir='ltr'><strong>tanto</strong></span> <span class='ocrx_word' id='word_1_178' title='bbox 1739 2299 1942 2365; x_wconf 80' lang='lat' dir='ltr'><strong>majora</strong></span> <span class='ocrx_word' id='word_1_179' title='bbox 1969 2297 2016 2350; x_wconf 90' lang='lat' dir='ltr'><strong>ci</strong></span> <span class='ocrx_word' id='word_1_180' title='bbox 2038 2299 2122 2350; x_wconf 93' lang='lat' dir='ltr'><strong>cui</strong></span> 
     </span>
    </p>
   </div>
   <div class='ocr_carea' id='block_1_22' title="bbox 551 2388 2123 2458">
    <p class='ocr_par' dir='ltr' id='par_1_22' title="bbox 551 2388 2123 2458">
     <span class='ocr_line' id='line_1_22' title="bbox 551 2388 2123 2458; baseline -0.003 -15"><span class='ocrx_word' id='word_1_181' title='bbox 551 2390 752 2445; x_wconf 79' lang='lat' dir='ltr'><strong>invides</strong></span> <span class='ocrx_word' id='word_1_182' title='bbox 781 2390 915 2443; x_wconf 92' lang='lat' dir='ltr'><strong>bona</strong></span> <span class='ocrx_word' id='word_1_183' title='bbox 945 2389 1211 2443; x_wconf 89' lang='lat' dir='ltr'><strong>concilias.</strong></span> <span class='ocrx_word' id='word_1_184' title='bbox 1236 2389 1374 2443; x_wconf 82' lang='lat' dir='ltr'><strong>Deus</strong></span> <span class='ocrx_word' id='word_1_185' title='bbox 1390 2389 1529 2443; x_wconf 90' lang='lat' dir='ltr'><strong>enim</strong></span> <span class='ocrx_word' id='word_1_186' title='bbox 1553 2431 1566 2454; x_wconf 91' lang='lat'><strong>,</strong></span> <span class='ocrx_word' id='word_1_187' title='bbox 1586 2390 1673 2458; x_wconf 85' lang='lat' dir='ltr'><strong>qui</strong></span> <span class='ocrx_word' id='word_1_188' title='bbox 1701 2398 1890 2443; x_wconf 81' lang='lat' dir='ltr'><strong>cuncta</strong></span> <span class='ocrx_word' id='word_1_189' title='bbox 1920 2388 2123 2457; x_wconf 83' lang='lat' dir='ltr'><strong>perspi-</strong></span> 
     </span>
    </p>
   </div>
   <div class='ocr_carea' id='block_1_23' title="bbox 536 2478 2116 2549">
    <p class='ocr_par' dir='ltr' id='par_1_23' title="bbox 536 2478 2116 2549">
     <span class='ocr_line' id='line_1_23' title="bbox 536 2478 2116 2549; baseline -0.004 -12"><span class='ocrx_word' id='word_1_190' title='bbox 536 2484 622 2537; x_wconf 86' lang='lat' dir='ltr'><strong>‘eit</strong></span> <span class='ocrx_word' id='word_1_191' title='bbox 656 2523 668 2547; x_wconf 92' lang='lat'><strong>,</strong></span> <span class='ocrx_word' id='word_1_192' title='bbox 707 2498 824 2536; x_wconf 91' lang='lat' dir='ltr'><strong>cum</strong></span> <span class='ocrx_word' id='word_1_193' title='bbox 847 2481 991 2534; x_wconf 80' lang='lat' dir='ltr'><strong>videt</strong></span> <span class='ocrx_word' id='word_1_194' title='bbox 1013 2495 1133 2535; x_wconf 91' lang='lat' dir='ltr'><strong>eum</strong></span> <span class='ocrx_word' id='word_1_195' title='bbox 1158 2479 1276 2535; x_wconf 74' lang='lat' dir='ltr'><strong>ltedi</strong></span> <span class='ocrx_word' id='word_1_196' title='bbox 1303 2481 1391 2549; x_wconf 92' lang='lat' dir='ltr'><strong>qui</strong></span> <span class='ocrx_word' id='word_1_197' title='bbox 1424 2480 1551 2534; x_wconf 87' lang='lat' dir='ltr'><strong>nihil</strong></span> <span class='ocrx_word' id='word_1_198' title='bbox 1583 2480 1739 2547; x_wconf 71' lang='lat' dir='ltr'><strong>imsit,</strong></span> <span class='ocrx_word' id='word_1_199' title='bbox 1769 2480 1915 2535; x_wconf 91' lang='lat' dir='ltr'><strong>illum</strong></span> <span class='ocrx_word' id='word_1_200' title='bbox 1945 2478 2116 2548; x_wconf 86' lang='lat' dir='ltr'><strong>erigit,</strong></span> 
     </span>
    </p>
   </div>
   <div class='ocr_carea' id='block_1_24' title="bbox 550 2571 2118 2642">
    <p class='ocr_par' dir='ltr' id='par_1_24' title="bbox 550 2571 2118 2642">
     <span class='ocr_line' id='line_1_24' title="bbox 550 2571 2118 2642; baseline -0.002 -15"><span class='ocrx_word' id='word_1_201' title='bbox 550 2574 996 2642; x_wconf 79' lang='lat' dir='ltr'><strong>illustriorcmque</strong></span> <span class='ocrx_word' id='word_1_202' title='bbox 1033 2571 1233 2639; x_wconf 83' lang='lat' dir='ltr'><strong>efficit;</strong></span> <span class='ocrx_word' id='word_1_203' title='bbox 1285 2572 1520 2626; x_wconf 76' lang='lat' dir='ltr'><strong>invidum</strong></span> <span class='ocrx_word' id='word_1_204' title='bbox 1562 2587 1691 2627; x_wconf 87' lang='lat' dir='ltr'><strong>vero</strong></span> <span class='ocrx_word' id='word_1_205' title='bbox 1739 2573 1939 2640; x_wconf 83' lang='lat' dir='ltr'><strong>plectit.</strong></span> <span class='ocrx_word' id='word_1_206' title='bbox 1987 2572 2118 2624; x_wconf 89' lang='lat' dir='ltr'><strong>Nam</strong></span> 
     </span>
    </p>
   </div>
   <div class='ocr_carea' id='block_1_25' title="bbox 548 2661 2122 2736">
    <p class='ocr_par' dir='ltr' id='par_1_25' title="bbox 548 2661 2122 2736">
     <span class='ocr_line' id='line_1_25' title="bbox 548 2661 2122 2736; baseline -0.001 -18"><span class='ocrx_word' id='word_1_207' title='bbox 548 2666 590 2718; x_wconf 90' lang='lat' dir='ltr'><strong>si</strong></span> <span class='ocrx_word' id='word_1_208' title='bbox 617 2681 730 2730; x_wconf 87' lang='lat' dir='ltr'><strong>eos,</strong></span> <span class='ocrx_word' id='word_1_209' title='bbox 755 2667 842 2736; x_wconf 91' lang='lat' dir='ltr'><strong>qui</strong></span> <span class='ocrx_word' id='word_1_210' title='bbox 861 2665 926 2719; x_wconf 91' lang='lat' dir='ltr'><strong>de</strong></span> <span class='ocrx_word' id='word_1_211' title='bbox 953 2666 1104 2720; x_wconf 89' lang='lat' dir='ltr'><strong>malis</strong></span> <span class='ocrx_word' id='word_1_212' title='bbox 1131 2661 1746 2729; x_wconf 69' lang='lat' dir='ltr'><strong>inimicorumltntentur,</strong></span> <span class='ocrx_word' id='word_1_213' title='bbox 1767 2679 1870 2719; x_wconf 91' lang='lat' dir='ltr'><strong>non</strong></span> <span class='ocrx_word' id='word_1_214' title='bbox 1902 2666 2122 2733; x_wconf 84' lang='lat' dir='ltr'><strong>impuni-</strong></span> 
     </span>
    </p>
   </div>
   <div class='ocr_carea' id='block_1_26' title="bbox 549 2755 2121 2830">
    <p class='ocr_par' dir='ltr' id='par_1_26' title="bbox 549 2755 2121 2830">
     <span class='ocr_line' id='line_1_26' title="bbox 549 2755 2121 2830; baseline -0.001 -20"><span class='ocrx_word' id='word_1_215' title='bbox 549 2767 632 2812; x_wconf 89' lang='lat' dir='ltr'><strong>tos</strong></span> <span class='ocrx_word' id='word_1_216' title='bbox 677 2759 802 2810; x_wconf 83' lang='lat' dir='ltr'><strong>sinit</strong></span> <span class='ocrx_word' id='word_1_217' title='bbox 847 2757 970 2830; x_wconf 81' lang='lat' dir='ltr'><strong>(Ne</strong></span> <span class='ocrx_word' id='word_1_218' title='bbox 1014 2757 1236 2826; x_wconf 77' lang='lat' dir='ltr'><strong>gaudeas</strong></span> <span class='ocrx_word' id='word_1_219' title='bbox 1274 2755 1422 2819; x_wconf 73' lang='lat' dir='ltr'><strong>enim,</strong></span> <span class='ocrx_word' id='word_1_220' title='bbox 1454 2757 1722 2823; x_wconf 52' lang='lat' dir='ltr'><strong>inquit,“</strong></span> <span class='ocrx_word' id='word_1_221' title='bbox 1752 2773 1870 2809; x_wconf 73' lang='lat' dir='ltr'><strong>casu</strong></span> <span class='ocrx_word' id='word_1_222' title='bbox 1894 2756 2121 2808; x_wconf 78' lang='lat' dir='ltr'><strong>inimico-</strong></span> 
     </span>
    </p>
   </div>
   <div class='ocr_carea' id='block_1_27' title="bbox 545 2844 2120 2916">
    <p class='ocr_par' dir='ltr' id='par_1_27' title="bbox 545 2844 2120 2916">
     <span class='ocr_line' id='line_1_27' title="bbox 545 2844 2120 2916; baseline -0.001 -15"><span class='ocrx_word' id='word_1_223' title='bbox 545 2867 658 2902; x_wconf 77' lang='lat' dir='ltr'><strong>rum</strong></span> <span class='ocrx_word' id='word_1_224' title='bbox 694 2859 888 2902; x_wconf 83' lang='lat' dir='ltr'><strong>tuorum</strong></span> <span class='ocrx_word' id='word_1_225' title='bbox 911 2869 1006 2912; x_wconf 73' lang='grc' dir='ltr'><strong>,ηε</strong></span> <span class='ocrx_word' id='word_1_226' title='bbox 1028 2847 1228 2915; x_wconf 83' lang='lat' dir='ltr'><strong>quando</strong></span> <span class='ocrx_word' id='word_1_227' title='bbox 1281 2844 1417 2900; x_wconf 79' lang='lat' dir='ltr'><strong>Deus</strong></span> <span class='ocrx_word' id='word_1_228' title='bbox 1468 2847 1648 2912; x_wconf 81' lang='lat' dir='ltr'><strong>videar,</strong></span> <span class='ocrx_word' id='word_1_229' title='bbox 1678 2856 1726 2900; x_wconf 85' lang='lat' dir='ltr'><strong>et</strong></span> <span class='ocrx_word' id='word_1_230' title='bbox 1766 2846 2026 2916; x_wconf 77' lang='lat' dir='ltr'><strong>dispficeat</strong></span> <span class='ocrx_word' id='word_1_231' title='bbox 2073 2847 2120 2899; x_wconf 80' lang='lat' dir='ltr'><strong>ei</strong></span> 
     </span>
    </p>
   </div>
   <div class='ocr_carea' id='block_1_28' title="bbox 547 2935 2114 3012">
    <p class='ocr_par' dir='ltr' id='par_1_28' title="bbox 547 2935 2114 3012">
     <span class='ocr_line' id='line_1_28' title="bbox 547 2935 2114 3012; baseline -0.001 -20"><span class='ocrx_word' id='word_1_232' title='bbox 547 2937 725 3012; x_wconf 63' lang='lat' dir='ltr'><strong>[Prom</strong></span> <span class='ocrx_word' id='word_1_233' title='bbox 748 2939 837 2994; x_wconf 67' lang='grc'><strong>24.</strong></span> <span class='ocrx_word' id='word_1_234' title='bbox 867 2935 1060 3008; x_wconf 71' lang='lat'><strong>17.18]</strong></span> <span class='ocrx_word' id='word_1_235' title='bbox 1087 2937 1104 3006; x_wconf 97' lang='grc'>)</span> <span class='ocrx_word' id='word_1_236' title='bbox 1127 2957 1139 2991; x_wconf 88' lang='lat'><strong>:</strong></span> <span class='ocrx_word' id='word_1_237' title='bbox 1168 2937 1335 2990; x_wconf 86' lang='lat' dir='ltr'><strong>multo</strong></span> <span class='ocrx_word' id='word_1_238' title='bbox 1361 2937 1538 2990; x_wconf 90' lang='lat' dir='ltr'><strong>minus</strong></span> <span class='ocrx_word' id='word_1_239' title='bbox 1554 2951 1646 2990; x_wconf 88' lang='lat' dir='ltr'><strong>eos</strong></span> <span class='ocrx_word' id='word_1_240' title='bbox 1668 2937 1755 3005; x_wconf 85' lang='lat' dir='ltr'><strong>qui</strong></span> <span class='ocrx_word' id='word_1_241' title='bbox 1774 2935 2008 2990; x_wconf 90' lang='lat' dir='ltr'><strong>invident</strong></span> <span class='ocrx_word' id='word_1_242' title='bbox 2031 2937 2114 2998; x_wconf 90' lang='lat' dir='ltr'><strong>iis,</strong></span> 
     </span>
    </p>
   </div>
   <div class='ocr_carea' id='block_1_29' title="bbox 544 3026 2118 3098">
    <p class='ocr_par' dir='ltr' id='par_1_29' title="bbox 544 3026 2118 3098">
     <span class='ocr_line' id='line_1_29' title="bbox 544 3026 2118 3098; baseline 0 -19"><span class='ocrx_word' id='word_1_243' title='bbox 544 3047 572 3079; x_wconf 86' lang='lat' dir='ltr'><strong>a</strong></span> <span class='ocrx_word' id='word_1_244' title='bbox 597 3030 790 3098; x_wconf 82' lang='lat' dir='ltr'><strong>quibus</strong></span> <span class='ocrx_word' id='word_1_245' title='bbox 813 3028 943 3080; x_wconf 85' lang='lat' dir='ltr'><strong>nihil</strong></span> <span class='ocrx_word' id='word_1_246' title='bbox 971 3027 1083 3080; x_wconf 85' lang='lat' dir='ltr'><strong>laesi</strong></span> <span class='ocrx_word' id='word_1_247' title='bbox 1110 3036 1253 3081; x_wconf 89' lang='lat' dir='ltr'><strong>sunt.</strong></span> <span class='ocrx_word' id='word_1_248' title='bbox 1297 3026 1490 3081; x_wconf 86' lang='lat' dir='ltr'><strong>Feram</strong></span> <span class='ocrx_word' id='word_1_249' title='bbox 1515 3027 1693 3096; x_wconf 87' lang='lat' dir='ltr'><strong>itaque</strong></span> <span class='ocrx_word' id='word_1_250' title='bbox 1725 3027 1860 3082; x_wconf 91' lang='lat' dir='ltr'><strong>hanc</strong></span> <span class='ocrx_word' id='word_1_251' title='bbox 1889 3067 1904 3091; x_wconf 93' lang='lat'><strong>,</strong></span> <span class='ocrx_word' id='word_1_252' title='bbox 1939 3026 2118 3079; x_wconf 89' lang='lat' dir='ltr'><strong>multis</strong></span> 
     </span>
    </p>
   </div>
   <div class='ocr_carea' id='block_1_30' title="bbox 545 3119 2126 3190">
    <p class='ocr_par' dir='ltr' id='par_1_30' title="bbox 545 3119 2126 3190">
     <span class='ocr_line' id='line_1_30' title="bbox 545 3119 2126 3190; baseline 0.001 -17"><span class='ocrx_word' id='word_1_253' title='bbox 545 3120 854 3174; x_wconf 38' lang='lat' dir='ltr'><strong>instructam</strong></span> <span class='ocrx_word' id='word_1_254' title='bbox 901 3119 1160 3188; x_wconf 87' lang='lat' dir='ltr'><strong>capitibus</strong></span> <span class='ocrx_word' id='word_1_255' title='bbox 1189 3159 1204 3183; x_wconf 89' lang='lat'><strong>,</strong></span> <span class='ocrx_word' id='word_1_256' title='bbox 1246 3120 1640 3174; x_wconf 82' lang='lat' dir='ltr'><strong>exseindamus.</strong></span> <span class='ocrx_word' id='word_1_257' title='bbox 1706 3120 1882 3174; x_wconf 56' lang='lat' dir='ltr'><strong>Multae.</strong></span> <span class='ocrx_word' id='word_1_258' title='bbox 1924 3120 2126 3190; x_wconf 90' lang='lat' dir='ltr'><strong>quippe</strong></span> 
     </span>
    </p>
   </div>
   <div class='ocr_carea' id='block_1_31' title="bbox 542 3208 2120 3280">
    <p class='ocr_par' dir='ltr' id='par_1_31' title="bbox 542 3208 2120 3280">
     <span class='ocr_line' id='line_1_31' title="bbox 542 3208 2120 3280; baseline -0.001 -17"><span class='ocrx_word' id='word_1_259' title='bbox 542 3221 663 3263; x_wconf 84' lang='lat' dir='ltr'><strong>sunt</strong></span> <span class='ocrx_word' id='word_1_260' title='bbox 686 3210 892 3264; x_wconf 69' lang='lat' dir='ltr'><strong>invidia:</strong></span> <span class='ocrx_word' id='word_1_261' title='bbox 918 3210 1140 3280; x_wconf 81' lang='lat' dir='ltr'><strong>species.</strong></span> <span class='ocrx_word' id='word_1_262' title='bbox 1168 3208 1298 3263; x_wconf 89' lang='lat' dir='ltr'><strong>Nam</strong></span> <span class='ocrx_word' id='word_1_263' title='bbox 1325 3211 1368 3262; x_wconf 91' lang='lat' dir='ltr'><strong>si</strong></span> <span class='ocrx_word' id='word_1_264' title='bbox 1394 3209 1560 3278; x_wconf 89' lang='lat' dir='ltr'><strong>is,qui</strong></span> <span class='ocrx_word' id='word_1_265' title='bbox 1581 3223 1639 3264; x_wconf 88' lang='lat' dir='ltr'><strong>se</strong></span> <span class='ocrx_word' id='word_1_266' title='bbox 1667 3218 1930 3263; x_wconf 89' lang='lat' dir='ltr'><strong>amantem</strong></span> <span class='ocrx_word' id='word_1_267' title='bbox 1952 3218 2120 3273; x_wconf 88' lang='lat' dir='ltr'><strong>amat,</strong></span> 
     </span>
    </p>
   </div>
   <div class='ocr_carea' id='block_1_32' title="bbox 545 3298 2121 3368">
    <p class='ocr_par' dir='ltr' id='par_1_32' title="bbox 545 3298 2121 3368">
     <span class='ocr_line' id='line_1_32' title="bbox 545 3298 2121 3368; baseline -0.002 -14"><span class='ocrx_word' id='word_1_268' title='bbox 545 3300 675 3354; x_wconf 83' lang='lat' dir='ltr'><strong>nihil</strong></span> <span class='ocrx_word' id='word_1_269' title='bbox 719 3301 838 3368; x_wconf 88' lang='lat' dir='ltr'><strong>plus</strong></span> <span class='ocrx_word' id='word_1_270' title='bbox 866 3300 1047 3360; x_wconf 81' lang='lat' dir='ltr'><strong>habet.</strong></span> <span class='ocrx_word' id='word_1_271' title='bbox 1076 3314 1233 3368; x_wconf 90' lang='lat' dir='ltr'><strong>quam</strong></span> <span class='ocrx_word' id='word_1_272' title='bbox 1266 3298 1576 3368; x_wconf 75' lang='lat' dir='ltr'><strong>publicanus</strong></span> <span class='ocrx_word' id='word_1_273' title='bbox 1599 3339 1621 3362; x_wconf 84' lang='lat'><strong>,</strong></span> <span class='ocrx_word' id='word_1_274' title='bbox 1648 3300 1734 3368; x_wconf 91' lang='lat' dir='ltr'><strong>qui</strong></span> <span class='ocrx_word' id='word_1_275' title='bbox 1781 3314 1840 3353; x_wconf 91' lang='lat' dir='ltr'><strong>se</strong></span> <span class='ocrx_word' id='word_1_276' title='bbox 1871 3300 1997 3352; x_wconf 85' lang='lat' dir='ltr'><strong>nihil</strong></span> <span class='ocrx_word' id='word_1_277' title='bbox 2027 3300 2121 3352; x_wconf 62' lang='lat' dir='ltr'><strong>ire-</strong></span> 
     </span>
    </p>
   </div>
   <div class='ocr_carea' id='block_1_33' title="bbox 544 3388 2117 3459">
    <p class='ocr_par' dir='ltr' id='par_1_33' title="bbox 544 3388 2117 3459">
     <span class='ocr_line' id='line_1_33' title="bbox 544 3388 2117 3459; baseline -0.001 -15"><span class='ocrx_word' id='word_1_278' title='bbox 544 3391 757 3446; x_wconf 77' lang='lat' dir='ltr'><strong>dentem</strong></span> <span class='ocrx_word' id='word_1_279' title='bbox 786 3391 909 3445; x_wconf 91' lang='lat' dir='ltr'><strong>odio</strong></span> <span class='ocrx_word' id='word_1_280' title='bbox 940 3390 1127 3452; x_wconf 80' lang='lat' dir='ltr'><strong>habet,</strong></span> <span class='ocrx_word' id='word_1_281' title='bbox 1160 3404 1264 3459; x_wconf 85' lang='lat' dir='ltr'><strong>quo</strong></span> <span class='ocrx_word' id='word_1_282' title='bbox 1295 3390 1345 3440; x_wconf 92' lang='lat' dir='ltr'><strong>iu</strong></span> <span class='ocrx_word' id='word_1_283' title='bbox 1373 3389 1487 3443; x_wconf 91' lang='lat' dir='ltr'><strong>loco</strong></span> <span class='ocrx_word' id='word_1_284' title='bbox 1513 3388 1715 3442; x_wconf 84' lang='lat' dir='ltr'><strong>stabit?</strong></span> <span class='ocrx_word' id='word_1_285' title='bbox 1740 3389 2006 3458; x_wconf 88' lang='lat' dir='ltr'><strong>quomodo</strong></span> <span class='ocrx_word' id='word_1_286' title='bbox 2035 3389 2117 3443; x_wconf 83' lang='lat' dir='ltr'><strong>ef-</strong></span> 
     </span>
    </p>
   </div>
   <div class='ocr_carea' id='block_1_34' title="bbox 541 3480 2117 3552">
    <p class='ocr_par' dir='ltr' id='par_1_34' title="bbox 541 3480 2117 3552">
     <span class='ocr_line' id='line_1_34' title="bbox 541 3480 2117 3552; baseline 0.003 -19"><span class='ocrx_word' id='word_1_287' title='bbox 541 3483 703 3551; x_wconf 78' lang='lat' dir='ltr'><strong>fugiet</strong></span> <span class='ocrx_word' id='word_1_288' title='bbox 731 3482 1061 3552; x_wconf 88' lang='lat' dir='ltr'><strong>gehennam,</strong></span> <span class='ocrx_word' id='word_1_289' title='bbox 1105 3496 1224 3535; x_wconf 92' lang='lat' dir='ltr'><strong>cum</strong></span> <span class='ocrx_word' id='word_1_290' title='bbox 1256 3480 1482 3544; x_wconf 84' lang='lat' dir='ltr'><strong>ethnicis</strong></span> <span class='ocrx_word' id='word_1_291' title='bbox 1518 3481 1669 3550; x_wconf 82' lang='lat' dir='ltr'><strong>pejor</strong></span> <span class='ocrx_word' id='word_1_292' title='bbox 1698 3481 1867 3536; x_wconf 85' lang='lat' dir='ltr'><strong>factus</strong></span> <span class='ocrx_word' id='word_1_293' title='bbox 1891 3484 2002 3550; x_wconf 84' lang='lat' dir='ltr'><strong>sit?</strong></span> <span class='ocrx_word' id='word_1_294' title='bbox 2033 3482 2117 3537; x_wconf 77' lang='lat' dir='ltr'><strong>id-</strong></span> 
     </span>
    </p>
   </div>
   <div class='ocr_carea' id='block_1_35' title="bbox 543 3571 2116 3642">
    <p class='ocr_par' dir='ltr' id='par_1_35' title="bbox 543 3571 2116 3642">
     <span class='ocr_line' id='line_1_35' title="bbox 543 3571 2116 3642; baseline 0.001 -16"><span class='ocrx_word' id='word_1_295' title='bbox 543 3572 686 3626; x_wconf 84' lang='lat' dir='ltr'><strong>circo</strong></span> <span class='ocrx_word' id='word_1_296' title='bbox 750 3571 1031 3624; x_wconf 89' lang='lat' dir='ltr'><strong>admodum</strong></span> <span class='ocrx_word' id='word_1_297' title='bbox 1098 3571 1256 3625; x_wconf 89' lang='lat' dir='ltr'><strong>doleo</strong></span> <span class='ocrx_word' id='word_1_298' title='bbox 1289 3612 1305 3634; x_wconf 90' lang='lat'><strong>,</strong></span> <span class='ocrx_word' id='word_1_299' title='bbox 1358 3571 1497 3639; x_wconf 90' lang='lat' dir='ltr'><strong>quod</strong></span> <span class='ocrx_word' id='word_1_300' title='bbox 1545 3573 1632 3641; x_wconf 82' lang='lat' dir='ltr'><strong>qui</strong></span> <span class='ocrx_word' id='word_1_301' title='bbox 1699 3573 1954 3642; x_wconf 83' lang='lat' dir='ltr'><strong>angelos,</strong></span> <span class='ocrx_word' id='word_1_302' title='bbox 2007 3575 2116 3628; x_wconf 90' lang='lat' dir='ltr'><strong>imo</strong></span> 
     </span>
    </p>
   </div>
   <div class='ocr_carea' id='block_1_36' title="bbox 541 3661 2114 3732">
    <p class='ocr_par' dir='ltr' id='par_1_36' title="bbox 541 3661 2114 3732">
     <span class='ocr_line' id='line_1_36' title="bbox 541 3661 2114 3732; baseline 0.002 -17"><span class='ocrx_word' id='word_1_303' title='bbox 541 3662 850 3732; x_wconf 86' lang='lat' dir='ltr'><strong>angelorum</strong></span> <span class='ocrx_word' id='word_1_304' title='bbox 883 3661 1158 3714; x_wconf 90' lang='lat' dir='ltr'><strong>Dominum</strong></span> <span class='ocrx_word' id='word_1_305' title='bbox 1192 3661 1386 3714; x_wconf 70' lang='lat' dir='ltr'><strong>imitari</strong></span> <span class='ocrx_word' id='word_1_306' title='bbox 1410 3661 1542 3728; x_wconf 88' lang='lat' dir='ltr'><strong>jussi</strong></span> <span class='ocrx_word' id='word_1_307' title='bbox 1583 3676 1800 3727; x_wconf 86' lang='lat' dir='ltr'><strong>sumus,</strong></span> <span class='ocrx_word' id='word_1_308' title='bbox 1847 3664 2114 3718; x_wconf 84' lang='lat' dir='ltr'><strong>diabolum</strong></span> 
     </span>
    </p>
   </div>
   <div class='ocr_carea' id='block_1_37' title="bbox 541 3751 2114 3830">
    <p class='ocr_par' dir='ltr' id='par_1_37' title="bbox 541 3751 2114 3830">
     <span class='ocr_line' id='line_1_37' title="bbox 541 3751 2114 3830; baseline 0.003 -24"><span class='ocrx_word' id='word_1_309' title='bbox 541 3753 829 3806; x_wconf 80' lang='lat' dir='ltr'><strong>imitemur.</strong></span> <span class='ocrx_word' id='word_1_310' title='bbox 882 3751 1011 3806; x_wconf 89' lang='lat' dir='ltr'><strong>Nam</strong></span> <span class='ocrx_word' id='word_1_311' title='bbox 1059 3752 1221 3805; x_wconf 90' lang='lat' dir='ltr'><strong>multa</strong></span> <span class='ocrx_word' id='word_1_312' title='bbox 1264 3762 1317 3806; x_wconf 92' lang='lat' dir='ltr'><strong>et</strong></span> <span class='ocrx_word' id='word_1_313' title='bbox 1366 3754 1417 3805; x_wconf 91' lang='lat' dir='ltr'><strong>in</strong></span> <span class='ocrx_word' id='word_1_314' title='bbox 1464 3753 1702 3807; x_wconf 86' lang='lat' dir='ltr'><strong>Ecclesia</strong></span> <span class='ocrx_word' id='word_1_315' title='bbox 1747 3754 1941 3830; x_wconf 70' lang='lat' dir='ltr'><strong>invidia</strong></span> <span class='ocrx_word' id='word_1_316' title='bbox 1992 3764 2114 3818; x_wconf 84' lang='lat' dir='ltr'><strong>est;</strong></span> 
     </span>
    </p>
   </div>
   <div class='ocr_carea' id='block_1_38' title="bbox 541 3843 2114 3913">
    <p class='ocr_par' dir='ltr' id='par_1_38' title="bbox 541 3843 2114 3913">
     <span class='ocr_line' id='line_1_38' title="bbox 541 3843 2114 3913; baseline 0.001 -15"><span class='ocrx_word' id='word_1_317' title='bbox 541 3845 815 3912; x_wconf 84' lang='lat' dir='ltr'><strong>multoque</strong></span> <span class='ocrx_word' id='word_1_318' title='bbox 841 3843 1006 3913; x_wconf 89' lang='lat' dir='ltr'><strong>magis</strong></span> <span class='ocrx_word' id='word_1_319' title='bbox 1038 3843 1087 3895; x_wconf 94' lang='lat' dir='ltr'><strong>in</strong></span> <span class='ocrx_word' id='word_1_320' title='bbox 1122 3844 1274 3896; x_wconf 90' lang='lat' dir='ltr'><strong>nobis</strong></span> <span class='ocrx_word' id='word_1_321' title='bbox 1304 3885 1317 3905; x_wconf 87' lang='lat'><strong>,</strong></span> <span class='ocrx_word' id='word_1_322' title='bbox 1347 3857 1503 3911; x_wconf 89' lang='lat' dir='ltr'><strong>quam</strong></span> <span class='ocrx_word' id='word_1_323' title='bbox 1533 3843 1582 3894; x_wconf 91' lang='lat' dir='ltr'><strong>in</strong></span> <span class='ocrx_word' id='word_1_324' title='bbox 1617 3843 1862 3897; x_wconf 85' lang='lat' dir='ltr'><strong>subditis.</strong></span> <span class='ocrx_word' id='word_1_325' title='bbox 1899 3844 2022 3899; x_wconf 90' lang='lat' dir='ltr'><strong>ideo</strong></span> <span class='ocrx_word' id='word_1_326' title='bbox 2047 3847 2114 3899; x_wconf 87' lang='lat' dir='ltr'><strong>ad</strong></span> 
     </span>
    </p>
   </div>
   <div class='ocr_carea' id='block_1_39' title="bbox 540 3932 2116 4003">
    <p class='ocr_par' dir='ltr' id='par_1_39' title="bbox 540 3932 2116 4003">
     <span class='ocr_line' id='line_1_39' title="bbox 540 3932 2116 4003; baseline -0.001 -14"><span class='ocrx_word' id='word_1_327' title='bbox 540 3950 640 3990; x_wconf 82' lang='lat' dir='ltr'><strong>nos</strong></span> <span class='ocrx_word' id='word_1_328' title='bbox 668 3950 843 3988; x_wconf 85' lang='lat' dir='ltr'><strong>sermo</strong></span> <span class='ocrx_word' id='word_1_329' title='bbox 872 3942 1124 3987; x_wconf 80' lang='lat' dir='ltr'><strong>vertatur.</strong></span> <span class='ocrx_word' id='word_1_330' title='bbox 1158 3934 1332 3998; x_wconf 83' lang='lat' dir='ltr'><strong>Quare</strong></span> <span class='ocrx_word' id='word_1_331' title='bbox 1358 3973 1371 3995; x_wconf 93' lang='lat'><strong>,</strong></span> <span class='ocrx_word' id='word_1_332' title='bbox 1403 3932 1488 3986; x_wconf 83' lang='lat' dir='ltr'><strong>ilic</strong></span> <span class='ocrx_word' id='word_1_333' title='bbox 1518 3932 1644 3986; x_wconf 81' lang='lat' dir='ltr'><strong>mihi</strong></span> <span class='ocrx_word' id='word_1_334' title='bbox 1670 3974 1683 3996; x_wconf 89' lang='lat'><strong>,</strong></span> <span class='ocrx_word' id='word_1_335' title='bbox 1716 3935 1956 4003; x_wconf 78' lang='lat' dir='ltr'><strong>proximo</strong></span> <span class='ocrx_word' id='word_1_336' title='bbox 1979 3935 2116 3988; x_wconf 83' lang='lat' dir='ltr'><strong>invi-</strong></span> 
     </span>
    </p>
   </div>
   <div class='ocr_carea' id='block_1_40' title="bbox 541 4020 2114 4091">
    <p class='ocr_par' dir='ltr' id='par_1_40' title="bbox 541 4020 2114 4091">
     <span class='ocr_line' id='line_1_40' title="bbox 541 4020 2114 4091; baseline 0.001 -13"><span class='ocrx_word' id='word_1_337' title='bbox 541 4025 634 4078; x_wconf 88' lang='lat' dir='ltr'><strong>des</strong></span> <span class='ocrx_word' id='word_1_338' title='bbox 659 4025 682 4078; x_wconf 89' lang='lat'><strong>?</strong></span> <span class='ocrx_word' id='word_1_339' title='bbox 708 4024 838 4091; x_wconf 85' lang='lat' dir='ltr'><strong>Quia</strong></span> <span class='ocrx_word' id='word_1_340' title='bbox 866 4023 1065 4075; x_wconf 87' lang='lat' dir='ltr'><strong>honore</strong></span> <span class='ocrx_word' id='word_1_341' title='bbox 1093 4031 1143 4076; x_wconf 85' lang='lat' dir='ltr'><strong>et</strong></span> <span class='ocrx_word' id='word_1_342' title='bbox 1182 4021 1491 4075; x_wconf 78' lang='lat' dir='ltr'><strong>celebritate</strong></span> <span class='ocrx_word' id='word_1_343' title='bbox 1515 4020 1778 4076; x_wconf 81' lang='lat' dir='ltr'><strong>fruentem</strong></span> <span class='ocrx_word' id='word_1_344' title='bbox 1805 4023 1984 4077; x_wconf 81' lang='lat' dir='ltr'><strong>vides?</strong></span> <span class='ocrx_word' id='word_1_345' title='bbox 2006 4024 2114 4079; x_wconf 93' lang='lat' dir='ltr'><strong>Nec</strong></span> 
     </span>
    </p>
   </div>
   <div class='ocr_carea' id='block_1_41' title="bbox 538 4111 2114 4187">
    <p class='ocr_par' dir='ltr' id='par_1_41' title="bbox 538 4111 2114 4187">
     <span class='ocr_line' id='line_1_41' title="bbox 538 4111 2114 4187; baseline -0.001 -15"><span class='ocrx_word' id='word_1_346' title='bbox 538 4119 741 4187; x_wconf 80' lang='lat' dir='ltr'><strong>cogitas</strong></span> <span class='ocrx_word' id='word_1_347' title='bbox 770 4122 1021 4186; x_wconf 89' lang='lat' dir='ltr'><strong>quantum</strong></span> <span class='ocrx_word' id='word_1_348' title='bbox 1054 4113 1175 4166; x_wconf 83' lang='lat' dir='ltr'><strong>mali</strong></span> <span class='ocrx_word' id='word_1_349' title='bbox 1207 4113 1438 4166; x_wconf 76' lang='lat' dir='ltr'><strong>honores</strong></span> <span class='ocrx_word' id='word_1_350' title='bbox 1465 4111 1764 4167; x_wconf 84' lang='lat' dir='ltr'><strong>aii&#39;erantiis</strong></span> <span class='ocrx_word' id='word_1_351' title='bbox 1785 4115 1874 4183; x_wconf 89' lang='lat' dir='ltr'><strong>qui</strong></span> <span class='ocrx_word' id='word_1_352' title='bbox 1905 4130 2008 4169; x_wconf 91' lang='lat' dir='ltr'><strong>non</strong></span> <span class='ocrx_word' id='word_1_353' title='bbox 2035 4126 2114 4170; x_wconf 85' lang='lat' dir='ltr'><strong>at-</strong></span> 
     </span>
    </p>
   </div>
   <div class='ocr_carea' id='block_1_42' title="bbox 539 4202 2112 4271">
    <p class='ocr_par' dir='ltr' id='par_1_42' title="bbox 539 4202 2112 4271">
     <span class='ocr_line' id='line_1_42' title="bbox 539 4202 2112 4271; baseline 0 -11"><span class='ocrx_word' id='word_1_354' title='bbox 539 4207 808 4262; x_wconf 88' lang='lat' dir='ltr'><strong>tendunt?</strong></span> <span class='ocrx_word' id='word_1_355' title='bbox 838 4204 890 4256; x_wconf 95' lang='lat' dir='ltr'><strong>In</strong></span> <span class='ocrx_word' id='word_1_356' title='bbox 919 4219 1106 4257; x_wconf 84' lang='lat' dir='ltr'><strong>vanam</strong></span> <span class='ocrx_word' id='word_1_357' title='bbox 1125 4204 1346 4271; x_wconf 87' lang='lat' dir='ltr'><strong>gloriam</strong></span> <span class='ocrx_word' id='word_1_358' title='bbox 1375 4202 1641 4257; x_wconf 83' lang='lat' dir='ltr'><strong>extollunt</strong></span> <span class='ocrx_word' id='word_1_359' title='bbox 1669 4243 1684 4265; x_wconf 91' lang='lat'><strong>,</strong></span> <span class='ocrx_word' id='word_1_360' title='bbox 1716 4204 1766 4256; x_wconf 93' lang='lat' dir='ltr'><strong>in</strong></span> <span class='ocrx_word' id='word_1_361' title='bbox 1797 4204 1990 4258; x_wconf 80' lang='lat' dir='ltr'><strong>fastum</strong></span> <span class='ocrx_word' id='word_1_362' title='bbox 2018 4248 2032 4271; x_wconf 89' lang='lat'><strong>,</strong></span> <span class='ocrx_word' id='word_1_363' title='bbox 2059 4206 2112 4260; x_wconf 88' lang='lat' dir='ltr'><strong>in</strong></span> 
     </span>
    </p>
   </div>
   <div class='ocr_carea' id='block_1_43' title="bbox 538 4293 2108 4369">
    <p class='ocr_par' dir='ltr' id='par_1_43' title="bbox 538 4293 2108 4369">
     <span class='ocr_line' id='line_1_43' title="bbox 538 4293 2108 4369; baseline 0 -17"><span class='ocrx_word' id='word_1_364' title='bbox 538 4298 917 4369; x_wconf 83' lang='lat' dir='ltr'><strong>arrogantiam,</strong></span> <span class='ocrx_word' id='word_1_365' title='bbox 949 4297 1000 4350; x_wconf 92' lang='lat' dir='ltr'><strong>in</strong></span> <span class='ocrx_word' id='word_1_366' title='bbox 1029 4293 1331 4364; x_wconf 88' lang='lat' dir='ltr'><strong>superbiam</strong></span> <span class='ocrx_word' id='word_1_367' title='bbox 1359 4335 1373 4357; x_wconf 89' lang='lat'><strong>,</strong></span> <span class='ocrx_word' id='word_1_368' title='bbox 1403 4295 1816 4363; x_wconf 85' lang='lat' dir='ltr'><strong>negligentiores</strong></span> <span class='ocrx_word' id='word_1_369' title='bbox 1837 4297 2067 4352; x_wconf 88' lang='lat' dir='ltr'><strong>reddunt</strong></span> <span class='ocrx_word' id='word_1_370' title='bbox 2092 4342 2108 4366; x_wconf 94' lang='lat'><strong>,</strong></span> 
     </span>
    </p>
   </div>
   <div class='ocr_carea' id='block_1_44' title="bbox 539 4383 2113 4460">
    <p class='ocr_par' dir='ltr' id='par_1_44' title="bbox 539 4383 2113 4460">
     <span class='ocr_line' id='line_1_44' title="bbox 539 4383 2113 4460; baseline -0.002 -15"><span class='ocrx_word' id='word_1_371' title='bbox 539 4406 603 4445; x_wconf 88' lang='lat' dir='ltr'><strong>ae</strong></span> <span class='ocrx_word' id='word_1_372' title='bbox 643 4398 834 4460; x_wconf 77' lang='lat' dir='ltr'><strong>przeter</strong></span> <span class='ocrx_word' id='word_1_373' title='bbox 871 4388 983 4439; x_wconf 57' lang='lat' dir='ltr'><strong>hare</strong></span> <span class='ocrx_word' id='word_1_374' title='bbox 1029 4386 1166 4438; x_wconf 88' lang='lat' dir='ltr'><strong>mala</strong></span> <span class='ocrx_word' id='word_1_375' title='bbox 1199 4425 1215 4448; x_wconf 89' lang='lat'><strong>,</strong></span> <span class='ocrx_word' id='word_1_376' title='bbox 1259 4383 1414 4438; x_wconf 85' lang='lat' dir='ltr'><strong>facile</strong></span> <span class='ocrx_word' id='word_1_377' title='bbox 1463 4394 1815 4447; x_wconf 86' lang='lat' dir='ltr'><strong>marcescunt,</strong></span> <span class='ocrx_word' id='word_1_378' title='bbox 1857 4386 2113 4458; x_wconf 87' lang='lat' dir='ltr'><strong>Quodque</strong></span> 
     </span>
    </p>
   </div>
   <div class='ocr_carea' id='block_1_45' title="bbox 538 4474 2113 4551">
    <p class='ocr_par' dir='ltr' id='par_1_45' title="bbox 538 4474 2113 4551">
     <span class='ocr_line' id='line_1_45' title="bbox 538 4474 2113 4551; baseline -0.002 -17"><span class='ocrx_word' id='word_1_379' title='bbox 538 4480 905 4551; x_wconf 84' lang='lat' dir='ltr'><strong>gravissimum</strong></span> <span class='ocrx_word' id='word_1_380' title='bbox 928 4486 1030 4542; x_wconf 88' lang='lat' dir='ltr'><strong>est,</strong></span> <span class='ocrx_word' id='word_1_381' title='bbox 1051 4475 1185 4530; x_wconf 59' lang='lat' dir='ltr'><strong>mdia</strong></span> <span class='ocrx_word' id='word_1_382' title='bbox 1211 4474 1334 4529; x_wconf 85' lang='lat' dir='ltr'><strong>hinc</strong></span> <span class='ocrx_word' id='word_1_383' title='bbox 1351 4476 1629 4542; x_wconf 87' lang='lat' dir='ltr'><strong>importata</strong></span> <span class='ocrx_word' id='word_1_384' title='bbox 1657 4486 1873 4530; x_wconf 89' lang='lat' dir='ltr'><strong>manent</strong></span> <span class='ocrx_word' id='word_1_385' title='bbox 1898 4478 2113 4532; x_wconf 84' lang='lat' dir='ltr'><strong>immor-</strong></span> 
     </span>
    </p>
   </div>
   <div class='ocr_carea' id='block_1_46' title="bbox 541 4567 2107 4640">
    <p class='ocr_par' dir='ltr' id='par_1_46' title="bbox 541 4567 2107 4640">
     <span class='ocr_line' id='line_1_46' title="bbox 541 4567 2107 4640; baseline -0.002 -13"><span class='ocrx_word' id='word_1_386' title='bbox 541 4574 660 4628; x_wconf 89' lang='lat' dir='ltr'><strong>talia</strong></span> <span class='ocrx_word' id='word_1_387' title='bbox 692 4590 706 4626; x_wconf 90' lang='lat'><strong>:</strong></span> <span class='ocrx_word' id='word_1_388' title='bbox 740 4573 976 4640; x_wconf 84' lang='lat' dir='ltr'><strong>voluptas</strong></span> <span class='ocrx_word' id='word_1_389' title='bbox 1008 4583 1131 4623; x_wconf 79' lang='lat' dir='ltr'><strong>vero</strong></span> <span class='ocrx_word' id='word_1_390' title='bbox 1159 4567 1244 4621; x_wconf 92' lang='lat' dir='ltr'><strong>ubi</strong></span> <span class='ocrx_word' id='word_1_391' title='bbox 1289 4567 1512 4636; x_wconf 84' lang='lat' dir='ltr'><strong>primum</strong></span> <span class='ocrx_word' id='word_1_392' title='bbox 1544 4569 1808 4637; x_wconf 86' lang='lat' dir='ltr'><strong>apparuit,</strong></span> <span class='ocrx_word' id='word_1_393' title='bbox 1859 4571 2107 4624; x_wconf 77' lang='lat' dir='ltr'><strong>avolavit.</strong></span> 
     </span>
    </p>
   </div>
   <div class='ocr_carea' id='block_1_47' title="bbox 540 4659 2110 4733">
    <p class='ocr_par' dir='ltr' id='par_1_47' title="bbox 540 4659 2110 4733">
     <span class='ocr_line' id='line_1_47' title="bbox 540 4659 2110 4733; baseline -0.003 -13"><span class='ocrx_word' id='word_1_394' title='bbox 540 4666 705 4720; x_wconf 81' lang='lat' dir='ltr'><strong>Hisne</strong></span> <span class='ocrx_word' id='word_1_395' title='bbox 733 4707 746 4730; x_wconf 92' lang='lat'><strong>,</strong></span> <span class='ocrx_word' id='word_1_396' title='bbox 792 4678 972 4733; x_wconf 53' lang='lat' dir='ltr'><strong>quaeso</strong></span> <span class='ocrx_word' id='word_1_397' title='bbox 993 4702 1010 4729; x_wconf 95' lang='lat'><strong>,</strong></span> <span class='ocrx_word' id='word_1_398' title='bbox 1054 4661 1122 4715; x_wconf 90' lang='lat' dir='ltr'><strong>de</strong></span> <span class='ocrx_word' id='word_1_399' title='bbox 1161 4660 1336 4715; x_wconf 87' lang='lat' dir='ltr'><strong>causis</strong></span> <span class='ocrx_word' id='word_1_400' title='bbox 1381 4659 1635 4715; x_wconf 87' lang='lat' dir='ltr'><strong>invides?</strong></span> <span class='ocrx_word' id='word_1_401' title='bbox 1663 4661 1764 4714; x_wconf 88' lang='lat' dir='ltr'><strong>Sed</strong></span> <span class='ocrx_word' id='word_1_402' title='bbox 1794 4671 2110 4731; x_wconf 87' lang='lat' dir='ltr'><strong>potestatem</strong></span> 
     </span>
    </p>
   </div>
   <div class='ocr_carea' id='block_1_48' title="bbox 541 4741 2111 4825">
    <p class='ocr_par' dir='ltr' id='par_1_48' title="bbox 541 4741 2111 4825">
     <span class='ocr_line' id='line_1_48' title="bbox 541 4741 2111 4825; baseline -0.002 -12"><span class='ocrx_word' id='word_1_403' title='bbox 541 4760 755 4813; x_wconf 87' lang='lat' dir='ltr'><strong>multam</strong></span> <span class='ocrx_word' id='word_1_404' title='bbox 784 4757 940 4811; x_wconf 83' lang='lat' dir='ltr'><strong>habet</strong></span> <span class='ocrx_word' id='word_1_405' title='bbox 966 4755 1050 4809; x_wconf 91' lang='lat' dir='ltr'><strong>ille</strong></span> <span class='ocrx_word' id='word_1_406' title='bbox 1066 4741 1203 4824; x_wconf 90' lang='lat' dir='ltr'><strong>apud</strong></span> <span class='ocrx_word' id='word_1_407' title='bbox 1226 4754 1594 4823; x_wconf 87' lang='lat' dir='ltr'><strong>imperantem,</strong></span> <span class='ocrx_word' id='word_1_408' title='bbox 1624 4754 1798 4807; x_wconf 86' lang='lat' dir='ltr'><strong>omnia</strong></span> <span class='ocrx_word' id='word_1_409' title='bbox 1822 4769 1912 4808; x_wconf 91' lang='lat' dir='ltr'><strong>sus</strong></span> <span class='ocrx_word' id='word_1_410' title='bbox 1938 4755 2111 4825; x_wconf 87' lang='lat' dir='ltr'><strong>deque</strong></span> 
     </span>
    </p>
   </div>
   <div class='ocr_carea' id='block_1_49' title="bbox 539 4844 2109 4918">
    <p class='ocr_par' dir='ltr' id='par_1_49' title="bbox 539 4844 2109 4918">
     <span class='ocr_line' id='line_1_49' title="bbox 539 4844 2109 4918; baseline -0.001 -16"><span class='ocrx_word' id='word_1_411' title='bbox 539 4860 712 4906; x_wconf 84' lang='lat' dir='ltr'><strong>versat</strong></span> <span class='ocrx_word' id='word_1_412' title='bbox 741 4863 832 4918; x_wconf 89' lang='lat' dir='ltr'><strong>pro</strong></span> <span class='ocrx_word' id='word_1_413' title='bbox 861 4846 1044 4909; x_wconf 89' lang='lat' dir='ltr'><strong>lubito,</strong></span> <span class='ocrx_word' id='word_1_414' title='bbox 1067 4845 1410 4899; x_wconf 86' lang='lat' dir='ltr'><strong>adversantes</strong></span> <span class='ocrx_word' id='word_1_415' title='bbox 1429 4844 1524 4898; x_wconf 89' lang='lat' dir='ltr'><strong>sibi</strong></span> <span class='ocrx_word' id='word_1_416' title='bbox 1547 4844 1838 4910; x_wconf 88' lang='lat' dir='ltr'><strong>ulciscitur,</strong></span> <span class='ocrx_word' id='word_1_417' title='bbox 1867 4846 2109 4900; x_wconf 51' lang='lat' dir='ltr'><strong>adulato.</strong></span> 
     </span>
    </p>
   </div>
   <div class='ocr_carea' id='block_1_50' title="bbox 537 4935 2112 5009">
    <p class='ocr_par' dir='ltr' id='par_1_50' title="bbox 537 4935 2112 5009">
     <span class='ocr_line' id='line_1_50' title="bbox 537 4935 2112 5009; baseline -0.003 -13"><span class='ocrx_word' id='word_1_418' title='bbox 537 4957 627 4996; x_wconf 88' lang='lat' dir='ltr'><strong>res</strong></span> <span class='ocrx_word' id='word_1_419' title='bbox 652 4940 921 4994; x_wconf 80' lang='lat' dir='ltr'><strong>beneficiis</strong></span> <span class='ocrx_word' id='word_1_420' title='bbox 949 4937 1112 4991; x_wconf 83' lang='lat' dir='ltr'><strong>afficit</strong></span> <span class='ocrx_word' id='word_1_421' title='bbox 1137 4979 1150 5000; x_wconf 93' lang='lat'><strong>,</strong></span> <span class='ocrx_word' id='word_1_422' title='bbox 1171 4951 1478 5009; x_wconf 78' lang='lat' dir='ltr'><strong>magnaque</strong></span> <span class='ocrx_word' id='word_1_423' title='bbox 1507 4935 1696 4989; x_wconf 85' lang='lat' dir='ltr'><strong>fruitur</strong></span> <span class='ocrx_word' id='word_1_424' title='bbox 1720 4937 1972 5007; x_wconf 90' lang='lat' dir='ltr'><strong>potentia.</strong></span> <span class='ocrx_word' id='word_1_425' title='bbox 2000 4937 2112 4993; x_wconf 67' lang='lat' dir='ltr'><strong>Ste-</strong></span> 
     </span>
    </p>
   </div>
   <div class='ocr_carea' id='block_1_51' title="bbox 537 5025 2104 5096">
    <p class='ocr_par' dir='ltr' id='par_1_51' title="bbox 537 5025 2104 5096">
     <span class='ocr_line' id='line_1_51' title="bbox 537 5025 2104 5096; baseline -0.002 -11"><span class='ocrx_word' id='word_1_426' title='bbox 537 5029 793 5085; x_wconf 90' lang='lat' dir='ltr'><strong>cularium</strong></span> <span class='ocrx_word' id='word_1_427' title='bbox 821 5027 1092 5082; x_wconf 91' lang='lat' dir='ltr'><strong>hominum</strong></span> <span class='ocrx_word' id='word_1_428' title='bbox 1123 5026 1233 5081; x_wconf 79' lang='lat' dir='ltr'><strong>haec</strong></span> <span class='ocrx_word' id='word_1_429' title='bbox 1258 5025 1416 5080; x_wconf 86' lang='lat' dir='ltr'><strong>verba</strong></span> <span class='ocrx_word' id='word_1_430' title='bbox 1439 5034 1582 5079; x_wconf 90' lang='lat' dir='ltr'><strong>sunt.</strong></span> <span class='ocrx_word' id='word_1_431' title='bbox 1616 5025 1746 5080; x_wconf 87' lang='lat' dir='ltr'><strong>Nam</strong></span> <span class='ocrx_word' id='word_1_432' title='bbox 1776 5026 2104 5096; x_wconf 85' lang='lat' dir='ltr'><strong>spiritualem</strong></span> 
     </span>
    </p>
   </div>
   <div class='ocr_carea' id='block_1_52' title="bbox 539 5117 2106 5186">
    <p class='ocr_par' dir='ltr' id='par_1_52' title="bbox 539 5117 2106 5186">
     <span class='ocr_line' id='line_1_52' title="bbox 539 5117 2106 5186; baseline -0.002 -10"><span class='ocrx_word' id='word_1_433' title='bbox 539 5122 806 5176; x_wconf 86' lang='lat' dir='ltr'><strong>hominem</strong></span> <span class='ocrx_word' id='word_1_434' title='bbox 829 5121 966 5175; x_wconf 90' lang='lat' dir='ltr'><strong>nulla</strong></span> <span class='ocrx_word' id='word_1_435' title='bbox 1001 5135 1085 5172; x_wconf 90' lang='lat' dir='ltr'><strong>res</strong></span> <span class='ocrx_word' id='word_1_436' title='bbox 1109 5117 1537 5172; x_wconf 23' lang='lat' dir='ltr'><strong>dolore‘afficere</strong></span> <span class='ocrx_word' id='word_1_437' title='bbox 1575 5126 1768 5186; x_wconf 88' lang='lat' dir='ltr'><strong>potest.</strong></span> <span class='ocrx_word' id='word_1_438' title='bbox 1802 5118 1936 5184; x_wconf 86' lang='lat' dir='ltr'><strong>Quid</strong></span> <span class='ocrx_word' id='word_1_439' title='bbox 1965 5121 2106 5174; x_wconf 90' lang='lat' dir='ltr'><strong>enim</strong></span> 
     </span>
    </p>
   </div>
   <div class='ocr_carea' id='block_1_53' title="bbox 538 5210 2109 5280">
    <p class='ocr_par' dir='ltr' id='par_1_53' title="bbox 538 5210 2109 5280">
     <span class='ocr_line' id='line_1_53' title="bbox 538 5210 2109 5280; baseline -0.002 -11"><span class='ocrx_word' id='word_1_440' title='bbox 538 5217 609 5270; x_wconf 87' lang='lat' dir='ltr'><strong>illi</strong></span> <span class='ocrx_word' id='word_1_441' title='bbox 642 5214 762 5267; x_wconf 89' lang='lat' dir='ltr'><strong>mali</strong></span> <span class='ocrx_word' id='word_1_442' title='bbox 791 5213 944 5267; x_wconf 87' lang='lat' dir='ltr'><strong>faciet</strong></span> <span class='ocrx_word' id='word_1_443' title='bbox 969 5213 991 5265; x_wconf 87' lang='lat'><strong>?</strong></span> <span class='ocrx_word' id='word_1_444' title='bbox 1018 5228 1087 5265; x_wconf 90' lang='lat' dir='ltr'><strong>an</strong></span> <span class='ocrx_word' id='word_1_445' title='bbox 1115 5227 1144 5264; x_wconf 91' lang='lat' dir='ltr'><strong>a</strong></span> <span class='ocrx_word' id='word_1_446' title='bbox 1184 5211 1436 5280; x_wconf 81' lang='lat' dir='ltr'><strong>dignitate</strong></span> <span class='ocrx_word' id='word_1_447' title='bbox 1464 5210 1675 5278; x_wconf 81' lang='lat' dir='ltr'><strong>dejiciet</strong></span> <span class='ocrx_word' id='word_1_448' title='bbox 1700 5211 1722 5262; x_wconf 90' lang='lat'><strong>?</strong></span> <span class='ocrx_word' id='word_1_449' title='bbox 1761 5211 1827 5264; x_wconf 87' lang='lat' dir='ltr'><strong>Et</strong></span> <span class='ocrx_word' id='word_1_450' title='bbox 1852 5211 1973 5279; x_wconf 89' lang='lat' dir='ltr'><strong>quid</strong></span> <span class='ocrx_word' id='word_1_451' title='bbox 2007 5212 2109 5267; x_wconf 90' lang='lat' dir='ltr'><strong>hoc</strong></span> 
     </span>
    </p>
   </div>
   <div class='ocr_carea' id='block_1_54' title="bbox 535 5303 2107 5375">
    <p class='ocr_par' dir='ltr' id='par_1_54' title="bbox 535 5303 2107 5375">
     <span class='ocr_line' id='line_1_54' title="bbox 535 5303 2107 5375; baseline -0.001 -13"><span class='ocrx_word' id='word_1_452' title='bbox 535 5319 613 5363; x_wconf 82' lang='lat' dir='ltr'><strong>est</strong></span> <span class='ocrx_word' id='word_1_453' title='bbox 641 5309 664 5362; x_wconf 82' lang='lat'><strong>?</strong></span> <span class='ocrx_word' id='word_1_454' title='bbox 693 5307 746 5363; x_wconf 92' lang='lat' dir='ltr'><strong>Si</strong></span> <span class='ocrx_word' id='word_1_455' title='bbox 778 5309 918 5362; x_wconf 85' lang='lat' dir='ltr'><strong>enim</strong></span> <span class='ocrx_word' id='word_1_456' title='bbox 945 5308 1086 5375; x_wconf 88' lang='lat' dir='ltr'><strong>juste</strong></span> <span class='ocrx_word' id='word_1_457' title='bbox 1109 5347 1124 5370; x_wconf 95' lang='lat'><strong>,</strong></span> <span class='ocrx_word' id='word_1_458' title='bbox 1166 5305 1218 5358; x_wconf 90' lang='lat' dir='ltr'><strong>id</strong></span> <span class='ocrx_word' id='word_1_459' title='bbox 1261 5304 1390 5358; x_wconf 92' lang='lat' dir='ltr'><strong>utile</strong></span> <span class='ocrx_word' id='word_1_460' title='bbox 1417 5303 1513 5370; x_wconf 84' lang='lat' dir='ltr'><strong>ipsi</strong></span> <span class='ocrx_word' id='word_1_461' title='bbox 1542 5304 1645 5358; x_wconf 92' lang='lat' dir='ltr'><strong>erit</strong></span> <span class='ocrx_word' id='word_1_462' title='bbox 1676 5322 1688 5356; x_wconf 93' lang='lat'>:</span> <span class='ocrx_word' id='word_1_463' title='bbox 1717 5303 1848 5358; x_wconf 87' lang='lat' dir='ltr'><strong>nihil</strong></span> <span class='ocrx_word' id='word_1_464' title='bbox 1874 5307 2013 5359; x_wconf 90' lang='lat' dir='ltr'><strong>enim</strong></span> <span class='ocrx_word' id='word_1_465' title='bbox 2039 5307 2107 5361; x_wconf 89' lang='lat' dir='ltr'><strong>ita</strong></span> 
     </span>
    </p>
   </div>
   <div class='ocr_carea' id='block_1_55' title="bbox 539 5395 2109 5469">
    <p class='ocr_par' dir='ltr' id='par_1_55' title="bbox 539 5395 2109 5469">
     <span class='ocr_line' id='line_1_55' title="bbox 539 5395 2109 5469; baseline -0.003 -13"><span class='ocrx_word' id='word_1_466' title='bbox 539 5403 646 5459; x_wconf 83' lang='lat' dir='ltr'><strong>Deo</strong></span> <span class='ocrx_word' id='word_1_467' title='bbox 666 5399 923 5469; x_wconf 79' lang='lat' dir='ltr'><strong>displicet,</strong></span> <span class='ocrx_word' id='word_1_468' title='bbox 957 5412 1112 5466; x_wconf 90' lang='lat' dir='ltr'><strong>quam</strong></span> <span class='ocrx_word' id='word_1_469' title='bbox 1144 5397 1187 5449; x_wconf 90' lang='lat' dir='ltr'><strong>si</strong></span> <span class='ocrx_word' id='word_1_470' title='bbox 1216 5397 1333 5465; x_wconf 89' lang='lat' dir='ltr'><strong>quis</strong></span> <span class='ocrx_word' id='word_1_471' title='bbox 1359 5395 1575 5464; x_wconf 87' lang='lat' dir='ltr'><strong>indigne</strong></span> <span class='ocrx_word' id='word_1_472' title='bbox 1605 5395 1905 5449; x_wconf 80' lang='lat' dir='ltr'><strong>sacerdotio</strong></span> <span class='ocrx_word' id='word_1_473' title='bbox 1930 5398 2109 5467; x_wconf 81' lang='lat' dir='ltr'><strong>funga-</strong></span> 
     </span>
    </p>
   </div>
   <div class='ocr_carea' id='block_1_56' title="bbox 535 5485 2106 5557">
    <p class='ocr_par' dir='ltr' id='par_1_56' title="bbox 535 5485 2106 5557">
     <span class='ocr_line' id='line_1_56' title="bbox 535 5485 2106 5557; baseline -0.002 -12"><span class='ocrx_word' id='word_1_474' title='bbox 535 5503 638 5546; x_wconf 88' lang='lat' dir='ltr'><strong>tur.</strong></span> <span class='ocrx_word' id='word_1_475' title='bbox 665 5489 760 5544; x_wconf 92' lang='lat' dir='ltr'><strong>Sin</strong></span> <span class='ocrx_word' id='word_1_476' title='bbox 785 5491 978 5557; x_wconf 89' lang='lat' dir='ltr'><strong>injuste</strong></span> <span class='ocrx_word' id='word_1_477' title='bbox 1002 5530 1016 5553; x_wconf 92' lang='lat'><strong>,</strong></span> <span class='ocrx_word' id='word_1_478' title='bbox 1062 5487 1211 5556; x_wconf 91' lang='lat' dir='ltr'><strong>culpa</strong></span> <span class='ocrx_word' id='word_1_479' title='bbox 1243 5500 1404 5555; x_wconf 88' lang='lat' dir='ltr'><strong>penes</strong></span> <span class='ocrx_word' id='word_1_480' title='bbox 1440 5485 1792 5555; x_wconf 88' lang='lat' dir='ltr'><strong>deponentem</strong></span> <span class='ocrx_word' id='word_1_481' title='bbox 1830 5489 1932 5540; x_wconf 92' lang='lat' dir='ltr'><strong>erit</strong></span> <span class='ocrx_word' id='word_1_482' title='bbox 1958 5529 1972 5553; x_wconf 88' lang='lat'><strong>,</strong></span> <span class='ocrx_word' id='word_1_483' title='bbox 2004 5505 2106 5542; x_wconf 91' lang='lat' dir='ltr'><strong>non</strong></span> 
     </span>
    </p>
   </div>
   <div class='ocr_carea' id='block_1_57' title="bbox 535 5577 2107 5654">
    <p class='ocr_par' dir='ltr' id='par_1_57' title="bbox 535 5577 2107 5654">
     <span class='ocr_line' id='line_1_57' title="bbox 535 5577 2107 5654; baseline -0.003 -18"><span class='ocrx_word' id='word_1_484' title='bbox 535 5598 698 5654; x_wconf 84' lang='lat' dir='ltr'><strong>penes</strong></span> <span class='ocrx_word' id='word_1_485' title='bbox 726 5582 1023 5652; x_wconf 87' lang='lat' dir='ltr'><strong>depositum</strong></span> <span class='ocrx_word' id='word_1_486' title='bbox 1058 5597 1070 5633; x_wconf 95' lang='lat'>:</span> <span class='ocrx_word' id='word_1_487' title='bbox 1105 5593 1222 5646; x_wconf 80' lang='lat' dir='ltr'><strong>nam</strong></span> <span class='ocrx_word' id='word_1_488' title='bbox 1251 5578 1337 5647; x_wconf 86' lang='lat' dir='ltr'><strong>qui</strong></span> <span class='ocrx_word' id='word_1_489' title='bbox 1382 5577 1571 5648; x_wconf 82' lang='lat' dir='ltr'><strong>injuste</strong></span> <span class='ocrx_word' id='word_1_490' title='bbox 1614 5577 1740 5647; x_wconf 88' lang='lat' dir='ltr'><strong>quid</strong></span> <span class='ocrx_word' id='word_1_491' title='bbox 1793 5579 1987 5646; x_wconf 81' lang='lat' dir='ltr'><strong>patitur</strong></span> <span class='ocrx_word' id='word_1_492' title='bbox 2017 5620 2031 5642; x_wconf 91' lang='lat'><strong>,</strong></span> <span class='ocrx_word' id='word_1_493' title='bbox 2062 5579 2107 5632; x_wconf 95' lang='lat' dir='ltr'><strong>si</strong></span> 
     </span>
    </p>
   </div>
   <div class='ocr_carea' id='block_1_58' title="bbox 537 5667 2110 5738">
    <p class='ocr_par' dir='ltr' id='par_1_58' title="bbox 537 5667 2110 5738">
     <span class='ocr_line' id='line_1_58' title="bbox 537 5667 2110 5738; baseline -0.004 -9"><span class='ocrx_word' id='word_1_494' title='bbox 537 5676 744 5729; x_wconf 80' lang='lat' dir='ltr'><strong>fortiter</strong></span> <span class='ocrx_word' id='word_1_495' title='bbox 774 5673 906 5728; x_wconf 85' lang='lat' dir='ltr'><strong>ierat</strong></span> <span class='ocrx_word' id='word_1_496' title='bbox 933 5711 949 5737; x_wconf 91' lang='lat'><strong>,</strong></span> <span class='ocrx_word' id='word_1_497' title='bbox 991 5671 1243 5738; x_wconf 89' lang='lat' dir='ltr'><strong>majorem</strong></span> <span class='ocrx_word' id='word_1_498' title='bbox 1274 5669 1395 5724; x_wconf 86' lang='lat' dir='ltr'><strong>hinc</strong></span> <span class='ocrx_word' id='word_1_499' title='bbox 1423 5669 1559 5738; x_wconf 82' lang='lat' dir='ltr'><strong>apud</strong></span> <span class='ocrx_word' id='word_1_500' title='bbox 1588 5667 1756 5722; x_wconf 85' lang='lat' dir='ltr'><strong>Deum</strong></span> <span class='ocrx_word' id='word_1_501' title='bbox 1787 5669 2110 5722; x_wconf 88' lang='lat' dir='ltr'><strong>nanciscitur</strong></span> 
     </span>
    </p>
   </div>
   <div class='ocr_carea' id='block_1_59' title="bbox 536 5757 2102 5830">
    <p class='ocr_par' dir='ltr' id='par_1_59' title="bbox 536 5757 2102 5830">
     <span class='ocr_line' id='line_1_59' title="bbox 536 5757 2102 5830; baseline -0.007 -11"><span class='ocrx_word' id='word_1_502' title='bbox 536 5765 831 5819; x_wconf 83' lang='lat' dir='ltr'><strong>libertatem</strong></span> <span class='ocrx_word' id='word_1_503' title='bbox 864 5778 925 5814; x_wconf 90' lang='lat' dir='ltr'><strong>ac</strong></span> <span class='ocrx_word' id='word_1_504' title='bbox 949 5758 1211 5815; x_wconf 79' lang='lat' dir='ltr'><strong>ﬁduciam.</strong></span> <span class='ocrx_word' id='word_1_505' title='bbox 1258 5758 1342 5815; x_wconf 70' lang='lat' dir='ltr'><strong>Ne’</strong></span> <span class='ocrx_word' id='word_1_506' title='bbox 1363 5760 1538 5830; x_wconf 83' lang='lat' dir='ltr'><strong>itaque</strong></span> <span class='ocrx_word' id='word_1_507' title='bbox 1564 5758 1614 5813; x_wconf 87' lang='lat' dir='ltr'><strong>id</strong></span> <span class='ocrx_word' id='word_1_508' title='bbox 1639 5759 1689 5811; x_wconf 95' lang='lat' dir='ltr'><strong>in</strong></span> <span class='ocrx_word' id='word_1_509' title='bbox 1715 5772 1878 5825; x_wconf 86' lang='lat' dir='ltr'><strong>scopo</strong></span> <span class='ocrx_word' id='word_1_510' title='bbox 1909 5757 2102 5812; x_wconf 79' lang='lat' dir='ltr'><strong>habea-</strong></span> 
     </span>
    </p>
   </div>
   <div class='ocr_carea' id='block_1_60' title="bbox 541 5846 2101 5919">
    <p class='ocr_par' dir='ltr' id='par_1_60' title="bbox 541 5846 2101 5919">
     <span class='ocr_line' id='line_1_60' title="bbox 541 5846 2101 5919; baseline -0.004 -12"><span class='ocrx_word' id='word_1_511' title='bbox 541 5868 675 5919; x_wconf 85' lang='lat' dir='ltr'><strong>mus,</strong></span> <span class='ocrx_word' id='word_1_512' title='bbox 704 5861 760 5906; x_wconf 92' lang='lat' dir='ltr'><strong>ut</strong></span> <span class='ocrx_word' id='word_1_513' title='bbox 780 5851 1016 5906; x_wconf 84' lang='lat' dir='ltr'><strong>fruamur</strong></span> <span class='ocrx_word' id='word_1_514' title='bbox 1041 5849 1289 5919; x_wconf 87' lang='lat' dir='ltr'><strong>potentia,</strong></span> <span class='ocrx_word' id='word_1_515' title='bbox 1316 5848 1535 5908; x_wconf 84' lang='lat' dir='ltr'><strong>honore.</strong></span> <span class='ocrx_word' id='word_1_516' title='bbox 1568 5847 1900 5910; x_wconf 85' lang='lat' dir='ltr'><strong>auctoritate,</strong></span> <span class='ocrx_word' id='word_1_517' title='bbox 1925 5846 2015 5900; x_wconf 83' lang='lat' dir='ltr'><strong>scd</strong></span> <span class='ocrx_word' id='word_1_518' title='bbox 2047 5856 2101 5900; x_wconf 90' lang='lat' dir='ltr'><strong>ut</strong></span> 
     </span>
    </p>
   </div>
   <div class='ocr_carea' id='block_1_61' title="bbox 1333 442 3132 524">
    <p class='ocr_par' dir='ltr' id='par_1_61' title="bbox 1333 442 3132 524">
     <span class='ocr_line' id='line_1_61' title="bbox 1333 442 3132 524; baseline -0.004 -15"><span class='ocrx_word' id='word_1_519' title='bbox 1333 451 1387 509; x_wconf 89' lang='lat' dir='ltr'><strong>S.</strong></span> <span class='ocrx_word' id='word_1_520' title='bbox 1425 449 1700 508; x_wconf 80' lang='lat' dir='ltr'><strong>JOANNIS</strong></span> <span class='ocrx_word' id='word_1_521' title='bbox 1736 445 2207 524; x_wconf 68' lang='lat' dir='ltr'><strong>CIiI’lYSOSTOm</strong></span> <span class='ocrx_word' id='word_1_522' title='bbox 2248 444 2560 501; x_wconf 77' lang='lat' dir='ltr'><strong>ARCiilEP.</strong></span> <span class='ocrx_word' id='word_1_523' title='bbox 2602 442 3132 503; x_wconf 74' lang='lat' dir='ltr'><strong>CONSTANTINOP.</strong></span> 
     </span>
    </p>
   </div>
   <div class='ocr_carea' id='block_1_62' title="bbox 3714 456 3823 512">
    <p class='ocr_par' dir='ltr' id='par_1_62' title="bbox 3714 456 3823 512">
     <span class='ocr_line' id='line_1_62' title="bbox 3714 456 3823 512; baseline -0.018 0"><span class='ocrx_word' id='word_1_524' title='bbox 3714 456 3823 512; x_wconf 71' lang='grc' dir='ltr'><strong>ιιι</strong></span> 
     </span>
    </p>
   </div>
   <div class='ocr_carea' id='block_1_63' title="bbox 2237 558 3816 640">
    <p class='ocr_par' dir='ltr' id='par_1_63' title="bbox 2237 558 3816 640">
     <span class='ocr_line' id='line_1_63' title="bbox 2237 558 3816 640; baseline 0.009 -29"><span class='ocrx_word' id='word_1_525' title='bbox 2237 559 2290 611; x_wconf 90' lang='lat' dir='ltr'><strong>in</strong></span> <span class='ocrx_word' id='word_1_526' title='bbox 2325 560 2518 612; x_wconf 90' lang='lat' dir='ltr'><strong>virtute</strong></span> <span class='ocrx_word' id='word_1_527' title='bbox 2545 570 2704 628; x_wconf 89' lang='lat' dir='ltr'><strong>atque</strong></span> <span class='ocrx_word' id='word_1_528' title='bbox 2729 558 3062 628; x_wconf 88' lang='lat' dir='ltr'><strong>philosophia</strong></span> <span class='ocrx_word' id='word_1_529' title='bbox 3090 575 3385 618; x_wconf 61' lang='lat' dir='ltr'><strong>venemur.</strong></span> <span class='ocrx_word' id='word_1_530' title='bbox 3427 564 3563 621; x_wconf 89' lang='lat' dir='ltr'><strong>Nam</strong></span> <span class='ocrx_word' id='word_1_531' title='bbox 3589 567 3816 640; x_wconf 65' lang='lat' dir='ltr'><strong>dignitao</strong></span> 
     </span>
    </p>
   </div>
   <div class='ocr_carea' id='block_1_64' title="bbox 2238 647 3817 729">
    <p class='ocr_par' dir='ltr' id='par_1_64' title="bbox 2238 647 3817 729">
     <span class='ocr_line' id='line_1_64' title="bbox 2238 647 3817 729; baseline 0.01 -27"><span class='ocrx_word' id='word_1_532' title='bbox 2238 657 2316 702; x_wconf 91' lang='lat' dir='ltr'><strong>tes</strong></span> <span class='ocrx_word' id='word_1_533' title='bbox 2343 647 2408 700; x_wconf 89' lang='lat' dir='ltr'><strong>ad</strong></span> <span class='ocrx_word' id='word_1_534' title='bbox 2438 647 2603 702; x_wconf 87' lang='lat' dir='ltr'><strong>multa</strong></span> <span class='ocrx_word' id='word_1_535' title='bbox 2635 650 2743 704; x_wconf 82' lang='lat' dir='ltr'><strong>Deo</strong></span> <span class='ocrx_word' id='word_1_536' title='bbox 2765 665 2868 704; x_wconf 85' lang='lat' dir='ltr'><strong>non</strong></span> <span class='ocrx_word' id='word_1_537' title='bbox 2898 651 3088 720; x_wconf 87' lang='lat' dir='ltr'><strong>placita</strong></span> <span class='ocrx_word' id='word_1_538' title='bbox 3112 656 3364 723; x_wconf 89' lang='lat' dir='ltr'><strong>patranda</strong></span> <span class='ocrx_word' id='word_1_539' title='bbox 3395 658 3694 729; x_wconf 89' lang='lat' dir='ltr'><strong>inducunt,</strong></span> <span class='ocrx_word' id='word_1_540' title='bbox 3725 673 3817 718; x_wconf 81' lang='lat' dir='ltr'><strong>at-</strong></span> 
     </span>
    </p>
   </div>
   <div class='ocr_carea' id='block_1_65' title="bbox 2234 737 3821 820">
    <p class='ocr_par' dir='ltr' id='par_1_65' title="bbox 2234 737 3821 820">
     <span class='ocr_line' id='line_1_65' title="bbox 2234 737 3821 820; baseline 0.013 -33"><span class='ocrx_word' id='word_1_541' title='bbox 2234 752 2337 807; x_wconf 89' lang='lat' dir='ltr'><strong>que</strong></span> <span class='ocrx_word' id='word_1_542' title='bbox 2365 737 2561 808; x_wconf 86' lang='lat' dir='ltr'><strong>ingenti</strong></span> <span class='ocrx_word' id='word_1_543' title='bbox 2603 753 2734 808; x_wconf 88' lang='lat' dir='ltr'><strong>opus</strong></span> <span class='ocrx_word' id='word_1_544' title='bbox 2760 749 2843 793; x_wconf 87' lang='lat' dir='ltr'><strong>est</strong></span> <span class='ocrx_word' id='word_1_545' title='bbox 2886 742 3095 805; x_wconf 89' lang='lat' dir='ltr'><strong>animo,</strong></span> <span class='ocrx_word' id='word_1_546' title='bbox 3129 753 3183 798; x_wconf 93' lang='lat' dir='ltr'><strong>ut</strong></span> <span class='ocrx_word' id='word_1_547' title='bbox 3217 746 3474 816; x_wconf 85' lang='lat' dir='ltr'><strong>dignitate</strong></span> <span class='ocrx_word' id='word_1_548' title='bbox 3512 765 3577 804; x_wconf 88' lang='lat' dir='ltr'><strong>ac</strong></span> <span class='ocrx_word' id='word_1_549' title='bbox 3624 762 3821 820; x_wconf 81' lang='lat' dir='ltr'><strong>poten-</strong></span> 
     </span>
    </p>
   </div>
   <div class='ocr_carea' id='block_1_66' title="bbox 2235 829 3818 914">
    <p class='ocr_par' dir='ltr' id='par_1_66' title="bbox 2235 829 3818 914">
     <span class='ocr_line' id='line_1_66' title="bbox 2235 829 3818 914; baseline 0.011 -32"><span class='ocrx_word' id='word_1_550' title='bbox 2235 829 2302 882; x_wconf 89' lang='lat' dir='ltr'><strong>tia</strong></span> <span class='ocrx_word' id='word_1_551' title='bbox 2343 840 2488 884; x_wconf 88' lang='lat' dir='ltr'><strong>recte</strong></span> <span class='ocrx_word' id='word_1_552' title='bbox 2517 840 2759 884; x_wconf 88' lang='lat' dir='ltr'><strong>utamur:</strong></span> <span class='ocrx_word' id='word_1_553' title='bbox 2791 833 2878 900; x_wconf 86' lang='lat' dir='ltr'><strong>qui</strong></span> <span class='ocrx_word' id='word_1_554' title='bbox 2924 847 3052 886; x_wconf 77' lang='lat' dir='ltr'><strong>vero</strong></span> <span class='ocrx_word' id='word_1_555' title='bbox 3098 850 3126 888; x_wconf 90' lang='lat' dir='ltr'><strong>a</strong></span> <span class='ocrx_word' id='word_1_556' title='bbox 3172 837 3426 906; x_wconf 86' lang='lat' dir='ltr'><strong>dignitate</strong></span> <span class='ocrx_word' id='word_1_557' title='bbox 3466 841 3818 914; x_wconf 78' lang='lat' dir='ltr'><strong>detruditur,</strong></span> 
     </span>
    </p>
   </div>
   <div class='ocr_carea' id='block_1_67' title="bbox 2233 918 3817 996">
    <p class='ocr_par' dir='ltr' id='par_1_67' title="bbox 2233 918 3817 996">
     <span class='ocr_line' id='line_1_67' title="bbox 2233 918 3817 996; baseline 0.011 -24"><span class='ocrx_word' id='word_1_558' title='bbox 2233 918 2360 973; x_wconf 87' lang='lat' dir='ltr'><strong>velit</strong></span> <span class='ocrx_word' id='word_1_559' title='bbox 2390 920 2524 974; x_wconf 88' lang='lat' dir='ltr'><strong>nolit</strong></span> <span class='ocrx_word' id='word_1_560' title='bbox 2553 921 2959 990; x_wconf 80' lang='lat' dir='ltr'><strong>philosophatur</strong></span> <span class='ocrx_word' id='word_1_561' title='bbox 2990 940 3002 975; x_wconf 89' lang='lat'><strong>:</strong></span> <span class='ocrx_word' id='word_1_562' title='bbox 3035 925 3203 994; x_wconf 86' lang='lat' dir='ltr'><strong>atqui</strong></span> <span class='ocrx_word' id='word_1_563' title='bbox 3245 928 3332 980; x_wconf 89' lang='lat' dir='ltr'><strong>illa</strong></span> <span class='ocrx_word' id='word_1_564' title='bbox 3366 931 3559 985; x_wconf 84' lang='lat' dir='ltr'><strong>fruitur</strong></span> <span class='ocrx_word' id='word_1_565' title='bbox 3590 973 3604 996; x_wconf 95' lang='lat'><strong>,</strong></span> <span class='ocrx_word' id='word_1_566' title='bbox 3635 934 3817 989; x_wconf 89' lang='lat' dir='ltr'><strong>simile</strong></span> 
     </span>
    </p>
   </div>
   <div class='ocr_carea' id='block_1_68' title="bbox 2232 1011 3816 1090">
    <p class='ocr_par' dir='ltr' id='par_1_68' title="bbox 2232 1011 3816 1090">
     <span class='ocr_line' id='line_1_68' title="bbox 2232 1011 3816 1090; baseline 0.012 -28"><span class='ocrx_word' id='word_1_567' title='bbox 2232 1011 2357 1081; x_wconf 88' lang='lat' dir='ltr'><strong>quid</strong></span> <span class='ocrx_word' id='word_1_568' title='bbox 2383 1013 2599 1082; x_wconf 88' lang='lat' dir='ltr'><strong>patitur,</strong></span> <span class='ocrx_word' id='word_1_569' title='bbox 2625 1028 2687 1068; x_wconf 88' lang='lat' dir='ltr'><strong>ac</strong></span> <span class='ocrx_word' id='word_1_570' title='bbox 2710 1014 2753 1068; x_wconf 86' lang='lat' dir='ltr'><strong>si</strong></span> <span class='ocrx_word' id='word_1_571' title='bbox 2785 1015 2904 1084; x_wconf 81' lang='lat' dir='ltr'><strong>quis</strong></span> <span class='ocrx_word' id='word_1_572' title='bbox 2929 1031 3051 1070; x_wconf 89' lang='lat' dir='ltr'><strong>cum</strong></span> <span class='ocrx_word' id='word_1_573' title='bbox 3081 1016 3314 1073; x_wconf 89' lang='lat' dir='ltr'><strong>formosa</strong></span> <span class='ocrx_word' id='word_1_574' title='bbox 3338 1024 3510 1089; x_wconf 86' lang='lat' dir='ltr'><strong>puella</strong></span> <span class='ocrx_word' id='word_1_575' title='bbox 3543 1024 3816 1090; x_wconf 81' lang='lat' dir='ltr'><strong>habitans,</strong></span> 
     </span>
    </p>
   </div>
   <div class='ocr_carea' id='block_1_69' title="bbox 2231 1100 3822 1185">
    <p class='ocr_par' dir='ltr' id='par_1_69' title="bbox 2231 1100 3822 1185">
     <span class='ocr_line' id='line_1_69' title="bbox 2231 1100 3822 1185; baseline 0.011 -30"><span class='ocrx_word' id='word_1_576' title='bbox 2231 1100 2350 1170; x_wconf 77' lang='lat' dir='ltr'><strong>lege</strong></span> <span class='ocrx_word' id='word_1_577' title='bbox 2375 1115 2615 1158; x_wconf 81' lang='lat' dir='ltr'><strong>arceatur</strong></span> <span class='ocrx_word' id='word_1_578' title='bbox 2638 1121 2703 1160; x_wconf 75' lang='lat' dir='ltr'><strong>ne</strong></span> <span class='ocrx_word' id='word_1_579' title='bbox 2726 1105 2868 1159; x_wconf 85' lang='lat' dir='ltr'><strong>illam</strong></span> <span class='ocrx_word' id='word_1_580' title='bbox 2893 1107 3100 1162; x_wconf 83' lang='lat' dir='ltr'><strong>lascivis</strong></span> <span class='ocrx_word' id='word_1_581' title='bbox 3121 1123 3370 1179; x_wconf 80' lang='lat' dir='ltr'><strong>umquam</strong></span> <span class='ocrx_word' id='word_1_582' title='bbox 3387 1114 3555 1169; x_wconf 86' lang='lat' dir='ltr'><strong>oculis</strong></span> <span class='ocrx_word' id='word_1_583' title='bbox 3569 1117 3822 1185; x_wconf 83' lang='lat' dir='ltr'><strong>aspiciat.</strong></span> 
     </span>
    </p>
   </div>
   <div class='ocr_carea' id='block_1_70' title="bbox 2233 1193 3823 1273">
    <p class='ocr_par' dir='ltr' id='par_1_70' title="bbox 2233 1193 3823 1273">
     <span class='ocr_line' id='line_1_70' title="bbox 2233 1193 3823 1273; baseline 0.013 -27"><span class='ocrx_word' id='word_1_584' title='bbox 2233 1193 2376 1248; x_wconf 84' lang='lat' dir='ltr'><strong>Talis</strong></span> <span class='ocrx_word' id='word_1_585' title='bbox 2419 1204 2500 1248; x_wconf 88' lang='lat' dir='ltr'><strong>est</strong></span> <span class='ocrx_word' id='word_1_586' title='bbox 2527 1197 2783 1265; x_wconf 75' lang='lat' dir='ltr'><strong>petentia.</strong></span> <span class='ocrx_word' id='word_1_587' title='bbox 2814 1197 3044 1268; x_wconf 87' lang='lat' dir='ltr'><strong>ideoque</strong></span> <span class='ocrx_word' id='word_1_588' title='bbox 3087 1201 3283 1256; x_wconf 84' lang='lat' dir='ltr'><strong>multos</strong></span> <span class='ocrx_word' id='word_1_589' title='bbox 3325 1219 3462 1273; x_wconf 90' lang='lat' dir='ltr'><strong>pene</strong></span> <span class='ocrx_word' id='word_1_590' title='bbox 3505 1207 3703 1264; x_wconf 81' lang='lat' dir='ltr'><strong>invitos</strong></span> <span class='ocrx_word' id='word_1_591' title='bbox 3749 1210 3823 1265; x_wconf 82' lang='lat' dir='ltr'><strong>ad</strong></span> 
     </span>
    </p>
   </div>
   <div class='ocr_carea' id='block_1_71' title="bbox 2231 1289 3824 1368">
    <p class='ocr_par' dir='ltr' id='par_1_71' title="bbox 2231 1289 3824 1368">
     <span class='ocr_line' id='line_1_71' title="bbox 2231 1289 3824 1368; baseline 0.011 -30"><span class='ocrx_word' id='word_1_592' title='bbox 2231 1289 2606 1342; x_wconf 87' lang='lat' dir='ltr'><strong>contumeliam</strong></span> <span class='ocrx_word' id='word_1_593' title='bbox 2633 1289 2960 1345; x_wconf 75' lang='lat' dir='ltr'><strong>inferendam</strong></span> <span class='ocrx_word' id='word_1_594' title='bbox 2986 1292 3231 1356; x_wconf 80' lang='lat' dir='ltr'><strong>induxit,</strong></span> <span class='ocrx_word' id='word_1_595' title='bbox 3264 1294 3328 1348; x_wconf 88' lang='lat' dir='ltr'><strong>ad</strong></span> <span class='ocrx_word' id='word_1_596' title='bbox 3365 1295 3504 1353; x_wconf 65' lang='lat' dir='ltr'><strong>iram,</strong></span> <span class='ocrx_word' id='word_1_597' title='bbox 3525 1299 3766 1354; x_wconf 76' lang='lat' dir='ltr'><strong>incitavit</strong></span> <span class='ocrx_word' id='word_1_598' title='bbox 3798 1341 3824 1368; x_wconf 79' lang='lat'><strong>,</strong></span> 
     </span>
    </p>
   </div>
   <div class='ocr_carea' id='block_1_72' title="bbox 2233 1375 3820 1456">
    <p class='ocr_par' dir='ltr' id='par_1_72' title="bbox 2233 1375 3820 1456">
     <span class='ocr_line' id='line_1_72' title="bbox 2233 1375 3820 1456; baseline 0.01 -27"><span class='ocrx_word' id='word_1_599' title='bbox 2233 1375 2422 1444; x_wconf 70' lang='lat' dir='ltr'><strong>linguae</strong></span> <span class='ocrx_word' id='word_1_600' title='bbox 2450 1377 2659 1432; x_wconf 84' lang='lat' dir='ltr'><strong>frenum</strong></span> <span class='ocrx_word' id='word_1_601' title='bbox 2692 1380 2819 1449; x_wconf 90' lang='lat' dir='ltr'><strong>ipsis</strong></span> <span class='ocrx_word' id='word_1_602' title='bbox 2839 1381 3079 1447; x_wconf 85' lang='lat' dir='ltr'><strong>abstulit,</strong></span> <span class='ocrx_word' id='word_1_603' title='bbox 3109 1393 3162 1438; x_wconf 91' lang='lat' dir='ltr'><strong>et</strong></span> <span class='ocrx_word' id='word_1_604' title='bbox 3190 1384 3404 1454; x_wconf 74' lang='lat' dir='ltr'><strong>ianuam</strong></span> <span class='ocrx_word' id='word_1_605' title='bbox 3433 1388 3542 1442; x_wconf 79' lang='lat' dir='ltr'><strong>oris</strong></span> <span class='ocrx_word' id='word_1_606' title='bbox 3567 1391 3770 1444; x_wconf 87' lang='lat' dir='ltr'><strong>avulsit</strong></span> <span class='ocrx_word' id='word_1_607' title='bbox 3799 1432 3820 1456; x_wconf 94' lang='lat'><strong>,</strong></span> 
     </span>
    </p>
   </div>
   <div class='ocr_carea' id='block_1_73' title="bbox 2233 1468 3818 1550">
    <p class='ocr_par' dir='ltr' id='par_1_73' title="bbox 2233 1468 3818 1550">
     <span class='ocr_line' id='line_1_73' title="bbox 2233 1468 3818 1550; baseline 0.012 -33"><span class='ocrx_word' id='word_1_608' title='bbox 2233 1468 2373 1522; x_wconf 68' lang='lat' dir='ltr'><strong>venti</strong></span> <span class='ocrx_word' id='word_1_609' title='bbox 2397 1468 2564 1523; x_wconf 89' lang='lat' dir='ltr'><strong>instar</strong></span> <span class='ocrx_word' id='word_1_610' title='bbox 2587 1474 2823 1526; x_wconf 86' lang='lat' dir='ltr'><strong>animum</strong></span> <span class='ocrx_word' id='word_1_611' title='bbox 2847 1473 3260 1544; x_wconf 81' lang='lat' dir='ltr'><strong>circumquaque</strong></span> <span class='ocrx_word' id='word_1_612' title='bbox 3288 1479 3449 1546; x_wconf 85' lang='lat' dir='ltr'><strong>agitat</strong></span> <span class='ocrx_word' id='word_1_613' title='bbox 3473 1520 3488 1544; x_wconf 92' lang='lat'><strong>,</strong></span> <span class='ocrx_word' id='word_1_614' title='bbox 3517 1489 3572 1535; x_wconf 90' lang='lat' dir='ltr'><strong>et</strong></span> <span class='ocrx_word' id='word_1_615' title='bbox 3605 1483 3657 1534; x_wconf 91' lang='lat' dir='ltr'><strong>in</strong></span> <span class='ocrx_word' id='word_1_616' title='bbox 3687 1497 3818 1550; x_wconf 84' lang='lat' dir='ltr'><strong>pro-</strong></span> 
     </span>
    </p>
   </div>
   <div class='ocr_carea' id='block_1_74' title="bbox 2231 1559 3813 1642">
    <p class='ocr_par' dir='ltr' id='par_1_74' title="bbox 2231 1559 3813 1642">
     <span class='ocr_line' id='line_1_74' title="bbox 2231 1559 3813 1642; baseline 0.011 -30"><span class='ocrx_word' id='word_1_617' title='bbox 2231 1559 2444 1613; x_wconf 87' lang='lat' dir='ltr'><strong>fundum</strong></span> <span class='ocrx_word' id='word_1_618' title='bbox 2488 1563 2750 1618; x_wconf 81' lang='lat' dir='ltr'><strong>maiorum</strong></span> <span class='ocrx_word' id='word_1_619' title='bbox 2787 1565 3036 1632; x_wconf 77' lang='lat' dir='ltr'><strong>scapham</strong></span> <span class='ocrx_word' id='word_1_620' title='bbox 3083 1568 3362 1636; x_wconf 75' lang='lat' dir='ltr'><strong>demergit.</strong></span> <span class='ocrx_word' id='word_1_621' title='bbox 3394 1571 3529 1635; x_wconf 83' lang='lat' dir='ltr'><strong>Quid</strong></span> <span class='ocrx_word' id='word_1_622' title='bbox 3562 1573 3725 1642; x_wconf 85' lang='lat' dir='ltr'><strong>igitur</strong></span> <span class='ocrx_word' id='word_1_623' title='bbox 3750 1575 3813 1631; x_wconf 80' lang='lat' dir='ltr'><strong>in</strong></span> 
     </span>
    </p>
   </div>
   <div class='ocr_carea' id='block_1_75' title="bbox 2233 1653 3817 1732">
    <p class='ocr_par' dir='ltr' id='par_1_75' title="bbox 2233 1653 3817 1732">
     <span class='ocr_line' id='line_1_75' title="bbox 2233 1653 3817 1732; baseline 0.009 -30"><span class='ocrx_word' id='word_1_624' title='bbox 2233 1657 2374 1703; x_wconf 86' lang='lat' dir='ltr'><strong>tanto</strong></span> <span class='ocrx_word' id='word_1_625' title='bbox 2403 1653 2640 1718; x_wconf 90' lang='lat' dir='ltr'><strong>periculo</strong></span> <span class='ocrx_word' id='word_1_626' title='bbox 2673 1653 2883 1707; x_wconf 89' lang='lat' dir='ltr'><strong>miraris</strong></span> <span class='ocrx_word' id='word_1_627' title='bbox 2908 1665 2960 1708; x_wconf 87' lang='lat' dir='ltr'><strong>et</strong></span> <span class='ocrx_word' id='word_1_628' title='bbox 2988 1655 3327 1710; x_wconf 81' lang='lat' dir='ltr'><strong>invidendum</strong></span> <span class='ocrx_word' id='word_1_629' title='bbox 3357 1659 3506 1727; x_wconf 86' lang='lat' dir='ltr'><strong>put&#39;as</strong></span> <span class='ocrx_word' id='word_1_630' title='bbox 3536 1661 3559 1713; x_wconf 70' lang='grc' dir='ltr'><strong><em>τ</em></strong></span> <span class='ocrx_word' id='word_1_631' title='bbox 3588 1669 3644 1715; x_wconf 86' lang='lat' dir='ltr'><strong>et</strong></span> <span class='ocrx_word' id='word_1_632' title='bbox 3661 1677 3817 1732; x_wconf 80' lang='lat' dir='ltr'><strong>qua:-</strong></span> 
     </span>
    </p>
   </div>
   <div class='ocr_carea' id='block_1_76' title="bbox 2229 1740 3823 1819">
    <p class='ocr_par' dir='ltr' id='par_1_76' title="bbox 2229 1740 3823 1819">
     <span class='ocr_line' id='line_1_76' title="bbox 2229 1740 3823 1819; baseline 0.01 -27"><span class='ocrx_word' id='word_1_633' title='bbox 2229 1754 2348 1793; x_wconf 80' lang='lat' dir='ltr'><strong>natn</strong></span> <span class='ocrx_word' id='word_1_634' title='bbox 2373 1740 2485 1794; x_wconf 61' lang='lat' dir='ltr'><strong>hinc</strong></span> <span class='ocrx_word' id='word_1_635' title='bbox 2514 1751 2595 1796; x_wconf 87' lang='lat' dir='ltr'><strong>est</strong></span> <span class='ocrx_word' id='word_1_636' title='bbox 2623 1743 2889 1799; x_wconf 85' lang='lat' dir='ltr'><strong>dementia</strong></span> <span class='ocrx_word' id='word_1_637' title='bbox 2913 1743 2941 1796; x_wconf 62' lang='grc' dir='ltr'><strong>ἓ</strong></span> <span class='ocrx_word' id='word_1_638' title='bbox 2965 1745 3094 1799; x_wconf 84' lang='lat' dir='ltr'><strong>Cum</strong></span> <span class='ocrx_word' id='word_1_639' title='bbox 3126 1747 3190 1800; x_wconf 86' lang='lat' dir='ltr'><strong>iis</strong></span> <span class='ocrx_word' id='word_1_640' title='bbox 3218 1763 3347 1802; x_wconf 83' lang='lat' dir='ltr'><strong>vero</strong></span> <span class='ocrx_word' id='word_1_641' title='bbox 3373 1765 3490 1819; x_wconf 76' lang='lat' dir='ltr'><strong>qua:</strong></span> <span class='ocrx_word' id='word_1_642' title='bbox 3521 1751 3660 1806; x_wconf 87' lang='lat' dir='ltr'><strong>dicta</strong></span> <span class='ocrx_word' id='word_1_643' title='bbox 3687 1763 3823 1808; x_wconf 76' lang='lat' dir='ltr'><strong>sunt</strong></span> 
     </span>
    </p>
   </div>
   <div class='ocr_carea' id='block_1_77' title="bbox 2228 1832 3817 1911">
    <p class='ocr_par' dir='ltr' id='par_1_77' title="bbox 2228 1832 3817 1911">
     <span class='ocr_line' id='line_1_77' title="bbox 2228 1832 3817 1911; baseline 0.01 -27"><span class='ocrx_word' id='word_1_644' title='bbox 2228 1832 2399 1901; x_wconf 90' lang='lat' dir='ltr'><strong>cogita</strong></span> <span class='ocrx_word' id='word_1_645' title='bbox 2429 1874 2442 1897; x_wconf 88' lang='lat'><strong>,</strong></span> <span class='ocrx_word' id='word_1_646' title='bbox 2467 1843 2594 1903; x_wconf 86' lang='lat' dir='ltr'><strong>quot</strong></span> <span class='ocrx_word' id='word_1_647' title='bbox 2616 1835 2856 1890; x_wconf 85' lang='lat' dir='ltr'><strong>inimicos</strong></span> <span class='ocrx_word' id='word_1_648' title='bbox 2885 1846 2939 1890; x_wconf 89' lang='lat' dir='ltr'><strong>et</strong></span> <span class='ocrx_word' id='word_1_649' title='bbox 2964 1847 3323 1905; x_wconf 84' lang='lat' dir='ltr'><strong>accusatores,</strong></span> <span class='ocrx_word' id='word_1_650' title='bbox 3348 1852 3479 1911; x_wconf 85' lang='lat' dir='ltr'><strong>quot</strong></span> <span class='ocrx_word' id='word_1_651' title='bbox 3505 1842 3817 1900; x_wconf 78' lang='lat' dir='ltr'><strong>adulatores</strong></span> 
     </span>
    </p>
   </div>
   <div class='ocr_carea' id='block_1_78' title="bbox 2229 1921 3822 2006">
    <p class='ocr_par' dir='ltr' id='par_1_78' title="bbox 2229 1921 3822 2006">
     <span class='ocr_line' id='line_1_78' title="bbox 2229 1921 3822 2006; baseline 0.011 -33"><span class='ocrx_word' id='word_1_652' title='bbox 2229 1921 2420 1976; x_wconf 86' lang='lat' dir='ltr'><strong>haheat</strong></span> <span class='ocrx_word' id='word_1_653' title='bbox 2441 1938 2499 1979; x_wconf 82' lang='lat' dir='ltr'><strong>se</strong></span> <span class='ocrx_word' id='word_1_654' title='bbox 2528 1925 2854 1980; x_wconf 87' lang='lat' dir='ltr'><strong>obsidentes.</strong></span> <span class='ocrx_word' id='word_1_655' title='bbox 2884 1926 3129 1982; x_wconf 73' lang='lat' dir='ltr'><strong>Hmceine</strong></span> <span class='ocrx_word' id='word_1_656' title='bbox 3168 1930 3328 1998; x_wconf 84' lang='lat' dir='ltr'><strong>igitur</strong></span> <span class='ocrx_word' id='word_1_657' title='bbox 3355 1973 3368 1993; x_wconf 85' lang='lat'><strong>,</strong></span> <span class='ocrx_word' id='word_1_658' title='bbox 3393 1949 3574 2002; x_wconf 70' lang='lat' dir='ltr'><strong>quzeso</strong></span> <span class='ocrx_word' id='word_1_659' title='bbox 3598 1976 3611 1997; x_wconf 86' lang='lat'><strong>,</strong></span> <span class='ocrx_word' id='word_1_660' title='bbox 3653 1935 3822 2006; x_wconf 82' lang='lat' dir='ltr'><strong>digna</strong></span> 
     </span>
    </p>
   </div>
   <div class='ocr_carea' id='block_1_79' title="bbox 2227 2016 3818 2089">
    <p class='ocr_par' dir='ltr' id='par_1_79' title="bbox 2227 2016 3818 2089">
     <span class='ocr_line' id='line_1_79' title="bbox 2227 2016 3818 2089; baseline 0.008 -23"><span class='ocrx_word' id='word_1_661' title='bbox 2227 2022 2351 2066; x_wconf 87' lang='lat' dir='ltr'><strong>sunt</strong></span> <span class='ocrx_word' id='word_1_662' title='bbox 2380 2030 2498 2083; x_wconf 76' lang='lat' dir='ltr'><strong>qua:</strong></span> <span class='ocrx_word' id='word_1_663' title='bbox 2520 2016 2671 2070; x_wconf 87' lang='lat' dir='ltr'><strong>beata</strong></span> <span class='ocrx_word' id='word_1_664' title='bbox 2700 2017 3060 2087; x_wconf 70' lang='lat' dir='ltr'><strong>prmdicentur</strong></span> <span class='ocrx_word' id='word_1_665' title='bbox 3084 2021 3107 2071; x_wconf 85' lang='lat'><strong>?</strong></span> <span class='ocrx_word' id='word_1_666' title='bbox 3137 2019 3334 2089; x_wconf 82' lang='lat' dir='ltr'><strong>Ecquis</strong></span> <span class='ocrx_word' id='word_1_667' title='bbox 3358 2022 3456 2077; x_wconf 89' lang='lat' dir='ltr'><strong>hoc</strong></span> <span class='ocrx_word' id='word_1_668' title='bbox 3476 2023 3719 2079; x_wconf 79' lang='lat' dir='ltr'><strong>dixerit?</strong></span> <span class='ocrx_word' id='word_1_669' title='bbox 3745 2028 3818 2079; x_wconf 78' lang='lat' dir='ltr'><strong>At</strong></span> 
     </span>
    </p>
   </div>
   <div class='ocr_carea' id='block_1_80' title="bbox 2228 2105 3813 2182">
    <p class='ocr_par' dir='ltr' id='par_1_80' title="bbox 2228 2105 3813 2182">
     <span class='ocr_line' id='line_1_80' title="bbox 2228 2105 3813 2182; baseline 0.007 -23"><span class='ocrx_word' id='word_1_670' title='bbox 2228 2105 2364 2173; x_wconf 88' lang='lat' dir='ltr'><strong>apud</strong></span> <span class='ocrx_word' id='word_1_671' title='bbox 2399 2108 2673 2176; x_wconf 87' lang='lat' dir='ltr'><strong>populum,</strong></span> <span class='ocrx_word' id='word_1_672' title='bbox 2705 2109 2933 2178; x_wconf 83' lang='lat' dir='ltr'><strong>inquies.</strong></span> <span class='ocrx_word' id='word_1_673' title='bbox 2958 2110 3278 2165; x_wconf 76' lang='lat' dir='ltr'><strong>celebratur.</strong></span> <span class='ocrx_word' id='word_1_674' title='bbox 3316 2112 3515 2182; x_wconf 81' lang='lat' dir='ltr'><strong>Ecquid</strong></span> <span class='ocrx_word' id='word_1_675' title='bbox 3546 2115 3647 2171; x_wconf 89' lang='lat' dir='ltr'><strong>hoc</strong></span> <span class='ocrx_word' id='word_1_676' title='bbox 3677 2125 3763 2172; x_wconf 88' lang='lat' dir='ltr'><strong>est</strong></span> <span class='ocrx_word' id='word_1_677' title='bbox 3790 2119 3813 2170; x_wconf 85' lang='lat'><strong>?</strong></span> 
     </span>
    </p>
   </div>
   <div class='ocr_carea' id='block_1_81' title="bbox 2227 2194 3810 2268">
    <p class='ocr_par' dir='ltr' id='par_1_81' title="bbox 2227 2194 3810 2268">
     <span class='ocr_line' id='line_1_81' title="bbox 2227 2194 3810 2268; baseline 0.008 -17"><span class='ocrx_word' id='word_1_678' title='bbox 2227 2194 2408 2264; x_wconf 76' lang='lat' dir='ltr'><strong>Neque</strong></span> <span class='ocrx_word' id='word_1_679' title='bbox 2437 2198 2578 2250; x_wconf 86' lang='lat' dir='ltr'><strong>cnim</strong></span> <span class='ocrx_word' id='word_1_680' title='bbox 2603 2198 2827 2268; x_wconf 87' lang='lat' dir='ltr'><strong>populus</strong></span> <span class='ocrx_word' id='word_1_681' title='bbox 2854 2210 2936 2254; x_wconf 85' lang='lat' dir='ltr'><strong>est</strong></span> <span class='ocrx_word' id='word_1_682' title='bbox 2965 2200 3102 2255; x_wconf 89' lang='lat' dir='ltr'><strong>Deus</strong></span> <span class='ocrx_word' id='word_1_683' title='bbox 3121 2243 3136 2264; x_wconf 90' lang='lat'><strong>,</strong></span> <span class='ocrx_word' id='word_1_684' title='bbox 3167 2202 3250 2256; x_wconf 90' lang='lat' dir='ltr'><strong>cui</strong></span> <span class='ocrx_word' id='word_1_685' title='bbox 3274 2203 3396 2258; x_wconf 64' lang='lat' dir='ltr'><strong>vitae</strong></span> <span class='ocrx_word' id='word_1_686' title='bbox 3425 2207 3661 2261; x_wconf 88' lang='lat' dir='ltr'><strong>rationes</strong></span> <span class='ocrx_word' id='word_1_687' title='bbox 3683 2209 3810 2263; x_wconf 77' lang='lat' dir='ltr'><strong>red-</strong></span> 
     </span>
    </p>
   </div>
   <div class='ocr_carea' id='block_1_82' title="bbox 2227 2288 3818 2362">
    <p class='ocr_par' dir='ltr' id='par_1_82' title="bbox 2227 2288 3818 2362">
     <span class='ocr_line' id='line_1_82' title="bbox 2227 2288 3818 2362; baseline 0.009 -21"><span class='ocrx_word' id='word_1_688' title='bbox 2227 2288 2434 2344; x_wconf 90' lang='lat' dir='ltr'><strong>diturus</strong></span> <span class='ocrx_word' id='word_1_689' title='bbox 2455 2292 2544 2344; x_wconf 90' lang='lat' dir='ltr'><strong>sit.</strong></span> <span class='ocrx_word' id='word_1_690' title='bbox 2575 2290 2753 2360; x_wconf 87' lang='lat' dir='ltr'><strong>itaque</strong></span> <span class='ocrx_word' id='word_1_691' title='bbox 2777 2292 2994 2360; x_wconf 83' lang='lat' dir='ltr'><strong>quando</strong></span> <span class='ocrx_word' id='word_1_692' title='bbox 3025 2295 3280 2362; x_wconf 75' lang='lat' dir='ltr'><strong>populum</strong></span> <span class='ocrx_word' id='word_1_693' title='bbox 3313 2295 3472 2362; x_wconf 82' lang='lat' dir='ltr'><strong>dicis,</strong></span> <span class='ocrx_word' id='word_1_694' title='bbox 3502 2299 3636 2352; x_wconf 91' lang='lat' dir='ltr'><strong>nihil</strong></span> <span class='ocrx_word' id='word_1_695' title='bbox 3659 2299 3818 2357; x_wconf 78' lang='lat' dir='ltr'><strong>aliud</strong></span> 
     </span>
    </p>
   </div>
   <div class='ocr_carea' id='block_1_83' title="bbox 2225 2382 3818 2452">
    <p class='ocr_par' dir='ltr' id='par_1_83' title="bbox 2225 2382 3818 2452">
     <span class='ocr_line' id='line_1_83' title="bbox 2225 2382 3818 2452; baseline 0.007 -18"><span class='ocrx_word' id='word_1_696' title='bbox 2225 2395 2492 2434; x_wconf 87' lang='lat' dir='ltr'><strong>memoras</strong></span> <span class='ocrx_word' id='word_1_697' title='bbox 2519 2422 2534 2443; x_wconf 93' lang='lat'><strong>,</strong></span> <span class='ocrx_word' id='word_1_698' title='bbox 2563 2395 2720 2452; x_wconf 90' lang='lat' dir='ltr'><strong>quam</strong></span> <span class='ocrx_word' id='word_1_699' title='bbox 2750 2382 2931 2438; x_wconf 83' lang='lat' dir='ltr'><strong>obices</strong></span> <span class='ocrx_word' id='word_1_700' title='bbox 2959 2422 2976 2449; x_wconf 88' lang='lat'><strong>,</strong></span> <span class='ocrx_word' id='word_1_701' title='bbox 3008 2384 3258 2450; x_wconf 81' lang='lat' dir='ltr'><strong>scopulos</strong></span> <span class='ocrx_word' id='word_1_702' title='bbox 3282 2425 3296 2447; x_wconf 94' lang='lat'><strong>,</strong></span> <span class='ocrx_word' id='word_1_703' title='bbox 3335 2385 3518 2441; x_wconf 84' lang='lat' dir='ltr'><strong>brevia</strong></span> <span class='ocrx_word' id='word_1_704' title='bbox 3539 2430 3554 2452; x_wconf 90' lang='lat'><strong>,</strong></span> <span class='ocrx_word' id='word_1_705' title='bbox 3594 2390 3818 2445; x_wconf 75' lang='lat' dir='ltr'><strong>latentia</strong></span> 
     </span>
    </p>
   </div>
   <div class='ocr_carea' id='block_1_84' title="bbox 2225 2471 3810 2550">
    <p class='ocr_par' dir='ltr' id='par_1_84' title="bbox 2225 2471 3810 2550">
     <span class='ocr_line' id='line_1_84' title="bbox 2225 2471 3810 2550; baseline 0.008 -25"><span class='ocrx_word' id='word_1_706' title='bbox 2225 2485 2372 2525; x_wconf 81' lang='lat' dir='ltr'><strong>saxa.</strong></span> <span class='ocrx_word' id='word_1_707' title='bbox 2408 2471 2497 2526; x_wconf 86' lang='lat' dir='ltr'><strong>illa</strong></span> <span class='ocrx_word' id='word_1_708' title='bbox 2530 2474 2670 2528; x_wconf 78' lang='lat' dir='ltr'><strong>enim</strong></span> <span class='ocrx_word' id='word_1_709' title='bbox 2705 2474 2755 2527; x_wconf 91' lang='lat' dir='ltr'><strong>in</strong></span> <span class='ocrx_word' id='word_1_710' title='bbox 2781 2474 2978 2544; x_wconf 84' lang='lat' dir='ltr'><strong>populo</strong></span> <span class='ocrx_word' id='word_1_711' title='bbox 3005 2475 3310 2542; x_wconf 87' lang='lat' dir='ltr'><strong>celebritas,</strong></span> <span class='ocrx_word' id='word_1_712' title='bbox 3344 2487 3544 2546; x_wconf 86' lang='lat' dir='ltr'><strong>quanto</strong></span> <span class='ocrx_word' id='word_1_713' title='bbox 3563 2481 3810 2550; x_wconf 81' lang='lat' dir='ltr'><strong>splendi-</strong></span> 
     </span>
    </p>
   </div>
   <div class='ocr_carea' id='block_1_85' title="bbox 2225 2561 3808 2638">
    <p class='ocr_par' dir='ltr' id='par_1_85' title="bbox 2225 2561 3808 2638">
     <span class='ocr_line' id='line_1_85' title="bbox 2225 2561 3808 2638; baseline 0.009 -24"><span class='ocrx_word' id='word_1_714' title='bbox 2225 2561 2425 2615; x_wconf 90' lang='lat' dir='ltr'><strong>diorem</strong></span> <span class='ocrx_word' id='word_1_715' title='bbox 2458 2563 2820 2627; x_wconf 88' lang='lat' dir='ltr'><strong>reddit,tanto</strong></span> <span class='ocrx_word' id='word_1_716' title='bbox 2846 2565 3137 2633; x_wconf 87' lang='lat' dir='ltr'><strong>majoribus</strong></span> <span class='ocrx_word' id='word_1_717' title='bbox 3169 2576 3310 2635; x_wconf 86' lang='lat' dir='ltr'><strong>patet</strong></span> <span class='ocrx_word' id='word_1_718' title='bbox 3339 2569 3611 2638; x_wconf 88' lang='lat' dir='ltr'><strong>periculis,</strong></span> <span class='ocrx_word' id='word_1_719' title='bbox 3641 2575 3808 2635; x_wconf 88' lang='lat' dir='ltr'><strong>curis,</strong></span> 
     </span>
    </p>
   </div>
   <div class='ocr_carea' id='block_1_86' title="bbox 2226 2653 3817 2731">
    <p class='ocr_par' dir='ltr' id='par_1_86' title="bbox 2226 2653 3817 2731">
     <span class='ocr_line' id='line_1_86' title="bbox 2226 2653 3817 2731; baseline 0.009 -27"><span class='ocrx_word' id='word_1_720' title='bbox 2226 2654 2564 2706; x_wconf 82' lang='lat' dir='ltr'><strong>maeroribus.</strong></span> <span class='ocrx_word' id='word_1_721' title='bbox 2595 2653 2722 2707; x_wconf 80' lang='lat' dir='ltr'><strong>Nam</strong></span> <span class='ocrx_word' id='word_1_722' title='bbox 2743 2654 2830 2724; x_wconf 82' lang='lat' dir='ltr'><strong>qui</strong></span> <span class='ocrx_word' id='word_1_723' title='bbox 2859 2655 2979 2708; x_wconf 79' lang='lat' dir='ltr'><strong>talis</strong></span> <span class='ocrx_word' id='word_1_724' title='bbox 2998 2663 3100 2719; x_wconf 83' lang='lat' dir='ltr'><strong>est,</strong></span> <span class='ocrx_word' id='word_1_725' title='bbox 3129 2673 3227 2711; x_wconf 92' lang='lat' dir='ltr'><strong>nec</strong></span> <span class='ocrx_word' id='word_1_726' title='bbox 3252 2667 3395 2716; x_wconf 87' lang='lat' dir='ltr'><strong>stare</strong></span> <span class='ocrx_word' id='word_1_727' title='bbox 3418 2673 3518 2715; x_wconf 88' lang='lat' dir='ltr'><strong>nec</strong></span> <span class='ocrx_word' id='word_1_728' title='bbox 3543 2663 3817 2731; x_wconf 80' lang='lat' dir='ltr'><strong>respirare</strong></span> 
     </span>
    </p>
   </div>
   <div class='ocr_carea' id='block_1_87' title="bbox 2224 2745 3813 2823">
    <p class='ocr_par' dir='ltr' id='par_1_87' title="bbox 2224 2745 3813 2823">
     <span class='ocr_line' id='line_1_87' title="bbox 2224 2745 3813 2823; baseline 0.011 -32"><span class='ocrx_word' id='word_1_729' title='bbox 2224 2752 2420 2811; x_wconf 84' lang='lat' dir='ltr'><strong>potest,</strong></span> <span class='ocrx_word' id='word_1_730' title='bbox 2453 2759 2574 2797; x_wconf 87' lang='lat' dir='ltr'><strong>cum</strong></span> <span class='ocrx_word' id='word_1_731' title='bbox 2604 2753 2710 2799; x_wconf 90' lang='lat' dir='ltr'><strong>tam</strong></span> <span class='ocrx_word' id='word_1_732' title='bbox 2731 2745 2986 2799; x_wconf 88' lang='lat' dir='ltr'><strong>acerbum</strong></span> <span class='ocrx_word' id='word_1_733' title='bbox 3009 2746 3202 2802; x_wconf 80' lang='lat' dir='ltr'><strong>habeat</strong></span> <span class='ocrx_word' id='word_1_734' title='bbox 3237 2748 3532 2804; x_wconf 74' lang='lat' dir='ltr'><strong>dominum.</strong></span> <span class='ocrx_word' id='word_1_735' title='bbox 3580 2752 3648 2807; x_wconf 84' lang='lat' dir='ltr'><strong>Et</strong></span> <span class='ocrx_word' id='word_1_736' title='bbox 3675 2754 3813 2823; x_wconf 65' lang='lat' dir='ltr'><strong>quid.</strong></span> 
     </span>
    </p>
   </div>
   <div class='ocr_carea' id='block_1_88' title="bbox 2222 2832 3810 2905">
    <p class='ocr_par' dir='ltr' id='par_1_88' title="bbox 2222 2832 3810 2905">
     <span class='ocr_line' id='line_1_88' title="bbox 2222 2832 3810 2905; baseline 0.01 -19"><span class='ocrx_word' id='word_1_737' title='bbox 2222 2832 2341 2886; x_wconf 92' lang='lat' dir='ltr'><strong>dico</strong></span> <span class='ocrx_word' id='word_1_738' title='bbox 2369 2843 2510 2889; x_wconf 88' lang='lat' dir='ltr'><strong>stare</strong></span> <span class='ocrx_word' id='word_1_739' title='bbox 2537 2835 2623 2890; x_wconf 91' lang='lat' dir='ltr'><strong>vel</strong></span> <span class='ocrx_word' id='word_1_740' title='bbox 2664 2837 2929 2905; x_wconf 86' lang='lat' dir='ltr'><strong>respirare</strong></span> <span class='ocrx_word' id='word_1_741' title='bbox 2953 2839 2978 2892; x_wconf 69' lang='grc'><strong><em>2</em></strong></span> <span class='ocrx_word' id='word_1_742' title='bbox 3006 2837 3224 2894; x_wconf 86' lang='lat' dir='ltr'><strong>Etiamsi</strong></span> <span class='ocrx_word' id='word_1_743' title='bbox 3271 2841 3316 2895; x_wconf 89' lang='lat' dir='ltr'><strong>is</strong></span> <span class='ocrx_word' id='word_1_744' title='bbox 3353 2846 3624 2900; x_wconf 78' lang='lat' dir='ltr'><strong>sexcentis</strong></span> <span class='ocrx_word' id='word_1_745' title='bbox 3653 2847 3810 2902; x_wconf 85' lang='lat' dir='ltr'><strong>bouis</strong></span> 
     </span>
    </p>
   </div>
   <div class='ocr_carea' id='block_1_89' title="bbox 2221 2925 3810 3006">
    <p class='ocr_par' dir='ltr' id='par_1_89' title="bbox 2221 2925 3810 3006">
     <span class='ocr_line' id='line_1_89' title="bbox 2221 2925 3810 3006; baseline 0.011 -28"><span class='ocrx_word' id='word_1_746' title='bbox 2221 2925 2470 2994; x_wconf 89' lang='lat' dir='ltr'><strong>operibus</strong></span> <span class='ocrx_word' id='word_1_747' title='bbox 2500 2928 2569 2980; x_wconf 87' lang='lat' dir='ltr'><strong>sit</strong></span> <span class='ocrx_word' id='word_1_748' title='bbox 2591 2929 2843 2996; x_wconf 62' lang='lat' dir='ltr'><strong>praeditus</strong></span> <span class='ocrx_word' id='word_1_749' title='bbox 2864 2971 2877 2992; x_wconf 91' lang='lat'><strong>,</strong></span> <span class='ocrx_word' id='word_1_750' title='bbox 2901 2929 3116 2986; x_wconf 82' lang='lat' dir='ltr'><strong>difficile</strong></span> <span class='ocrx_word' id='word_1_751' title='bbox 3147 2933 3196 2985; x_wconf 88' lang='lat' dir='ltr'><strong>in</strong></span> <span class='ocrx_word' id='word_1_752' title='bbox 3226 2948 3446 3004; x_wconf 86' lang='lat' dir='ltr'><strong>regnum</strong></span> <span class='ocrx_word' id='word_1_753' title='bbox 3485 2938 3810 3006; x_wconf 83' lang='lat' dir='ltr'><strong>ingreditur.</strong></span> 
     </span>
    </p>
   </div>
   <div class='ocr_carea' id='block_1_90' title="bbox 2222 3016 3809 3089">
    <p class='ocr_par' dir='ltr' id='par_1_90' title="bbox 2222 3016 3809 3089">
     <span class='ocr_line' id='line_1_90' title="bbox 2222 3016 3809 3089; baseline 0.011 -19"><span class='ocrx_word' id='word_1_754' title='bbox 2222 3016 2364 3071; x_wconf 87' lang='lat' dir='ltr'><strong>Nihil</strong></span> <span class='ocrx_word' id='word_1_755' title='bbox 2384 3019 2526 3073; x_wconf 90' lang='lat' dir='ltr'><strong>enim</strong></span> <span class='ocrx_word' id='word_1_756' title='bbox 2548 3019 2867 3076; x_wconf 83' lang='lat' dir='ltr'><strong>labefactare</strong></span> <span class='ocrx_word' id='word_1_757' title='bbox 2898 3023 3032 3076; x_wconf 89' lang='lat' dir='ltr'><strong>solet</strong></span> <span class='ocrx_word' id='word_1_758' title='bbox 3062 3064 3077 3089; x_wconf 91' lang='lat'><strong>,</strong></span> <span class='ocrx_word' id='word_1_759' title='bbox 3122 3033 3181 3078; x_wconf 78' lang='lat' dir='ltr'><strong>ut</strong></span> <span class='ocrx_word' id='word_1_760' title='bbox 3211 3027 3501 3081; x_wconf 88' lang='lat' dir='ltr'><strong>multorum</strong></span> <span class='ocrx_word' id='word_1_761' title='bbox 3534 3032 3809 3087; x_wconf 77' lang='lat' dir='ltr'><strong>existima-</strong></span> 
     </span>
    </p>
   </div>
   <div class='ocr_carea' id='block_1_91' title="bbox 2226 3110 3808 3180">
    <p class='ocr_par' dir='ltr' id='par_1_91' title="bbox 2226 3110 3808 3180">
     <span class='ocr_line' id='line_1_91' title="bbox 2226 3110 3808 3180; baseline 0.008 -17"><span class='ocrx_word' id='word_1_762' title='bbox 2226 3110 2315 3175; x_wconf 89' lang='lat' dir='ltr'><strong>tio,</strong></span> <span class='ocrx_word' id='word_1_763' title='bbox 2349 3125 2464 3180; x_wconf 76' lang='lat' dir='ltr'><strong>quzn</strong></span> <span class='ocrx_word' id='word_1_764' title='bbox 2489 3111 2721 3175; x_wconf 80' lang='lat' dir='ltr'><strong>timidos,</strong></span> <span class='ocrx_word' id='word_1_765' title='bbox 2757 3113 3043 3169; x_wconf 86' lang='lat' dir='ltr'><strong>illiberales</strong></span> <span class='ocrx_word' id='word_1_766' title='bbox 3063 3157 3076 3178; x_wconf 86' lang='lat'><strong>,</strong></span> <span class='ocrx_word' id='word_1_767' title='bbox 3102 3115 3406 3173; x_wconf 90' lang='lat' dir='ltr'><strong>adulatores</strong></span> <span class='ocrx_word' id='word_1_768' title='bbox 3435 3122 3808 3180; x_wconf 70' lang='lat' dir='ltr'><strong>simulatores-</strong></span> 
     </span>
    </p>
   </div>
   <div class='ocr_carea' id='block_1_92' title="bbox 2224 3202 3807 3275">
    <p class='ocr_par' dir='ltr' id='par_1_92' title="bbox 2224 3202 3807 3275">
     <span class='ocr_line' id='line_1_92' title="bbox 2224 3202 3807 3275; baseline 0.009 -19"><span class='ocrx_word' id='word_1_769' title='bbox 2224 3217 2327 3272; x_wconf 88' lang='lat' dir='ltr'><strong>que</strong></span> <span class='ocrx_word' id='word_1_770' title='bbox 2353 3202 2497 3258; x_wconf 86' lang='lat' dir='ltr'><strong>facit.</strong></span> <span class='ocrx_word' id='word_1_771' title='bbox 2528 3202 2636 3258; x_wconf 88' lang='lat' dir='ltr'><strong>Cur</strong></span> <span class='ocrx_word' id='word_1_772' title='bbox 2673 3221 2801 3275; x_wconf 85' lang='lat' dir='ltr'><strong>ergo</strong></span> <span class='ocrx_word' id='word_1_773' title='bbox 2830 3206 3078 3262; x_wconf 62' lang='lat' dir='ltr'><strong>Pharisaei</strong></span> <span class='ocrx_word' id='word_1_774' title='bbox 3110 3208 3361 3265; x_wconf 85' lang='lat' dir='ltr'><strong>dicebant</strong></span> <span class='ocrx_word' id='word_1_775' title='bbox 3385 3212 3659 3269; x_wconf 87' lang='lat' dir='ltr'><strong>Christum</strong></span> <span class='ocrx_word' id='word_1_776' title='bbox 3689 3217 3807 3271; x_wconf 65' lang='lat' dir='ltr'><strong>dm-</strong></span> 
     </span>
    </p>
   </div>
   <div class='ocr_carea' id='block_1_93' title="bbox 2223 3293 3816 3370">
    <p class='ocr_par' dir='ltr' id='par_1_93' title="bbox 2223 3293 3816 3370">
     <span class='ocr_line' id='line_1_93' title="bbox 2223 3293 3816 3370; baseline 0.011 -24"><span class='ocrx_word' id='word_1_777' title='bbox 2223 3293 2522 3348; x_wconf 90' lang='lat' dir='ltr'><strong>moniacum</strong></span> <span class='ocrx_word' id='word_1_778' title='bbox 2568 3297 2734 3349; x_wconf 79' lang='lat' dir='ltr'><strong>esse?</strong></span> <span class='ocrx_word' id='word_1_779' title='bbox 2777 3296 2967 3350; x_wconf 77' lang='lat' dir='ltr'><strong>Annon</strong></span> <span class='ocrx_word' id='word_1_780' title='bbox 3011 3298 3131 3365; x_wconf 90' lang='lat' dir='ltr'><strong>quia</strong></span> <span class='ocrx_word' id='word_1_781' title='bbox 3175 3301 3314 3370; x_wconf 84' lang='lat' dir='ltr'><strong>vulgi</strong></span> <span class='ocrx_word' id='word_1_782' title='bbox 3354 3303 3816 3362; x_wconf 77' lang='lat' dir='ltr'><strong>existimatioiiem</strong></span> 
     </span>
    </p>
   </div>
   <div class='ocr_carea' id='block_1_94' title="bbox 2222 3384 3813 3455">
    <p class='ocr_par' dir='ltr' id='par_1_94' title="bbox 2222 3384 3813 3455">
     <span class='ocr_line' id='line_1_94' title="bbox 2222 3384 3813 3455; baseline 0.009 -17"><span class='ocrx_word' id='word_1_783' title='bbox 2222 3385 2552 3455; x_wconf 83' lang='lat' dir='ltr'><strong>captabant?</strong></span> <span class='ocrx_word' id='word_1_784' title='bbox 2578 3384 2687 3440; x_wconf 88' lang='lat' dir='ltr'><strong>Cur</strong></span> <span class='ocrx_word' id='word_1_785' title='bbox 2734 3396 2910 3441; x_wconf 91' lang='lat' dir='ltr'><strong>autem</strong></span> <span class='ocrx_word' id='word_1_786' title='bbox 2953 3389 3104 3443; x_wconf 89' lang='lat' dir='ltr'><strong>multi</strong></span> <span class='ocrx_word' id='word_1_787' title='bbox 3135 3400 3337 3446; x_wconf 81' lang='lat' dir='ltr'><strong>rectam</strong></span> <span class='ocrx_word' id='word_1_788' title='bbox 3368 3392 3436 3448; x_wconf 84' lang='lat' dir='ltr'><strong>de</strong></span> <span class='ocrx_word' id='word_1_789' title='bbox 3465 3394 3559 3448; x_wconf 89' lang='lat' dir='ltr'><strong>illo</strong></span> <span class='ocrx_word' id='word_1_790' title='bbox 3589 3397 3813 3452; x_wconf 82' lang='lat' dir='ltr'><strong>senten-</strong></span> 
     </span>
    </p>
   </div>
   <div class='ocr_carea' id='block_1_95' title="bbox 2224 3476 3810 3550">
    <p class='ocr_par' dir='ltr' id='par_1_95' title="bbox 2224 3476 3810 3550">
     <span class='ocr_line' id='line_1_95' title="bbox 2224 3476 3810 3550; baseline 0.01 -21"><span class='ocrx_word' id='word_1_791' title='bbox 2224 3477 2348 3530; x_wconf 89' lang='lat' dir='ltr'><strong>tiam</strong></span> <span class='ocrx_word' id='word_1_792' title='bbox 2389 3476 2683 3532; x_wconf 81' lang='lat' dir='ltr'><strong>ferebant?</strong></span> <span class='ocrx_word' id='word_1_793' title='bbox 2720 3477 2908 3534; x_wconf 84' lang='lat' dir='ltr'><strong>Nonne</strong></span> <span class='ocrx_word' id='word_1_794' title='bbox 2937 3480 3058 3550; x_wconf 85' lang='lat' dir='ltr'><strong>quia</strong></span> <span class='ocrx_word' id='word_1_795' title='bbox 3098 3479 3199 3536; x_wconf 88' lang='lat' dir='ltr'><strong>hoc</strong></span> <span class='ocrx_word' id='word_1_796' title='bbox 3229 3482 3422 3537; x_wconf 89' lang='lat' dir='ltr'><strong>morbo</strong></span> <span class='ocrx_word' id='word_1_797' title='bbox 3456 3500 3562 3539; x_wconf 87' lang='lat' dir='ltr'><strong>non</strong></span> <span class='ocrx_word' id='word_1_798' title='bbox 3595 3487 3810 3545; x_wconf 81' lang='lat' dir='ltr'><strong>detine-</strong></span> 
     </span>
    </p>
   </div>
   <div class='ocr_carea' id='block_1_96' title="bbox 2221 3567 3808 3648">
    <p class='ocr_par' dir='ltr' id='par_1_96' title="bbox 2221 3567 3808 3648">
     <span class='ocr_line' id='line_1_96' title="bbox 2221 3567 3808 3648; baseline 0.01 -28"><span class='ocrx_word' id='word_1_799' title='bbox 2221 3567 2413 3622; x_wconf 88' lang='lat' dir='ltr'><strong>bantur</strong></span> <span class='ocrx_word' id='word_1_800' title='bbox 2437 3568 2460 3620; x_wconf 87' lang='lat'><strong>?</strong></span> <span class='ocrx_word' id='word_1_801' title='bbox 2489 3568 2630 3623; x_wconf 89' lang='lat' dir='ltr'><strong>Nihil</strong></span> <span class='ocrx_word' id='word_1_802' title='bbox 2659 3569 2801 3624; x_wconf 92' lang='lat' dir='ltr'><strong>enim</strong></span> <span class='ocrx_word' id='word_1_803' title='bbox 2826 3611 2840 3634; x_wconf 93' lang='lat'><strong>,</strong></span> <span class='ocrx_word' id='word_1_804' title='bbox 2866 3571 2998 3624; x_wconf 89' lang='lat' dir='ltr'><strong>nihil</strong></span> <span class='ocrx_word' id='word_1_805' title='bbox 3023 3582 3170 3626; x_wconf 89' lang='lat' dir='ltr'><strong>certe</strong></span> <span class='ocrx_word' id='word_1_806' title='bbox 3191 3572 3438 3630; x_wconf 86' lang='lat' dir='ltr'><strong>homines</strong></span> <span class='ocrx_word' id='word_1_807' title='bbox 3464 3577 3543 3631; x_wconf 88' lang='lat' dir='ltr'><strong>sic</strong></span> <span class='ocrx_word' id='word_1_808' title='bbox 3569 3578 3808 3648; x_wconf 87' lang='lat' dir='ltr'><strong>iniquos,</strong></span> 
     </span>
    </p>
   </div>
   <div class='ocr_carea' id='block_1_97' title="bbox 2223 3659 3804 3730">
    <p class='ocr_par' dir='ltr' id='par_1_97' title="bbox 2223 3659 3804 3730">
     <span class='ocr_line' id='line_1_97' title="bbox 2223 3659 3804 3730; baseline 0.009 -20"><span class='ocrx_word' id='word_1_809' title='bbox 2223 3660 2301 3711; x_wconf 89' lang='lat' dir='ltr'><strong>sic</strong></span> <span class='ocrx_word' id='word_1_810' title='bbox 2333 3660 2525 3713; x_wconf 88' lang='lat' dir='ltr'><strong>stultos</strong></span> <span class='ocrx_word' id='word_1_811' title='bbox 2552 3659 2739 3725; x_wconf 79' lang='lat' dir='ltr'><strong>efficit,</strong></span> <span class='ocrx_word' id='word_1_812' title='bbox 2762 3675 2921 3728; x_wconf 90' lang='lat' dir='ltr'><strong>quam</strong></span> <span class='ocrx_word' id='word_1_813' title='bbox 2945 3662 3085 3730; x_wconf 88' lang='lat' dir='ltr'><strong>quod</strong></span> <span class='ocrx_word' id='word_1_814' title='bbox 3109 3659 3173 3716; x_wconf 86' lang='lat' dir='ltr'><strong>ad</strong></span> <span class='ocrx_word' id='word_1_815' title='bbox 3205 3665 3495 3720; x_wconf 88' lang='lat' dir='ltr'><strong>multorum</strong></span> <span class='ocrx_word' id='word_1_816' title='bbox 3525 3669 3804 3726; x_wconf 77' lang='lat' dir='ltr'><strong>exisuma-</strong></span> 
     </span>
    </p>
   </div>
   <div class='ocr_carea' id='block_1_98' title="bbox 2226 3734 3804 3823">
    <p class='ocr_par' dir='ltr' id='par_1_98' title="bbox 2226 3734 3804 3823">
     <span class='ocr_line' id='line_1_98' title="bbox 2226 3734 3804 3823; baseline 0.007 -20"><span class='ocrx_word' id='word_1_817' title='bbox 2226 3751 2420 3805; x_wconf 88' lang='lat' dir='ltr'><strong>tionem</strong></span> <span class='ocrx_word' id='word_1_818' title='bbox 2453 3734 2694 3814; x_wconf 74' lang='lat' dir='ltr'><strong>inhient;</strong></span> <span class='ocrx_word' id='word_1_819' title='bbox 2718 3751 2848 3805; x_wconf 82' lang='lat' dir='ltr'><strong>nihil</strong></span> <span class='ocrx_word' id='word_1_820' title='bbox 2878 3752 2948 3806; x_wconf 85' lang='lat' dir='ltr'><strong>ita</strong></span> <span class='ocrx_word' id='word_1_821' title='bbox 2975 3752 3228 3821; x_wconf 86' lang='lat' dir='ltr'><strong>probatos</strong></span> <span class='ocrx_word' id='word_1_822' title='bbox 3249 3764 3408 3823; x_wconf 86' lang='lat' dir='ltr'><strong>atque</strong></span> <span class='ocrx_word' id='word_1_823' title='bbox 3425 3757 3804 3815; x_wconf 82' lang='lat' dir='ltr'><strong>adamantinos</strong></span> 
     </span>
    </p>
   </div>
   <div class='ocr_carea' id='block_1_99' title="bbox 2220 3839 3814 3928">
    <p class='ocr_par' dir='ltr' id='par_1_99' title="bbox 2220 3839 3814 3928">
     <span class='ocr_line' id='line_1_99' title="bbox 2220 3839 3814 3928; baseline 0.008 -34"><span class='ocrx_word' id='word_1_824' title='bbox 2220 3839 2413 3902; x_wconf 87' lang='lat' dir='ltr'><strong>reddit,</strong></span> <span class='ocrx_word' id='word_1_825' title='bbox 2448 3848 2506 3893; x_wconf 90' lang='lat' dir='ltr'><strong>ut</strong></span> <span class='ocrx_word' id='word_1_826' title='bbox 2535 3840 2724 3894; x_wconf 87' lang='lat' dir='ltr'><strong>famam</strong></span> <span class='ocrx_word' id='word_1_827' title='bbox 2742 3841 3043 3910; x_wconf 88' lang='lat' dir='ltr'><strong>despicere.</strong></span> <span class='ocrx_word' id='word_1_828' title='bbox 3067 3842 3244 3910; x_wconf 82' lang='lat' dir='ltr'><strong>Quare</strong></span> <span class='ocrx_word' id='word_1_829' title='bbox 3271 3844 3562 3928; x_wconf 71' lang='lat' dir='ltr'><strong>fortissimo</strong></span> <span class='ocrx_word' id='word_1_830' title='bbox 3581 3851 3814 3922; x_wconf 86' lang='lat' dir='ltr'><strong>quisque</strong></span> 
     </span>
    </p>
   </div>
   <div class='ocr_carea' id='block_1_100' title="bbox 2220 3931 3806 4007">
    <p class='ocr_par' dir='ltr' id='par_1_100' title="bbox 2220 3931 3806 4007">
     <span class='ocr_line' id='line_1_100' title="bbox 2220 3931 3806 4007; baseline 0.01 -24"><span class='ocrx_word' id='word_1_831' title='bbox 2220 3945 2354 3999; x_wconf 88' lang='lat' dir='ltr'><strong>opus</strong></span> <span class='ocrx_word' id='word_1_832' title='bbox 2384 3931 2543 3985; x_wconf 88' lang='lat' dir='ltr'><strong>habet</strong></span> <span class='ocrx_word' id='word_1_833' title='bbox 2567 3931 2749 3986; x_wconf 89' lang='lat' dir='ltr'><strong>animo</strong></span> <span class='ocrx_word' id='word_1_834' title='bbox 2773 3973 2788 3995; x_wconf 94' lang='lat'><strong>,</strong></span> <span class='ocrx_word' id='word_1_835' title='bbox 2820 3941 2879 3985; x_wconf 92' lang='lat' dir='ltr'><strong>ut</strong></span> <span class='ocrx_word' id='word_1_836' title='bbox 2905 3931 3064 4002; x_wconf 85' lang='lat' dir='ltr'><strong>hujus</strong></span> <span class='ocrx_word' id='word_1_837' title='bbox 3085 3937 3232 3990; x_wconf 80' lang='lat' dir='ltr'><strong>venti</strong></span> <span class='ocrx_word' id='word_1_838' title='bbox 3258 3937 3475 4007; x_wconf 90' lang='lat' dir='ltr'><strong>impetui</strong></span> <span class='ocrx_word' id='word_1_839' title='bbox 3504 3949 3557 3994; x_wconf 87' lang='lat' dir='ltr'><strong>et</strong></span> <span class='ocrx_word' id='word_1_840' title='bbox 3584 3942 3637 3996; x_wconf 88' lang='lat' dir='ltr'><strong>vi</strong></span> <span class='ocrx_word' id='word_1_841' title='bbox 3668 3945 3806 3999; x_wconf 88' lang='lat' dir='ltr'><strong>resi-</strong></span> 
     </span>
    </p>
   </div>
   <div class='ocr_carea' id='block_1_101' title="bbox 2220 4022 3807 4098">
    <p class='ocr_par' dir='ltr' id='par_1_101' title="bbox 2220 4022 3807 4098">
     <span class='ocr_line' id='line_1_101' title="bbox 2220 4022 3807 4098; baseline 0.008 -23"><span class='ocrx_word' id='word_1_842' title='bbox 2220 4036 2360 4078; x_wconf 87' lang='lat' dir='ltr'><strong>stere</strong></span> <span class='ocrx_word' id='word_1_843' title='bbox 2386 4023 2570 4092; x_wconf 70' lang='lat' dir='ltr'><strong>possit.</strong></span> <span class='ocrx_word' id='word_1_844' title='bbox 2600 4022 2729 4077; x_wconf 89' lang='lat' dir='ltr'><strong>Nam</strong></span> <span class='ocrx_word' id='word_1_845' title='bbox 2758 4023 2971 4094; x_wconf 89' lang='lat' dir='ltr'><strong>quando</strong></span> <span class='ocrx_word' id='word_1_846' title='bbox 2992 4038 3248 4093; x_wconf 89' lang='lat' dir='ltr'><strong>prospere</strong></span> <span class='ocrx_word' id='word_1_847' title='bbox 3271 4042 3384 4082; x_wconf 90' lang='lat' dir='ltr'><strong>rem</strong></span> <span class='ocrx_word' id='word_1_848' title='bbox 3398 4030 3526 4098; x_wconf 87' lang='lat' dir='ltr'><strong>agit,</strong></span> <span class='ocrx_word' id='word_1_849' title='bbox 3555 4033 3807 4088; x_wconf 83' lang='lat' dir='ltr'><strong>omnibus</strong></span> 
     </span>
    </p>
   </div>
   <div class='ocr_carea' id='block_1_102' title="bbox 2220 4114 3804 4190">
    <p class='ocr_par' dir='ltr' id='par_1_102' title="bbox 2220 4114 3804 4190">
     <span class='ocr_line' id='line_1_102' title="bbox 2220 4114 3804 4190; baseline 0.007 -22"><span class='ocrx_word' id='word_1_850' title='bbox 2220 4128 2277 4168; x_wconf 90' lang='lat' dir='ltr'><strong>se</strong></span> <span class='ocrx_word' id='word_1_851' title='bbox 2305 4114 2577 4182; x_wconf 90' lang='lat' dir='ltr'><strong>anteponit</strong></span> <span class='ocrx_word' id='word_1_852' title='bbox 2607 4129 2622 4177; x_wconf 85' lang='lat'><strong>;</strong></span> <span class='ocrx_word' id='word_1_853' title='bbox 2662 4127 2783 4168; x_wconf 89' lang='lat' dir='ltr'><strong>cum</strong></span> <span class='ocrx_word' id='word_1_854' title='bbox 2814 4114 3079 4169; x_wconf 85' lang='lat' dir='ltr'><strong>contraria</strong></span> <span class='ocrx_word' id='word_1_855' title='bbox 3108 4116 3359 4170; x_wconf 86' lang='lat' dir='ltr'><strong>accidunt</strong></span> <span class='ocrx_word' id='word_1_856' title='bbox 3384 4160 3400 4183; x_wconf 94' lang='lat'><strong>,</strong></span> <span class='ocrx_word' id='word_1_857' title='bbox 3429 4120 3668 4190; x_wconf 79' lang='lat' dir='ltr'><strong>seipsum</strong></span> <span class='ocrx_word' id='word_1_858' title='bbox 3693 4125 3804 4178; x_wconf 65' lang='lat' dir='ltr'><strong>sui.</strong></span> 
     </span>
    </p>
   </div>
   <div class='ocr_carea' id='block_1_103' title="bbox 2219 4204 3802 4286">
    <p class='ocr_par' dir='ltr' id='par_1_103' title="bbox 2219 4204 3802 4286">
     <span class='ocr_line' id='line_1_103' title="bbox 2219 4204 3802 4286; baseline 0.009 -28"><span class='ocrx_word' id='word_1_859' title='bbox 2219 4204 2398 4260; x_wconf 88' lang='lat' dir='ltr'><strong>fodere</strong></span> <span class='ocrx_word' id='word_1_860' title='bbox 2425 4205 2571 4274; x_wconf 90' lang='lat' dir='ltr'><strong>cupit</strong></span> <span class='ocrx_word' id='word_1_861' title='bbox 2597 4221 2611 4269; x_wconf 93' lang='lat'><strong>;</strong></span> <span class='ocrx_word' id='word_1_862' title='bbox 2644 4212 2697 4258; x_wconf 90' lang='lat' dir='ltr'><strong>et</strong></span> <span class='ocrx_word' id='word_1_863' title='bbox 2720 4204 2820 4259; x_wconf 87' lang='lat' dir='ltr'><strong>hoc</strong></span> <span class='ocrx_word' id='word_1_864' title='bbox 2850 4205 2948 4274; x_wconf 87' lang='lat' dir='ltr'><strong>ipsi</strong></span> <span class='ocrx_word' id='word_1_865' title='bbox 2978 4215 3032 4260; x_wconf 92' lang='lat' dir='ltr'><strong>et</strong></span> <span class='ocrx_word' id='word_1_866' title='bbox 3047 4207 3291 4276; x_wconf 85' lang='lat' dir='ltr'><strong>gehenna</strong></span> <span class='ocrx_word' id='word_1_867' title='bbox 3321 4209 3480 4265; x_wconf 90' lang='lat' dir='ltr'><strong>simul</strong></span> <span class='ocrx_word' id='word_1_868' title='bbox 3501 4221 3556 4268; x_wconf 91' lang='lat' dir='ltr'><strong>et</strong></span> <span class='ocrx_word' id='word_1_869' title='bbox 3577 4229 3802 4286; x_wconf 80' lang='lat' dir='ltr'><strong>regnum</strong></span> 
     </span>
    </p>
   </div>
   <div class='ocr_carea' id='block_1_104' title="bbox 2221 4296 3298 4361">
    <p class='ocr_par' dir='ltr' id='par_1_104' title="bbox 2221 4296 3298 4361">
     <span class='ocr_line' id='line_1_104' title="bbox 2221 4296 3298 4361; baseline 0.002 -9"><span class='ocrx_word' id='word_1_870' title='bbox 2221 4306 2324 4361; x_wconf 86' lang='lat' dir='ltr'><strong>est,</strong></span> <span class='ocrx_word' id='word_1_871' title='bbox 2357 4312 2478 4351; x_wconf 90' lang='lat' dir='ltr'><strong>cum</strong></span> <span class='ocrx_word' id='word_1_872' title='bbox 2508 4296 2610 4351; x_wconf 90' lang='lat' dir='ltr'><strong>hoc</strong></span> <span class='ocrx_word' id='word_1_873' title='bbox 2629 4297 2790 4351; x_wconf 92' lang='lat' dir='ltr'><strong>animi</strong></span> <span class='ocrx_word' id='word_1_874' title='bbox 2819 4297 3005 4352; x_wconf 83' lang='lat' dir='ltr'><strong>morbo</strong></span> <span class='ocrx_word' id='word_1_875' title='bbox 3035 4298 3298 4356; x_wconf 87' lang='lat' dir='ltr'><strong>obruitur.</strong></span> 
     </span>
    </p>
   </div>
   <div class='ocr_carea' id='block_1_105' title="bbox 2288 4387 3802 4469">
    <p class='ocr_par' dir='ltr' id='par_1_105' title="bbox 2288 4387 3802 4469">
     <span class='ocr_line' id='line_1_105' title="bbox 2288 4387 3802 4469; baseline 0.009 -28"><span class='ocrx_word' id='word_1_876' title='bbox 2288 4388 2341 4441; x_wconf 84' lang='lat'><strong>5.</strong></span> <span class='ocrx_word' id='word_1_877' title='bbox 2374 4387 2636 4452; x_wconf 73' lang='lat' dir='ltr'><strong>Hunccine,</strong></span> <span class='ocrx_word' id='word_1_878' title='bbox 2663 4401 2862 4456; x_wconf 67' lang='lat' dir='ltr'><strong>quaeso,</strong></span> <span class='ocrx_word' id='word_1_879' title='bbox 2897 4387 3087 4443; x_wconf 87' lang='lat' dir='ltr'><strong>invidia</strong></span> <span class='ocrx_word' id='word_1_880' title='bbox 3123 4389 3280 4461; x_wconf 82' lang='lat' dir='ltr'><strong>digna</strong></span> <span class='ocrx_word' id='word_1_881' title='bbox 3307 4394 3467 4450; x_wconf 73' lang='lat' dir='ltr'><strong>sunt?</strong></span> <span class='ocrx_word' id='word_1_882' title='bbox 3491 4400 3674 4454; x_wconf 87' lang='lat' dir='ltr'><strong>nonne</strong></span> <span class='ocrx_word' id='word_1_883' title='bbox 3703 4413 3802 4469; x_wconf 84' lang='lat' dir='ltr'><strong>pu-</strong></span> 
     </span>
    </p>
   </div>
   <div class='ocr_carea' id='block_1_106' title="bbox 2219 4477 3802 4560">
    <p class='ocr_par' dir='ltr' id='par_1_106' title="bbox 2219 4477 3802 4560">
     <span class='ocr_line' id='line_1_106' title="bbox 2219 4477 3802 4560; baseline 0.009 -29"><span class='ocrx_word' id='word_1_884' title='bbox 2219 4479 2323 4532; x_wconf 89' lang='lat' dir='ltr'><strong>tius</strong></span> <span class='ocrx_word' id='word_1_885' title='bbox 2361 4477 2570 4532; x_wconf 91' lang='lat' dir='ltr'><strong>fletibus</strong></span> <span class='ocrx_word' id='word_1_886' title='bbox 2603 4493 2664 4532; x_wconf 92' lang='lat' dir='ltr'><strong>ac</strong></span> <span class='ocrx_word' id='word_1_887' title='bbox 2707 4478 2992 4548; x_wconf 79' lang='lat' dir='ltr'><strong>laerymis?</strong></span> <span class='ocrx_word' id='word_1_888' title='bbox 3027 4479 3220 4552; x_wconf 83' lang='lat' dir='ltr'><strong>Uiique</strong></span> <span class='ocrx_word' id='word_1_889' title='bbox 3253 4483 3304 4538; x_wconf 93' lang='lat' dir='ltr'><strong>id</strong></span> <span class='ocrx_word' id='word_1_890' title='bbox 3335 4487 3584 4544; x_wconf 86' lang='lat' dir='ltr'><strong>omnibus</strong></span> <span class='ocrx_word' id='word_1_891' title='bbox 3628 4493 3802 4560; x_wconf 85' lang='lat' dir='ltr'><strong>palam</strong></span> 
     </span>
    </p>
   </div>
   <div class='ocr_carea' id='block_1_107' title="bbox 2217 4569 3804 4648">
    <p class='ocr_par' dir='ltr' id='par_1_107' title="bbox 2217 4569 3804 4648">
     <span class='ocr_line' id='line_1_107' title="bbox 2217 4569 3804 4648; baseline 0.011 -24"><span class='ocrx_word' id='word_1_892' title='bbox 2217 4579 2315 4624; x_wconf 87' lang='lat' dir='ltr'><strong>est.</strong></span> <span class='ocrx_word' id='word_1_893' title='bbox 2351 4569 2430 4624; x_wconf 88' lang='lat' dir='ltr'><strong>Tu</strong></span> <span class='ocrx_word' id='word_1_894' title='bbox 2459 4585 2586 4624; x_wconf 91' lang='lat' dir='ltr'><strong>vero</strong></span> <span class='ocrx_word' id='word_1_895' title='bbox 2611 4569 2836 4639; x_wconf 90' lang='lat' dir='ltr'><strong>idipsum</strong></span> <span class='ocrx_word' id='word_1_896' title='bbox 2861 4571 3008 4631; x_wconf 86' lang='lat' dir='ltr'><strong>facis.</strong></span> <span class='ocrx_word' id='word_1_897' title='bbox 3042 4588 3162 4629; x_wconf 90' lang='lat' dir='ltr'><strong>cum</strong></span> <span class='ocrx_word' id='word_1_898' title='bbox 3194 4577 3249 4630; x_wconf 84' lang='lat' dir='ltr'><strong>ei</strong></span> <span class='ocrx_word' id='word_1_899' title='bbox 3273 4577 3361 4648; x_wconf 89' lang='lat' dir='ltr'><strong>qui</strong></span> <span class='ocrx_word' id='word_1_900' title='bbox 3384 4579 3462 4634; x_wconf 88' lang='lat' dir='ltr'><strong>sic</strong></span> <span class='ocrx_word' id='word_1_901' title='bbox 3497 4581 3804 4642; x_wconf 86' lang='lat' dir='ltr'><strong>celebratur</strong></span> 
     </span>
    </p>
   </div>
   <div class='ocr_carea' id='block_1_108' title="bbox 2217 4660 3803 4733">
    <p class='ocr_par' dir='ltr' id='par_1_108' title="bbox 2217 4660 3803 4733">
     <span class='ocr_line' id='line_1_108' title="bbox 2217 4660 3803 4733; baseline 0.012 -18"><span class='ocrx_word' id='word_1_902' title='bbox 2217 4660 2444 4725; x_wconf 85' lang='lat' dir='ltr'><strong>invides,</strong></span> <span class='ocrx_word' id='word_1_903' title='bbox 2469 4676 2529 4716; x_wconf 85' lang='lat' dir='ltr'><strong>ae</strong></span> <span class='ocrx_word' id='word_1_904' title='bbox 2559 4662 2602 4716; x_wconf 86' lang='lat' dir='ltr'><strong>si</strong></span> <span class='ocrx_word' id='word_1_905' title='bbox 2643 4663 2762 4730; x_wconf 87' lang='lat' dir='ltr'><strong>quis</strong></span> <span class='ocrx_word' id='word_1_906' title='bbox 2793 4665 3057 4720; x_wconf 86' lang='lat' dir='ltr'><strong>hominem</strong></span> <span class='ocrx_word' id='word_1_907' title='bbox 3092 4667 3280 4722; x_wconf 75' lang='lat' dir='ltr'><strong>videns</strong></span> <span class='ocrx_word' id='word_1_908' title='bbox 3319 4669 3551 4727; x_wconf 77' lang='lat' dir='ltr'><strong>vinctum</strong></span> <span class='ocrx_word' id='word_1_909' title='bbox 3599 4692 3664 4730; x_wconf 76' lang='lat' dir='ltr'><strong>ac</strong></span> <span class='ocrx_word' id='word_1_910' title='bbox 3702 4678 3803 4733; x_wconf 81' lang='lat' dir='ltr'><strong>lia-</strong></span> 
     </span>
    </p>
   </div>
   <div class='ocr_carea' id='block_1_109' title="bbox 2216 4752 3803 4834">
    <p class='ocr_par' dir='ltr' id='par_1_109' title="bbox 2216 4752 3803 4834">
     <span class='ocr_line' id='line_1_109' title="bbox 2216 4752 3803 4834; baseline 0.009 -27"><span class='ocrx_word' id='word_1_911' title='bbox 2216 4752 2368 4821; x_wconf 83' lang='lat' dir='ltr'><strong>gellis</strong></span> <span class='ocrx_word' id='word_1_912' title='bbox 2393 4766 2603 4817; x_wconf 72' lang='lat' dir='ltr'><strong>ctesum,</strong></span> <span class='ocrx_word' id='word_1_913' title='bbox 2637 4754 2704 4807; x_wconf 88' lang='lat' dir='ltr'><strong>ah</strong></span> <span class='ocrx_word' id='word_1_914' title='bbox 2738 4753 3134 4827; x_wconf 84' lang='lat' dir='ltr'><strong>innumerisque</strong></span> <span class='ocrx_word' id='word_1_915' title='bbox 3171 4758 3300 4815; x_wconf 88' lang='lat' dir='ltr'><strong>feris</strong></span> <span class='ocrx_word' id='word_1_916' title='bbox 3328 4771 3615 4834; x_wconf 87' lang='lat' dir='ltr'><strong>raptatum,</strong></span> <span class='ocrx_word' id='word_1_917' title='bbox 3661 4768 3803 4822; x_wconf 82' lang='lat' dir='ltr'><strong>invi-</strong></span> 
     </span>
    </p>
   </div>
   <div class='ocr_carea' id='block_1_110' title="bbox 2216 4839 3801 4926">
    <p class='ocr_par' dir='ltr' id='par_1_110' title="bbox 2216 4839 3801 4926">
     <span class='ocr_line' id='line_1_110' title="bbox 2216 4839 3801 4926; baseline 0.012 -29"><span class='ocrx_word' id='word_1_918' title='bbox 2216 4847 2366 4898; x_wconf 85' lang='lat' dir='ltr'><strong>deret</strong></span> <span class='ocrx_word' id='word_1_919' title='bbox 2395 4839 2560 4913; x_wconf 71' lang='lat' dir='ltr'><strong>ipsius</strong></span> <span class='ocrx_word' id='word_1_920' title='bbox 2587 4845 2754 4916; x_wconf 72' lang='lat' dir='ltr'><strong>plagis</strong></span> <span class='ocrx_word' id='word_1_921' title='bbox 2792 4855 2847 4901; x_wconf 89' lang='lat' dir='ltr'><strong>et</strong></span> <span class='ocrx_word' id='word_1_922' title='bbox 2880 4849 3204 4926; x_wconf 88' lang='lat' dir='ltr'><strong>vulneribus.</strong></span> <span class='ocrx_word' id='word_1_923' title='bbox 3235 4851 3366 4908; x_wconf 87' lang='lat' dir='ltr'><strong>Nam</strong></span> <span class='ocrx_word' id='word_1_924' title='bbox 3395 4867 3524 4925; x_wconf 89' lang='lat' dir='ltr'><strong>quot</strong></span> <span class='ocrx_word' id='word_1_925' title='bbox 3557 4857 3801 4916; x_wconf 84' lang='lat' dir='ltr'><strong>homines</strong></span> 
     </span>
    </p>
   </div>
   <div class='ocr_carea' id='block_1_111' title="bbox 2217 4936 3798 5011">
    <p class='ocr_par' dir='ltr' id='par_1_111' title="bbox 2217 4936 3798 5011">
     <span class='ocr_line' id='line_1_111' title="bbox 2217 4936 3798 5011; baseline 0.012 -22"><span class='ocrx_word' id='word_1_926' title='bbox 2217 4936 2268 4990; x_wconf 89' lang='lat' dir='ltr'><strong>in</strong></span> <span class='ocrx_word' id='word_1_927' title='bbox 2301 4937 2492 5005; x_wconf 88' lang='lat' dir='ltr'><strong>populo</strong></span> <span class='ocrx_word' id='word_1_928' title='bbox 2521 4946 2662 5004; x_wconf 83' lang='lat' dir='ltr'><strong>sunt,</strong></span> <span class='ocrx_word' id='word_1_929' title='bbox 2707 4945 2784 4991; x_wconf 88' lang='lat' dir='ltr'><strong>tot</strong></span> <span class='ocrx_word' id='word_1_930' title='bbox 2812 4938 2967 4994; x_wconf 90' lang='lat' dir='ltr'><strong>habet</strong></span> <span class='ocrx_word' id='word_1_931' title='bbox 3007 4941 3094 4996; x_wconf 89' lang='lat' dir='ltr'><strong>hic</strong></span> <span class='ocrx_word' id='word_1_932' title='bbox 3125 4941 3350 5011; x_wconf 80' lang='lat' dir='ltr'><strong>vincula,</strong></span> <span class='ocrx_word' id='word_1_933' title='bbox 3388 4956 3464 5002; x_wconf 88' lang='lat' dir='ltr'><strong>tot</strong></span> <span class='ocrx_word' id='word_1_934' title='bbox 3502 4948 3753 5007; x_wconf 89' lang='lat' dir='ltr'><strong>dominos</strong></span> <span class='ocrx_word' id='word_1_935' title='bbox 3774 4960 3798 5008; x_wconf 84' lang='lat'><strong>&#39;:</strong></span> 
     </span>
    </p>
   </div>
   <div class='ocr_carea' id='block_1_112' title="bbox 2214 5028 3792 5109">
    <p class='ocr_par' dir='ltr' id='par_1_112' title="bbox 2214 5028 3792 5109">
     <span class='ocr_line' id='line_1_112' title="bbox 2214 5028 3792 5109; baseline 0.012 -28"><span class='ocrx_word' id='word_1_936' title='bbox 2214 5028 2460 5098; x_wconf 90' lang='lat' dir='ltr'><strong>quodque</strong></span> <span class='ocrx_word' id='word_1_937' title='bbox 2485 5033 2696 5097; x_wconf 86' lang='lat' dir='ltr'><strong>gravius</strong></span> <span class='ocrx_word' id='word_1_938' title='bbox 2719 5038 2822 5095; x_wconf 84' lang='lat' dir='ltr'><strong>est,</strong></span> <span class='ocrx_word' id='word_1_939' title='bbox 2852 5029 3076 5087; x_wconf 78' lang='lat' dir='ltr'><strong>diversa:</strong></span> <span class='ocrx_word' id='word_1_940' title='bbox 3097 5040 3220 5090; x_wconf 86' lang='lat' dir='ltr'><strong>sunt</strong></span> <span class='ocrx_word' id='word_1_941' title='bbox 3245 5037 3467 5106; x_wconf 85' lang='lat' dir='ltr'><strong>singulis</strong></span> <span class='ocrx_word' id='word_1_942' title='bbox 3492 5045 3792 5109; x_wconf 68' lang='lat' dir='ltr'><strong>sementim,</strong></span> 
     </span>
    </p>
   </div>
   <div class='ocr_carea' id='block_1_113' title="bbox 2213 5123 3800 5193">
    <p class='ocr_par' dir='ltr' id='par_1_113' title="bbox 2213 5123 3800 5193">
     <span class='ocr_line' id='line_1_113' title="bbox 2213 5123 3800 5193; baseline 0.009 -16"><span class='ocrx_word' id='word_1_943' title='bbox 2213 5132 2268 5177; x_wconf 91' lang='lat' dir='ltr'><strong>et</strong></span> <span class='ocrx_word' id='word_1_944' title='bbox 2291 5138 2406 5192; x_wconf 72' lang='lat' dir='ltr'><strong>qua:</strong></span> <span class='ocrx_word' id='word_1_945' title='bbox 2427 5123 2591 5178; x_wconf 86' lang='lat' dir='ltr'><strong>menti</strong></span> <span class='ocrx_word' id='word_1_946' title='bbox 2623 5136 2935 5179; x_wconf 89' lang='lat' dir='ltr'><strong>succurrunt</strong></span> <span class='ocrx_word' id='word_1_947' title='bbox 2960 5125 3025 5180; x_wconf 90' lang='lat' dir='ltr'><strong>de</strong></span> <span class='ocrx_word' id='word_1_948' title='bbox 3047 5128 3401 5186; x_wconf 89' lang='lat' dir='ltr'><strong>servientibus</strong></span> <span class='ocrx_word' id='word_1_949' title='bbox 3428 5133 3528 5188; x_wconf 89' lang='lat' dir='ltr'><strong>sibi</strong></span> <span class='ocrx_word' id='word_1_950' title='bbox 3559 5145 3800 5193; x_wconf 86' lang='lat' dir='ltr'><strong>statuunt</strong></span> 
     </span>
    </p>
   </div>
   <div class='ocr_carea' id='block_1_114' title="bbox 2214 5213 3794 5288">
    <p class='ocr_par' dir='ltr' id='par_1_114' title="bbox 2214 5213 3794 5288">
     <span class='ocr_line' id='line_1_114' title="bbox 2214 5213 3794 5288; baseline 0.009 -21"><span class='ocrx_word' id='word_1_951' title='bbox 2214 5228 2419 5279; x_wconf 91' lang='lat' dir='ltr'><strong>omnes,</strong></span> <span class='ocrx_word' id='word_1_952' title='bbox 2452 5213 2580 5267; x_wconf 90' lang='lat' dir='ltr'><strong>nihil</strong></span> <span class='ocrx_word' id='word_1_953' title='bbox 2606 5215 2992 5282; x_wconf 86' lang='lat' dir='ltr'><strong>examinantes,</strong></span> <span class='ocrx_word' id='word_1_954' title='bbox 3023 5217 3116 5273; x_wconf 91' lang='lat' dir='ltr'><strong>sed</strong></span> <span class='ocrx_word' id='word_1_955' title='bbox 3151 5235 3269 5288; x_wconf 77' lang='lat' dir='ltr'><strong>qure</strong></span> <span class='ocrx_word' id='word_1_956' title='bbox 3313 5221 3435 5278; x_wconf 88' lang='lat' dir='ltr'><strong>huic</strong></span> <span class='ocrx_word' id='word_1_957' title='bbox 3469 5224 3553 5277; x_wconf 84' lang='lat' dir='ltr'><strong>vel</strong></span> <span class='ocrx_word' id='word_1_958' title='bbox 3587 5226 3662 5279; x_wconf 91' lang='lat' dir='ltr'><strong>illi</strong></span> <span class='ocrx_word' id='word_1_959' title='bbox 3689 5229 3794 5283; x_wconf 85' lang='lat' dir='ltr'><strong>visa</strong></span> 
     </span>
    </p>
   </div>
   <div class='ocr_carea' id='block_1_115' title="bbox 2212 5303 3792 5385">
    <p class='ocr_par' dir='ltr' id='par_1_115' title="bbox 2212 5303 3792 5385">
     <span class='ocr_line' id='line_1_115' title="bbox 2212 5303 3792 5385; baseline 0.009 -28"><span class='ocrx_word' id='word_1_960' title='bbox 2212 5303 2407 5360; x_wconf 85' lang='lat' dir='ltr'><strong>fuerint</strong></span> <span class='ocrx_word' id='word_1_961' title='bbox 2431 5305 2829 5360; x_wconf 81' lang='lat' dir='ltr'><strong>confirmantes.</strong></span> <span class='ocrx_word' id='word_1_962' title='bbox 2860 5307 2984 5361; x_wconf 62' lang='lat' dir='ltr'><strong>Have</strong></span> <span class='ocrx_word' id='word_1_963' title='bbox 3005 5309 3194 5376; x_wconf 85' lang='lat' dir='ltr'><strong>quibus</strong></span> <span class='ocrx_word' id='word_1_964' title='bbox 3222 5309 3491 5376; x_wconf 85' lang='lat' dir='ltr'><strong>ﬂuctibus,</strong></span> <span class='ocrx_word' id='word_1_965' title='bbox 3526 5330 3631 5385; x_wconf 87' lang='lat' dir='ltr'><strong>qua</strong></span> <span class='ocrx_word' id='word_1_966' title='bbox 3661 5325 3792 5371; x_wconf 85' lang='lat' dir='ltr'><strong>tem-</strong></span> 
     </span>
    </p>
   </div>
   <div class='ocr_carea' id='block_1_116' title="bbox 2211 5395 3793 5464">
    <p class='ocr_par' dir='ltr' id='par_1_116' title="bbox 2211 5395 3793 5464">
     <span class='ocr_line' id='line_1_116' title="bbox 2211 5395 3793 5464; baseline 0.009 -17"><span class='ocrx_word' id='word_1_967' title='bbox 2211 5403 2416 5461; x_wconf 75' lang='lat' dir='ltr'><strong>pestate</strong></span> <span class='ocrx_word' id='word_1_968' title='bbox 2445 5395 2685 5464; x_wconf 85' lang='lat' dir='ltr'><strong>graviora</strong></span> <span class='ocrx_word' id='word_1_969' title='bbox 2716 5412 2820 5450; x_wconf 91' lang='lat' dir='ltr'><strong>non</strong></span> <span class='ocrx_word' id='word_1_970' title='bbox 2848 5398 3010 5452; x_wconf 79' lang='lat' dir='ltr'><strong>sunt?</strong></span> <span class='ocrx_word' id='word_1_971' title='bbox 3040 5398 3245 5457; x_wconf 86' lang='lat' dir='ltr'><strong>Etenim</strong></span> <span class='ocrx_word' id='word_1_972' title='bbox 3287 5401 3333 5455; x_wconf 89' lang='lat' dir='ltr'><strong>is</strong></span> <span class='ocrx_word' id='word_1_973' title='bbox 3373 5401 3525 5458; x_wconf 84' lang='lat' dir='ltr'><strong>facile</strong></span> <span class='ocrx_word' id='word_1_974' title='bbox 3564 5409 3740 5461; x_wconf 84' lang='lat' dir='ltr'><strong>statim</strong></span> <span class='ocrx_word' id='word_1_975' title='bbox 3765 5424 3793 5462; x_wconf 85' lang='lat' dir='ltr'><strong>a</strong></span> 
     </span>
    </p>
   </div>
   <div class='ocr_carea' id='block_1_117' title="bbox 2210 5484 3790 5576">
    <p class='ocr_par' dir='ltr' id='par_1_117' title="bbox 2210 5484 3790 5576">
     <span class='ocr_line' id='line_1_117' title="bbox 2210 5484 3790 5576; baseline 0.008 -38"><span class='ocrx_word' id='word_1_976' title='bbox 2210 5485 2481 5576; x_wconf 72' lang='lat' dir='ltr'><strong>voluptate</strong></span> <span class='ocrx_word' id='word_1_977' title='bbox 2521 5484 2751 5547; x_wconf 81' lang='lat' dir='ltr'><strong>inflatur.</strong></span> <span class='ocrx_word' id='word_1_978' title='bbox 2790 5494 2842 5540; x_wconf 90' lang='lat' dir='ltr'><strong>et</strong></span> <span class='ocrx_word' id='word_1_979' title='bbox 2883 5489 3034 5544; x_wconf 90' lang='lat' dir='ltr'><strong>facile</strong></span> <span class='ocrx_word' id='word_1_980' title='bbox 3079 5505 3288 5546; x_wconf 88' lang='lat' dir='ltr'><strong>rursum</strong></span> <span class='ocrx_word' id='word_1_981' title='bbox 3319 5493 3702 5565; x_wconf 85' lang='lat' dir='ltr'><strong>submergitur,</strong></span> <span class='ocrx_word' id='word_1_982' title='bbox 3744 5499 3790 5551; x_wconf 87' lang='lat' dir='ltr'><strong>in</strong></span> 
     </span>
    </p>
   </div>
   <div class='ocr_carea' id='block_1_118' title="bbox 2213 5575 3795 5656">
    <p class='ocr_par' dir='ltr' id='par_1_118' title="bbox 2213 5575 3795 5656">
     <span class='ocr_line' id='line_1_118' title="bbox 2213 5575 3795 5656; baseline 0.009 -30"><span class='ocrx_word' id='word_1_983' title='bbox 2213 5575 2336 5629; x_wconf 72' lang='lat' dir='ltr'><strong>vita:</strong></span> <span class='ocrx_word' id='word_1_984' title='bbox 2362 5575 2772 5645; x_wconf 70' lang='lat' dir='ltr'><strong>inaequabilitate</strong></span> <span class='ocrx_word' id='word_1_985' title='bbox 2801 5592 3031 5645; x_wconf 85' lang='lat' dir='ltr'><strong>semper,</strong></span> <span class='ocrx_word' id='word_1_986' title='bbox 3066 5580 3118 5633; x_wconf 92' lang='lat' dir='ltr'><strong>in</strong></span> <span class='ocrx_word' id='word_1_987' title='bbox 3146 5582 3326 5650; x_wconf 89' lang='lat' dir='ltr'><strong>quiete</strong></span> <span class='ocrx_word' id='word_1_988' title='bbox 3357 5599 3645 5655; x_wconf 82' lang='lat' dir='ltr'><strong>numquam</strong></span> <span class='ocrx_word' id='word_1_989' title='bbox 3681 5602 3795 5656; x_wconf 87' lang='lat' dir='ltr'><strong>per-</strong></span> 
     </span>
    </p>
   </div>
   <div class='ocr_carea' id='block_1_119' title="bbox 2213 5665 3792 5745">
    <p class='ocr_par' dir='ltr' id='par_1_119' title="bbox 2213 5665 3792 5745">
     <span class='ocr_line' id='line_1_119' title="bbox 2213 5665 3792 5745; baseline 0.008 -25"><span class='ocrx_word' id='word_1_990' title='bbox 2213 5676 2378 5721; x_wconf 89' lang='lat' dir='ltr'><strong>stans.</strong></span> <span class='ocrx_word' id='word_1_991' title='bbox 2408 5665 2539 5720; x_wconf 89' lang='lat' dir='ltr'><strong>Nam</strong></span> <span class='ocrx_word' id='word_1_992' title='bbox 2580 5677 2859 5737; x_wconf 81' lang='lat' dir='ltr'><strong>antequam</strong></span> <span class='ocrx_word' id='word_1_993' title='bbox 2893 5670 2944 5722; x_wconf 90' lang='lat' dir='ltr'><strong>in</strong></span> <span class='ocrx_word' id='word_1_994' title='bbox 2984 5671 3255 5726; x_wconf 88' lang='lat' dir='ltr'><strong>concionis</strong></span> <span class='ocrx_word' id='word_1_995' title='bbox 3288 5672 3554 5730; x_wconf 84' lang='lat' dir='ltr'><strong>theatrum</strong></span> <span class='ocrx_word' id='word_1_996' title='bbox 3598 5679 3792 5745; x_wconf 82' lang='lat' dir='ltr'><strong>veniat,</strong></span> 
     </span>
    </p>
   </div>
   <div class='ocr_carea' id='block_1_120' title="bbox 2212 5755 3794 5832">
    <p class='ocr_par' dir='ltr' id='par_1_120' title="bbox 2212 5755 3794 5832">
     <span class='ocr_line' id='line_1_120' title="bbox 2212 5755 3794 5832; baseline 0.008 -23"><span class='ocrx_word' id='word_1_997' title='bbox 2212 5763 2267 5809; x_wconf 92' lang='lat' dir='ltr'><strong>et</strong></span> <span class='ocrx_word' id='word_1_998' title='bbox 2291 5766 2570 5824; x_wconf 89' lang='lat' dir='ltr'><strong>antequam</strong></span> <span class='ocrx_word' id='word_1_999' title='bbox 2593 5755 2910 5810; x_wconf 87' lang='lat' dir='ltr'><strong>laboriosam</strong></span> <span class='ocrx_word' id='word_1_1000' title='bbox 2938 5761 3231 5814; x_wconf 86' lang='lat' dir='ltr'><strong>orationem</strong></span> <span class='ocrx_word' id='word_1_1001' title='bbox 3260 5761 3496 5832; x_wconf 87' lang='lat' dir='ltr'><strong>incipiat,</strong></span> <span class='ocrx_word' id='word_1_1002' title='bbox 3525 5766 3720 5822; x_wconf 75' lang='lat' dir='ltr'><strong>anxius</strong></span> <span class='ocrx_word' id='word_1_1003' title='bbox 3743 5776 3794 5821; x_wconf 86' lang='lat' dir='ltr'><strong>et</strong></span> 
     </span>
    </p>
   </div>
   <div class='ocr_carea' id='block_1_121' title="bbox 2214 5847 3792 5916">
    <p class='ocr_par' dir='ltr' id='par_1_121' title="bbox 2214 5847 3792 5916">
     <span class='ocr_line' id='line_1_121' title="bbox 2214 5847 3792 5916; baseline 0.011 -18"><span class='ocrx_word' id='word_1_1004' title='bbox 2214 5857 2446 5902; x_wconf 75' lang='lat' dir='ltr'><strong>tremens</strong></span> <span class='ocrx_word' id='word_1_1005' title='bbox 2465 5855 2579 5911; x_wconf 89' lang='lat' dir='ltr'><strong>est;</strong></span> <span class='ocrx_word' id='word_1_1006' title='bbox 2608 5855 2728 5916; x_wconf 91' lang='lat' dir='ltr'><strong>post</strong></span> <span class='ocrx_word' id='word_1_1007' title='bbox 2751 5847 2984 5912; x_wconf 86' lang='lat' dir='ltr'><strong>solutum</strong></span> <span class='ocrx_word' id='word_1_1008' title='bbox 3014 5865 3141 5908; x_wconf 83' lang='lat' dir='ltr'><strong>vero</strong></span> <span class='ocrx_word' id='word_1_1009' title='bbox 3163 5851 3429 5909; x_wconf 78' lang='lat' dir='ltr'><strong>theatrum</strong></span> <span class='ocrx_word' id='word_1_1010' title='bbox 3456 5855 3538 5912; x_wconf 84' lang='lat' dir='ltr'><strong>vel</strong></span> <span class='ocrx_word' id='word_1_1011' title='bbox 3565 5871 3792 5914; x_wconf 69' lang='lat' dir='ltr'><strong>merere</strong></span> 
     </span>
    </p>
   </div>
  </div>
