4080 6508
307 468 415 526 663

305 585 491 656 moly.
521 584 602 636 ὅτι
635 579 931 653 πονηρὸνή
969 578 1266 651 βασκανία;
1310 580 1523 648 Ἀγνοεῖ
1559 581 1658 650 μὲν
1687 581 1878 644 οὑδείς·
1915 582 1978 634 οὑ

308 668 414 737 μὴν
445 665 542 736 τὴν
567 659 736 729 αὑτὴν
756 664 896 735 ,περί
917 661 1175 734 πορνείας
1196 663 1287 714 καὶ
1319 663 1567 732 μοιχείας
1596 662 1778 732 ἔχουσι
1801 663 1976 729 δόξαν,

304 749 400 802 καὶ
428 749 554 817 περὶ
583 746 676 799 τοῦ
707 746 910 810 πάθους
946 745 1157 798 τούτου.
1182 745 1322 798 Πότε
1347 746 1478 813 γοῦν
1509 745 1702 799 ἐαυτοῦ
1738 763 1820 810 τις
1847 764 1979 800 κατ-

301 832 446 900 έγνω
475 829 686 902 πικρῶς
715 829 1019 902 βασκήνας;
1057 828 1188 881 πότε
1226 829 1356 881 Θεόν
1391 825 1624 898 ἠξίωσεν
1671 827 1812 900 ὑπὲρ
1857 828 1980 882 τού-

300 895 397 967 του
434 912 526 966 τοῦ
562 895 1060 984 νοσήματος,“ῶστε
1089 911 1343 980 γενέσθαι
1371 895 1519 984 αὑτῷ
1547 913 1741 977 ἶλεων;
1780 895 1978 976 Ὀὐδεὶς

299 996 576 1051 οὐδέποτε
614 996 729 1049 ἀλλ’
758 997 806 1048 εἰ
834 995 1121 1064 νηττεύσει
1147 995 1188 1026 ⁸⁸
1217 996 1312 1047 καὶ
1341 995 1533 1065 πένητι
1559 995 1634 1066 δῷ
1662 996 1856 1066 μικρὸν
1881 997 1979 1065 ἀρ·-

301 1075 512 1146 γύριον,
567 1078 672 1131 κᾶν
717 1075 978 1147 μυριάκις
1025 1071 1380 1146 βάσκανοςῇ,
1434 1075 1587 1129 οὐδὲν
1627 1076 1842 1146 ἡγεῖται
1892 1090 1981 1127 πε-

300 1161 588 1230 ποιηκέναι
621 1159 814 1222 δεινὸν,
851 1158 928 1229 τῷ
967 1158 1185 1211 πάντων
1240 1157 1566 1228 μιαρωτέρῳ
1615 1158 1978 1226 κατεχόμενος

300 1244 486 1298 πάθει.
532 1241 704 1296 Πόθεν
742 1240 873 1309 γοῦν
903 1243 932 1294 6
978 1241 1119 1294 Κάῖν
1161 1239 1402 1304 τοιοῦτος
1447 1241 1698 1307 ἐγένετο;
1739 1238 1904 1292 πόθεν
1951 1239 1980 1289 ό

309 1325 512 1388 Ἡσαῦς
555 1325 719 1377 πόθεν
748 1326 798 1376 οἰ
825 1323 919 1377 τοῦ
949 1322 1136 1377 Λάϐαν
1173 1323 1391 1389 παῖδεςς
1425 1322 1589 1375 πόθεν
1634 1324 1684 1374 οί
1722 1321 1816 1374 τοῦ
1877 1321 1982 1372 ἰα-

297 1408 418 1462 κὼϐ
443 1407 549 1461 υἰοί
568 1426 583 1475 ;
606 1408 770 1461 πόθεν
795 1409 844 1460 οἰ
880 1403 1007 1477 περὶ
1026 1407 1172 1478 Κορέ
1206 1407 1299 1460 καὶ
1334 1407 1512 1463 Δαθάν
1551 1408 1646 1460 καὶ
1681 1401 1976 1475 Ἀ.ϐειρὼν;

298 1491 464 1544 πόθεν
493 1491 720 1561 Μαρίας
762 1489 924 1542 πόθεν
983 1488 1223 1560 Ἀαρών;
1263 1489 1428 1543 πόθεν
1457 1489 1618 1553 αὑτὸς
1643 1492 1672 1543 6
1702 1488 1976 1554 διάϐολος;

367 1609 431 1662 δ’.
452 1608 606 1662 Μετὰ
630 1606 836 1661 τούτων
853 1607 1072 1659 κάκεῖνο
1091 1606 1284 1670 ἐννόει,
1313 1606 1393 1659 ὅτι
1412 1606 1472 1658 οὑ
1495 1605 1586 1659 τὸν
1615 1603 1979 1675 φθονούμενον

293 1690 523 1754 ἀδικεῖς,
554 1689 691 1743 ἀλλά
720 1688 861 1741 κατά
890 1688 1089 1742 σαυτοῦ
1118 1687 1179 1742 τὸ
1219 1689 1371 1756 ξίφος
1412 1688 1594 1752 ὠθεῖς.
1645 1689 1708 1740 Τί
1747 1689 1854 1758 γὰρ
1887 1686 1979 1740 τὸν

298 1772 470 1825 Ἀϐελ
494 1772 751 1841 ἠδίκησεν
773 1773 801 1824 6
823 1770 963 1823 Κάῖν
987 1786 1000 1834 ;
1023 1770 1135 1825 Οὐκ
1151 1771 1359 1823 ἐκεῖνον
1382 1771 1480 1839 μέν
1501 1772 1543 1802 η
1565 1771 1861 1843 ταχύτερον
1884 1770 1980 1824 καὶ

294 1855 446 1910 ἄκων
471 1857 552 1918 εἰς
587 1852 864 1924 βασιλείαν
889 1851 1273 1922 παρέπεμψεν,
1297 1854 1489 1906 ἐαυτὸν
1512 1852 1568 1906 δέ
1593 1853 1810 1924 μυρίοις
1833 1869 1983 1923 περι·

295 1938 484 2009 έπειρε
518 1938 728 1998 κακοῖς.
764 1937 830 1989 Τί
875 1934 966 1988 τὸν
1007 1935 1200 1989 Ἰακὼϐ
1246 1936 1528 2007 ἔϐλαψενό
1566 1936 1773 2002 Ἦσαῦ;
1803 1935 1924 2005 οὑχ).
1954 1938 1982 1990 6

297 2021 398 2090 μὲν
421 2017 672 2073 ἐπλούτει
715 2019 809 2072 καὶ
858 2018 1066 2090 μυρίων
1092 2019 1364 2073 ἀπέλαυεν
1392 2020 1437 2052 ¹⁸
1461 2019 1704 2088 ἀγαθῶν,
1729 2019 1892 2081 αὑτὸς
1925 2018 1982 2071 δέ

293 2102 391 2154 καὶ
442 2101 544 2171 τῆς
596 2100 856 2173 πατρῴας
909 2101 1085 2163 οἰκίας
1135 2101 1411 2166 ἐξέπιπτε,
1465 2102 1559 2154 καὶ
1606 2103 1664 2153 ἐν
1723 2101 1981 2171 ἀλλοτρίᾳ

293 2184 568 2238 ἐπλανᾶτο
602 2184 738 2254 μετά
767 2183 866 2253 τὴν
907 2181 1200 2254 ἐπιϐουλὴν
1241 2183 1491 2254 ἐκείνην;
1522 2183 1671 2237 Τίδέ
1711 2185 1761 2237 οἰ
1793 2184 1982 2248 παῖδες

292 2266 481 2320 τούτου
520 2267 610 2320 τὸν
637 2267 681 2298 ⁸⁸
726 2265 921 2337 Ἰωσὴφ
963 2264 1228 2336 ἐποίησαν
1257 2268 1426 2339 χείρω
1452 2268 1518 2326 ⁸⁸.
1551 2267 1648 2320 καὶ
1678 2267 1851 2321 ταῦτα
1880 2268 1979 2338 μέ-

291 2365 415 2421 χρις
442 2349 674 2420 αἵματος
700 2348 984 2414 ἐλθόντες;
1031 2347 1328 2420 1442]οὑχὶ
1368 2345 1512 2406 οὗτοι
1548 2353 1648 2418 μὲν
1685 2353 1778 2405 καὶ
1824 2352 1980 2422 λιμὸν

293 2432 594 2504 ὑπέμειναν
618 2433 713 2486 καί
746 2433 874 2502 περὶ
906 2431 1016 2486 τῶν
1061 2435 1306 2503 ἐσχάτων
1341 2433 1741 2498 ἐκινδύνευσαν,
1774 2437 1981 2500 ἐκεῖνος

290 2516 349 2569 δὲ
385 2514 638 2585 βασιλεὺς
672 2514 864 2582 γέγονε
908 2515 1008 2583 τῆς
1056 2515 1334 2583 Αἰγύπτου
1382 2517 1638 2587 ἀπάσης;
1674 2520 1822 2588 Ὀσῳ
1871 2518 1981 2589 γὰρ

290 2597 360 2650 ἂν
400 2596 618 2667 φθονῇς,
646 2593 885 2665 τοσούτῳ
911 2596 1032 2666 γίνῃ
1073 2597 1114 2627 ⁸⁸
1153 2597 1412 2666 μειζόνων
1451 2599 1709 2669 πρόξενος
1761 2601 1980 2668 ἀγαθῶν

288 2679 372 2750 τῷ
402 2677 766 2748 φθονουμένῳ.
800 2677 932 2742 Θεὸς
957 2680 1065 2749 γάρ
1093 2680 1239 2732 ἐστιν
1278 2681 1307 2732 6
1337 2680 1510 2734 ταῦτα
1545 2681 1587 2713 ⁸⁷
1613 2681 1850 2752 ἐφορῶνο
1885 2684 1981 2735 καὶ

288 2762 420 2817 ὃταν
468 2763 553 2833 ἰδῃ
597 2761 687 2813 τὸν
730 2762 884 2815 οὑδέν
933 2762 1224 2815 ἀδικοῦντα
1267 2763 1641 2833 ἀδικούμενον,
1687 2765 1850 2817 αὑτὸν
1881 2766 1980 2833 μὲν

290 2846 512 2914 ἐπαίρει
540 2843 740 2914 μᾶλλον
768 2845 862 2898 καὶ
886 2847 1031 2897 ποιεῖ
1055 2844 1308 2916 λαμπρὸν
1339 2845 1532 2915 ταύτῃ.
1567 2847 1625 2898 σέ
1653 2845 1710 2897 δέ
1739 2846 1976 2907 κολάζει.

289 2930 355 2982 ΕΞ
382 2928 490 2998 γὰρ
525 2929 654 2990 τοὺς
681 2928 1044 2996 ἐφηδομένους
1070 2929 1182 2989 τοῖς
1217 2925 1430 2996 ἐχθροῖς
1469 2928 1568 2979 ούκ
1596 2927 1820 2997 ἀφίησιν
1863 2927 1983 2978 ἀτιο

292 3010 510 3082 μωρητὶ
545 3008 855 3079 παρελθεῖν,
877 3008 974 3076 Μὴ
1003 3009 1105 3062 ἐπί
1107 3025 1276 3076 χαιρε
1307 3012 1437 3079 γὰρ,
1469 3009 1656 3078 φησὶν,
1685 3009 1783 3061 ἐπί
1823 3009 1976 3061 πτώ-

281 3111 426 3164 ματι
455 3091 685 3161 ἐχθρῶν
719 3107 858 3155 σου,
883 3092 968 3160 μή
1016 3109 1161 3146 ποτε
1215 3093 1314 3159 ιδῃ
1360 3095 1391 3145 ό
1446 3091 1609 3156 Θεὸς,
1641 3093 1739 3144 καί
1783 3095 1855 3146 οὺ
1887 3093 1974 3160 μὴ

288 3175 483 3244 ἀρέσῃ
531 3173 724 3239 αὐτῷ·
778 3174 957 3244 πολλῷ
1010 3169 1207 3245 μᾶλλον
1258 3175 1385 3236 τοὺς
1439 3173 1823 3243 βασκαίνοντας
1867 3177 1980 3239 τοῖς

288 3259 442 3313 οὐδὲν
495 3259 831 3329 ἠδικηκόσιν.
879 3258 1234 3327 Ἐκκόψωμεν
1275 3255 1453 3309 τοίνυν
1496 3257 1556 3308 τὸ
1609 3257 1982 3326 πολυκέφαλον

289 3341 501 3414 θηρίον.
528 3345 637 3398 Kal
671 3343 778 3412 γὰρ
809 3342 979 3396 πολλά
1005 3342 1071 3394 τὰ
1102 3341 1215 3410 εῖδη
1246 3343 1343 3410 τῆς
1371 3339 1686 3409 βασκανίας.
1724 3341 1790 3394 Εἰ
1817 3342 1926 3412 γὰρ
1951 3341 1982 3393 6

286 3426 385 3478 τὸν
425 3426 683 3497 φιλοῦντα
725 3424 958 3493 ἀγαπῶν
1001 3424 1162 3477 οὑδέν
1206 3423 1366 3477 πλέον
1397 3422 1511 3492 ἔχει
1550 3420 1925 3489 τοῦτελώνου,
1952 3425 1983 3478 6

287 3510 384 3561 τὸν
414 3509 563 3580 οὑδέν
601 3498 892 3561 ἀδικοῦντα
931 3507 1103 3577 μισῶν
1143 3505 1244 3558 ποῦ
1298 3506 1594 3575 στήσεταις
1642 3503 1760 3566 πῶς
1795 3505 1850 3558 δὲ
1887 3509 1980 3558 ἐκ·

289 3591 550 3660 φεύξεται
595 3591 692 3660 τὴν
725 3593 971 3658 γέενναν,
1002 3589 1109 3642 τῶν
1142 3587 1371 3640 ἐθνικῶν
1408 3587 1606 3656 χείρων
1654 3583 1936 3656 γινόμενος
1965 3605 1979 3652 ;

289 3674 386 3726 Διὸ
426 3673 518 3730 καὶ
556 3673 762 3742 σφόδρα
799 3670 1088 3738 ὀδυνῶμαι,
1121 3670 1204 3721 ὅτι
1237 3669 1285 3720 οἰ
1314 3668 1440 3730 τοὺς
1465 3667 1751 3734 ἀγγέλους,
1782 3670 1983 3736 μᾶλλον

289 3757 350 3810 δὲ
381 3757 424 3787 ⁸⁸
453 3755 561 3808 τῶν
585 3755 833 3822 ἀγγέλων
867 3753 959 3805 τὸν
989 3752 1268 3820 Δεσπότην
1299 3747 1582 3820 μιμεῖσθαι
1616 3749 1980 3819 κελευόμενοι,

289 3839 386 3890 τὸν
415 3837 658 3890 διάϐολον
689 3835 979 3905 ζηλοῦμεν.
1012 3834 1121 3887 Kal
1135 3833 1244 3903 γὰρ
1270 3831 1436 3899 πολλὴ
1463 3832 1556 3882 καὶ
1575 3831 1631 3881 ἐν
1649 3833 1714 3899 τῇ
1758 3832 1984 3903 Ἐκκληο

294 3921 390 3990 σία
420 3922 453 3989 ή
485 3918 752 3987 βασκανία
770 3930 788 3949 δ
821 3917 1021 3988 μᾶλλον
1045 3916 1102 3968 δέ
1135 3916 1179 3946 ¹⁹
1207 3916 1264 3966 ἐν
1291 3915 1423 3984 ἡμῖν
1449 3914 1480 3983 ἢ
1519 3917 1576 3966 ἐν
1599 3917 1712 3976 τοῖς
1740 3916 1983 3985 ἀρχομέ-

290 4019 425 4064 νοις.
455 4001 545 4058 Διὸ
567 4001 662 4053 καὶ
685 4001 818 4069 ⁴ἡμῖν
860 3999 1043 4060 αὑτοῖς
1085 3996 1417 4050 διαλεκτέον.
1450 3994 1605 4057 Τίνος
1636 3995 1745 4065 γὰρ
1773 3995 1980 4057 ἐνεκεν,

293 4085 418 4138 εἰπέ
449 4102 560 4155 μοι,
586 4083 899 4154 βασκαίνεις
922 4081 1000 4150 τῷ
1022 4080 1280 4150 πλησίον;
1313 4079 1434 4130 Ὅτι
1455 4078 1621 4147 τιμῆς
1643 4076 1984 4130 ἀπολαύοντα

296 4169 512 4238 βλέπεις
541 4169 634 4220 καὶ
668 4165 920 4237 χρηστῶν
956 4164 1256 4235 pupa-mw;
1288 4157 1423 4214 Εἶτα
1457 4161 1558 4214 οὑκ
1586 4162 1982 4230 ἐννοεῖς-πόσον

293 4252 521 4321 φέρουσι
546 4249 716 4303 κακὸν
744 4249 798 4302 αἰ
830 4247 989 4317 τιμαὶ
1015 4249 1126 4308 τοῖς
1158 4243 1234 4315 μὴ
1267 4242 1664 4314 προσέχουσιν;
1714 4245 1792 4306 εἰς
1832 4260 1985 4295 κενο-

291 4333 473 4398 δοξίαν
525 4333 798 4404 αῖρουσαι,
849 4332 927 4392 εἰς
969 4329 1166 4397 τῦφον,
1221 4328 1301 4390 εἰς
1353 4327 1633 4387 ἀπόνοιαν,
1685 4327 1764 4388 εἰς
1816 4325 1984 4395 ὑπερο

292 4417 477 4486 οψίαν.
532 4415 939 4488 ρᾳθυμοτέρους
982 4409 1265 4466 ποιοῦσαι·
1316 4410 1407 4460 καὶ
1454 4409 1592 4478 μετά
1633 4408 1835 4460 τούτων
1876 4407 1984 4459 τῶν

294 4499 483 4552 κακῶν
504 4499 599 4552 καὶ
629 4497 978 4569 μαραίνονται
1016 4494 1232 4565 ῥᾳδίως.
1258 4492 1330 4545 Τὸ
1360 4491 1467 4559 γάρ
1497 4491 1560 4558 δὴ
1603 4489 1984 4560 χαλεπώτατον

292 4582 476 4645 τοῦτο,
504 4583 585 4635 ὅτι
623 4581 690 4634 τά
722 4580 820 4650 μὲν
863 4579 922 4643 ἐξ
956 4577 1123 4631 αὐτοῦ
1169 4577 1213 4607 ¹⁹
1260 4577 1406 4629 κακά
1439 4573 1684 4627 ἀθάνατα
1731 4574 1910 4643 μένειο
1949 4578 1981 4645 ἡ

293 4660 541 4736 δέῆδονὴ
575 4663 712 4735 ὁμοῦ
759 4680 818 4716 τε
872 4662 1048 4731 ἐφάνη
1100 4661 1195 4714 καὶ
1237 4660 1480 4730 ἀπέπτη.
1530 4659 1628 4711 Διά
1674 4658 1845 4712 ταῦτα
1893 4653 1985 4712 οῦν

298 4749 651 4819 βασκαίνεις;
706 4746 828 4799 εἰπέ
885 4762 994 4816 μοι.
1056 4743 1193 4796 Ἀλλ’
1237 4742 1482 4806 ἐξουσίαν
1536 4741 1648 4811 ἔχει
1702 4740 1853 4811 παρὰ
1907 4741 1985 4809 τῷ

297 4818 588 4901 κρατοῦντι
624 4829 845 4900 πολλὴν,
872 4828 966 4881 καὶ
998 4818 1120 4895 ἀγει
1151 4825 1244 4879 καὶ
1278 4824 1431 4895 φέρει
1463 4825 1638 4877 πάντα
1673 4823 1981 4886 ὕπομθέλει,

298 4915 394 4967 καὶ
419 4915 546 4976 τοὺς
580 4911 1018 4984 προσκρούοντας
1054 4911 1232 4975 λυπεῖ,
1287 4909 1382 4962 καὶ
1423 4909 1552 4974 τοὺς
1593 4905 1986 4968 κολακεύοντας

281 4998 596 5068 εὐεργετεῖ,
624 4996 720 5049 καὶ
761 4994 961 5064 πολλὴν
994 4994 1105 5063 ἔχει
1147 4993 1394 5062 δύναμιν.
1430 4991 1708 5044 Βιωτικῶν
1735 4991 1777 5021 ¹¹
1813 4987 1987 5041 ταῦτα

297 5080 370 5133 τὰ
413 5081 652 5150 ῥήματα,
689 5079 782 5130 καὶ
819 5077 928 5131 τῶν
955 5081 1020 5148 τῇ
1080 5079 1148 5148 γῇ
1199 5077 1639 5146 προσηλωμένων
1685 5073 1986 5142 ἀνθρώπων

299 5163 438 5217 ἐστί.
472 5163 576 5216 Τὸν
619 5161 728 5232 γὰρ
777 5161 1144 5230 πνευματικὸν
1190 5160 1342 5213 ούδέν
1397 5158 1638 5228 λυπῆσαι
1678 5158 1982 5227 δυνήσεται.

301 5247 384 5301 Τι’
429 5246 539 5318 γάρ
581 5245 738 5315 αὑτῷ
787 5247 834 5279 ¹¹
879 5246 1173 5316 ἐργάσεται
1237 5244 1453 5309 δεινόν;
1514 5241 1987 5312 ἀποχειροτονήσει

299 5328 402 5398 τῆς
457 5327 651 5393 ἀξίας;
703 5329 813 5380 Kal
865 5329 916 5381 τί
976 5329 1166 5394 τοῦτο;
1200 5329 1295 5381 Ἂν
1336 5329 1432 5399 μὲν
1471 5328 1580 5399 γὰρ
1621 5326 1860 5387 δικαίως,
1894 5325 1988 5376 καὶ

299 5409 592 5479 ὠφελεῖται
612 5427 626 5441 ο
654 5411 807 5464 οὐδὲν
837 5412 944 5480 γὰρ
968 5413 1110 5465 οὑτω
1136 5413 1424 5485 παροξύνει
1459 5413 1611 5474 Θεὸν,
1643 5412 1719 5474 ὡς
1763 5410 1824 5462 τὸ
1858 5408 1987 5477 παρ’

1396 461 1466 520 IN
1504 460 1928 519 MATTHEUK
1966 458 2201 518 "OEL.
2241 459 2357 515 XL.
2395 461 2467 517 al.
2510 459 2647 516 XLI.

3676 457 3787 515 Mi

2089 579 2314 640 ἐκεῖνον,
2344 577 2445 630 οὑκ
2474 577 2570 629 ἐπὶ
2601 575 2790 628 τοῦτον
2819 577 2992 646 χωρεῖ
3011 590 3023 604 ·
3058 573 3086 628 6
3119 574 3228 647 γὰρ
3255 573 3457 641 ἀδίκως
3485 591 3540 630 τι
3571 574 3792 632 παθὼν.-

2088 661 2183 713 κσὶ
2212 659 2474 728 γενναίως
2505 658 2765 726 ἐνεγκὼν,
2797 659 3020 711 πλείονα
3058 656 3229 727 ταύτῃ
3273 659 3471 712 κτᾶται
3519 656 3656 729 πρὸς
3692 657 3784 710 τὸν

2087 744 2220 797 Θεὸν
2245 742 2343 812 τὴν
2370 741 2704 813 παρρησίαν.
2739 742 2831 813 Μὴ
2871 741 3050 794 τοίνυν
3085 739 3247 794 τοῦτο
3277 747 3590 812 σκοπῶμεν,
3632 743 3783 804 ὅπως

2087 820 2237 894 ὦμεν
2277 826 2335 877 ἐν
2384 822 2746 886 δυναστείαις,
2791 823 2887 876 καὶ
2932 823 2989 874 ἐν
3031 824 3234 891 τιμαῖς,
3277 824 3371 876 καὶ
3399 825 3456 875 ἐν
3490 821 3781 886 ἐξουσίαις,

2086 909 2204 962 ἀλλ’
2231 909 2381 970 ὅπως
2411 901 2560 978 ὦμεν
2593 909 2652 959 ἐν
2675 907 2842 977 ἀρετῇ
2892 907 2986 960 καὶ
3031 906 3337 978 φιλοσοφίᾳ.
3387 907 3476 968 Ὠς
3509 906 3570 958 αἴ
3601 923 3665 973 γε
3697 906 3787 970 ἐξ·

2087 991 2263 1045 ουσίαι
2294 990 2462 1044 πολλά
2486 990 2595 1043 τῶν
2621 990 2700 1061 τῷ
2725 990 2844 1060 Θεῷ
2875 989 2951 1061 μὴ
2977 989 3279 1043 δοκούντων
3305 993 3479 1042 ποιεῖν
3509 989 3779 1051 πείθουσι,

2089 1078 2180 1129 καὶ
2215 1076 2420 1146 σφόδρα
2463 1075 2715 1144 νεανικῆς
2765 1073 2846 1126 δεῖ
2889 1072 3089 1142 ψυχῆς,
3136 1072 3277 1125 ὥστε
3321 1075 3385 1142 τῇ
3440 1069 3660 1140 ἐξουσίᾳ
3702 1072 3780 1133 εἰς

2087 1158 2204 1212 δέον
2234 1157 2561 1229 χρήσασθαι.
2598 1157 2656 1209 '0
2694 1156 2791 1226 μὲν
2822 1155 2936 1225 γὰρ
2968 1153 3414 1225 ἀπεστερημένος
3462 1154 3650 1224 αὑτῆς,
3685 1151 3781 1206 καὶ

2087 1238 2229 1294 ἐκὼν
2259 1239 2352 1293 καὶ
2389 1240 2537 1293 ἀκων
2563 1237 2873 1306 φιλοσοφεῖ·
2906 1238 2934 1288 6
2965 1236 3021 1289 δὲ
3055 1235 3345 1289 ἀπολαύων
3385 1236 3577 1306 αὐτῆς,
3605 1235 3745 1288 τοιοῖ
3758 1263 3784 1274 -

2093 1325 2176 1377 τόν
2202 1340 2254 1376 τι
2288 1323 2509 1392 πάσχει,
2536 1315 2646 1374 οἷον
2685 1321 2750 1374 ἂν
2779 1320 2832 1372 εῖ
2857 1336 2944 1382 τις
2978 1318 3116 1391 κόρῃ
3161 1318 3425 1372 συνοικῶν
3453 1318 3650 1371 εὑειδεῖ
3686 1319 3780 1370 καὶ

2087 1407 2247 1476 καλῇ.
2301 1405 2500 1473 νόμους
2546 1403 2756 1468 δέξαιτο
2801 1400 2953 1474 [M3]
3013 1401 3281 1472 μηδέποτε
3326 1403 3406 1464 είς
3443 1400 3611 1471 αὑτὴν
3651 1402 3794 1454 ἰδεῖν

2085 1488 2418 1549 ἀκολάστως.
2470 1486 2721 1539 Τοιοῦτον
2754 1485 2932 1555 γάρὴ
2980 1483 3219 1549 ἐξουσία.
3274 1485 3365 1536 Διὸ
3417 1483 3646 1547 πολλοὺς
3685 1485 3782 1536 καὶ

2087 1571 2318 1633 ἄκοντας
2349 1571 2430 1633 εἰς
2462 1569 2523 1622 τὸ
2552 1568 2794 1639 ὑϐρίζειν
2827 1565 3072 1627 ἐνέϐαλε,
3113 1568 3205 1619 καὶ
3242 1566 3409 1636 θυμὸν
3449 1568 3655 1636 ἤγειρε,
3685 1568 3781 1618 καὶ

2086 1653 2298 1724 χαλινὸν
2333 1651 2578 1722 γλώττης
2608 1649 2816 1719 ἀφεῖλε,
2847 1650 2940 1702 καὶ
2967 1649 3138 1718 θύραν
3177 1648 3450 1702 ἀνέσπασε
3491 1649 3778 1717 στόματος,

2085 1737 2276 1805 ῶσπερ
2299 1736 2405 1787 ὑπὸ
2431 1734 2736 1803 πνεύματος
2765 1731 2862 1803 τὴν
2885 1731 3062 1802 ψυχὴν
3085 1729 3539 1804 ἀναρριπίζουσα,
3573 1732 3665 1784 καὶ
3699 1733 3780 1792 εἰς

2086 1815 2177 1872 τὸν
2206 1819 2431 1886 ἔσχατον
2463 1815 2572 1868 τῶν
2612 1814 2799 1868 κακῶν
2833 1813 2994 1884 βυθὸν
3040 1813 3512 1876 καταποντίζουσα
3545 1812 3603 1866 τὸ
3643 1821 3779 1866 σκάρ-

2087 1917 2204 1968 φος.
2235 1899 2338 1953 Τὸν
2375 1895 2468 1953 οὗν
2493 1899 2541 1930 ⁸³
2570 1900 2627 1950 ἐν
2655 1898 2895 1966 τοσούτῳ
2922 1896 3151 1966 κινδύνῳ
3184 1896 3506 1966 Θαυμάξεις,
3553 1897 3646 1948 καὶ
3681 1895 3782 1965 ζη-

2084 1980 2252 2035 λωτὸν
2285 1977 2423 2036 εἰναι
2473 1979 2613 2052 φῄς;
2655 1981 2751 2032 καὶ
2797 1980 2968 2050 πόσης
3009 1978 3183 2032 ταῦτα
3232 1979 3453 2045 ἀνοίας;
3494 1979 3779 2048 Ἐννόησον

2084 2063 2213 2132 γοῦν
2241 2064 2380 2135 μετὰ
2405 2063 2516 2117 τῶν
2545 2063 2868 2134 εἰρημένων,
2897 2061 3098 2124 πόσους
3124 2062 3352 2133 ἐχθροὺς
3396 2063 3491 2114 xal
3539 2061 3778 2132 κατηγό‹

2090 2165 2234 2220 ρους,
2270 2148 2470 2210 πόσους
2509 2147 2567 2199 δέ
2613 2147 2853 2208 κόλακας
2879 2138 3035 2209 οὗτος
3079 2145 3192 2215 ἔχει
3221 2144 3641 2218 πολιορκοῦντας
3675 2147 3778 2199 αὐ-

2085 2232 2195 2286 τόν.
2219 2230 2384 2283 Ταῦτ’
2406 2225 2517 2292 οὖν,
2543 2228 2665 2281 εἰπέ
2701 2244 2814 2298 μοι,
2843 2227 3208 2298 μακαρισμῶν
3240 2227 3401 2293 ἀξιας
3442 2226 3554 2280 Kal
3590 2226 3675 2289 τίς
3710 2227 3779 2280 ἀν

2084 2313 2244 2366 τοῦτο
2267 2312 2411 2365 είποι
2433 2329 2447 2374 ς
2485 2310 2647 2364 Ἀλλά
2671 2310 2821 2380 παρὰ
2858 2310 2936 2380 τῷ
2957 2309 3092 2380 λαῷ,
3117 2308 3302 2380 φησὶν,
3331 2309 3626 2380 εὐδοκιμεῖ.
3666 2309 3784 2361 Καὶ

2084 2395 2137 2448 τί
2177 2394 2370 2461 τοῦτο;
2412 2393 2486 2446 Οὑ
2531 2394 2641 2464 γὰρ
2667 2393 2733 2460 δὴ
2774 2394 2802 2445 6
2832 2394 2958 2456 λαός
2988 2395 3132 2446 ἐστιν
3156 2394 3184 2446 6
3210 2392 3362 2458 Θεὸς,
3386 2386 3430 2459 ᾧ
3451 2391 3635 2463 μέλλει
3674 2393 3779 2455 τάς

2085 2478 2313 2541 εὐθύνας
2333 2479 2746 2547 ὑπέχειν.Ὢστε
2767 2479 2895 2530 ὅταν
2912 2477 3038 2530 λαὸν
3059 2474 3242 2547 εἴπῃς,
3262 2476 3417 2529 οὐδὲν
3435 2475 3561 2529 ἀλλο
3574 2475 3776 2543 λέγεις,

2085 2559 2118 2630 ἢ
2159 2562 2455 2630 προϐόλους
2493 2561 2737 2630 ἐτέρους.
2773 2560 2866 2612 καὶ
2901 2560 3214 2623 σκοπέλους,
3251 2559 3346 2611 καὶ
3387 2558 3642 2627 ὑφάλους,
3682 2561 3779 2612 καὶ

2087 2642 2367 2706 σπιλάδας.
2395 2642 2468 2695 Τὸ
2492 2642 2599 2711 γὰρ
2631 2631 2938 2712 εὐδοκιμεῖν
2964 2645 3022 2695 ἐν
3052 2643 3228 2712 δήμῳ,
3257 2639 3368 2711 ὅσῳ
3402 2641 3782 2713 λαμπρότερον

2085 2727 2247 2789 ποιεῖ,
2276 2725 2516 2794 τοσούτῳ
2568 2724 2786 2792 μείζους
2824 2725 2937 2794 ἔχει
2976 2724 3104 2786 τοὺς
3147 2723 3447 2789 κινδύνους,
3479 2724 3579 2785 τὰς
3613 2741 3779 2794 φρον-

2082 2808 2270 2870 τίδας,
2326 2808 2424 2870 τὰς
2473 2807 2730 2876 ἀθυμίας.
2787 2807 3154 2860 Ἀναπνεῦσαι
3208 2806 3317 2877 γὰρ
3367 2808 3396 2860 6
3447 2807 3690 2871 τοιοῦτος
3745 2807 3779 2876 ἢ

2086 2890 2279 2957 στῆναι
2313 2892 2373 2941 οὑ
2423 2889 2646 2941 δύναται
2695 2890 2852 2952 ὅλως,
2900 2890 3042 2943 οὕτω
3079 2891 3276 2960 πικρὸν
3323 2891 3462 2961 ἔχων
3490 2892 3780 2962 δεσπότην.

2084 2973 2195 3026 Kal
2220 2974 2275 3024 τί
2297 2972 2440 3039 λέγω
2476 2972 2665 3042 στῆναι
2701 2972 2858 3024 xal"
2888 2972 3260 3038 ἀναπνεῦσαι;
3292 2975 3412 3027 Κάν
3458 2975 3625 3048 μυρία
3653 2992 3783 3028 κατα

2083 3055 2381 3126 ορθώματα
2418 3056 2515 3126 ἔχῃ
2549 3059 2577 3108 6
2617 3056 2880 3118 τοιοῦτος,
2913 3055 3189 3119 δυσκόλως
3234 3059 3312 3119 εἰς
3357 3056 3632 3126 βασιλείαν
3664 3047 3781 3110 510'-

2084 3139 2326 3207 ἔρχεται.
2387 3140 2554 3192 Ούδὲν
2599 3139 2708 3210 γὰρ
2752 3140 2926 3202 οὑτως
2979 3141 3432 3210 ἐκτραχηλιάζειν
3464 3143 3510 3173 ’⁸
3566 3141 3781 3205 εἴωθεν,

2084 3221 2161 3283 ὼς
2182 3223 2214 3291 ἡ
2243 3222 2395 3291 παρὰ
2417 3221 2526 3273 τῶν
2552 3221 2766 3272 πολλῶν
2791 3221 2938 3284 δόξα,
2964 3221 3192 3284 δειλοὺς,
3222 3223 3493 3289 ἀγεννεῖς,
3519 3223 3781 3288 κόλακας,

2084 3303 2388 3372 ὑποκριτὰς
2422 3301 2672 3374 ποιοῦσα.
2709 3303 2866 3364 Τίνος
2906 3301 3037 3370 γοῦν
3062 3303 3252 3361 ,ἕνεκεν
3286 3303 3337 3355 οἰ
3365 3305 3650 3374 Φαρισαῖοι
3689 3303 3783 3356 τὸν

2083 3386 2322 3458 Χριστὸν
2363 3385 2548 3453 ἔλεγον
2597 3385 2897 3456 δαιμονᾷν;
2939 3387 3041 3439 οὑκ
3082 3387 3271 3456 ἐπειδὴ
3325 3387 3428 3453 τῆς
3481 3387 3632 3459 παρά
3671 3388 3784 3441 τῶν

2086 3469 2299 3523 πολλῶν
2332 3469 2643 3539 ἐπεθύμουν
2669 3468 2867 3538 δόξηςς
2897 3468 3074 3543 Πόθεν
3099 3468 3154 3522 δὲ
3185 3470 3234 3521 οί
3265 3469 3450 3522 πολλοί
3484 3469 3582 3540 τὴν
3613 3471 3784 3543 ὀρθὴν

2097 3554 2228 3623 περὶ
2259 3553 2424 3604 αὑτοῦ
2451 3552 2644 3622 ἔφερον
2670 3551 2886 3621 ψῆφον;
2920 3539 3037 3607 Οὐκ
3058 3551 3250 3624 ἐπειδὴ
3288 3552 3464 3623 τούτῳ
3500 3539 3559 3605 οὑ
3595 3539 3784 3607 κατεί-

2084 3651 2242 3706 χοντο
2273 3634 2351 3704 τῷ
2388 3637 2698 3704 νοσήματι;
2737 3634 2903 3686 Ούδὲν
2934 3633 3065 3705 γάρ,
3121 3635 3275 3687 ούδέν
3308 3634 3450 3687 οὕτω
3494 3639 3643 3689 ποιεῖ
3678 3653 3786 3691 πα-

2091 3718 2360 3788 ρανόμους
2409 3717 2505 3769 καὶ
2555 3718 2839 3787 ἀνοήτους,
2889 3716 2964 3778 ὡς
2996 3717 3058 3768 τὸ
3103 3717 3239 3788 πρὸς
3287 3717 3388 3788 τὴν
3416 3719 3526 3770 τῶν
3569 3716 3783 3773 πολλῶν

2085 3801 2377 3870 κεχηνέναι
2425 3798 2620 3863 δόξανο
2657 3799 2810 3852 οῦδὲν
2851 3797 3171 3868 εὐδοκίμους
3224 3799 3319 3852 καὶ
3361 3798 3780 3870 ἀδαμαντίνους,

2085 3881 2161 3942 ὼς
2209 3883 2272 3934 τὸ
2314 3881 2517 3950 ταύτης
2551 3883 2848 3951 ὑπερορᾷν.
2901 3881 2994 3933 Διὸ
3023 3883 3114 3933 καὶ
3159 3883 3366 3950 σφόδρα
3416 3883 3672 3953 νεανικῆς
3702 3884 3787 3937 δεῖ

2084 3963 2264 4033 ψυχῆς
2305 3963 2384 4033 τῷ
2422 3963 2672 4033 μέλλοντι
2703 3963 2842 4034 πρὸς
2879 3963 3148 4032 τοσαύτην
3195 3963 3445 4033 ἀντέχειν
3474 3964 3656 4034 ῥύμην
3691 3968 3784 4019 καὶ

2089 4043 2211 4113 βίαν
2239 4045 2569 4115 πνεύματος.
2605 4044 2710 4097 Kal
2732 4045 2842 4116 γὰρ
2872 4046 3000 4098 ὃταν
3032 4046 3302 4116 εύημερῇ,
3336 4045 3555 4098 πάντων
3586 4047 3782 4101 ἐαυτὸν

2087 4128 2378 4199 προτίθησι
2404 4145 2418 4158 ο
2451 4128 2545 4182 καὶ
2571 4129 2697 4181 ὅταν
2726 4129 2987 4182 τάναντία
3015 4130 3308 4199 ὑπομείνῃ,
3334 4129 3630 4200 κατορύξαι
3658 4131 3784 4183 ἐαυ-

2085 4210 2177 4263 τὸν
2216 4211 2464 4280 βούλεται
2488 4229 2502 4241 ο
2538 4211 2633 4263 καί
2661 4210 2818 4266 τοῦτο
2844 4210 2993 4280 αὐτῷ
3033 4212 3129 4263 καὶ
3159 4211 3356 4280 γέεννα
3384 4212 3479 4265 καὶ
3509 4211 3779 4281 βασιλεία,

2085 4294 2216 4347 ὅταν
2241 4295 2573 4367 ὑποϐρύχιος
2604 4298 2709 4350 ὑπὸ
2739 4297 2833 4351 τοῦ
2865 4297 3072 4362 πάθους
3099 4299 3324 4368 γένηται
3351 4297 3567 4352 τούτου.

2159 4413 2220 4468 ε’.
2250 4414 2434 4470 Ταῦτα
2475 4411 2568 4469 οῦν
2619 4416 2830 4486 φθόνων
2877 4415 3024 4482 ἀξια,
3072 4414 3190 4468 εἰπέ
3247 4432 3334 4484 μοι
3364 4417 3446 4480 “;
3495 4415 3610 4469 ἀλλ’
3659 4417 3785 4488 οὑχὶ

2089 4495 2300 4567 θρήνων
2333 4501 2425 4551 καὶ
2463 4499 2754 4570 δακρύων;
2802 4501 2974 4553 Παντί
3021 4517 3123 4552 που
3167 4499 3345 4568 δῆλον.
3375 4501 3448 4553 Σὺ
3499 4501 3556 4555 δὲ
3584 4500 3783 4555 ταύτὸν

2089 4582 2262 4642 ποιεῖς
2288 4580 2498 4648 φθονῶν
2533 4581 2611 4652 τῷ
2649 4579 2822 4646 οὑτως
2849 4581 3248 4652 εὐδοκιμοῦντι,
3279 4581 3468 4652 ῶσπερ
3514 4581 3580 4636 ἀν
3610 4583 3663 4636 εἰ
3698 4599 3784 4646 τις

2087 4660 2370 4731 δεδεμένον
2421 4663 2544 4716 ἰδὼν
2596 4665 2690 4717 καὶ
2739 4666 3232 4736 μεμαστιγωμένον
3269 4666 3363 4719 καὶ
3425 4665 3529 4720 ὑπὸ
3570 4666 3784 4738 μυρίων

2089 4744 2381 4814 ἑλκόμενον
2409 4746 2637 4819 θηρίων,
2668 4748 2994 4803 ἐϐάσκαινεν
3025 4749 3175 4819 αύτῷ
3198 4749 3310 4801 τῶν
3334 4751 3668 4820 τραυμάτων
3690 4753 3785 4805 καὶ

2093 4827 2393 4898 μαστίγων.
2437 4831 2546 4884 Kal
2580 4831 2690 4902 γὰρ
2728 4833 2886 4894 ὅσους
2932 4831 2999 4885 ἀν
3035 4831 3355 4902 ἀνθρώπους
3400 4834 3428 4884 6
3457 4832 3628 4902 δῆμος
3659 4834 3780 4904 ἔχῃ.

2087 4910 2376 4975 τοσούτους
2415 4915 2511 4966 καὶ
2549 4911 2704 4978 οὗτος
2737 4915 2994 4986 δεσμοὺς,
3031 4917 3320 4978 τοσούτους
3354 4916 3652 4979 δεσπότας’
3688 4919 3784 4970 καὶ

2044 5048 2047 5050 _
2090 4991 2150 5044 τὸ
2177 4992 2240 5062 δὴ
2293 4994 2696 5068 χαλεπώτερον,
2739 4998 2822 5050 ὅτι
2874 4999 2970 5051 xal
3014 4997 3272 5069 διάφορον
3302 4998 3506 5053 τούτων
3550 5000 3784 5065 ἕκαστος

2089 5073 2317 5145 γνώμην
2347 5077 2480 5146 ἔχει,
2517 5081 2612 5132 xal
2649 5081 2717 5132 τά
2749 5081 2972 5134 ἐπιόντα
3015 5082 3145 5152 περὶ
3173 5080 3268 5135 τοῦ
3310 5081 3654 5146 δουλεύοντος
3685 5084 3783 5135 αὑ-

2090 5159 2559 5229 τοῖςψηφίζονται
2598 5163 2820 5227 πάντες,
2849 5164 3005 5217 οὐδὲν
3034 5164 3443 5234 βασανίζοντες,
3487 5165 3602 5218 ἀλλ’
3636 5165 3784 5235 ἅπερ

2093 5241 2158 5295 ἂν
2179 5243 2256 5312 τῷ
2278 5243 2410 5298 δεῖνι
2439 5246 2566 5319 δόξῃ
2601 5248 2696 5300 καὶ
2729 5246 2808 5317 τῷ
2835 5248 2990 5314 δεῖνι,
3024 5247 3199 5302 ταῦτα
3230 5248 3324 5301 καὶ
3362 5249 3518 5302 αὐτοὶ⁵
3552 5247 3785 5318 κυροῦν-

2090 5342 2200 5389 τες.
2236 5327 2411 5380 Ποίων
2443 5324 2536 5383 οὑν
2564 5329 2737 5385 ταῦτα
2779 5331 3062 5401 κυμάτων,
3095 5331 3246 5385 ποίου
3290 5330 3559 5392 κλύδωνος
3587 5334 3648 5384 οὑ
3678 5347 3782 5400 χαο

2089 5408 2375 5482 λεπώτερα
2400 5427 2414 5476 ;
2449 5412 2562 5466 Kal
2592 5414 2700 5486 γὰρ
2723 5413 2820 5466 xal
2846 5417 3085 5483 φυσᾶται
3116 5414 3311 5484 ἀθρόον
3338 5415 3443 5467 ὑπὸ
3461 5417 3559 5484 τῆς
3589 5413 3784 5484 ἡδονῆς

301 5493 460 5560 ἀξίαν
491 5493 770 5567 ἰερᾶσθαι³
805 5495 871 5549 ἂν
907 5494 966 5550 δέ
1000 5495 1220 5560 ἀδίκως,
1274 5496 1334 5549 τὸ
1381 5494 1633 5565 ἔγκλημα
1689 5492 1850 5546 πάλιν
1901 5491 1998 5542 ἐπὶ
2089 5495 2118 5547 6
2149 5495 2411 5560 τοιοῦτος,
2446 5498 2540 5549 καὶ
2577 5498 2898 5569 βαπτίζεται
2926 5500 3090 5553 πάλιν
3125 5499 3383 5564 εύκόλως,
3415 5501 3474 5553 ἐν
3496 5497 3783 5567 ἀνωμαλίᾳ

376 5671 434 5743 “_
451 5670 701 5743 νηστεύει
740 5670 878 5727 Eddo
906 5686 957 5728 et
987 5673 1068 5730 sic

303 5739 542 5798 eLFloi'.
583 5759 639 5812 p.
671 5743 800 5799 245.
820 5743 1056 5797 Ἐκεῖνον
1090 5739 1206 5811 μέν.
1231 5743 1294 5798 C.
1339 5743 1403 5798 D.
1441 5744 1676 5812 Ἐκεῖνον

1102 5691 1183 5742 pr.
1224 5674 1286 5727 E.
1321 5673 1398 5728 De
1429 5667 2288 5742 solmcismo‘dixijnadimam!

2315 5687 2367 5747 ρ.
2392 5665 2706 5747 ξοδ-Ε.-ςη
2746 5675 2858 5728 Οὐκ
2890 5678 3096 5728 ἐκεῖνον
3131 5674 3251 5747 μέν]
3285 5674 3375 5747 Sic
3499 5675 3594 5727 Ge.
3625 5675 3779 5747 A__r_ny.

1709 5739 1981 5816 miri?!

2103 5781 2149 5816 ._
2199 5740 2241 5770 "
2271 5737 2374 5816 ‘S'ic
2401 5741 2551 5816 E_._F.
2580 5741 2725 5816 F101.
2765 5748 2944 5816 εειςὶ
2978 5737 3276 5816 ἀπήλὰυεῦ.
3303 5745 3610 5816 ἀπέλαυσεν
3635 5743 3780 5816 ΕΜ.

309 5813 355 5899 ξς
390 5809 712 5899 τούτρυδηού
735 5812 834 5899 δὸν
864 5815 938 5899 At
1062 5809 1248 5899 (fluxi-1'3
1283 5812 1429 5899 Εἰρε.
1445 5809 1755 5899 faleris;
1795 5809 1981 5899 "Ad;

2096 5809 2394 5899 911.8239“,
2422 5811 2569 5899 “9"-
2603 5814 2850 5899 ..“Tévn
2873 5815 3007 5899 εεὶἀ·
3076 5809 3361 5899 1⁷ταῦξαί
3409 5813 3781 5899 1019.“?!-

306 5881 408 5937 ϐο.
474 5883 530 5954 ,η
568 5879 938 5954 δέλοὸιίηκαί
969 5883 1110 5940 Edd.
1187 5887 1236 5917 ¹⁹’
1271 5884 1366 5954 καί
1395 5883 1594 5953 μᾶλλον
1623 5883 1681 5934 δέ
1716 5879 1774 5933 F.

302 5971 346 6003 ,τ
358 5951 710 6006 nominum—8.
736 5952 862 6007 add.
885 5971 927 6005 π

1868 5829 2170 5894 χειροναι...
2204 5829 2386 5934 χεῖον
2422 5829 2569 5867 rlor.
2651 5829 2693 5844 "
2715 5829 2850 5899 γένῃ
2874 5829 3007 5871 ma.
3091 5829 3130 5849 "
3157 5833 3295 5870 ταυτ

1853 5881 1900 5910 ’θ
1939 5878 2126 5949 αυτου]
2161 5878 2252 5933 διο
2334 5897 2415 5936 or.
2441 5893 2494 5937 et
2517 5884 2676 5938 codd.
2707 5887 2890 5939 αὑτων
2927 5885 3211 5943 Sav.8en.
3255 5889 3298 5920 "

1001 5954 1228 6022 γμάτων
1245 5955 1303 6009 C.
1325 5950 1583 6006 Ne'ulrum
1602 5950 1978 6023 οςιιοεριιημη

2096 5968 2161 6019 >p.
2195 5950 2317 6004 Mox
2355 5952 2658 6023 ἀνθρώπων
2688 5970 2799 6009 om.
2825 5957 2890 6011 Α.
2968 5959 3014 5990 ¹⁹
3045 5960 3208 6013 αὑτόν
3239 5961 3304 6013 Α.

3374 5884 3627 5957 ιωτικῶν]
3652 5883 3780 5950 add.

3383 5997 3394 6008 .
3421 5967 3475 6011 el
3499 5970 3644 6010 εοιτ.
3670 5970 3783 6010 τρε.

302 6007 375 6078 ὐἱ
453 6023 500 6054 ’⁸
537 6022 601 6074 Τί
631 6017 720 6075 οὖν
755 6020 893 6079 Mor.
923 6007 1181 6099 (3063111
1211 6007 1372 6094 igitur
1403 6023 1499 6078 ϐο.
1577 6007 1782 6091 ίδυκαε]
1817 6019 1937 6089 ἦϐ.
1963 6018 2026 6076 1.).
2055 6007 2121 6074 ΕΣ
2196 6023 2243 6054 ’⁵
2282 6007 2797 6093 ἐκτραχηλίζεινῖτ.
2825 6007 2912 6062 ﬂ"
2959 6007 3563 6102 εὶί
3584 6025 3643 6083 (ἶ.
3680 6007 3746 6079 Ι).
