4080 6480
279 423 388 481 με

279 535 481 597 deficit,
523 531 602 588 vel
641 531 757 586 sine
795 542 1043 584 mensura
1086 525 1327 591 laetatur;
1358 525 1501 594 quod
1542 525 1655 592 ipso
1681 523 1865 577 dolore

276 624 510 678 deterius
536 632 636 676 est.
670 618 818 686 Quod
839 627 1017 672 autem
1049 615 1289 684 voluptas
1327 629 1432 667 nou
1458 615 1524 666 sit
1552 612 1725 666 minus
1751 626 1865 664 ma-

278 716 403 776 lum,
436 730 593 782 quam
621 713 792 776 dolor,
824 710 1156 765 manifestum
1196 719 1277 763 est
1306 724 1371 762 ex
1409 707 1569 762 modo
1611 721 1716 776 quo
1742 709 1862 760 ani-

277 825 420 861 mum
449 818 684 861 nostrum
713 805 905 866 afficit;
941 804 1108 857 levem
1139 803 1276 855 enim
1308 801 1454 854 illum
1477 800 1670 862 reddit,
1696 799 1863 853 subli-

277 912 414 950 mem
441 907 495 951 et
523 896 674 966 quasi
714 895 810 948 alis
841 896 1181 948 instructum.
1221 892 1285 945 Et
1312 892 1413 945 hoc
1439 907 1469 944 a
1501 892 1689 958 priscis
1731 891 1861 944 viris

271 1001 496 1040 eernere
525 997 623 1039 est.
651 984 997 1052 Quandonam
1029 985 1187 1052 igitur
1210 981 1406 1052 probus
1434 991 1546 1035 erat
1572 980 1772 1034 David?
1791 995 1858 1034 an

272 1094 392 1132 cum
446 1077 746 1146 gaudebat,
814 1092 879 1128 an
935 1090 1056 1129 cum
1111 1075 1160 1128 in
1213 1072 1454 1143 angustia
1511 1071 1861 1126 versabatur?

268 1171 492 1237 Quando
515 1170 763 1225 Judaicus
787 1168 1050 1240 populus?
1074 1183 1141 1220 an
1163 1181 1284 1220 cum
1311 1166 1592 1233 gemebant
1615 1174 1668 1217 et
1692 1164 1858 1218 Deum

270 1261 609 1324 invocabant,
631 1277 698 1316 an
719 1278 837 1315 cum
869 1261 1180 1315 [tutabantur
1213 1259 1263 1311 in
1290 1259 1525 1320 deserto,
1556 1267 1611 1347 91
1631 1256 1856 1310 vitulum

267 1351 607 1406 adorabunt?
646 1353 979 1420 Quapmpter
1012 1349 1286 1414 Salomon,
1337 1349 1426 1416 qui
1471 1349 1700 1401 maxime
1737 1362 1856 1400 om-

269 1443 415 1496 nimn
446 1442 646 1498 sciebat
675 1441 802 1512 quid
831 1450 974 1496 esset
1002 1441 1264 1507 voluptas,
1295 1438 1443 1512 dicit,
1476 1435 1661 1490 Melius
1686 1446 1758 1490 est
1782 1437 1858 1490 ire

265 1534 319 1586 in
349 1536 557 1587 domum
595 1511 776 1596 luctus,
806 1549 960 1601 quam
986 1533 1036 1584 in
1065 1531 1270 1583 domum
1299 1511 1430 1581 risus
1467 1528 1659 1598 (Ecele.
1689 1528 1742 1580 7.
1775 1528 1852 1597 3).

265 1624 333 1679 Et
373 1623 620 1680 Christus
670 1625 789 1680 illos
831 1623 1044 1694 quidem
1090 1623 1272 1676 beatos
1307 1621 1586 1691 pratdicat,
1631 1619 1849 1682 dicens,

1287 411 1354 466 IN
1392 408 1799 466 MATTlleUM
1839 407 2064 464 llOiilL.
2108 409 2242 466 XLI.
2283 411 2354 464 al.
2397 410 2558 467 XLII.

3456 420 3562 474 M6

1970 522 2111 576 Beati
2130 525 2219 590 qui
2245 524 2418 594 lugent
2453 523 2662 592 (Matth.
2685 524 2739 578 5.
2766 524 2842 593 5),
2871 522 2969 578 hos
2995 538 3123 578 vero
3143 525 3369 582 miseros
3390 529 3520 583 dicit
3545 548 3556 581 :

1980 611 2067 666 Va:
2094 612 2248 675 vobis,
2293 613 2381 682 qui
2420 612 2615 677 ridetis,
2657 613 2776 678 quia
2812 613 2996 680 ﬂebitis
3044 611 3195 682 (Luc.
3241 617 3296 670 6.
3341 617 3453 687 25).
3493 622 3562 676 Et

1963 701 2082 769 jure
2107 701 2320 770 quidem
2351 703 2542 755 merito
2569 719 2582 754 :
2615 717 2734 754 nam
2770 704 2819 754 in
2842 703 3114 770 Voluptate
3147 705 3358 759 mollior
3386 718 3439 762 ct
3467 724 3556 762 so-

1968 793 2130 846 lutior
2157 804 2238 848 est
2265 795 2465 859 anima,
2499 795 2556 847 in
2582 793 2725 847 luctu
2763 793 3121 860 eontrahitur,
3149 806 3202 849 et
3244 798 3400 865 sapit,
3437 809 3488 852 et
3527 818 3556 852 ει

1965 885 2215 951 congerie
2243 885 2258 915 ⁸
2286 885 2593 939 morborum
2630 885 2790 939 animi
2821 886 3094 949 liberatur,
3126 887 3406 940 sublimior
3432 889 3555 942 item

1964 983 2018 1028 et
2063 973 2249 1028 fortior
2283 984 2386 1030 est.
2415 974 2543 1030 llaec
2585 976 2760 1028 onmia
2809 990 2930 1029 eum
2983 977 3237 1044 sciamus,
3293 978 3557 1046 fugiamus

1964 1065 2107 1117 illam
2151 1064 2437 1118 multorum
2473 1065 2921 1120 existimationem
2952 1065 3174 1136 ejusque
3203 1070 3553 1136 voluptatem,

1965 1165 2023 1210 ut
2051 1173 2233 1211 veram
2280 1167 2334 1211 et
2381 1167 2685 1212 manentem
2730 1171 2946 1226 semper
2985 1159 3207 1229 gloriam
3258 1173 3556 1229 consequa-

1961 1263 2084 1302 mur
2112 1264 2128 1300 :
2156 1263 2314 1317 quam
2342 1247 2543 1301 utinam
2563 1261 2751 1302 omnes
2775 1250 3087 1313 sortiamur,
3117 1228 3286 1318 gratia
3314 1260 3368 1304 et
3399 1228 3555 1305 beni-

1960 1339 2162 1410 gnitate
2191 1339 2400 1394 Domini
2443 1340 2610 1394 nostri
2638 1338 2764 1394 Jesu
2803 1339 3026 1404 Christi,
3055 1341 3138 1394 cui
3169 1342 3336 1410 gloria
3368 1352 3420 1396 et
3449 1342 3552 1396 im-

1964 1431 2187 1501 perium,
2221 1434 2274 1486 in
2301 1433 2495 1488 szecula
2526 1433 2864 1488 sazculorum.
2892 1434 3083 1488 Amen.

2022 1628 2040 1661 ί
2075 1626 2218 1678 Savil.
2245 1635 2297 1679 et
2314 1627 2480 1679 Μαι-ει.
2506 1628 2710 1688 habent,
2733 1627 2938 1688 vinculo,
2962 1642 3068 1690 pro,
3092 1628 3333 1691 congerie.

1422 1829 1772 1892 HOMILIA
1830 1829 1998 1893 XLI.
2045 1830 2134 1893 al.
2177 1830 2377 1892 XLII.

263 1975 396 2032 Car.
422 1976 507 2032 12.
533 1992 583 2030 v.
610 1977 702 2030 25.
728 1975 905 2029 Sciens
933 1985 1098 2026 autem
1125 1973 1274 2027 Iesus
1301 1971 1625 2041 cogitationes
1651 1986 1847 2033 careat,

332 2069 461 2122 dixit
492 2070 598 2121 eis:
626 2066 787 2119 Omne
824 2082 1031 2134 regnum
1064 2076 1236 2118 contra
1271 2081 1324 2118 se
1342 2065 1576 2122 divisum,
1601 2062 1852 2114 desolabi-

335 2167 417 2209 tur
439 2159 637 2210 :omnis
653 2158 824 2210 Civitas
835 2166 878 2208 et
896 2155 1074 2208 domus
1090 2166 1264 2206 contra
1281 2171 1332 2206 se
1361 2152 1540 2214 divisa,
1557 2169 1656 2205 non
1677 2152 1845 2206 stabit.

328 2247 421 2301 26.
458 2248 520 2300 Et
548 2249 592 2302 si
616 2257 818 2301 satanas
847 2259 1076 2300 satanam
1103 2247 1256 2315 ejicit,
1305 2247 1541 2299 adversus
1569 2262 1622 2299 se
1661 2245 1849 2299 dirisus

328 2350 422 2393 est.
455 2339 719 2403 Quomodo
742 2355 858 2408 ergo
879 2337 1026 2391 stabit
1057 2353 1265 2406 regnum
1291 2338 1397 2406 eius
1418 2339 1444 2391 2’

329 2429 383 2483 1.
414 2427 644 2483 Christus
684 2446 772 2498 per
801 2445 1102 2481 arcanorum
1147 2429 1394 2492 notitiam,
1440 2428 1676 2482 deitatem
1700 2445 1847 2481 suam

258 2521 722 2576 declarat—lam
754 2529 1136 2575 accusaverant
1165 2520 1332 2582 illum,
1372 2520 1510 2586 quod
1535 2521 1585 2571 in
1634 2519 1846 2573 Beelze-

255 2611 364 2667 bub
395 2615 410 2644 ¹
439 2613 655 2681 ejicerct
678 2612 956 2666 dremonia.
987 2611 1090 2665 Sed
1113 2621 1235 2663 tunc
1265 2624 1367 2663 nou
1393 2609 1684 2676 increpavit
1713 2623 1841 2672 eos;

254 2716 441 2755 vermn
471 2719 534 2756 ex
563 2702 727 2771 signis
756 2701 994 2770 plurimis
1019 2701 1323 2752 facultatem
1348 2698 1496 2752 dedit
1517 2698 1594 2752 eis
1621 2713 1730 2750 sua:
1753 2712 1845 2752 co-

253 2794 574 2860 gnoscenda:
609 2793 900 2859 potestatis,
931 2806 1102 2857 exime
1143 2790 1383 2842 doctrina
1423 2788 1841 2857 magnitudinem

253 2897 405 2936 suam
437 2884 664 2937 edocuit.
690 2882 821 2947 Quia
845 2897 969 2934 vero
990 2880 1176 2934 eadem
1203 2878 1380 2932 dicere
1403 2878 1838 2946 perseverabant,

253 2971 373 3026 illos
399 2974 615 3027 demum
659 2973 895 3040 increpat
925 2989 937 3021 :
967 2970 1068 3024 hoc
1116 2970 1285 3037 primo
1310 2978 1625 3036 argumento
1667 2967 1841 3022 deita-

253 3070 359 3116 tem
391 3079 542 3116 suam
583 3061 890 3124 ostendens,
925 3058 1062 3129 quod
1114 3073 1304 3126 nempe
1343 3073 1536 3110 arcana
1571 3074 1754 3110 eorum
1789 3060 1839 3110 in

252 3154 489 3207 medium
525 3152 842 3214 adduceret;
870 3149 1104 3204 secundo
1143 3158 1342 3213 autem,
1385 3149 1524 3216 quod
1569 3147 1841 3203 dtemonas

250 3244 407 3302 facile
435 3245 672 3315 ejiceret.
701 3244 1029 3310 Quamquam
1059 3241 1342 3294 admodum
1375 3239 1654 3308 impudens
1678 3256 1839 3294 accu-

249 3338 388 3390 satio
412 3346 543 3392 erat.
585 3335 738 3400 Nam,
773 3347 829 3389 ιιι
873 3335 1000 3397 dixi,
1040 3333 1234 3388 invidia
1281 3348 1386 3388 non
1426 3333 1670 3402 explorat
1714 3335 1840 3402 quid

248 3428 410 3492 dicot,
446 3428 538 3483 sed
582 3439 780 3484 temere
812 3428 1061 3496 loquitur.
1107 3428 1352 3480 Attamen
1388 3443 1463 3485 ne
1500 3426 1578 3480 sic
1623 3427 1839 3496 quidem

250 3515 471 3589 ingentes
493 3521 737 3589 despexit
763 3520 1026 3582 Christus,
1053 3519 1146 3574 sed
1168 3535 1289 3573 cum
1316 3518 1683 3573 moderatione
1705 3535 1837 3573 con-

245 3609 458 3676 gruenti
485 3625 604 3664 sese
631 3619 836 3680 purgat,
882 3626 978 3662 uos
1009 3611 1287 3663 instituens
1327 3617 1384 3662 ut
1429 3624 1555 3678 erga
1596 3609 1841 3664 inimicos

249 3699 408 3755 mites
459 3701 624 3754 simus
663 3718 677 3754 :
721 3701 930 3755 etiamsi
979 3701 1065 3753 illa
1108 3700 1307 3763 dicant,
1340 3699 1406 3753 de
1449 3700 1642 3768 quibus
1685 3701 1839 3752 nobis

248 3792 453 3847 conscii
483 3810 587 3846 non
616 3808 832 3854 sumus;
879 3803 1038 3860 utque
1085 3806 1190 3844 non
1221 3793 1512 3855 turbemur,
1545 3792 1637 3845 sed
1683 3807 1839 3860 aequo

249 3883 434 3936 animo
462 3884 694 3937 rationes
745 3883 873 3951 ipsis
920 3882 1225 3935 reddamus.
1273 3881 1424 3946 Quod
1459 3891 1513 3934 et
1562 3882 1675 3950 ipse
1716 3893 1838 3936 tunc

250 3977 507 4043 praeclare
545 3976 788 4038 faciebat,
835 3978 1039 4042 signum
1087 3975 1375 4027 maximqu
1419 3975 1662 4042 praebens
1707 3973 1838 4029 falsa

249 4065 338 4119 illa
365 4082 486 4122 esse
511 4083 628 4137 qua:
657 4067 724 4120 ab
755 4066 880 4133 ipsis
903 4065 1232 4119 dicebautur.
1261 4063 1444 4132 Neque
1473 4066 1615 4118 enim
1639 4065 1839 4119 dzemo-

249 4160 397 4213 nium
430 4160 670 4214 habentis
695 4167 811 4213 erat
835 4167 1030 4211 tantam
1053 4156 1307 4211 exhibere
1333 4158 1794 4210 mansuetudinem
1820 4174 1834 4210 :

250 4264 358 4304 non
406 4250 729 4306 ila-monium
781 4249 1022 4303 habentis
1068 4257 1183 4302 erat
1229 4259 1434 4301 secreta
1488 4262 1834 4316 cognoscere.

253 4339 466 4396 Etenim
499 4342 638 4410 quod
678 4340 982 4408 hujusmodi
1027 4341 1206 4416 opinio
1242 4338 1528 4392 admodum
1561 4339 1838 4407 impudens

250 4446 416 4497 esset,
447 4444 500 4488 et
537 4435 676 4504 quod
720 4433 924 4501 plebem
958 4433 1226 4495 timerent,
1278 4445 1381 4485 ιιοιι
1431 4431 1697 4485 audebant
1744 4430 1840 4483 bas

250 4527 621 4578 accusationes
651 4523 858 4592 publice
891 4524 1147 4591 proferre,
1178 4521 1270 4574 sed
1301 4537 1390 4574 eas
1422 4521 1473 4574 in
1506 4532 1684 4575 mente
1714 4537 1837 4575 ver-

253 4615 464 4669 sabant.
495 4615 609 4684 Ipse
634 4629 762 4669 vero
799 4613 1088 4668 ostendens
1117 4613 1265 4681 ipsis,
1307 4627 1365 4666 se
1393 4613 1481 4665 illa
1520 4627 1697 4676 noSse,
1732 4629 1836 4665 non

256 4714 434 4760 tamen
471 4707 678 4759 illorum
723 4705 1114 4758 accusationem
1157 4705 1441 4772 expromit,
1475 4719 1649 4771 neque
1693 4705 1837 4771 ipso-

253 4810 370 4850 rum
404 4798 691 4866 nequitiam
717 4795 990 4856 declarat;
1024 4794 1115 4846 scd
1146 4795 1465 4848 solutionem
1496 4794 1668 4857 aliert,
1709 4808 1840 4847 con-

256 4886 496 4940 scientiae
547 4887 778 4955 ipsorum
829 4884 1243 4940 confutationem
1288 4885 1612 4953 relinquens.
1666 4883 1838 4939 Unum

255 4982 401 5036 enim
429 4982 597 5034 solutn
627 4982 865 5045 curabat,
898 4989 1204 5048 peccatores
1239 4980 1446 5049 juvare,
1493 4997 1596 5034 non
1627 4981 1677 5033 in
1725 4980 1840 5033 vul-

256 5085 353 5137 gus
377 5072 681 5126 traducere.
709 5073 1036 5140 Quamquam
1061 5071 1104 5124 si
1129 5071 1378 5125 voluisset
1418 5072 1630 5140 longum
1662 5082 1841 5126 texere

194 5199 198 5202 -
256 5179 585 5228 sermonem,
633 5164 854 5233 illosque
905 5165 1154 5219 ridiculos
1198 5163 1471 5224 exhibere.
1521 5166 1842 5233 insuperque

259 5265 529 5310 extremas
557 5257 623 5307 ab
662 5254 764 5308 illis
808 5271 992 5323 [KBIIDS
1018 5270 1325 5323 exposcere,
1371 5255 1498 5308 nihil
1530 5255 1795 5309 ofﬁciebat
1824 5274 1838 5309 :

261 5355 626 5398 verumtamen
657 5345 833 5398 missis
861 5345 964 5398 illis
985 5345 1249 5407 omnibus,
1283 5361 1442 5396 unum
1477 5346 1701 5398 habebat
1725 5360 1843 5398 sco-

262 5447 409 5501 pum,
440 5447 494 5489 ιιι
527 5451 592 5488 ne
632 5436 748 5488 illos
793 5435 1237 5490 contentiosiores
1281 5439 1493 5499 faceret,
1542 5437 1634 5490 scd
1689 5453 1842 5490 nian-

261 5529 544 5592 suetiores,
596 5537 650 5580 et
701 5528 801 5580 hoc
851 5537 1002 5592 pacto
1043 5527 1108 5579 ad
1149 5527 1572 5581 emendationem
1611 5528 1843 5594 aptiores

262 5623 529 5679 redderet.
581 5621 859 5689 Quomodo
907 5630 1086 5673 autem
1145 5635 1263 5673 sese
1309 5621 1534 5688 purgat?
1586 5619 1727 5674 Nihil
1777 5635 1843 5673 ex

324 5756 342 5787 ι
379 5762 508 5815 rost,
535 5751 810 5814 Ecclxbub,
850 5751 1064 5803 nonnulli
1097 5750 1294 5810 addunt,
1327 5749 1543 5814 principe
1580 5749 1840 5801 ammonia-

277 5832 400 5872 rum.

1960 1970 2249 2040 Scripturis
2274 1972 2428 2027 alfert
2470 1973 2671 2043 (neque
2698 1974 2840 2028 enim
2892 1973 2965 2028 illi
3008 1974 3242 2027 animum
3278 1975 3548 2030 :ulhélmisc

1955 2071 2096 2126 sent,
2129 2063 2222 2118 sed
2272 2080 2434 2132 prave
2485 2065 2881 2133 interpretaturi
2921 2067 3117 2134 erant),
3160 2082 3343 2120 verum
3385 2067 3453 2120 ab
3484 2067 3549 2120 iis

1955 2168 2074 2223 qua:
2099 2155 2254 2224 vulgo
2283 2158 2536 2209 eveniunt
2566 2155 2724 2209 verba
2757 2155 2916 2209 facit:
2949 2155 3110 2209 Omne
3140 2143 3345 2226 regnum
3371 2167 3548 2210 contra

1952 2245 2172 2313 seipsum
2226 2246 2440 2299 divisum
2493 2263 2594 2299 non
2645 2246 2794 2300 stabit
2851 2262 2870 2300 :
2925 2257 2968 2299 et
3025 2248 3198 2300 ciuitas
3247 2247 3325 2299 ecl
3369 2249 3548 2301 domus

1954 2334 2186 2398 discissa,
2219 2337 2317 2388 cito
2356 2337 2672 2390 dissolvetur.
2705 2335 2885 2406 Neque
2913 2337 3053 2390 enim
3101 2337 3178 2391 sic
3225 2348 3443 2391 externa
3487 2345 3547 2391 ut

1951 2427 2126 2482 civilia
2156 2428 2293 2484 bella
2328 2438 2543 2482 nocent.
2572 2428 2625 2482 ld
2657 2430 2815 2483 etiam
2844 2429 2894 2481 in
2924 2429 3238 2497 corporibus
3260 2430 3459 2492 evenit,
3489 2429 3542 2483 in

1950 2519 2306 2588 omnibusque
2350 2519 2531 2574 rebus.
2575 2518 2678 2574 Sed
2723 2519 2933 2572 interim
2978 2534 3008 2572 a
3051 2519 3342 2573 notioribus
3385 2520 3545 2575 rebus

1950 2608 2195 2676 exempla
2225 2610 2457 2663 adducit.
2501 2609 2640 2674 Quid
2677 2609 2822 2663 enim
2875 2610 2926 2662 in
2960 2621 3099 2664 terra
3141 2619 3223 2665 est
3249 2627 3411 2679 regno
3448 2626 3544 2680 po.

1951 2698 2204 2752 lentius?
2261 2698 2428 2752 Nihil.
2488 2701 2739 2754 Attamen
2797 2698 3148 2754 seditionibus
3212 2700 3538 2756 dissolvitur.

1960 2784 2116 2849 Quod
2153 2787 2200 2841 si
2231 2787 2338 2841 illic
2383 2789 2724 2857 negotiorum
2771 2792 2965 2844 molem
3007 2793 3061 2845 in
3107 2808 3272 2847 causa
3304 2810 3425 2850 esse
3453 2797 3539 2848 in-
3615 2812 3618 2818 ‘

1961 2876 2162 2942 nuerit,
2191 2879 2320 2947 quia
2349 2893 2546 2948 nempe
2575 2896 2756 2934 secum
2792 2882 3051 2942 decertat,
3083 2885 3212 2952 quid
3237 2887 3442 2939 dixeris
3473 2889 3541 2942 de

1947 2970 2182 3036 civitate,
2211 2981 2302 3024 ant
2327 2971 2393 3025 de
2411 2971 2606 3025 domo?
2625 2972 2756 3026 Nam
2780 2953 2892 3026 sive
2911 2990 3128 3042 parvum
3153 2977 3263 3029 sive
3290 2992 3538 3045 magimm

1946 3061 2074 3129 quid
2116 3061 2291 3124 fuerit,
2325 3064 2368 3116 si
2415 3078 2596 3117 secum
2639 3064 2918 3130 dissideat,
2954 3066 3111 3133 perit.
3161 3066 3216 3120 Si
3249 3067 3406 3137 igitur
3433 3067 3541 3121 die-

1947 3156 2184 3209 monium
2208 3155 2410 3209 habens
2431 3172 2552 3225 ego,
2581 3157 2695 3225 ejus
2724 3173 2825 3227 ope
2855 3159 3128 3214 daemonas
3160 3161 3316 3230 pello,
3347 3162 3540 3217 seditio

1945 3253 2000 3298 et
2023 3261 2196 3314 pugna
2225 3255 2306 3299 est
2331 3247 2468 3300 inter
2496 3248 2789 3309 daemonas,
2818 3249 2960 3316 iique
2998 3258 3142 3304 stant
3168 3251 3320 3306 divisi
3358 3265 3410 3307 et
3439 3253 3539 3307 ad-

1951 3334 2194 3387 versarii.
2225 3334 2280 3388 Si
2311 3335 2399 3388 alii
2441 3346 2626 3390 contra
2656 3336 2793 3391 alios
2831 3345 2996 3404 stant,
3038 3339 3245 3394 illorum
3285 3340 3538 3398 fortitudo

1948 3422 2104 3493 periit
2129 3433 2182 3479 et
2211 3423 2524 3479 labefactata
2553 3433 2655 3480 est.
2699 3425 2760 3480 Si
2784 3426 2927 3481 enim
2958 3440 3163 3483 satanas
3189 3441 3419 3485 satanmn
3446 3435 3539 3503 eji-

1944 3516 2009 3568 cit
2049 3517 2177 3582 (non
2226 3516 2378 3580 dixit,
2433 3517 2715 3572 Dmmouas
2747 3517 2914 3587 ejicit,
2970 3519 3260 3575 ostendens
3313 3523 3532 3576 multam

1943 3621 2064 3662 esse
2091 3609 2228 3662 inter
2249 3608 2371 3662 illos
2397 3607 2784 3677 concordiam),
2831 3609 2884 3662 in
2914 3609 3132 3677 seipsum
3178 3627 3307 3680 ergo
3345 3612 3537 3668 dit-istis

1944 3708 2037 3762 est,
2068 3697 2259 3766 inquit.
2290 3698 2343 3753 Si
2369 3699 2570 3753 divisus
2597 3710 2702 3765 est,
2731 3714 2862 3769 ergo
2888 3699 3206 3755 imbecillior
3234 3702 3402 3756 factus
3427 3713 3535 3768 est,

1941 3796 1997 3840 et
2022 3789 2180 3856 periit
2209 3806 2222 3841 :
2257 3789 2530 3857 si'periit,
2567 3789 2836 3859 quomodo
2871 3800 3048 3860 potest
3088 3793 3247 3845 alium
3291 3795 3536 3862 ejicere?

1942 3877 2130 3930 Viden‘
2152 3895 2309 3946 quam
2335 3880 2554 3931 ridicula
2586 3882 2654 3932 sit
2679 3881 2965 3943 accusatio,
2991 3897 3148 3950 qualn
3172 3883 3348 3945 stulta,
3376 3901 3535 3953 quam

1943 3983 2125 4023 secum
2147 3968 2258 4038 ipsa
2302 3971 2577 4038 pugnans?
2608 3969 2723 4022 Non
2766 3981 2937 4037 potest
2971 3973 3112 4024 enim
3146 3972 3284 4026 idem
3319 3975 3431 4042 ipse
3455 3975 3538 4029 di-

1943 4074 2087 4123 cere,
2119 4070 2358 4114 Satanam
2391 4069 2536 4116 stare
2575 4071 2629 4114 et
2660 4062 2857 4126 ejicere
2886 4061 3178 4129 daemonas,
3221 4081 3283 4119 ac
3320 4077 3538 4134 promer

1946 4150 2073 4204 illud
2103 4161 2269 4213 stare,
2297 4160 2511 4219 prOptcr
2530 4151 2671 4221 quod
2696 4151 2804 4219 jam
2832 4155 3100 4209 corruisse
3121 4155 3299 4211 debet.
3329 4158 3389 4211 Et
3418 4159 3533 4217 lucc

1944 4257 2027 4301 est
2059 4247 2227 4316 prima
2262 4248 2457 4302 solutio
2487 4266 2499 4300 :
2533 4247 2769 4302 secunda
2812 4249 3009 4303 solutio
3053 4251 3194 4305 circa
3242 4253 3537 4324 discipulos

1945 4348 2188 4393 versatur
2215 4357 2232 4418 ξ
2263 4353 2435 4408 neque
2461 4339 2602 4393 enim
2630 4355 2736 4392 uno
2763 4347 2964 4393 tantmn
2995 4356 3206 4409 semper
3240 4345 3420 4406 modo,
3441 4349 3534 4400 sed

1944 4433 2102 4486 etiam
2133 4431 2372 4486 secundo
2400 4441 2455 4485 et
2487 4431 2644 4486 tertio
2679 4433 3007 4499 ohjectiones
3037 4435 3214 4501 solvit,
3249 4438 3388 4504 quod
3418 4439 3534 4491 illo.

1946 4538 2062 4576 rum
2102 4521 2485 4591 impudentiam
2528 4536 2591 4575 ex
2624 4521 2913 4575 abundanti
2948 4526 3249 4590 reprimere
3283 4527 3430 4581 velit.
3479 4529 3535 4583 Id

1946 4612 2086 4678 quod
2115 4613 2274 4665 etiam
2305 4611 2450 4676 fecit,
2483 4626 2601 4666 eum
2630 4612 2698 4665 de
2729 4613 2950 4667 sabbato
2978 4624 3245 4683 ageretur,
3279 4617 3533 4674 Dauidcm

1945 4703 2218 4758 adducens
2248 4704 2298 4757 in
2327 4703 2582 4766 medium,
2620 4703 2852 4772 itemque
2881 4707 3188 4762 sacerdotes
3213 4717 3268 4762 et
3299 4712 3537 4766 testium-

1949 4798 2093 4851 nium
2133 4812 2239 4866 quo
2281 4796 2496 4861 dicitur,
2531 4795 2928 4850 Misericordiam
2972 4798 3104 4864 colo,
3136 4809 3179 4852 et
3214 4817 3313 4853 non
3343 4805 3542 4871 sacri/i-

1947 4891 2078 4942 cium
2111 4888 2264 4959 (Osee
2315 4887 2369 4943 6.
2402 4887 2494 4956 6);
2525 4902 2740 4940 causam
2782 4887 3013 4956 denique
3051 4888 3121 4941 ob
3158 4906 3316 4957 quam
3350 4894 3542 4946 sabba-

1949 4991 2059 5034 tum
2090 4979 2186 5033 fuit
2234 4979 2529 5033 institutum
2556 4995 2570 5031 :
2599 4977 2818 5044 PrOpter
2847 4979 3097 5031 hominem
3131 4980 3295 5045 enim,
3343 4984 3537 5052 inquit,
3594 4999 3596 5001 ’

1948 5081 2017 5124 est
2043 5072 2305 5124 sabbatum
2335 5069 2526 5137 (Marc.
2554 5067 2608 5121 2.
2640 5067 2733 5139 27)
2767 5085 2779 5121 :
2810 5068 2910 5122 hoc
2940 5084 3066 5139 ergo
3089 5069 3174 5122 hic
3204 5072 3364 5124 etiam
3390 5072 3538 5128 facit.

1947 5162 2078 5217 Nam
2131 5172 2250 5232 post
2301 5163 2523 5228 primam
2571 5161 2896 5214 solutionem
2947 5160 3014 5214 ad
3057 5161 3346 5215 secundum
3397 5166 3542 5217 venit

1950 5257 2126 5323 priore
2151 5254 2454 5308 clariorem.
2486 5254 2574 5306 Ait
2602 5252 2742 5305 enim
2778 5268 2790 5303 :
2819 5251 2909 5306 27.
2944 5250 3005 5305 Si
3047 5269 3136 5322 ego
3165 5253 3219 5304 iu
3264 5252 3540 5308 Beelzebub

1949 5347 2093 5416 ejicio
2120 5345 2390 5406 dtemonia,
2415 5345 2509 5412 ﬁlii
2540 5344 2686 5398 vestri
2712 5344 2762 5395 in
2789 5360 2887 5414 quo
2917 5344 3118 5412 ejiciunt
3136 5345 3162 5398 ?

2021 5436 2074 5489 ‘3.
2109 5436 2203 5489 llic
2247 5450 2461 5504 quoque
2499 5433 2615 5500 ejus
2654 5433 3115 5487 mansuetudinem
3154 5435 3537 5492 animadverte.

1951 5526 2066 5581 Non
2098 5527 2241 5581 enim
2289 5525 2438 5589 dicit,
2484 5524 2740 5594 Discipuli
2786 5522 2914 5587 mei,
2962 5539 3079 5586 uec,
3129 5525 3369 5594 Apostoli
3414 5530 3537 5591 mei,

1950 5618 2066 5682 sed,
2100 5617 2224 5670 Filii
2250 5616 2419 5676 vestri,
2459 5623 2516 5668 ut
2545 5615 2589 5669 si
2623 5614 2791 5667 velint
2830 5614 2896 5667 ad
2927 5614 3169 5668 eamdem
3210 5616 3540 5672 nobilitatem

1952 5710 2155 5772 venire,
2199 5707 2322 5761 hinc
2367 5720 2552 5760 ausam
2581 5705 2838 5774 arripiant
2869 5723 2880 5757 :
2915 5705 2996 5758 sin
3029 5706 3219 5775 ingrati
3262 5708 3313 5761 in
3352 5704 3540 5762 iisdem

1952 5801 2318 5872 pcrsisterent,
2344 5814 2410 5853 ne
2441 5796 2800 5868 impudentem
2822 5795 3036 5870 quidem
3067 5808 3283 5870 possent
3321 5793 3544 5855 excusa-
