4080 6480
292 431 360 490 ιι

292 417 399 506 ιιι)
1312 417 1381 468 IN
1414 417 1826 466 nummum
1863 417 1880 457 ι

291 540 646 608 comminari.
676 535 818 611 quod
845 534 938 592 ille
963 531 1284 606 plerumque
1322 523 1454 582 facit
1476 522 1604 582 dum
1639 518 1787 590 leges
1824 525 1880 571 et

291 636 514 695 wnsilia
538 630 763 705 profert.

365 727 480 793 Quo
501 697 648 780 sensu
668 716 984 789 blasphemia
1001 714 1232 786 Spiritus
1247 726 1350 765 non
1371 705 1678 763 remittatur.
1695 728 1768 742 --
1786 697 1881 793 Vi:

291 788 449 875 detur
476 825 652 871 autem
695 813 748 866 id
774 788 918 880 quod
959 807 1161 861 dictum
1201 811 1285 859 est
1311 800 1600 856 obscurum
1645 806 1766 849 esse
1792 807 1807 844 :
1835 788 1880 843 si

279 926 424 966 vero
470 906 830 968 attendamus,
875 899 1046 955 facilis
1087 896 1192 952 crit
1236 891 1456 948 solutio.
1499 887 1682 944 Primo
1724 883 1886 955 igitur

295 1003 417 1070 ejus
437 1007 562 1055 sunt
584 993 850 1051 audienda
878 989 1041 1047 verba
1069 1007 1084 1043 τ
1112 986 1273 1042 Omne
1298 991 1558 1054 peccatum
1582 988 1631 1033 et
1645 974 1884 1046 blasphe-

295 1069 400 1146 uiia
423 1090 701 1144 remittetur
721 1080 1010 1139 hominibus
1024 1094 1045 1135 :
1061 1076 1378 1148 blasphemia
1399 1087 1515 1127 vero
1537 1069 1763 1138 Spiritus
1776 1081 1886 1131 non

293 1183 575 1252 remittetur
599 1179 689 1231 eis.
719 1175 809 1231 52.
842 1173 905 1229 Et
931 1172 1236 1243 quicumque
1262 1165 1452 1222 dixerit
1481 1163 1682 1219 verbum
1709 1151 1886 1213 éoutru

299 1250 496 1330 Filium
521 1273 750 1342 hominis
767 1309 784 1336 ,
815 1264 1094 1321 remittetur
1116 1265 1161 1318 ei
1185 1277 1204 1316 :
1225 1260 1527 1330 quicumque
1562 1270 1678 1309 vero
1703 1250 1888 1306 dixerit

297 1375 478 1422 contra
503 1357 1026 1436 Spiritum7sauctttm,
1044 1371 1146 1410 non
1169 1354 1449 1409 remittetur
1469 1349 1515 1402 ei
1541 1362 1700 1418 neque
1717 1345 1772 1397 in
1794 1342 1888 1396 hoc

299 1451 517 1522 sarculo,
548 1434 708 1525 neque
742 1453 795 1505 iu
827 1452 1020 1522 futuro.
1048 1444 1186 1514 Quid
1233 1442 1334 1499 sibi
1378 1442 1493 1494 vult
1530 1436 1702 1508 ergo?
1726 1434 1888 1490 Multa

296 1557 485 1603 contra
517 1560 603 1598 mc
626 1524 840 1598 dixistis
859 1580 875 1604 ,
907 1537 1249 1593 seductorem
1279 1533 1499 1600 Deoque
1521 1524 1887 1581 adversarium

297 1639 550 1694 vocastis.
575 1634 700 1690 lltec
720 1631 871 1686 vobis
899 1625 1282 1700 ptenitentibus
1305 1622 1542 1684 remitto,
1576 1632 1750 1688 neque
1777 1629 1891 1684 po:-

299 1745 398 1784 nas
421 1735 651 1797 expeto;
679 1722 1008 1792 blasphemia
1053 1726 1234 1774 autem
1272 1714 1503 1785 Spiritus
1548 1726 1657 1766 non
1701 1706 1888 1763 remit-

300 1823 451 1882 titur,
475 1835 542 1874 ne
573 1815 953 1886 pmnitentibus
978 1811 1213 1882 quidem.
1253 1807 1323 1862 Et
1359 1820 1463 1876 qua
1504 1804 1710 1859 ratione
1747 1809 1890 1855 stam

300 1911 474 1983 possit
513 1906 680 1962 illud?
702 1905 835 1960 Nam
860 1911 914 1958 et
942 1902 1044 1956 hoc
1081 1907 1357 1970 peccatum
1390 1893 1774 1966 pmnitentibus
1799 1906 1890 1946 rc-

300 2005 523 2059 missum
565 1999 681 2054 fuit.
724 1994 873 2052 Multi
903 1995 1046 2050 enim
1080 2005 1288 2055 eorum,
1324 1987 1416 2058 qui
1461 1986 1582 2040 talia
1616 1984 1888 2045 dixerunt,

298 2106 486 2168 postea
505 2091 870 2155 crediderunt,
897 2086 1183 2155 omniaque
1202 2081 1332 2152 ipsis
1347 2079 1569 2136 remissa
1591 2085 1734 2131 sunt.
1754 2074 1892 2142 Quid

300 2167 463 2256 igitur
498 2185 589 2242 hic
620 2180 780 2238 dicit”!
815 2176 1020 2248 Nempe
1070 2177 1178 2234 hoc
1225 2177 1515 2245 peccatum
1571 2167 1895 2241 prae'cmni-

293 2278 406 2330 tbns
432 2276 586 2330 venia
609 2285 817 2325 carere.
849 2271 961 2339 Qua
983 2266 1050 2320 de
1067 2261 1260 2319 causa?
1275 2261 1415 2328 Quia
1431 2259 1549 2329 quis
1565 2266 1712 2314 esset
1738 2256 1896 2312 Chri-

301 2381 419 2426 stus
449 2367 760 2441 ignorabant
785 2385 799 2421 :
844 2364 1079 2433 Spiritus
1099 2375 1227 2416 vero
1252 2367 1633 2431 congruentem
1655 2356 1766 2426 jam
1791 2371 1893 2410 no-

303 2462 474 2514 titiam
495 2466 832 2528 acceperant.
855 2453 1126 2524 Siquidem
1147 2467 1245 2522 per
1265 2466 1388 2506 cum
1416 2450 1692 2520 prOphette
1712 2449 1896 2519 loque-

304 2555 519 2617 bantur,
546 2562 600 2604 ct
618 2551 677 2604 .in
703 2549 869 2604 veteri
897 2546 1014 2616 lege
1039 2559 1226 2599 omnes
1251 2544 1414 2597 multa
1433 2542 1502 2599 dc
1528 2542 1645 2611 ipso
1669 2555 1890 2610 accepe-

301 2653 428 2699 rant
455 2642 794 2696 documenta.
822 2639 936 2693 Hoc
972 2637 1129 2708 igitur
1146 2637 1260 2690 vult
1287 2636 1468 2689 dicere
1495 2649 1509 2689 :
1552 2633 1701 2697 Esto,
1731 2633 1781 2684 in
1807 2646 1894 2687 me

303 2747 522 2808 prepter
541 2750 718 2789 assum
728 2745 869 2804 ptam
892 2747 1108 2787 carnem
1131 2729 1431 2786 offenditis:
1454 2744 1581 2783 num
1600 2728 1760 2781 etiam
1777 2725 1896 2794 Spi-

303 2830 469 2882 ritum
496 2835 738 2881 sanctum
770 2839 864 2878 vos
892 2839 997 2878 non
1036 2821 1250 2876 novisse
1276 2819 1467 2873 dicturi
1498 2815 1664 2872 estis?
1692 2815 1895 2871 Idcirco

303 2918 462 2987 hujus
487 2917 834 2986 blasphemia:
862 2913 1016 2969 venia
1044 2927 1152 2970 non
1187 2911 1400 2966 dabitur
1423 2909 1577 2963 vobis
1605 2925 1619 2961 :
1653 2916 1707 2963 et
1733 2907 1819 2962 hic
1841 2917 1895 2964 et

303 3011 412 3065 illic
445 3024 628 3079 pmnas
658 3007 874 3062 dabitis.
904 3005 1053 3058 Multi
1095 3003 1311 3073 quidem
1355 3003 1442 3055 hic
1472 3009 1678 3054 tantum
1711 3015 1896 3068 poenas

302 3099 590 3162 dederunt,
621 3107 679 3152 nt
709 3097 798 3151 ille
829 3095 916 3165 qui
953 3093 1247 3148 fornicatus
1272 3101 1408 3155 erat,
1431 3099 1492 3144 ut
1533 3089 1672 3160 apud
1704 3090 1894 3144 Corin-

303 3192 447 3247 thios
473 3191 506 3248 ii
534 3191 621 3268 qui
663 3189 876 3256 indigne
929 3185 1302 3258 mysteriorum
1355 3191 1639 3238 censortes
1686 3180 1898 3235 fuerant

289 3292 380 3362 (-2.
401 3291 518 3345 Cor.
539 3292 592 3345 2.
617 3299 662 3344 et
687 3291 735 3344 l.
757 3281 872 3344 Cor.
891 3281 909 3337 l
925 3279 974 3357 l)
995 3293 1117 3342 :vos
1132 3288 1308 3334 autem
1327 3286 1380 3332 ct
1396 3277 1480 3333 hic
1499 3284 1553 3332 et
1584 3277 1692 3332 illic
1712 3289 1897 3346 prunas

299 3382 515 3435 dabitis.
565 3381 922 3449 Qumcumque
944 3393 1074 3448 ergo
1107 3387 1294 3434 contra
1336 3391 1421 3430 me
1459 3383 1742 3444 antequam
1774 3389 1895 3428 cru-

305 3476 555 3543 ciligerer
576 3461 1005 3542 blaSphemastis,
1032 3471 1284 3526 remitto:
1309 3471 1416 3524 imo
1432 3470 1592 3522 etiam
1614 3469 1674 3521 iis
1693 3468 1780 3537 qui
1807 3481 1894 3520 me

301 3551 654 3633 crucillgeut;
684 3576 860 3632 neque
909 3575 1005 3630 pro
1045 3559 1418 3613 incredulitate
1460 3559 1573 3612 sola
1617 3554 1894 3610 damnabi-

287 3655 453 3709 .miui.
486 3653 670 3722 Neque
709 3653 854 3706 enim
900 3651 935 3705 ii
980 3651 1069 3720 qni
1099 3659 1224 3704 autc
1275 3663 1486 3704 crucem
1525 3646 1890 3713 crediderunt,

300 3745 514 3815 plenam
543 3743 702 3797 fidem
732 3740 1000 3796 habebant
1024 3759 1036 3793 :
1061 3740 1352 3806 multisque
1383 3740 1433 3791 in
1460 3739 1591 3792 locis
1617 3737 1888 3801 admonet,

299 3851 371 3890 ne
390 3844 514 3888 ante
526 3834 836 3904 passionem
858 3833 980 3903 quis
1007 3831 1122 3900 ipse
1151 3832 1222 3885 sit
1245 3819 1552 3885 ductarent:
1578 3836 1632 3883 et
1657 3829 1707 3880 iu
1732 3841 1892 3882 cruce

291 3928 530 3989 dicebat,
562 3934 620 3980 ut
642 3926 746 3979 illis
772 3924 876 3980 hoc
895 3933 1175 3994 peccatum
1198 3923 1582 4000 remitteretur.
1607 3921 1738 3989 Qua:
1758 3935 1891 3975 vero

298 4020 369 4074 de
395 4017 597 4088 Spiritu
636 4017 880 4075 dixistis,
912 4015 1121 4070 veniam
1169 4030 1274 4068 non
1327 4012 1699 4082 impetrabunt.
1737 4011 1889 4079 Quod

300 4119 481 4164 autem
511 4109 578 4164 dc
606 4108 690 4172 iis,
715 4123 834 4178 qua:
863 4116 988 4161 ante
1011 4121 1224 4162 crucem
1257 4105 1396 4159 dicta
1425 4104 1639 4169 fuerint,
1669 4104 1784 4158 lure
1811 4104 1892 4157 in-

299 4199 525 4268 telligat.
561 4198 611 4252 id
663 4197 901 4253 declarat
943 4212 1065 4252 cum
1096 4196 1318 4266 adjicit:
1353 4196 1661 4266 Quicumque
1705 4196 1890 4249 dixerit

299 4305 372 4342 ret
385 4288 502 4342 bum
528 4298 705 4342 contra
735 4287 930 4342 Filium
955 4287 1174 4341 hominis
1191 4328 1205 4351 ,
1237 4289 1517 4341 remittetur
1537 4289 1581 4341 ei
1607 4305 1624 4350 ;
1652 4288 1887 4358 quicum-

289 4393 391 4443 (tte
416 4388 583 4432 autem
613 4377 795 4433 dixerit
819 4390 995 4434 contra
1022 4378 1277 4448 Spiritum
1305 4387 1565 4443 sanctum,
1600 4395 1704 4433 non
1735 4380 1882 4434 item.

292 4469 508 4535 Quare?
548 4468 680 4536 Quia
724 4467 953 4539 Spiritus
1002 4479 1219 4524 sanctos
1266 4478 1426 4524 notus
1473 4471 1622 4525 vobis
1665 4481 1783 4534 est;
1831 4479 1887 4526 et

291 4569 480 4615 contra
502 4575 614 4614 rem
643 4561 975 4616 manifestam
1005 4559 1342 4629 impudenter
1366 4561 1538 4630 agitis.
1571 4561 1706 4616 Nam
1734 4563 1774 4614 si
1799 4577 1884 4616 me

293 4667 390 4705 vos
431 4652 681 4721 ignorare
718 4651 913 4717 dicitis,
966 4651 1094 4705 illud
1123 4660 1270 4706 certe
1312 4668 1420 4706 non
1468 4652 1739 4721 ignoratis.
1769 4652 1881 4706 dte-

291 4755 482 4796 monas
511 4741 705 4809 ejicere
736 4751 790 4796 et
827 4741 1045 4796 morbos
1075 4756 1268 4796 curare
1306 4741 1541 4811 Spiritus
1566 4744 1736 4798 sancti
1761 4758 1882 4799 esse

281 4845 444 4902 opus.
471 4829 586 4884 Non
608 4845 736 4900 ergo
763 4845 850 4886 me
873 4839 1074 4885 tantum
1099 4833 1425 4888 contumelia
1451 4832 1682 4898 afficitis,
1706 4833 1797 4888 sed
1827 4843 1880 4888 et

276 4923 544 4989 Spiritum
569 4932 832 4977 sanctum.
863 4923 1197 4994 Quapropter
1218 4933 1272 4979 et
1299 4925 1384 4980 bic
1408 4935 1461 4981 et
1486 4926 1594 4981 illic
1617 4930 1731 4982 sine
1772 4929 1877 4982 ulla

283 5015 439 5067 venia
479 5029 666 5083 pmnas
697 5015 910 5069 dabitis.
938 5016 1070 5070 Nam
1101 5033 1171 5071 ex
1200 5017 1507 5074 hominibus
1528 5021 1617 5074 alii
1640 5029 1695 5075 et
1721 5020 1807 5075 hic
1824 5030 1878 5075 et

280 5106 391 5158 illic
424 5106 744 5174 supplicium
777 5108 962 5162 luunt:
993 5108 1081 5162 alii
1110 5109 1196 5163 hic
1225 5119 1465 5175 tantum,
1497 5112 1584 5166 alii
1619 5113 1727 5167 illic
1757 5121 1874 5167 tan-

280 5210 394 5251 tum
422 5215 441 5260 ς
473 5200 558 5253 alii
587 5215 760 5274 neque
805 5198 893 5254 hic
923 5216 1097 5270 neque
1127 5203 1234 5257 illic
1266 5219 1280 5255 :
1314 5203 1403 5259 hic
1433 5212 1489 5259 et
1536 5205 1644 5261 illic
1676 5207 1788 5272 alii,
1820 5217 1876 5262 ut

282 5288 359 5342 illi
397 5290 516 5358 ipsi.
548 5290 680 5345 Nam
704 5300 760 5346 et
783 5291 869 5346 hic
892 5290 1156 5346 dederunt
1177 5309 1386 5362 pmnas,
1409 5295 1620 5364 quando
1648 5297 1700 5350 in
1724 5298 1875 5352 urbis

284 5381 498 5438 excidio
528 5381 880 5437 intolerabilia
916 5383 1056 5453 passi
1086 5393 1246 5448 sunt;
1276 5395 1332 5439 et
1357 5385 1468 5439 illic
1496 5388 1872 5455 gravissimum

282 5471 602 5541 supplicium
622 5471 790 5537 luent,
816 5483 871 5526 ut
895 5472 1204 5538 Sodomitas,
1231 5483 1292 5530 et
1311 5475 1402 5528 alii
1423 5475 1597 5530 multi.
1620 5475 1730 5533 Illic
1746 5493 1874 5534 vero

285 5572 511 5623 tantum,
541 5571 599 5615 ut
625 5562 776 5618 dives
807 5561 895 5618 ille
922 5563 1012 5635 qui
1043 5564 1095 5618 in
1123 5563 1335 5620 flamma
1361 5566 1630 5621 cruciatus
1657 5583 1726 5623 ne
1753 5571 1870 5625 stil-

287 5654 392 5709 lam
420 5652 635 5729 quidem
665 5670 818 5724 aqua:
846 5654 1049 5711 habuit.
1083 5655 1180 5711 ilic
1207 5671 1358 5721 vero,
1393 5666 1452 5712 ut
1481 5657 1570 5714 illc
1596 5660 1734 5730 apud
1763 5659 1872 5717 Co-

284 5744 536 5810 rinthios,
583 5745 670 5815 qui
702 5746 996 5802 fornicatus
1028 5761 1162 5802 erat.
1195 5746 1378 5818 Neque
1407 5747 1498 5805 hic
1525 5764 1699 5822 neque
1731 5752 1866 5817 illic,

285 5847 344 5896 ut
372 5836 632 5908 apostoli,
667 5848 724 5890 ut
754 5835 1045 5909 propheta),
1081 5849 1137 5892 ut
1175 5839 1364 5896 beatus
1401 5839 1502 5897 Job
1535 5860 1548 5898 :
1580 5857 1703 5898 nam
1747 5859 1866 5915 qua:

1312 410 1381 468 IN
1413 400 1826 466 ΜΑἸΤΠᾸΞΟΜ
1862 398 2094 458 1103111».
2126 396 2266 456 XLI.
2302 395 2378 452 al.
2415 394 2574 455 XL“.

3477 388 3585 449 £59

1988 511 2066 567 illi
2087 513 2229 582 passi
2247 519 2393 576 sunt,
2415 525 2524 566 non
2550 505 2870 581 supplicium
2889 511 3065 570 erant,
3087 500 3183 560 sed
3205 502 3499 559 certamina
3521 511 3587 561 et

1983 618 2196 675 pugnte.
3131 621 3134 632 ί

2055 699 2112 754 ι.
2146 697 2412 766 Quomodo
2439 695 2502 749 de
2516 694 2660 749 nobis
2673 692 2916 765 judicare
2932 704 3220 761 possumus.
3248 686 3588 752 Compunctio

1984 805 2103 844 ocra
2125 805 2257 858 quat.
2279 818 2353 830 -—
2376 787 2700 844 Studeamus
2729 799 2859 854 ergo
2900 793 2960 837 ut
2999 782 3052 849 in
3098 779 3290 836 eadem
3333 779 3585 850 portione

1986 881 2155 936 simus
2182 897 2197 934 :
2231 880 2277 934 si
2305 894 2412 934 non
2442 878 2654 943 horum,
2689 875 2878 931 saltem
2909 888 3099 928 eorum
3128 873 3217 942 qni
3247 871 3334 926 hic
3365 882 3583 941 peccata

1987 987 2080 1026 sua
2115 972 2419 1042 expiarunt.
2460 969 2590 1024 Nam
2635 965 2873 1023 terribile
2905 964 3033 1018 illttd
3073 963 3331 1032 judicium
3375 971 3480 1022 est,
3530 972 3587 1014 et

1990 1063 2302 1120 inevitabile
2329 1061 2652 1131 supplicium
2694 1055 3169 1125 intolerabilesque
3208 1069 3400 1124 poenze.
3431 1051 3588 1118 Quod

1989 1154 2032 1209 si
2066 1153 2204 1209 nolis
2221 1151 2311 1206 hic
2336 1165 2526 1223 pmnas
2545 1150 2697 1213 dare,
2729 1149 2796 1203 de
2823 1148 2996 1216 teipso
3016 1145 3216 1214 iudica,
3249 1159 3278 1198 a
3312 1145 3486 1214 teipso
3506 1156 3590 1195 rav

1991 1246 2166 1301 tiones
2207 1255 2421 1316 expete.
2466 1241 2602 1296 Audi
2644 1242 2868 1296 Paulum
2904 1239 3172 1294 dicentem
3206 1256 3220 1294 :
3255 1237 3511 1304 Quoniam
3546 1233 3591 1286 si

1990 1337 2322 1407 nosmetipsos
2368 1335 2724 1405 judicaremus
2745 1374 2761 1396 ,
2838 1348 2941 1386 nou
3003 1331 3176 1397 utique
3241 1328 3590 1398 iudicaremur,

1994 1428 2071 1502 (l.
2101 1428 2221 1482 Cor.
2254 1427 2340 1481 ll.
2370 1427 2482 1498 3i).
2511 1426 2568 1479 Si
2601 1425 2651 1478 id
2685 1421 2894 1484 feceris,
2921 1420 3177 1492 paulatim
3208 1417 3584 1492 progrediens,

1993 1519 2059 1574 ad
2091 1533 2350 1574 coronam
2394 1516 2602 1572 venies.
2648 1515 2717 1569 Et
2744 1512 3048 1584 quomodo,
3081 1510 3310 1580 inquies,
3342 1510 3409 1563 de
3434 1507 3590 1562 nobis

1987 1610 2384 1682 iudicabimus,
2429 1618 2479 1663 et
2527 1622 2556 1661 ιι
2603 1594 2760 1661 nobis
2804 1605 3038 1659 rationes
3085 1601 3436 1671 expetemus?
3484 1599 3590 1655 ιιι.

1991 1717 2088 1773 ge,
2137 1701 2331 1756 acerbe
2373 1699 2699 1769 ingemisce,
2752 1697 2981 1767 teipsum
3033 1694 3255 1750 humilia
3294 1704 3350 1748 et
3388 1691 3588 1764 afﬂige.

1994 1793 2277 1849 recordare
2315 1801 2660 1862 peccatorum
2708 1799 2922 1844 tuorum
2960 1787 3258 1855 speciatim.
3299 1785 3415 1842 Non
3463 1801 3591 1856 par-

1993 1904 2092 1942 vus
2139 1896 2223 1942 est
2270 1885 2358 1940 hic
2404 1885 2675 1939 cruciatus
2721 1881 2905 1936 animi.
2959 1879 3012 1935 Si
3061 1878 3181 1950 quis
3227 1879 3280 1933 in
3328 1893 3590 1948 compun—

1994 1982 2173 2036 ctione
2237 1979 2368 2043 fuit,
2432 1978 2580 2032 novit
2635 1974 2872 2029 animum
2905 1973 3035 2037 Juac
3090 1971 3322 2027 maxime
3384 1971 3592 2026 ratione

1995 2071 2242 2127 cruciari.
2291 2069 2347 2125 Si
2391 2069 2510 2139 quis
2559 2074 2780 2138 peccata
2827 2065 2878 2119 in
2926 2063 3243 2118 memoriam
3289 2061 3588 2128 revocavit,

1997 2166 2145 2218 novit
2211 2145 2611 2233 dolercm'qui
2676 2159 2798 2214 inde
2861 2156 3182 2227 concipitur.
3251 2154 3592 2224 Quapropter

1997 2253 2306 2324 hujusmodi
2351 2252 2684 2324 ptenitentirc
2727 2250 2866 2304 Deus
2904 2248 3167 2318 justitiam
3213 2245 3266 2300 in
3309 2247 3592 2317 praemium

1995 2348 2306 2411 constituit,
2359 2347 2600 2402 dicens:
2660 2342 2759 2396 Dic
2808 2353 2860 2396 tu
2919 2342 3059 2409 prior
3099 2345 3304 2408 percute
3351 2349 3482 2406 tua,
3538 2348 3593 2392 ut

1986 2438 2288 2508 justi/iceris
2327 2435 2480 2506 (Isai.
2527 2437 2615 2489 45.
2662 2434 2788 2502 26).
2837 2432 2951 2487 Non
3004 2432 3146 2486 enim
3187 2441 3310 2499 est,
3357 2446 3464 2485 non
3512 2441 3594 2486 est

1998 2531 2182 2599 utique
2229 2545 2388 2598 parva
2437 2528 2504 2582 ad
2551 2527 2984 2583 emendationem
3042 2524 3222 2587 ratio,
3275 2524 3320 2578 si
3376 2533 3592 2594 peccata

1996 2622 2173 2676 omnia
2236 2620 2528 2676 secundum
2583 2619 2817 2688 Speciem
2859 2617 3086 2672 collecta
3136 2616 3189 2669 in
3236 2617 3425 2670 animo
3473 2631 3595 2670 vero

1997 2726 2086 2766 ses
2110 2721 2164 2766 et
2194 2712 2394 2764 volvas.
2434 2711 2566 2765 Nam
2595 2711 2683 2779 qni
2714 2710 2814 2762 hoc
2839 2707 2982 2771 facit,
3013 2707 3082 2760 ita
3107 2717 3516 2776 compungctur,
3541 2715 3596 2759 ut

1998 2820 2068 2860 ne
2093 2805 2199 2858 vita
2227 2803 2439 2874 quidem
2471 2817 2530 2856 se
2558 2801 2776 2871 (lignum
2809 2798 3100 2854 existimet.
3140 2797 3241 2864 Qui
3285 2805 3462 2850 autem
3495 2794 3597 2852 hoc

1999 2897 2270 2953 existimat
2293 2935 2308 2958 ,
2339 2909 2461 2949 cera
2495 2893 2709 2946 mollior
2737 2889 2950 2944 evadet.
2979 2888 3059 2943 Ne
3082 2888 3211 2941 mihi
3237 2888 3408 2940 solum
3439 2886 3598 2940 dise-

2001 2990 2075 3042 ris
2102 2988 2518 3047 fornicationes,
2552 2983 2635 3037 vel
2668 2973 2928 3036 adul'tcria
2961 2987 3017 3035 ei
3046 2980 3263 3042 similia,
3297 2995 3471 3050 neque
3495 2979 3598 3033 alis

1999 3095 2119 3149 qum
2143 3079 2322 3148 gravia
2352 3091 2472 3132 esse
2499 3075 2636 3146 apud
2671 3089 2864 3128 omnes
2898 3073 2949 3125 in
2978 3071 3224 3125 confesso
3252 3081 3334 3126 est
3359 3088 3372 3131 ;
3414 3086 3599 3126 verum

1999 3169 2159 3223 etiam
2187 3169 2416 3223 latentes
2441 3167 2682 3227 insidias,
2712 3163 3034 3225 calumnias,
3065 3161 3367 3227 maledicta,
3399 3179 3592 3218 vanam

1998 3259 2222 3329 gloriam
2248 3300 2262 3321 ,
2302 3257 2554 3312 invidiam
2581 3298 2594 3318 ,
2644 3263 2950 3322 cieteraquc
2997 3253 3175 3306 omnia
3219 3253 3431 3322 collige.
3476 3254 3606 3309 llaec

1996 3345 2194 3425 quippe
2221 3365 2332 3429 nop
2364 3363 2528 3422 parvo
2550 3349 2816 3420 supplicio
2842 3344 3141 3420 plectemur
3161 3362 3174 3395 :
3198 3360 3316 3394 nam
3334 3345 3592 3397 convicia.

2001 3459 2084 3503 tor
2113 3450 2162 3508 in
2195 3448 2497 3522 gehennam
2528 3444 2746 3506 incidet,
2777 3441 3132 3510 ehriosusque
3161 3438 3289 3492 nihil
3314 3454 3606 3493 commune

1996 3538 2304 3592 habetcum
2336 3553 2523 3607 regno,
2546 3546 2599 3591 et
2627 3537 2714 3606 qui
2747 3550 2854 3588 non
2885 3542 3029 3588 amat
3058 3532 3382 3601 proximum,
3410 3531 3488 3585 sic
3514 3533 3594 3584 of-

1997 3627 2167 3685 fendit
2189 3627 2380 3692 Deum,
2403 3639 2460 3682 nt
2489 3642 2664 3697 neque
2690 3625 2951 3697 martyrio
2985 3624 3223 3694 juvetur.
3252 3622 3318 3676 Et
3346 3623 3435 3692 qui
3469 3635 3594 3690 pro-

1994 3723 2227 3792 pinquos
2252 3720 2495 3790 negligit,
2528 3719 2684 3774 fidem
2707 3726 2886 3788 negat,
2918 3726 2971 3772 et
2995 3717 3086 3785 qui
3122 3727 3389 3785 pauperes
3413 3713 3595 3782 despi-

1994 3813 2104 3877 cit,
2129 3811 2183 3865 in
2214 3810 2390 3881 ignem
2418 3810 2664 3862 mittitur.
2691 3806 2770 3862 Ne
2802 3822 2962 3875 parva
2992 3820 3121 3874 ergo
3146 3804 3236 3858 illa
3270 3812 3426 3874 putes
3446 3846 3463 3869 ,
3497 3803 3594 3857 sed

1994 3901 2176 3964 omnia
2206 3899 2417 3969 collige.
2447 3909 2501 3954 et
2527 3897 2678 3967 quasi
2707 3897 2760 3950 in
2789 3895 2926 3950 libro
2952 3895 3147 3950 scribe.
3166 3894 3300 3950 Nam
3319 3894 3438 3949 situ
3465 3910 3538 3950 sci
3556 3894 3594 3949 i-

1994 3992 2189 4062 pseris,
2214 3989 2356 4044 Deus
2381 3988 2614 4053 delebit;
2637 3996 2823 4042 contra
2850 3987 2894 4040 si
2923 3995 2976 4040 tu
2999 4001 3103 4040 non
3127 3987 3428 4058 scripseris,
3456 3989 3594 4042 Deus

1995 4084 2081 4137 illa
2103 4081 2389 4146 describet,
2423 4092 2715 4149 pinnasque
2741 4085 2966 4149 repetet.
3000 4078 3183 4148 Longe
3215 4093 3375 4148 porro
3403 4081 3592 4137 melius

1993 4182 2077 4229 est
2106 4182 2163 4227 ut
2191 4171 2306 4228 haec
2334 4185 2362 4224 a
2387 4171 2546 4225 nobis
2572 4170 2878 4226 scribantur
2899 4211 2914 4234 ,
2941 4178 2995 4224 et
3016 4169 3067 4223 iu
3095 4172 3244 4226 caelis
3269 4169 3554 4227 deleantur
3573 4215 3592 4240 ,

1991 4281 2150 4337 quam
2181 4266 2227 4320 si
2275 4265 2430 4318 nobis
2459 4260 2850 4318 occultantibus
2874 4303 2890 4327 ,
2938 4260 3082 4315 Dens
3110 4260 3162 4315 in
3205 4260 3297 4315 illo
3339 4261 3427 4318 die
3465 4273 3595 4320 ante

1991 4357 2413 4432 oculosnostros
2436 4370 2494 4406 ea
2523 4351 2745 4432 deferat.
2768 4350 2847 4406 Ne
2874 4352 3035 4420 igitur
3056 4351 3159 4406 hoc
3179 4350 3407 4419 accidat,
3432 4369 3590 4408 acru-

1987 4457 2105 4503 rate
2133 4429 2313 4501 omnia
2342 4429 2678 4514 colligamus,
2711 4451 2768 4498 et
2793 4457 2892 4496 nos
2919 4443 3212 4498 multorum
3239 4457 3364 4498 reos
3389 4443 3592 4512 depre—

1988 4540 2307 4596 hendemus.
2350 4536 2481 4603 Quis
2521 4535 2665 4590 enim
2711 4535 2778 4590 ab
2820 4536 3043 4590 avaritia
3093 4535 3324 4590 mundus
3358 4536 3485 4590 est?
3517 4537 3594 4593 Nc

1988 4631 2116 4685 mihi
2147 4628 2289 4683 enim
2313 4628 2535 4689 dixeris,
2569 4635 2621 4680 te
2652 4625 2998 4680 mediocriter
3025 4640 3244 4680 avarum
3272 4641 3430 4682 esse:
3464 4641 3587 4684 nan:

1987 4737 2087 4791 pro
2109 4718 2321 4774 modico
2351 4717 2510 4772 etiam
2541 4730 2727 4785 poenas
2751 4715 3022 4772 dabimus.
3052 4715 3177 4770 llzec
3197 4720 3390 4787 cogita,
3414 4727 3471 4772 et
3493 4698 3612 4788 age“

1983 4811 2374 4885 penitentiam.
2399 4808 2530 4877 Quis
2556 4822 2662 4863 non
2685 4822 2810 4862 rcus
2832 4808 2988 4861 illam:
3013 4809 3459 4864 cruttotuelizeiet
3487 4811 3589 4863 hoc
3685 4801 3690 4805 ’

1983 4907 2141 4960 etiam
2185 4905 2237 4959 in
2288 4905 2588 4975 gehennam
2640 4900 2882 4970 coniicit.
2932 4900 3061 4968 Quis
3107 4915 3213 4956 non
3271 4904 3476 4956 occafse
3521 4907 3584 4956 (te

1985 4998 2226 5066 proximo
2255 4995 2395 5049 male
2443 4993 2614 5048 dixit?
2644 5001 2700 5046 et
2749 4991 2851 5046 hoc
2883 4992 3043 5047 etiam
3075 5006 3105 5044 a
3140 5007 3305 5062 regno
3345 4993 3508 5061 exigit
3540 4998 3575 5046 '.

1981 5089 2111 5153 Quis
2141 5087 2389 5155 superbia
2423 5103 2524 5137 non
2561 5084 2854 5137 intumuit?
2904 5082 3000 5138 llic
3033 5097 3162 5137 vero
3206 5083 3440 5138 omnium
3480 5084 3575 5140 imo

1982 5179 2364 5236 mondissimus
2393 5188 2494 5234 est.
2523 5177 2654 5245 Quis
2685 5176 2967 5246 impudicis
2996 5177 3167 5232 oculis
3199 5193 3301 5230 non
3333 5178 3582 5248 aspexit?

1979 5275 2076 5329 llic
2108 5289 2268 5344 porro
2301 5273 2546 5328 mtecbus
2575 5271 2796 5325 omnino
2825 5279 2928 5326 est.
2960 5269 3091 5338 Quis
3127 5286 3231 5324 non
3273 5269 3390 5325 sine
3413 5286 3576 5326 caesa

1979 5367 2124 5424 fratri
2150 5382 2250 5423 suo
2277 5367 2442 5420 iratus
2468 5364 2597 5421 est?
2630 5363 2726 5418 llic
2753 5379 2882 5419 vero
2909 5378 3034 5417 reus
3057 5373 3138 5418 est
3163 5361 3413 5418 concilio.
3442 5364 3577 5429 Quis

1978 5475 2085 5514 non
2108 5458 2346 5527 iuravit?
2376 5457 2489 5512 lloc
2525 5466 2705 5512 autem
2753 5470 2782 5510 a
2825 5455 2968 5532 malo
2993 5465 3096 5510 est.
3121 5454 3249 5521 Quis
3280 5471 3386 5511 non
3421 5456 3574 5524 peje-

1977 5550 2156 5606 ravit?
2183 5549 2282 5604 llic
2310 5564 2471 5620 porro
2493 5548 2614 5618 plus
2641 5563 2803 5617 quam
2829 5563 2858 5600 a
2886 5547 3027 5600 malo
3049 5555 3148 5602 est.
3170 5545 3302 5612 Quis
3331 5562 3438 5600 non
3467 5561 3572 5600 ser-

1978 5644 2106 5699 vivit
2145 5640 2452 5698 mamonre?
2479 5639 2577 5695 llic
2614 5653 2745 5695 vero
2778 5654 2807 5692 a
2833 5637 3043 5694 sincera
3074 5634 3270 5691 Christi
3314 5639 3571 5692 servitute

1974 5734 2192 5792 excidit.
2225 5734 2346 5788 Alia
2387 5731 2472 5787 bis
2516 5732 2720 5801 majora
2763 5727 3005 5800 proferre
3035 5741 3248 5798 possem
3277 5743 3293 5783 :
3327 5725 3421 5782 sed
3450 5723 3569 5781 hate

2042 5850 2059 5881 ί
2093 5853 2276 5912 ιιειιιι,ρι
2293 5846 2383 5898 hoc
2405 5847 2552 5898 ctimu
2573 5857 2604 5896 α
2627 5856 2775 5909 regno
2792 5840 2962 5905 exigit,
2987 5841 3035 5892 in
3057 5841 3216 5892 tribus
3234 5846 3340 5888 uss.
3363 5836 3573 5887 desunt.
