4080 6478
568 376 666 437 εει
1181 444 1183 446 η
1260 376 1318 424 5.
1360 376 1635 423 ausurus
1669 376 2130 420 cnnamum

568 466 702 526 satis
726 470 850 522 sunt
866 503 883 530 ,
907 470 963 520 et
1002 467 1218 533 possent
1253 457 1320 514 ad
1339 454 1802 527 compunctionem
1827 452 2090 510 deducere
2113 494 2130 520 ,

565 557 674 614 nisi
694 555 812 627 quis
838 551 1077 623 lapideus
1095 549 1204 613 sit,
1231 556 1288 602 et
1311 545 1455 601 omni
1497 557 1716 615 prorsus
1746 557 1908 598 sensu
1934 551 2151 620 careat.

563 643 625 703 Si
652 646 794 700 enim
819 656 1003 700 eorum
1027 639 1231 709 singula
1255 639 1307 691 in
1332 635 1628 707 gehennam
1653 632 1979 703 conjiciunt,
2010 630 2134 702 quid

572 750 683 790 non
706 735 896 790 facient
920 730 1094 787 omnia
1125 727 1282 784 simul
1306 723 1628 800 conjuncta?
1654 721 1934 790 Quomodo
1957 721 2132 792 igitur,

571 826 797 896 inquies,
823 824 1046 878 salutem
1073 817 1324 888 consequi
1351 829 1629 886 possumus
1649 813 1675 867 γ
1700 813 1757 870 Si
1783 813 2022 885 apposita
2052 809 2135 865 his

571 913 802 973 remedia
841 911 1189 967 adhibeamus
1210 949 1226 973 ,
1265 905 1658 978 eleemosynam
1685 946 1699 968 ,
1729 918 1914 974 preces
1937 943 1952 970 ,
1980 915 2134 968 com-

567 1005 904 1077 punctionem
930 1042 945 1067 ,
977 1000 1339 1072 ptenitentiam
1360 1038 1376 1062 ,
1406 995 1757 1052 humilitatem
1777 1033 1791 1057 ,
1819 1005 1913 1048 cor
1931 989 2136 1046 contri-

569 1107 701 1164 tum,
732 1109 906 1151 renum
929 1092 1263 1164 prtesentium
1284 1097 1665 1156 contemptum.
1684 1084 1974 1141 Sexcentas
1993 1081 2137 1138 enim

567 1188 754 1246 salutis
781 1203 893 1243 vias
914 1188 1055 1242 Deus
1081 1183 1324 1255 aperuit,
1356 1183 1401 1235 si
1426 1178 1704 1234 attendere
1733 1175 1977 1232 velimus.
2009 1171 2140 1229 Ani-

1260 366 1318 424 s.
1360 362 1635 423 JOANNIS
1669 359 2145 420 cnnvsos‘ront
2179 357 2498 418 ARCHIEP.
2537 335 3075 413 consumi-sor.

3707 354 3811 410 £53

2241 465 2385 506 mum
2415 447 2762 504 adhibeamus
2796 460 2925 515 ergo
2947 488 2964 512 ,
2995 453 3047 500 et
3091 457 3184 515 per
3209 443 3324 500 hate
3346 444 3528 500 omnia
3571 458 3814 501 curemu.

2239 542 2480 605 vulnera,
2507 541 2903 607 cleemosynam
2922 545 3225 607 erogantes,
3253 537 3386 592 iram
3413 537 3467 592 in
3481 552 3585 594 eos
3610 538 3696 609 qui
3722 553 3816 595 nos

2239 631 2496 688 laeserunt
2519 632 2888 701 reprimentes,
2921 642 3017 697 pro
3033 627 3283 683 omnibus
3307 627 3417 682 Deo
3439 629 3642 699 gratias
3663 644 3817 699 agen-

2241 731 2321 778 tes
2338 763 2353 786 ,
2387 719 2487 792 pro
2514 721 2716 774 viribus
2738 717 3060 787 jejunantes,
3087 717 3298 774 sincero
3324 720 3489 774 corde
3516 729 3815 786 precantes,

2237 813 2441 867 amicos
2478 810 2632 866 nobis
2679 809 2933 864 iacientes
2957 823 3023 863 ex
3068 823 3318 865 mamona
3369 810 3681 880 iniquitatis.
3730 808 3820 865 Sic

2241 902 2382 957 enim
2418 903 2707 972 poterimus
2733 908 2787 955 ct
2812 899 3022 954 veniam
3065 907 3406 968 peccatorum
3432 910 3534 966 ,'et
3563 901 3821 969 promissa

2241 991 2496 1062 consequi
2524 990 2660 1046 bona
2687 1006 2702 1044 :
2733 989 2883 1060 queis
2910 988 3111 1044 utinam
3141 1003 3240 1043 nos
3268 1004 3460 1045 omnes
3501 991 3782 1061 dignemur
3800 1029 3818 1054 ,

2241 1083 2410 1154 gratia
2437 1091 2491 1137 et
2516 1081 2840 1149 benignitate
2880 1081 3090 1136 Domini
3120 1082 3288 1136 nostri
3312 1081 3442 1137 Jesu
3471 1082 3669 1139 Christi
3687 1123 3706 1149 ,
3734 1083 3821 1139 cui

2242 1173 2411 1246 gloria
2439 1183 2492 1228 et
2517 1172 2799 1245 imperium
2849 1171 2904 1227 iu
2933 1172 3125 1228 saeuis
3155 1173 3496 1230 saeculorum.

576 1299 3822 1339 Mm

1716 1383 2062 1447 HOMILIA
2103 1381 2302 1442 XLII.
2349 1382 2434 1442 al.
2484 1373 2709 1445 XLIII.

565 1538 692 1596 Car.
722 1536 808 1593 12,
847 1550 900 1590 v.
930 1535 1020 1590 33.
1051 1533 1152 1586 Aut
1177 1532 1327 1601 facite
1352 1529 1578 1583 arborem
1606 1528 1785 1580 bonam
1804 1563 1821 1589 ,
1848 1532 1894 1577 et
1919 1506 2138 1592 fructum

635 1631 743 1698 ejus
768 1628 986 1688 bonum;
1025 1632 1110 1677 aut
1141 1623 1289 1692 facite
1327 1619 1555 1674 arborem
1585 1616 1771 1670 malum
1794 1657 1807 1677 ,
1840 1626 1884 1666 et
1915 1617 2137 1683 fructum

633 1721 742 1789 q‘us
770 1718 991 1770 malum:
1015 1731 1077 1769 ea:
1104 1717 1271 1785 fructu
1295 1713 1426 1766 enim
1453 1711 1602 1763 arbor
1625 1707 1958 1778 cognoscitur.

633 1809 686 1864 1.
712 1807 915 1862 Rursus
945 1805 1064 1859 illos
1089 1803 1290 1872 pudore
1316 1801 1481 1854 afficit
1505 1841 1515 1861 ,
1553 1812 1649 1853 nec
1676 1807 1798 1852 sunt
1841 1796 1914 1848 illi
1961 1793 2135 1864 priora

562 1905 869 1968 argumenta
901 1893 1049 1948 satis.
1083 1891 1190 1946 [loc
1211 1900 1387 1944 autem
1413 1888 1576 1952 facit,
1607 1902 1712 1941 non
1752 1894 1809 1940 ut
1841 1899 1898 1940 se
1924 1900 1954 1938 a
1983 1884 2136 1952 culpa

557 1988 814 2056 defendat
841 1986 992 2056 (satis
1012 1985 1154 2039 enim
1185 1991 1364 2037 essent
1391 1996 1508 2049 quae
1531 1979 1639 2048 jam
1676 1977 1820 2031 dicta
1848 1973 2013 2046 sunt),
2043 1972 2137 2029 sed

568 2088 625 2132 ut
647 2078 763 2133 illos
787 2075 851 2129 ad
883 2073 1306 2130 emendationem
1332 2071 1577 2149 deducat.
1604 2065 1756 2137 Quod
1787 2077 1961 2121 autem
1989 2065 2135 2129 dicit,

566 2167 668 2222 hoc
702 2165 958 2235 significat
987 2181 1000 2219 :
1032 2163 1200 2218 Nemo
1235 2171 1471 2217 vestrum
1501 2169 1717 2223 curatos
1758 2155 2135 2225 reprehendit,

564 2258 715 2329 quasi
741 2273 864 2312 vere
889 2256 1057 2310 curati
1085 2269 1189 2307 non
1217 2262 1416 2314 essent,
1443 2266 1614 2321 neque
1633 2250 1786 2313 dixit,
1810 2249 2001 2302 malam
2025 2261 2137 2300 rem

555 2351 685 2406 csse
719 2364 751 2404 a
790 2349 1032 2404 daemone
1083 2345 1329 2400 liberare.
1381 2341 1610 2489 Etiamsi
1660 2343 1802 2396 etaim
1854 2336 2136 2393 admodum

566 2439 898 2489 imnudentes
926 2446 1108 2489 essent
1133 2475 1147 2489 .
1182 2435 1282 2488 hoc
1326 2432 1378 2487 di
1473 2447 1505 2488 e
1547 2446 1651 2486 non
1698 2439 1962 2489 poterant.
2005 2425 2136 2489 Quia

566 2439 898 2510 impudentes
926 2446 1108 2492 essent
1133 2475 1147 2499 ,
1182 2435 1282 2488 hoc
1326 2425 1505 2489 dicere
1547 2446 1651 2486 non
1698 2439 1962 2499 poterant.
2005 2425 2138 2500 Quia

567 2545 694 2601 ergo
714 2543 875 2599 opera
901 2531 1014 2597 ipsa
1037 2527 1311 2581 traducere
1338 2537 1445 2578 uon
1477 2521 1740 2587 valebant,
1769 2521 1861 2574 sed
1891 2519 2001 2572 haec
2020 2532 2141 2586 ope-

573 2632 779 2677 rantem
826 2619 1282 2675 calumniabantur
1310 2617 1327 2648 ⁸
1353 2614 1726 2681 ,χάριηοηειτθι
1749 2612 2138 2666 accusationem

566 2721 622 2765 ct
641 2726 758 2765 cum
789 2710 1056 2764 communi
1088 2706 1386 2770 ratiocinio,
1404 2714 1593 2759 etcum
1620 2718 1796 2757 rerum
1817 2715 2141 2768 consequen-

568 2803 641 2860 tia
661 2801 1067 2874 pugnare.Qnod
1091 2799 1316 2872 ingentis
1341 2797 1680 2869 impudentia:
1701 2805 1801 2863 est,
1823 2809 2013 2866 nempe
2029 2807 2134 2849 non

569 2894 728 2949 modo
756 2896 982 2963 maligne
1008 2907 1182 2959 agere,
1218 2891 1312 2947 sed
1332 2892 1492 2946 etiam
1511 2891 1596 2943 illa
1623 2888 1946 2943 comminisci
1976 2927 1991 2950 ,
2019 2904 2138 2958 qua:

570 2992 754 3037 contra
777 2996 1110 3037 communem
1131 2982 1364 3033 omnium
1392 2989 1621 3032 mentem
1644 2986 1891 3046 pugnant.
1923 2978 1999 3030 Ac
2021 2976 2141 3032 vide

568 3089 724 3142 quam
738 3083 887 3125 extra
908 3071 1300 3138 Contentionetn
1319 3069 1386 3122 sit
1404 3068 1455 3122 id
1467 3066 1604 3137 quod
1624 3069 1838 3136 profert.
1854 3067 1968 3121 Non
1996 3069 2139 3124 enim

568 3164 697 3218 dicit
725 3180 736 3214 :
772 3161 949 3215 Facite
975 3161 1222 3214 arborem
1246 3147 1444 3228 bonam
1470 3199 1486 3224 ,
1514 3159 1757 3227 quoniam
1791 3158 1992 3212 fructus
2021 3159 2140 3227 ejus

569 3255 738 3308 bonus
764 3263 883 3317 est;
930 3251 1020 3305 sed
1049 3254 1259 3320 egregie
1287 3250 1405 3304 illos
1429 3263 1682 3305 coercens
1702 3291 1716 3314 ,
1747 3259 1800 3304 et
1829 3260 2136 3305 mansuetn-
2176 3231 2183 3250 ’

571 3347 750 3400 dinem
781 3358 929 3397 suam
958 3353 1008 3397 et
1030 3343 1408 3410 impudentiam
1430 3357 1616 3397 eorum
1641 3342 2009 3397 demonstrans
2029 3345 2138 3402 ait:

569 3439 625 3494 Si
661 3453 820 3508 opera
853 3439 1009 3490 vultis
1038 3436 1426 3505 reprehendere
1452 3476 1466 3500 ,
1502 3453 1605 3489 non
1639 3427 1932 3505 prohibeo:
1965 3437 2140 3491 solum

574 3547 641 3585 ne
668 3531 733 3584 de
764 3531 828 3583 iis
856 3543 972 3595 quze
1003 3543 1102 3580 nec
1138 3527 1465 3589 consistere,
1496 3542 1595 3580 nec
1624 3537 2012 3594 consequenter
2037 3527 2142 3581 dici

575 3628 795 3692 possunt
818 3658 832 3680 ,
866 3633 950 3672 me
981 3618 1261 3671 accusetis.
1295 3616 1380 3670 Sic
1425 3617 1566 3670 enim
1591 3617 1784 3669 clarius
1816 3615 2141 3686 deprehendi

573 3716 817 3779 poterant
840 3715 1019 3759 contra
1044 3720 1128 3758 res
1146 3706 1598 3760 manifestissimas
1620 3704 1952 3774 imprudenter
1974 3705 2138 3773 loqui.

573 3802 753 3870 itaque
788 3799 980 3853 frustra
1011 3796 1390 3866 malignamini,
1418 3796 1605 3864 inquit,
1635 3810 1731 3848 nec
1761 3795 2142 3863 consequentia

573 3890 866 3961 iequimiui.
895 3888 1024 3942 Nam
1059 3879 1306 3940 arborum
1337 3885 1629 3940 diﬂerentia
1659 3900 1720 3939 ex
1753 3884 1923 3938 fructu
1956 3883 2146 3953 digno-

571 3984 754 4044 scitur,
796 3995 900 4035 non
932 3988 1103 4032 autem
1133 3977 1332 4032 fructus
1358 3976 1639 4030 ah‘arhore
1671 3993 1683 4029 :
1715 3992 1812 4030 vos
1840 3992 1968 4030 vero
1996 3992 2144 4031 con-

577 4073 793 4126 narium
821 4068 1009 4123 facilis.
1040 4068 1259 4122 Etiamsi
1286 4067 1424 4120 enim
1449 4067 1608 4121 arbor
1638 4065 1839 4120 fructus
1859 4068 1928 4121 sit
1955 4081 2136 4132 causa,

572 4172 804 4216 attamen
835 4160 1036 4214 fructus
1062 4158 1268 4212 arboris
1312 4157 1541 4224 speciem
1580 4156 1832 4210 declarat.
1855 4159 1922 4211 At
1948 4172 2139 4213 conse-

572 4270 739 4325 quens
765 4262 898 4316 erat,
931 4261 987 4306 ut
1013 4252 1126 4320 ipsa
1173 4263 1337 4316 opera
1368 4257 1420 4302 et
1463 4262 1561 4301 nos
1600 4247 1757 4300 simul
1784 4249 2139 4316 reprehende-

572 4348 701 4401 retis
725 4387 740 4412 ,
769 4344 924 4398 veLsi
947 4357 1106 4414 opera
1137 4340 1440 4403 laudaretis,
1475 4353 1570 4394 nos
1591 4347 1870 4406 operantcs
1901 4356 1965 4394 ne
1991 4341 2142 4395 incu-

573 4439 782 4492 saretis.
798 4433 944 4489 Nunc
965 4449 1091 4488 vero
1109 4432 1430 4488 contrarium
1450 4429 1618 4484 facitis
1639 4447 1651 4480 :
1672 4445 1795 4483 nam
1818 4445 1937 4484 cum
1958 4446 2137 4499 Opera,

572 4545 693 4599 qua:
724 4535 846 4580 sunt
875 4524 1104 4580 fructus.
1136 4523 1443 4578 calumniari
1474 4521 1783 4590 nequeatis,
1815 4523 2142 4576 contrarium

571 4629 756 4676 contra
771 4617 1019 4671 arborem
1045 4613 1193 4669 fertis
1213 4614 1494 4678 calculum,
1511 4611 1634 4666 dum
1652 4628 1737 4668 me
1756 4613 2140 4669 dmmoniaeum

574 4695 796 4772 vocalis,
827 4710 965 4776 quod
988 4717 1238 4761 extrusae
1268 4716 1346 4760 est
1373 4705 1670 4760 dementia.
1695 4705 1819 4760 Nam
1839 4707 1976 4774 quod
1998 4708 2142 4776 prius

573 4805 780 4861 dicebat
801 4844 816 4868 ,
847 4803 943 4856 hoc
973 4804 1128 4856 etiam
1158 4815 1297 4854 nunc
1323 4799 1512 4853 asserit
1539 4843 1552 4862 ,
1585 4813 1689 4852 non
1720 4815 1869 4866 posse
1895 4803 2140 4856 arborem

573 4900 765 4954 bonam
811 4896 1010 4949 fructus
1047 4895 1211 4948 malos
1251 4894 1424 4946 l'acere
1451 4934 1464 4957 ,
1517 4907 1688 4961 neque
1735 4894 1922 4946 malum
1974 4894 2141 4948 bonos

577 4993 786 5062 (Manu.
820 4990 873 5042 τ.
906 4990 1015 5057 iis).
1047 4987 1224 5053 Itaque.
1251 4987 1612 5040 accusationes
1654 5001 1835 5040 eorum
1864 4989 2030 5054 paiatn
2061 4999 2139 5040 cc:

576 5083 705 5136 niui!
738 5094 1086 5149 conss-quens,
1123 5079 1252 5130 nillil
1276 5078 1568 5133 secundum
1593 5086 1833 5131 naturam
1863 5094 2034 5132 rerum
2055 5079 2142 5133 ba-

575 5175 719 5228 bet'e.
752 5169 946 5224 lieistde
986 5169 1104 5237 quin
1133 5185 1236 5220 non
1273 5183 1363 5236 pro
1391 5184 1447 5222 se
1473 5212 1485 5231 ,
1516 5170 1607 5222 sed
1639 5186 1732 5234 pro
1754 5169 1948 5236 Spiritu
1982 5170 2137 5223 γει-δι]

575 5267 696 5319 facit
723 5304 735 5326 ε
771 5262 962 5316 acriter
988 5259 1252 5314 invehitur
1282 5259 1494 5313 dicens:
1524 5260 1613 5314 54.
1643 5259 1913 5328 Progeni-ss
1943 5263 2137 5320 vipera-

576 5370 706 5416 rum,
734 5353 981 5420 quomodo
1014 5353 1213 5419 potestis
1243 5352 1366 5402 bona
1391 5350 1541 5422 ioqui,
1572 5368 1682 5403 cum
1712 5353 1819 5404 sitis
1846 5355 1964 5405 man
1988 5355 2009 5405 ςιι
2032 5353 2139 5408 Hoc

575 5459 704 5498 vero
729 5445 885 5496 simu!
913 5451 964 5496 et
987 5443 1283 5495 accusantis
1311 5452 1410 5503 est,
1443 5452 1496 5496 et
1521 5442 1778 5498 dictorum
1807 5446 2140 5498 demonstra-

573 5539 772 5592 tionem
804 5537 922 5589 inde
955 5534 1254 5600 prementis.
1297 5534 1435 5588 Ecce
1479 5551 1703 5603 namque
1751 5551 1845 5589 vos
1869 5578 1882 5602 ,
1929 5538 2137 5605 inquit,

574 5643 694 5682 cum
723 5631 835 5678 sitis
863 5627 1080 5679 arbores
1111 5626 1260 5677 make
1280 5665 1297 5690 ,
1329 5641 1433 5678 mm
1479 5627 1696 5695 potestis
1738 5628 1873 5682 ferre
1915 5625 2136 5682 fructum

637 5763 654 5793 ³
693 5766 832 5813 Cutis,
865 5759 1100 5811 titubatum
1124 5772 1221 5808 esse
1242 5759 1473 5808 dicebant.

2241 1519 2459 1574 bonum.
2492 1520 2608 1576 Non
2639 1523 2980 1594 miror'ergo,
3005 1525 3145 1596 quod
3174 1516 3294 1581 talia
3321 1527 3612 1596 loquamini
3638 1543 3653 1592 ;
3683 1528 3826 1584 male

2239 1610 2436 1681 quippe
2462 1613 2672 1668 educati
2691 1615 2842 1681 estis,
2861 1630 2891 1670 a
2913 1616 3068 1670 malis
3089 1617 3517 1688 progenitoribus
3533 1619 3655 1684 orti,
3679 1634 3830 1672 men-

2239 1710 2456 1772 temque
2483 1703 2676 1758 malam
2705 1703 2930 1760 habetis.
2959 1705 3027 1760 Et
3050 1707 3170 1762 vide
3197 1722 3354 1777 quam
3380 1719 3629 1764 accurate
3651 1749 3666 1772 ,
3694 1710 3824 1762 nul-

2241 1789 2344 1845 lam
2390 1793 2633 1860 praebens
2661 1793 2764 1848 illis
2790 1809 2974 1848 ansam
3004 1835 3021 1861 ,
3067 1797 3432 1856 accusationes
3473 1797 3821 1868 disposuerit.

2240 1881 2354 1937 Non
2390 1885 2532 1938 enim
2561 1884 2694 1939 dixit
2727 1904 2742 1939 :
2771 1884 3050 1953 Quomodo
3070 1887 3300 1958 potestis
3325 1889 3460 1943 bona
3492 1889 3674 1959 loqui,
3695 1905 3826 1945 cum

2241 1974 2359 2028 sitis
2398 1975 2663 2044 genimina
2692 1976 3036 2046 viperarum?
3072 1977 3174 2032 hoc
3215 1981 3356 2034 enim
3388 1980 3518 2034 nihil
3546 1980 3613 2034 ad
3655 1981 3824 2042 illud:

2241 2063 2354 2128 sed,
2389 2065 2654 2131 Quomodo
2681 2069 2884 2137 potestis
2911 2069 3041 2124 bona
3065 2069 3225 2141 loqui,
3254 2073 3376 2126 ntali
3398 2089 3512 2126 cum
3539 2074 3651 2127 sitis
3669 2074 3695 2127 .’
3721 2073 3828 2129 Ge-

2241 2157 2440 2212 nimina
2469 2168 2646 2214 autem
2678 2161 2979 2230 viperarum
3022 2163 3169 2231 ipsos
3192 2164 3422 2228 vocavit,
3451 2166 3572 2234 quia
3599 2165 3669 2220 de
3692 2181 3826 2235 pro.

2238 2250 2571 2320 genitoribus
2594 2251 2980 2322 gloriabantur.
3028 2253 3330 2310 Ostendens
3354 2255 3516 2326 igitur
3555 2255 3688 2310 nihil
3721 2257 3826 2313 sibi

2239 2339 2364 2395 inde
2393 2341 2599 2396 lucrum
2641 2344 2918 2412 provenire
2941 2383 2958 2411 ,
2985 2346 3053 2400 ex
3086 2345 3313 2400 Abrahae
3352 2347 3671 2416 cognatione
3702 2348 3825 2404 illos

2241 2433 2397 2502 ejecit
2416 2451 2431 2498 ;
2453 2435 2818 2504 progenitores
2835 2446 3014 2492 autem
3039 2437 3278 2506 ejusdem
3308 2437 3500 2491 indolis
3529 2437 3620 2492 dat
3641 2439 3768 2505 illis,
3793 2455 3823 2493 a

2241 2523 2517 2580 nobilitate
2547 2526 2765 2593 pristina
2808 2527 3036 2583 nudatis.
3069 2527 3208 2582 Nam
3233 2545 3296 2584 ea:
3320 2530 3633 2583 abundantia
3657 2531 3827 2586 cordis

2242 2630 2298 2669 os
2348 2615 2584 2684 loquitur.
2635 2616 2732 2671 Ilio
2776 2632 2986 2688 quoque
3030 2635 3238 2673 rursum
3289 2618 3624 2675 divinitatem
3669 2637 3825 2676 suam

2241 2717 2625 2760 commonstrat
2648 2748 2661 2766 .
2689 2723 2805 2775 qua:
2826 2720 3029 2763 secreta
3055 2721 3372 2778 cognoscat;
3411 2711 3651 2780 sciatque
3680 2711 3828 2781 ipsos

2241 2810 2349 2852 non
2375 2797 2656 2854 verborum
2686 2809 2911 2865 tantum,
2942 2800 3036 2857 sed
3059 2801 3219 2858 etiam
3250 2802 3510 2858 malarum
3541 2804 3829 2875 cogitatio-

2243 2905 2369 2944 num
2413 2889 2675 2962 rationcm
2725 2891 3024 2946 reddituros
3043 2908 3196 2965 esse;
3231 2884 3504 2965 Deumque
3545 2896 3692 2963 ipsas
3737 2911 3833 2964 ωτ

2211 2971 2218 2981 Χ
2242 2993 2519 3052 gnoscere.
2543 2979 2678 3034 Dicit
2699 2995 2844 3044 vero,
2870 2995 3024 3049 posse
3041 2982 3200 3037 etiam
3223 2984 3462 3039 homines
3485 2984 3603 3040 hazc
3629 3000 3826 3049 nosse;

2244 3067 2366 3139 quia
2399 3070 2512 3124 lunc
2541 3082 2744 3124 natura:
2773 3075 3151 3142 consequentia
3177 3085 3278 3136 est,
3306 3084 3362 3128 ut
3388 3075 3435 3130 si
3471 3076 3614 3130 intus
3639 3077 3830 3147 nequi-

2245 3161 2316 3213 tia
2358 3161 2753 3228 superabundet
2778 3203 2792 3226 ,
2835 3177 2932 3232 per
2973 3165 3082 3218 oris
3121 3165 3278 3219 verba
3327 3165 3455 3221 foris
3501 3166 3828 3224 clIundatnr.

2245 3249 2427 3318 Itaque
2457 3264 2575 3303 cum
2618 3253 2851 3306 audieris
2879 3253 3148 3308 hominem
3194 3256 3331 3309 mala
3359 3257 3689 3327 loquentem,
3721 3276 3836 3316 non

2244 3341 2503 3411 tequalem
2533 3341 2703 3396 Solum
2745 3343 2794 3397 ei
2841 3346 3128 3413 nequitiam
3165 3347 3220 3400 in
3261 3345 3376 3415 ipso
3427 3348 3602 3403 inesse
3631 3362 3792 3419 putes
3817 3397 3833 3419 ,

2244 3446 2401 3501 quam
2418 3433 2578 3487 verba
2593 3433 2869 3498 exhibent;
2890 3433 2984 3490 sed
2999 3435 3153 3506 longe
3175 3437 3426 3507 majorem
3448 3454 3568 3496 esse
3582 3442 3799 3509 eortjice
3817 3460 3835 3498 :

2246 3521 2385 3589 quod
2417 3523 2559 3576 enim
2585 3533 2737 3575 extra
2768 3523 3053 3592 profertur,
3087 3527 3228 3581 intus
3257 3526 3609 3596 superetiluit.
3640 3529 3836 3586 \‘iden'

2248 3621 2403 3678 quam
2430 3611 2624 3665 acriter
2652 3611 2770 3665 illos
2799 3612 3073 3682 tetigerit?
3099 3613 3227 3668 Nam
3258 3615 3302 3669 si
3331 3616 3467 3671 dicta
3500 3633 3690 3672 eorum
3724 3630 3834 3676 tam

2247 3718 2408 3772 prava
2453 3714 2610 3771 sunt,
2641 3714 2696 3759 et
2734 3705 3024 3761 secundum
3068 3706 3268 3762 diaboli
3309 3719 3562 3771 mentem,
3592 3711 3749 3765 radis
3779 3721 3838 3769 et

2248 3794 2384 3858 fons,
2403 3810 2519 3864 qua:
2543 3797 2651 3848 sint
2674 3796 2865 3864 rugitu.
2886 3797 2998 3851 lloc
3022 3796 3200 3852 autem
3223 3799 3298 3853 sic
3321 3800 3630 3870 contingere
3651 3805 3829 3861 solet:

2249 3883 2422 3954 lingua
2444 3899 2585 3953 stupe
2614 3884 2811 3954 pudore
2835 3884 3069 3952 detenta,
3106 3902 3209 3942 nou
3241 3883 3438 3944 tan'tam
3466 3890 3628 3946 simul
3652 3896 3837 3962 ncqui-

2250 3975 2372 4030 tiam
2407 3973 2666 4030 ell‘undit:
2710 3965 3061 4044 cor'autem,
3107 3979 3190 4032 cui
3237 3980 3411 4034 nullus
3463 3980 3627 4040 homo
3681 3988 3836 4043 testis

2246 4069 2435 4134 adest,
2483 4069 2598 4122 sine
2648 4077 2790 4122 metu
2859 4084 3205 4140 qutecumque
3252 4071 3378 4125 velit
3423 4073 3560 4127 mala
3617 4077 3835 4146 gignit;

2247 4159 2415 4215 Deum
2445 4160 2639 4229 quippe
2675 4159 2801 4212 nihil
2847 4171 3018 4216 curat.
3046 4162 3304 4227 Quoniam
3345 4178 3472 4232 ergo
3502 4181 3562 4218 ea
3595 4184 3720 4236 qua:
3746 4169 3833 4224 di—

2247 4259 2458 4312 cuntur,
2485 4251 2536 4304 in
2561 4265 2781 4304 examen
2812 4251 3025 4305 veniunt
3052 4263 3104 4306 et
3131 4253 3378 4307 omnibus
3407 4265 3531 4309 sunt
3558 4259 3830 4327 exposita,

2248 4355 2342 4395 cor
2371 4353 2546 4396 autem
2573 4341 2701 4395 latet
2739 4351 2791 4397 et
2816 4342 2964 4413 quasi
2995 4342 3178 4396 umbra
3213 4343 3521 4399 obvolutum
3551 4358 3636 4402 cst
3659 4390 3674 4413 ,
3711 4350 3836 4406 ideo

2249 4433 2453 4485 minora
2493 4443 2618 4486 sunt
2661 4447 2778 4502 quae
2822 4448 2887 4488 ex
2930 4432 3106 4502 lingua
3149 4435 3556 4504 proﬁciscuntur
3581 4479 3594 4501 ,
3628 4453 3752 4510 quae
3781 4442 3836 4496 in

2249 4523 2409 4578 corde
2436 4524 2599 4580 latent
2645 4524 2862 4592 majora.
2896 4522 3028 4579 Cum
3075 4535 3252 4579 autem
3288 4527 3473 4596 ingens
3500 4531 3654 4599 copia
3687 4533 3837 4588 intus

2249 4624 2331 4671 est
2354 4629 2505 4683 ,ωειλ
2536 4631 2723 4684 magno
2756 4619 2952 4686 impetu
3003 4617 3262 4688 prodeunt
3304 4619 3390 4673 illa
3422 4600 3539 4690 qua
3569 4623 3835 4681 hactenus

2249 4695 2450 4764 occuita
2476 4716 2644 4765 erant.
2681 4709 2752 4764 Ac
2775 4709 2913 4764 sicut
2936 4709 2972 4762 ii
2998 4709 3090 4779 qui
3117 4719 3365 4775 vomunt,
3399 4710 3548 4767 initio
3580 4713 3836 4771 videntur

2250 4801 2551 4856 exilientes
2592 4801 2840 4856 humores
2878 4802 2928 4854 vi
2983 4799 3209 4855 retinere
3255 4801 3435 4866 velle;
3479 4819 3604 4858 cum
3649 4816 3831 4861 autem

2255 4896 2327 4948 vis
2350 4895 2435 4947 illa
2465 4894 2659 4955 deficit,
2681 4903 2806 4947 tunc
2833 4891 2973 4948 finde
2997 4893 3279 4948 admodum
3306 4893 3572 4963 prodeunt
3596 4914 3606 4948 :
3639 4897 3718 4952 sic
3741 4901 3831 4968 qui

2248 4985 2422 5055 panis
2447 4985 2682 5062 consiliis
2712 4983 2849 5054 pleni
2877 4993 3002 5039 sunt
3027 5027 3038 5043 .
3073 4986 3368 5053 proximum
3397 4986 3695 5044 maledictis
3726 5008 3830 5044 tm-

2249 5087 2453 5148 petunt.
2487 5079 2572 5132 55.
2604 5069 2776 5131 nam.
2806 5078 2973 5140 hoino,
3006 5078 3193 5148 inquit,
3220 5095 3280 5131 ex
3298 5078 3427 5132 bona
3456 5081 3696 5135 thesauro
3716 5099 3831 5136 cor-

2249 5173 2326 5224 dis
2351 5170 2428 5224 Sui
2459 5170 2650 5239 profert
2681 5171 2842 5223 bona:
2872 5181 2918 5223 ct
2959 5169 3122 5222 melus
3161 5171 3310 5224 homo
3339 5188 3401 5226 ea:
3426 5172 3560 5226 malo
3589 5175 3831 5230 thesauro

2249 5263 2417 5316 cordis
2445 5262 2524 5316 sui
2550 5263 2739 5330 profert
2766 5263 2917 5314 mala.

2306 5358 2373 5434 ἒξ.
2403 5376 2479 5432 Ne
2508 5388 2678 5446 putes,
2707 5377 2892 5447 inquit,
2930 5375 2980 5429 id
3012 5376 3062 5430 in
3096 5376 3247 5430 malis
3274 5385 3476 5430 tantum
3498 5378 3750 5442 evenire;
3775 5377 3824 5434 in

2249 5471 2400 5526 benis
2442 5470 2635 5539 quippe
2680 5468 2903 5538 idipsum
2955 5467 3184 5524 accidit:
3236 5469 3434 5523 etenim
3463 5468 3637 5538 major
3673 5469 3822 5523 intus

2247 5564 2415 5617 virtus
2440 5572 2540 5625 cst,
2570 5577 2726 5631 quam
2753 5560 2909 5616 verba
2931 5558 3235 5615 exhibeant.
3255 5559 3407 5616 Unde
3425 5561 3687 5630 arguitur,
3708 5562 3826 5617 illos

2250 5655 2453 5724 pejores
2465 5655 2622 5712 etiam
2635 5655 2973 5721 luisse,quam
2986 5651 3141 5707 verba
3156 5659 3533 5712 monstrarent,
3549 5650 3826 5722 ipsumque

2249 5751 2540 5815 meliorem,
2565 5764 2718 5820 quam
2735 5763 2795 5805 ex
2825 5747 2976 5803 dictis
3003 5745 3115 5816 ejus
3141 5753 3472 5819 argueretur.
3493 5741 3824 5803 nimum!!!
