4080 6466
295 493 400 549 455

294 620 470 665 autem
513 613 810 668 memorat,
844 614 1086 671 magnam
1136 599 1344 666 copiam
1393 598 1651 651 indicans.
1682 597 1882 650 Deinde

293 714 480 754 rursus
509 711 756 766 magnum
787 670 986 748 excitaOt
1017 691 1285 744 timorem.
1317 687 1394 743 Ne
1427 690 1640 756 putetis,
1677 688 1879 755 inquit,

293 805 400 843 non
429 789 567 842 ultra
598 784 835 855 procedi,
867 785 1024 851 inque
1056 780 1177 834 facti
1209 778 1656 834 condetnnatione
1685 778 1880 831 sisten-

290 880 418 934 dum
466 894 585 935 esse
630 877 937 946 negotium:
987 889 1110 928 nam
1157 880 1424 928 extremas
1462 870 1662 925 dabunt
1697 885 1881 939 poenas

289 979 552 1040 quotquot
600 969 721 1021 talia
769 966 1148 1035 perpetrariut.
1178 962 1361 1032 Neque
1388 961 1558 1026 dixit,
1590 961 1697 1014 Vos
1724 978 1737 1023 ;
1771 972 1879 1014 tum

289 1073 348 1116 ut
376 1076 562 1116 omnes
590 1059 845 1126 erudiret,
868 1066 975 1111 tum
1000 1073 1067 1112 ne
1092 1055 1373 1111 onerosior
1397 1069 1573 1110 sermo
1594 1064 1758 1108 esset.
1789 1053 1876 1109 36.

290 1154 420 1208 Dico
447 1162 612 1207 autem
634 1153 789 1216 vobis,
809 1150 1045 1220 quoniam
1066 1164 1211 1202 omne
1235 1148 1441 1201 verbum
1466 1148 1700 1210 otiosum,
1728 1145 1882 1215 quod-

289 1260 504 1315 cumque
552 1245 818 1312 loquentur
844 1242 1071 1295 Itomines
1089 1281 1104 1307 ,
1133 1241 1320 1294 dabunt
1341 1239 1406 1294 de
1438 1240 1528 1294 illo
1557 1241 1802 1292 rationem
1828 1239 1880 1292 in

287 1337 372 1389 die
397 1334 604 1404 judicii.
645 1335 884 1388 Otiosum
926 1343 1122 1398 autem,
1148 1331 1290 1400 quod
1317 1332 1392 1386 rei
1433 1347 1538 1385 non
1582 1329 1833 1384 convenit
1858 1372 1872 1389 .

288 1426 543 1492 mendax,
573 1425 974 1494 sycophantiam
998 1425 1278 1479 continens
1303 1438 1318 1486 ;
1348 1423 1455 1476 imo
1485 1423 1663 1488 inane,
1692 1431 1745 1475 ut
1763 1422 1876 1489 qui-

286 1517 410 1572 dam
439 1517 644 1582 dicunt,
671 1517 812 1586 quod
841 1515 1112 1586 profusum
1144 1517 1307 1568 risum
1333 1523 1564 1578 moveat,
1589 1514 1671 1568 vel
1704 1523 1873 1581 turpe,

288 1607 592 1678 impudens,
616 1608 897 1663 illiberale.
931 1608 1019 1661 37.
1057 1606 1135 1659 Er
1160 1607 1320 1660 verbis
1349 1605 1480 1659 enim
1508 1605 1604 1659 tuis
1618 1605 1878 1674 justi/ica-

285 1702 440 1767 beris,
466 1711 512 1755 et
539 1719 600 1754 ea:
627 1702 784 1754 verbis
810 1701 906 1754 tuis
926 1699 1354 1752 condemnaberis.
1387 1698 1572 1752 Viden'
1601 1712 1704 1751 non
1753 1711 1874 1750 mo-

288 1794 478 1849 lestum
505 1793 785 1862 judicium,
816 1794 1064 1860 levesque
1099 1793 1320 1859 poenas?
1349 1791 1530 1860 Neque
1550 1791 1692 1844 enim
1718 1806 1783 1844 ex
1812 1791 1875 1844 iis

284 1899 403 1954 qua:
439 1885 577 1939 alius
607 1884 672 1938 de
710 1893 760 1938 te
788 1884 921 1937 dixit
944 1925 958 1948 ,
992 1883 1086 1937 sed
1135 1899 1197 1936 ex
1231 1883 1294 1936 iis
1324 1897 1442 1952 qum
1485 1883 1596 1952 ipse
1626 1884 1873 1950 loquutus

282 1991 375 2040 es,
405 1976 571 2045 judex
602 1974 864 2030 calculum
895 1973 1060 2038 feret;
1094 1973 1232 2044 quod
1279 1974 1514 2028 omnium
1544 1975 1871 2044 e5tjustissiâ€”

282 2083 452 2122 mum.
487 2067 566 2134 Tu
592 2067 735 2120 enim
761 2076 815 2121 et
842 2064 1052 2120 dicendi
1084 2075 1139 2121 et
1164 2080 1268 2120 non
1313 2065 1521 2121 dicendi
1554 2076 1870 2136 potesnatem

283 2157 468 2213 habes.
493 2158 606 2212 Non
639 2160 797 2227 igitur
822 2173 916 2213 eos
943 2157 1032 2226 qui
1062 2157 1348 2210 calumniis
1392 2157 1720 2225 impetuntur
1748 2159 1868 2228 angi

278 2260 334 2305 et
366 2250 552 2304 timere
579 2264 674 2319 par
713 2257 797 2303 est
820 2291 834 2312 ,
864 2248 956 2303 sed
995 2262 1088 2304 eos
1114 2248 1202 2318 qui
1248 2247 1658 2302 calumniantur.
1688 2248 1872 2318 Neque

278 2344 423 2397 enim
455 2340 526 2395 illi
557 2349 819 2410 coguntur
841 2355 959 2394 sese
986 2355 1230 2408 purgare,
1252 2338 1394 2408 quod
1414 2338 1552 2392 male
1573 2338 1867 2405 audierint;

277 2431 376 2486 sed
407 2430 479 2494 hi,
511 2429 653 2500 quod
676 2431 814 2485 male
839 2430 1102 2484 dixerint:
1130 2431 1368 2500 ipsisque
1391 2445 1551 2484 omne
1577 2431 1867 2499 periculum

277 2521 543 2575 imminet.
571 2521 749 2586 Quare
775 2534 869 2574 eos
910 2521 1001 2589 qui
1033 2519 1171 2574 male
1211 2519 1480 2574 audierint
1523 2519 1651 2573 nihil
1681 2535 1870 2575 curare

272 2620 524 2682 Oportet:
563 2626 734 2681 neque
765 2612 904 2665 enim
942 2625 1129 2681 poenas
1174 2610 1378 2666 dabunt
1429 2625 1526 2680 pro
1570 2610 1868 2664 maledictis

271 2704 502 2758 aliorum
525 2719 538 2767 ;
570 2717 664 2757 eos
693 2711 868 2757 autem
895 2703 984 2771 qui
1012 2701 1390 2758 maledixerint
1416 2701 1605 2756 anxios
1632 2715 1751 2756 esse
1775 2716 1869 2771 par

271 2803 359 2848 est
386 2805 438 2848 et
473 2801 700 2847 tremere
720 2833 734 2857 ,
763 2801 944 2862 utpote
975 2794 1025 2846 in
1047 2792 1302 2860 judicium
1334 2794 1436 2847 hac
1467 2792 1535 2848 de
1564 2808 1623 2848 re
1650 2793 1867 2849 trahen-

272 2884 392 2938 dos.
424 2883 557 2938 Nam
583 2884 882 2938 diabolicus
907 2893 989 2938 est
1016 2884 1237 2952 laqueus
1261 2893 1538 2952 peccatum
1565 2885 1690 2940 illud
1721 2887 1864 2956 quod

269 2975 471 3029 nullam
502 2974 659 3028 habet
687 2973 1009 3044 voluptatem
1031 3015 1046 3040 ,
1079 2973 1170 3028 sed
1217 2973 1554 3030 solummodo
1588 2975 1862 3036 damnum.

270 3065 406 3120 Nam
440 3065 558 3119 talis
587 3064 748 3118 homo
771 3064 966 3118 malum
997 3065 1048 3118 in
1079 3064 1259 3119 animo
1291 3065 1595 3120 thesaurum
1621 3067 1859 3138 deponit.

267 3155 328 3208 Si
364 3168 493 3208 vero
523 3154 570 3208 is
609 3153 696 3223 qui
727 3168 949 3224 pravum
981 3153 1142 3208 habet
1184 3155 1462 3208 humorem
1488 3197 1503 3220 ,
1538 3157 1588 3209 in
1617 3158 1859 3213 morbum

238 3248 384 3317 .ipse
416 3246 599 3299 incidit
626 3287 639 3308 ,
671 3247 836 3298 multo
867 3247 1035 3316 magis
1065 3246 1154 3300 ille
1181 3247 1270 3315 qui
1302 3246 1406 3301 bile
1431 3246 1691 3302 acriorem
1724 3249 1773 3303 in
1802 3265 1861 3305 se

266 3339 559 3407 nequitiam
587 3337 927 3402 thesaurizat,
960 3346 1196 3392 extrema
1220 3339 1470 3408 patietur,
1489 3340 1610 3408 quia
1639 3354 1858 3410 gravem

264 3430 370 3482 sibi
421 3429 664 3483 morbum
711 3429 934 3498 paravit.
978 3428 1138 3498 quue
1186 3427 1525 3483 manifestum
1565 3437 1647 3484 est
1688 3445 1752 3484 ex
1794 3431 1858 3486 iis

266 3536 389 3589 quae
421 3521 534 3590 ipse
559 3529 788 3575 eructat.
827 3520 960 3575 Nam
990 3521 1034 3574 si
1072 3521 1208 3575 alios
1257 3529 1403 3576 tanto
1445 3523 1629 3578 dolore
1658 3524 1853 3592 afficit,

261 3611 433 3665 multo
460 3603 626 3681 magis
653 3613 883 3666 animam
917 3627 1066 3666 suam
1100 3613 1187 3666 illa
1218 3615 1534 3680 parientem.
1581 3617 1678 3682 Qui
1709 3617 1853 3670 enim

260 3702 485 3756 insidias
511 3711 678 3772 parat,
713 3704 944 3771 seipsum
969 3692 1198 3771 primum
1221 3704 1444 3757 occidit:
1484 3705 1746 3772 siquidem
1765 3707 1855 3775 qui

259 3795 438 3865 ignem
541 3798 736 3863 calcat,
808 3795 1041 3864 seipsum
1075 3795 1338 3849 comburit
1367 3812 1380 3858 ;
1410 3797 1570 3866 etqui
1600 3797 1852 3852 adaman-

260 3891 370 3937 tem
400 3884 643 3951 percutit,
673 3884 771 3936 sibi
802 3884 897 3951 ipsi
932 3894 1306 3939 nocumentum
1330 3886 1464 3952 parit
1488 3903 1502 3951 ;
1530 3901 1591 3940 ac
1615 3890 1701 3956 qui
1725 3903 1852 3942 cou-

258 3983 342 4027 tra
373 3973 644 4027 stimulum
675 3973 937 4038 calcitrat,
968 3974 1202 4042 seipsum
1230 3983 1492 4028 cruentat.

331 4063 587 4134 lnjuriam
617 4063 888 4134 inferentis
930 4065 1086 4117 multo
1131 4066 1272 4135 pejor
1311 4076 1382 4119 est
1422 4068 1644 4123 conditio
1686 4086 1840 4137 quam

257 4155 516 4222 patientis.
543 4184 614 4192 â€”â€”
635 4154 843 4208 Etenim
875 4154 961 4224 qui
997 4155 1153 4209 laesus
1184 4157 1391 4211 fortiter
1431 4159 1675 4227 iujuriam
1709 4163 1848 4217 ferre

259 4246 430 4307 novit,
461 4244 504 4297 is
531 4254 611 4297 est
636 4245 878 4310 adamas,
922 4245 1169 4299 stimulus
1198 4255 1251 4300 et
1284 4247 1417 4316 ignis
1451 4265 1463 4301 :
1493 4252 1580 4318 qui
1612 4266 1740 4304 vero
1768 4253 1848 4305 in-

247 4338 447 4408 juriam
479 4335 618 4391 ferre
648 4337 952 4399 meditatur,
979 4337 1088 4392 luto
1112 4338 1428 4394 imbecillior
1456 4350 1556 4395 est.
1581 4343 1694 4397 Non
1719 4360 1846 4414 ergo

256 4429 450 4497 injuria
479 4428 620 4481 afliei
667 4428 864 4482 malum
909 4437 1012 4492 est,
1055 4429 1147 4484 sed
1199 4430 1446 4500 injuriam
1479 4433 1692 4495 inferre,
1747 4452 1846 4491 nec

254 4535 418 4589 posse
475 4519 721 4587 injuriatu
777 4518 939 4574 ferre.
984 4520 1252 4586 Quantum
1307 4523 1464 4576 iazsus
1508 4536 1589 4578 est
1645 4527 1845 4579 David?

249 4611 520 4679 Quantum
563 4611 698 4664 lzesit
743 4611 910 4665 Saul?
955 4612 1086 4678 Quis
1132 4628 1260 4682 ergo
1307 4613 1491 4668 fortior
1537 4617 1844 4687 beatiorque

251 4703 396 4757 fuit?
426 4705 542 4773 quis
590 4706 872 4759 miserior?
902 4705 1087 4759 Nonne
1127 4707 1171 4760 is
1216 4709 1303 4776 qui
1335 4709 1508 4762 Izesit?
1549 4709 1680 4764 Rem
1717 4727 1843 4766 vero

251 4795 546 4863 perpende.
583 4794 859 4849 Pollicitus
905 4806 988 4849 est
1028 4796 1155 4851 Saul
1204 4799 1247 4852 si
1293 4797 1458 4851 David
1489 4799 1840 4871 alienigenam

251 4890 510 4952 vinceret,
551 4905 609 4944 se
641 4890 810 4956 ipsum
844 4890 896 4942 in
936 4904 1190 4958 generum
1231 4900 1646 4959 assumpturum,
1687 4909 1750 4948 ac
1778 4895 1840 4948 fio

250 4983 378 5036 liam
423 4996 576 5034 suam
633 4982 707 5035 illi
765 4981 1118 5038 libentissime
1164 4982 1412 5038 daturum
1471 4986 1563 5054 (i.
1600 4989 1720 5057 Reg.
1750 4990 1834 5043 i7.

247 5085 295 5127 et
329 5073 440 5143 18).
478 5073 840 5142 Alienigenam
874 5074 962 5126 ille
989 5074 1184 5128 occidit
1218 5075 1379 5129 :Saul
1400 5092 1524 5129 vero
1551 5089 1698 5145 pacta
1721 5079 1838 5132 vio-

248 5167 380 5222 lavit
404 5183 418 5221 1
446 5180 544 5219 nec
567 5167 726 5218 modo
751 5180 854 5219 non
884 5165 1030 5219 dedit
1062 5166 1224 5219 tiliam
1245 5165 1342 5236 (Î±),
1367 5169 1458 5221 scd
1494 5184 1678 5224 necem
1705 5186 1840 5240 quo-

241 5274 352 5328 que
397 5259 495 5327 ipsi
540 5257 962 5311 machinabatur.
1007 5256 1136 5324 Quis
1182 5271 1309 5326 ergo
1338 5259 1664 5327 splendidior
1705 5263 1840 5317 fuit?

245 5354 440 5404 Annon
473 5349 560 5400 ille
589 5362 818 5402 maerore
846 5348 1007 5401 animi
1052 5357 1106 5402 et
1130 5362 1296 5417 pravo
1323 5348 1566 5405 daemone
1609 5352 1838 5407 suffoca-

246 5438 425 5503 hatur,
475 5440 559 5491 hic
597 5454 724 5493 vero
756 5439 971 5508 tropaeis
1015 5448 1068 5494 et
1096 5440 1263 5510 gratia
1308 5441 1483 5496 divina
1517 5444 1632 5512 plus
1677 5459 1834 5514 quam

307 5680 380 5739 (Î·)
417 5681 553 5742 Atqui
573 5680 709 5747 dedit
728 5678 892 5729 Michol
918 5680 1060 5747 ï¬liam
1081 5693 1217 5747 suam
1240 5684 1288 5730 in
1309 5683 1586 5744 eonjugeru.
1606 5684 1696 5733 sed
1717 5692 1835 5747 puto

243 5740 641 5804 Ciirysostomum
658 5742 732 5790 hic
754 5755 957 5804 pronon
977 5743 1088 5804 data
1110 5744 1294 5792 habere
1329 5740 1587 5804 eaquua:
1608 5740 1835 5797 simulato

244 5801 429 5852 tantum
471 5803 581 5849 data
620 5801 726 5859 fuit,
756 5801 818 5851 â€˜ut
848 5802 940 5851 hoc
975 5802 1181 5852 allectus
1210 5805 1448 5854 bent-ficio
1469 5801 1621 5854 David
1649 5809 1834 5862 facilius

242 5871 340 5915 Hl'li
361 5885 437 5914 ttttt
457 5884 526 5915 ut.
550 5879 645 5917 tur.
663 5898 717 5905 --Î¿
736 5871 855 5918 \â€˜idtâ€˜!
883 5874 1052 5919 Î‘Î¹Î¹Î·Ï…Î¹.
1086 5872 1239 5920 l'lcid.
1268 5873 1325 5920 ad
1350 5887 1460 5936 pag.
1494 5872 1599 5919 454.

1257 483 1318 537 IN
1360 481 1765 538 ÎœÎ‘Î¤Î¤Î™Î™Î¹Î¹Î•Ï…Îœ
1810 481 2037 538 Î·Î¿Î´Î¹Î¹Î¹.
2083 482 2243 538 XLH.
2283 486 2354 539 al.
2402 486 2579 541 XLIII.
2638 545 2646 553 D

3484 491 3584 544 tibi

1992 597 2072 652 801
2094 598 2410 666 splendchat
2429 600 2452 651 ?
2471 599 2675 654 Rursus
2697 601 2836 654 circa
2863 599 3140 656 mulierum
3162 600 3382 655 chorum
3409 617 3585 657 uomze

1992 688 2080 742 ille
2124 690 2318 743 invidia
2349 689 2756 758 prtefocabatur,
2805 689 2889 743 hic
2934 690 3149 744 silentio
3176 690 3354 746 ferens
3381 695 3581 754 omnia,

1987 794 2177 833 omnes
2205 782 2442 841 attraxit,
2475 781 2683 851 sibique
2703 780 3018 847 conjunxit?
3046 781 3180 835 Cum
3208 794 3384 837 autem
3421 785 3582 838 David

1989 869 2137 925 illum
2165 886 2274 939 pra:
2305 871 2547 926 manibus
2575 871 2777 933 habuit,
2797 873 3001 941 ipsique
3029 874 3288 941 pepercit,
3317 877 3435 943 quis
3462 893 3582 929 rur-
3617 873 3628 886 â€™

1989 974 2104 1014 smn
2136 962 2320 1015 beatus
2349 974 2484 1025 erat,
2527 965 2646 1032 quis
2677 962 2876 1017 miser?
2905 965 3024 1032 quis
3069 965 3426 1019 imbecillior?
3465 967 3582 1036 quis

1929 1066 1942 1080 Â°
1989 1051 2210 1106 fortior?
2226 1051 2412 1107 Nonne
2435 1045 2617 1116 David,
2637 1055 2724 1122 qui
2745 1055 2890 1108 illum
2917 1070 3018 1108 non
3038 1055 3180 1109 ultus
3197 1067 3298 1118 est,
3315 1057 3418 1112 etsi
3438 1057 3581 1127 juste

1988 1144 2202 1212 posset?
2231 1144 2296 1198 Et
2321 1143 2440 1213 jure
2469 1144 2704 1214 quidem.
2730 1145 2858 1198 Nam
2884 1145 2972 1198 illc
3000 1156 3233 1199 armatos
3261 1147 3459 1202 milites
3489 1148 3584 1201 ha-

1989 1233 2168 1301 bebat,
2216 1234 2302 1290 hic
2328 1237 2585 1303 justitiam
2639 1237 2905 1290 sexcentis
2935 1237 3260 1291 exercitibus
3305 1237 3579 1294 fortiorem

1986 1327 2375 1383 auxiliatricem
2406 1329 2610 1382 habuit.
2655 1329 2886 1398 Ideoque
2912 1329 3117 1383 insidiis
3145 1330 3339 1399 injuste
3371 1333 3582 1402 impeti-

1987 1425 2091 1483 tus,
2125 1434 2191 1472 ne
2211 1418 2354 1487 juste
2393 1419 2605 1488 quidem
2636 1418 2800 1472 voluit
2831 1414 3036 1472 hostem
3065 1420 3330 1474 occidere.
3367 1422 3581 1477 Sciebat

1985 1511 2126 1564 enim
2154 1525 2219 1566 ex
2254 1511 2320 1564 iis
2354 1527 2472 1581 qum
2502 1503 2626 1566 ante
2661 1511 2985 1574 acciderant,
3019 1528 3122 1565 non
3164 1527 3286 1565 cum
3317 1515 3404 1583 qui
3441 1515 3580 1570 male

1985 1598 2129 1666 facit,
2172 1600 2266 1656 scd
2295 1616 2416 1656 eum
2447 1603 2536 1672 qui
2579 1602 2717 1658 male
2752 1603 2966 1671 patitur,
3017 1602 3242 1658 evadere
3275 1603 3574 1660 fortiorem.

1982 1691 2134 1757 Quod
2163 1701 2217 1747 et
2265 1693 2316 1745 in
2361 1692 2676 1761 corporibus
2725 1702 2780 1747 et
2831 1693 2882 1745 in
2924 1692 3207 1746 arboribus
3246 1693 3429 1750 videre
3470 1706 3574 1774 est.

1980 1781 2117 1849 Quid
2142 1796 2270 1851 ergo
2296 1784 2498 1837 Jacob?
2523 1798 2699 1836 annon
2727 1785 2884 1838 lsrsus
2915 1795 2994 1837 est
3024 1799 3052 1836 a
3083 1784 3318 1854 Labano.
3346 1796 3398 1838 et
3438 1788 3577 1842 male

1983 1889 2170 1943 passus
2198 1877 2323 1930 est?
2356 1876 2486 1944 Quis
2515 1891 2642 1945 ergo
2683 1876 2868 1931 forsior
2890 1879 2912 1930 â€™á¼°
2949 1893 3014 1930 an
3046 1878 3089 1929 is
3116 1879 3204 1946 qui
3233 1881 3374 1947 cepit
3405 1881 3574 1945 illum,

1981 1983 2080 2022 nec
2107 1984 2270 2024 ausus
2293 1980 2376 2024 est
2418 1950 2654 2040 tangere,
2686 1969 2780 2023 sed
2812 1970 2986 2022 timuit
3017 1986 3078 2022 ac
3111 1973 3343 2033 tremuit,
3378 1989 3446 2027 att
3489 1974 3576 2028 hie

1978 2058 2067 2127 qui
2093 2058 2209 2113 sine
2248 2060 2411 2114 armis
2436 2074 2499 2113 ac
2529 2060 2783 2113 militibus
2815 2061 2932 2129 plus
2964 2061 3037 2112 iili
3071 2059 3424 2116 formidabilis
3451 2063 3572 2128 fuit,

1977 2162 2135 2217 quam
2163 2163 2315 2218 reges
2347 2150 2491 2204 mille
2521 2148 2780 2204 fuissent?

2048 2241 2102 2295 5.
2145 2240 2484 2309 Con/irritatur
2511 2244 2684 2295 eadem
2734 2244 2904 2297 thesis.
2942 2242 3075 2296 Vitia
3103 2248 3346 2317 proximi,
3380 2249 3572 2301 etiamsi

1975 2346 2112 2397 vera,
2140 2349 2239 2385 non
2269 2333 2556 2387 revelanda.
2587 2333 2814 2387 Exantcn
2845 2338 3183 2390 conscientiw.
3215 2367 3281 2376 â€”-
3313 2337 3380 2394 Ut
3405 2341 3572 2407 majo-

1975 2438 2086 2480 rem
2137 2435 2316 2479 autem
2369 2425 2631 2482 dictorum
2680 2428 3196 2484 demenstratiotâ€˜tem
3243 2434 3393 2485 vobis
3436 2449 3570 2502 pra:-

1975 2513 2149 2580 beam,
2191 2515 2258 2570 ad
2300 2517 2470 2586 ipsum
2517 2519 2709 2573 iterum
2753 2518 2942 2587 David,
2975 2521 3066 2576 sed
3106 2524 3380 2577 contrario
3408 2526 3571 2580 modo

1972 2614 2288 2674 spectatum,
2323 2622 2626 2664 sermonem
2652 2620 3053 2667 convertamus.
3081 2612 3212 2667 Nam
3245 2615 3331 2670 hic
3359 2619 3448 2687 qui
3479 2617 3572 2672 lte-

1972 2708 2063 2749 sus
2105 2697 2402 2764 praevaluit,
2451 2712 2574 2752 cum
2616 2701 2753 2756 lmsit
2793 2711 3000 2771 postea,
3040 2704 3362 2761 imbecillior
3403 2708 3573 2763 factus

1970 2796 2069 2841 est.
2101 2788 2326 2854 Quando
2357 2789 2516 2859 igitur
2542 2790 2726 2847 Uriam
2769 2793 2929 2859 laesit,
2963 2804 3202 2850 mutatus
3225 2809 3308 2852 est
3332 2800 3487 2866 ordo,
3518 2811 3571 2856 et

1971 2878 2308 2936 imbecillitas
2355 2883 2406 2936 in
2457 2883 2778 2949 laedentem,
2831 2888 3001 2942 virtus
3049 2901 3227 2944 autem
3279 2893 3330 2946 in
3382 2894 3568 2949 laesum

1971 2971 2215 3026 transivit
2264 2975 2339 3046 (Îž.
2365 2975 2496 3046 Reg.
2529 2978 2618 3046 Î—)
2650 2996 2662 3031 :
2693 2993 2815 3032 nam
2865 2992 3112 3036 mortuus
3153 2983 3304 3039 Urias
3348 2987 3569 3043 Davidis

1967 3061 2184 3116 domum
2215 3065 2489 3133 ettpilavit.
2519 3066 2585 3120 Et
2626 3066 2712 3147 hic
2738 3069 2953 3138 quidem
2984 3086 3102 3125 cum
3143 3089 3233 3127 rex
3264 3084 3317 3127 et
3350 3076 3400 3130 in
3433 3079 3566 3133 vivis

1966 3161 2130 3218 esset,
2164 3154 2294 3209 nihil
2318 3159 2527 3227 potuit;
2565 3159 2652 3214 ille
2679 3175 2810 3215 vero
2833 3175 2950 3214 cum
2981 3163 3134 3217 miles
3161 3176 3321 3234 atque
3348 3168 3567 3224 interfe-

1966 3255 2082 3301 ctus
2109 3257 2272 3311 esset,
2303 3250 2447 3303 illius
2471 3253 2648 3305 omnia
2677 3253 2960 3308 subvertit.
2994 3255 3234 3311 Voltisne
3266 3268 3323 3312 ut
3350 3262 3566 3318 aliunde

1966 3350 2077 3390 rem
2110 3337 2257 3392 vobis
2277 3339 2558 3395 clariorem
2585 3339 2860 3396 efficiam?
2888 3344 3245 3415 Exploremus
3267 3363 3362 3404 eos
3388 3353 3476 3420 qui
3503 3369 3563 3407 se

1963 3427 2198 3498 legitime
2226 3430 2322 3484 ulti
2353 3441 2497 3485 sunt.
2528 3431 2660 3487 Nam
2698 3447 2813 3500 eos,
2843 3435 2932 3504 qui
2963 3435 3161 3505 injuste
3188 3439 3412 3506 lredunt,
3441 3457 3560 3497 om-

1963 3519 2109 3572 nium
2139 3533 2259 3574 esse
2289 3521 2598 3588 vilissimos,
2628 3522 2720 3593 qui
2748 3524 2985 3580 animam
3027 3541 3180 3581 suam
3209 3528 3424 3598 laedant,
3460 3551 3560 3588 ne-

1962 3610 2090 3663 mini
2132 3625 2236 3665 nou
2269 3613 2440 3681 palam
2471 3623 2573 3668 est.
2610 3614 2806 3670 Verum
2847 3619 2963 3687 quis
2996 3634 3055 3674 se
3074 3619 3223 3688 juste
3271 3623 3412 3678 ultus
3451 3637 3555 3692 est,

1962 3699 2346 3771 innumeraque
2372 3705 2623 3758 excitavit
2650 3706 2814 3770 mala.
2837 3709 3125 3778 multisque
3156 3712 3390 3779 seipsqu
3414 3716 3559 3768 cala-

1961 3793 2232 3848 mitatibus
2278 3794 2660 3866 doloribusque
2693 3799 2952 3854 involvit?
2985 3802 3198 3858 Davidis
3227 3804 3552 3880 dttx(Joab).

1959 3883 2054 3937 llic
2081 3885 2223 3938 enim
2252 3901 2417 3954 grave
2446 3888 2643 3942 bellum
2673 3893 2979 3958 concitavit,
3014 3905 3067 3947 et
3117 3883 3394 3953 innumera
3429 3915 3554 3968 pas-

1957 3989 2049 4029 sus
2074 3985 2157 4028 est
2185 3977 2344 4040 mala,
2378 3993 2602 4046 quorum
2631 3996 2700 4036 ne
2732 3998 2896 4037 unum
2926 3986 3141 4054 quidem
3166 3988 3477 4057 accidisset,
3510 3995 3553 4046 si

1957 4063 2073 4132 ipse
2101 4066 2345 4120 scivisset
2383 4067 2770 4136 pltil050phari.
2819 4072 3109 4142 Fugiamus
3152 4078 3328 4146 itaque
3361 4096 3550 4149 pecca-

1957 4164 2066 4210 tum
2106 4157 2236 4212 illud
2270 4177 2281 4209 :
2312 4174 2374 4213 ac
2403 4175 2500 4214 nec
2530 4162 2727 4226 verbis,
2756 4179 2853 4218 nec
2879 4165 3032 4222 factis
3074 4172 3319 4238 proximo
3360 4188 3553 4230 nocea-

1955 4262 2094 4304 mus.
2122 4248 2305 4319 Neque
2336 4252 2476 4305 enim
2505 4253 2660 4319 dixit,
2711 4254 2769 4310 Si
2811 4263 3152 4315 accusaveris
3182 4275 3234 4318 et
3255 4265 3343 4332 jus
3373 4268 3554 4324 dicere

1951 4341 2309 4409 compuleris;
2337 4342 2429 4396 sed
2463 4344 2802 4413 simpliciter,
2832 4347 2884 4402 Si
2917 4349 3054 4404 male
3083 4351 3304 4416 dixeris.
3340 4359 3549 4412 etiamsi

1953 4432 2200 4496 scorsim,
2248 4446 2518 4489 extremas
2543 4435 2697 4491 dabis
2731 4453 2938 4507 poenas.
2974 4441 3194 4498 Etiamsi
3239 4446 3288 4500 id
3319 4449 3460 4517 quod
3495 4461 3550 4506 tu

1951 4522 2083 4585 dicis
2105 4538 2288 4578 verum
2317 4527 2404 4589 sit,
2435 4527 2641 4581 etiamsi
2666 4543 2730 4583 ea
2760 4529 2825 4584 de
2849 4546 2910 4586 re
2939 4547 3228 4605 persuasus
3258 4540 3331 4592 sis
3356 4541 3394 4604 á½·,
3431 4557 3543 4610 poi-.-

1952 4628 2047 4667 nas
2075 4624 2250 4670 tamen
2279 4616 2450 4669 dabis.
2482 4617 2597 4671 Non
2627 4619 2769 4673 enim
2798 4636 2861 4675 ex
2895 4623 2958 4676 iis
3002 4640 3120 4693 qua:
3151 4628 3239 4682 ille
3269 4630 3411 4695 fecit,
3451 4636 3544 4688 sed

1949 4722 2014 4760 cx
2043 4708 2105 4760 iis
2128 4723 2247 4777 qua:
2279 4717 2331 4763 tu
2360 4708 2561 4774 dixisti,
2591 4714 2914 4768 sententiam
2945 4717 3087 4772 feret
3113 4721 3249 4776 Deus
3276 4740 3287 4776 :
3319 4723 3456 4778 Nam
3484 4745 3546 4782 ea:

1947 4799 2106 4852 verbis
2148 4803 2245 4853 tuis
2289 4800 2722 4869 condemnaberis,
2768 4805 2957 4875 inquit.
3001 4808 3118 4864 Non
3158 4813 3312 4868 audis
3360 4816 3544 4873 Phari-

1947 4902 2112 4942 sazum
2141 4906 2265 4946 vera
2290 4891 2565 4962 loquutum
2593 4910 2733 4956 esse.
2770 4901 3124 4971 omnibusque
3152 4915 3297 4969 nota,
3329 4925 3428 4963 nec
3449 4926 3544 4964 oc-

1947 4981 2088 5034 culta
2125 4984 2434 5039 revelasse?
2476 4986 2582 5041 Sed
2630 4998 2811 5044 tamen
2844 5000 3116 5048 extremas
3143 4995 3290 5051 dedit
3334 5015 3540 5068 ptenas.

1947 5069 2004 5124 Si
2033 5087 2160 5126 vero
2183 5072 2250 5128 de
2281 5074 2344 5129 iis
2368 5091 2486 5145 quae
2506 5080 2788 5148 perspicua
2812 5091 2940 5136 sunt
2968 5098 3074 5138 non
3107 5086 3229 5141 licet
3260 5104 3538 5157 accusare,

1945 5164 2113 5217 multo
2156 5167 2334 5221 minus
2378 5167 2448 5224 de
2490 5170 2706 5226 dubiis:
2739 5186 2860 5226 nam
2902 5175 3136 5242 judicem
3170 5178 3328 5233 habet
3368 5181 3413 5236 is
3452 5189 3540 5254 qui

1946 5257 2210 5322 peccavit.
2239 5257 2318 5313 Ne
2357 5260 2636 5330 praeripias
2665 5277 2794 5334 ergo
2825 5263 3093 5337 Unigeniti
3140 5275 3536 5329 auctoritatem.

1947 5346 2025 5399 Illi
2055 5347 2245 5401 solium
2274 5350 2456 5417 judicii
2490 5365 2819 5410 reservatum
2860 5368 2962 5411 est.
3005 5359 3109 5414 Sed
3156 5361 3233 5415 vis
3256 5364 3534 5431 judicare?

1944 5437 2040 5492 Est
2069 5439 2159 5492 tibi
2187 5441 2466 5510 judicium,
2495 5445 2721 5500 multum
2748 5459 3007 5517 qumstum
3040 5453 3304 5520 prmbens,
3329 5467 3382 5510 et
3410 5461 3535 5513 nulli

1942 5528 2230 5584 obnoxium
2263 5533 2494 5588 crimini.
2527 5535 2581 5590 ln
2627 5540 2952 5594 conscientia
2987 5551 3074 5597 tua
3120 5546 3382 5602 rationem
3426 5562 3536 5605 sta-

1944 5630 2032 5677 tue
2053 5623 2403 5694 judicantem,
2434 5629 2484 5683 in
2531 5632 2872 5702 mediumque
2898 5636 3070 5691 adduc
3103 5641 3282 5694 omnia
3314 5654 3528 5711 peccata

1945 5722 2050 5768 tua.
2098 5717 2305 5772 Animae
2353 5728 2454 5774 tum
2485 5733 2700 5791 peccata
2748 5728 3021 5792 examina,
3073 5742 3260 5787 exacte
3302 5736 3532 5792 rationes

2006 5881 2019 5908 Î¹
2059 5877 2242 5941 alorci,
2269 5881 2418 5931 Etiam
2445 5881 2485 5932 si
2509 5881 2594 5934 tibi
2616 5883 2793 5936 dicenti
2825 5900 2916 5937 non
2938 5890 3178 5942 creditum
3203 5894 3280 5943 sit.
