4080 6472
619 473 724 530 158

615 593 798 657 repete
818 592 873 641 ct
891 583 975 639 dic
998 600 1011 638 :
1037 582 1142 640 Cur
1169 581 1268 637 hoc
1295 581 1472 637 ethoc
1503 596 1660 636 ausus
1685 579 1778 636 es?
1807 579 1862 636 Si
1890 579 2003 634 htcc
2025 593 2176 634 recuo

613 684 712 741 set,
747 683 802 731 et
828 674 1050 728 aliorum
1077 672 1210 727 facta
1240 661 1494 742 exploret,
1524 672 1609 727 dic
1634 672 1706 726 illi
1737 690 1751 726 :
1776 669 1890 726 Non
1918 670 1985 725 de
2016 669 2096 725 his
2128 680 2176 725 te

613 766 808 835 judico,
837 780 935 821 nec
961 766 1031 821 de
1072 764 1154 820 his
1183 773 1286 819 tete
1314 764 1743 834 purgare'dcbes.
1771 762 1907 832 Quid
1934 765 2076 817 enim
2107 763 2171 818 ad

614 867 668 910 te
692 855 737 910 si
781 855 871 910 ille
908 855 1079 911 malus
1105 855 1220 910 est?
1247 853 1324 909 Tu
1353 869 1514 924 quare
1545 854 1644 909 hoc
1664 861 1717 907 et
1741 851 1869 906 illud
1899 854 2175 922 peccasti?

613 945 852 1002 Defende
893 954 963 1012 te,
1011 959 1077 1001 ne
1103 959 1359 1000 accuses:
1389 961 1504 1016 quae
1532 946 1599 1001 ad
1639 955 1689 1001 te
1728 955 1970 1016 spectant
1994 962 2166 1010 cures,

611 1049 715 1090 non
753 1035 944 1090 aliena.
983 1033 1240 1105 Saepeque
1278 1035 1420 1090 illam
1467 1036 1516 1089 in
1561 1035 1694 1090 hanc
1722 1035 2169 1091 concertationem

609 1127 800 1182 deduc.
845 1126 1065 1193 Deinde,
1113 1127 1156 1180 si
1189 1127 1316 1181 nihil
1359 1126 1783 1197 respondendum
1828 1127 2039 1193 habeat,
2073 1127 2166 1183 sed

607 1216 988 1287 subterfugiat;
1022 1216 1163 1272 illam
1195 1217 1417 1287 ﬂagellis
1450 1217 1616 1283 ctede,
1645 1219 1784 1274 sicut
1805 1219 2049 1276 ancillam
2077 1233 2168 1273 sn-

606 1307 821 1377 perbam
852 1317 908 1364 et
933 1310 1285 1372 meretricem,
1314 1318 1366 1363 et
1387 1308 1486 1362 hoc
1506 1308 1739 1378 quotidie
1753 1308 2009 1378 judicium
2039 1323 2168 1364 con-

602 1400 761 1455 stitue
797 1416 810 1454 :
841 1398 1082 1454 describe
1119 1398 1332 1453 ﬂuvium
1380 1400 1606 1469 igneum,
1650 1413 1885 1455 vermem
1930 1415 2164 1455 veneno-

601 1489 740 1551 sum,
769 1489 977 1558 aliaque
1019 1496 1274 1543 tormenta
1314 1506 1326 1542 :
1359 1503 1458 1543 nec
1501 1489 1644 1543 sinas
1681 1502 1799 1558 eam
1825 1486 2018 1544 deinde
2041 1503 2161 1544 cum

599 1580 810 1636 diabolo
835 1581 998 1643 coire,
1043 1594 1141 1634 nec
1169 1578 1307 1634 feras
1339 1578 1671 1648 impudenter
1706 1579 1784 1635 sic
1811 1579 2112 1649 loquentem
2143 1598 2156 1635 :

601 1670 695 1724 llic
731 1669 796 1724 ad
829 1685 914 1726 me
939 1669 1099 1731 venit.
1148 1669 1238 1724 ille
1267 1669 1485 1724 insidias
1513 1672 1688 1736 struit,
1717 1669 1803 1726 ille
1845 1684 1935 1726 me
1956 1677 2155 1736 tentat;

596 1761 690 1816 sed
713 1761 796 1816 dic
818 1760 890 1814 illi
911 1777 924 1812 :
943 1759 995 1815 Si
1020 1768 1073 1813 tu
1096 1759 1346 1820 nolueris,
1371 1759 1456 1813 illa
1481 1760 1659 1814 omnia
1686 1759 1950 1829 superﬂua
1976 1767 2152 1814 erunt.

595 1853 650 1906 Si
680 1867 888 1907 rursum
932 1851 1138 1915 dixerit,
1171 1850 1391 1922 Corpori
1420 1852 1660 1922 colligata
1699 1867 1836 1915 sum,
1867 1867 2030 1908 carne
2070 1853 2151 1907 in-

594 1941 739 2007 duta,
775 1941 828 1995 in
856 1940 1050 1995 mundo
1076 1955 1216 2005 sum,
1261 1942 1312 1995 in
1357 1949 1494 1996 terra
1521 1956 1706 1998 versor
1735 1960 1747 1995 :
1777 1941 1863 1998 dic
1890 1943 1962 1997 illi
1987 1960 2000 1996 :
2029 1943 2153 1999 Haec

592 2030 768 2085 omnia
794 2029 1041 2087 obtentus
1063 2039 1205 2085 sunt.
1236 2029 1368 2086 Nam
1396 2031 1482 2086 ille
1516 2046 1674 2086 carne
1701 2029 2033 2098 induebatur,
2065 2033 2154 2090 ille

593 2123 645 2175 in
692 2120 891 2176 mundo
926 2131 983 2176 et
1016 2121 1071 2176 in
1098 2129 1235 2176 terra
1263 2136 1479 2176 versans
1505 2122 1764 2193 praeclare
1791 2123 1920 2177 vixit
1949 2140 1961 2176 :
1993 2131 2047 2178 et
2096 2132 2151 2178 tu

590 2227 818 2283 quoque,
847 2225 964 2266 cum
991 2219 1135 2268 recte
1160 2212 1295 2282 agis,
1323 2227 1479 2267 carne
1503 2228 1562 2268 es
1588 2212 1789 2268 induta.
1829 2212 1882 2269 Si
1915 2213 2027 2270 haec
2053 2207 2148 2269 aii-

590 2305 739 2358 diens
761 2312 1003 2372 angatur,
1031 2317 1099 2358 ne
1125 2301 1405 2375 subtrahas
1434 2318 1645 2358 manum
1676 2321 1692 2358 :
1723 2317 1827 2358 non
1862 2305 2002 2358 enim
2029 2319 2150 2359 mo-

590 2393 772 2457 rietur,
795 2392 840 2446 si
865 2392 1209 2462 percusseris,
1231 2391 1340 2447 imo
1367 2391 1512 2447 illam
1538 2406 1567 2446 a
1593 2400 1763 2450 morte
1793 2391 2062 2448 liberabis.
2090 2392 2146 2449 Si

589 2496 798 2536 rursum
835 2480 1047 2546 dixerit,
1087 2480 1181 2539 Ille
1207 2497 1292 2538 me
1338 2481 1582 2550 irritavit,
1623 2483 1712 2539 dic
1740 2483 1813 2538 illi
1844 2482 1990 2539 :Scd
2027 2482 2149 2540 licet

587 2571 677 2624 tibi
704 2585 808 2625 non
838 2570 1069 2637 irritari;
1099 2585 1242 2641 saepe
1268 2571 1410 2627 enim
1438 2571 1570 2627 iram
1598 2571 1885 2641 superasti.
1912 2571 1970 2638 Si
1995 2571 2151 2628 dixe-

585 2665 673 2726 rit,
715 2663 860 2718 lllius
902 2663 1113 2720 femina:
1159 2664 1491 2735 pulchritudo
1533 2681 1620 2722 me
1655 2666 2019 2734 inﬂammavit,
2063 2667 2151 2723 dic

583 2755 655 2809 illi
684 2772 698 2808 :
727 2755 830 2812 Sed
857 2767 1068 2827 poteras
1096 2755 1198 2813 hoc
1223 2769 1494 2828 superare.
1523 2757 1670 2813 Alet-
1693 2759 1936 2830 exempla
1961 2773 2146 2815 eorum

583 2846 670 2915 qui
701 2845 754 2900 id
781 2855 1096 2916 superarunt
1116 2848 1156 2913 ⁸,
1183 2845 1315 2904 affer
1338 2847 1639 2919 exemplum
1665 2849 1852 2920 prima
1885 2849 2142 2918 mulieris,

582 2952 700 3006 quae
727 2936 881 3005 dixit,
926 2938 1146 3010 Serpens
1185 2939 1374 3009 decepit
1418 2955 1498 2994 me
1525 2939 1678 3010 (Gen.
1703 2941 1756 2996 ὅ.
1788 2941 1902 3011 i5),
1929 2955 2028 2998 nec
2065 2950 2145 2998 ta-

582 3042 702 3083 men
731 3028 953 3084 crimine
978 3028 1141 3083 libera
1169 3029 1281 3084 fuit.

649 3120 703 3174 ι.
734 3118 866 3174 Cum
897 3118 1009 3175 hanc
1037 3121 1275 3191 inquiris,
1302 3133 1461 3178 neruo
1479 3122 1637 3190 adsit,
1661 3137 1819 3179 nemo
1840 3125 2142 3193 perturbet,

579 3210 671 3266 sed
699 3209 1137 3280 quemadmodum
1175 3210 1378 3281 iudices
1406 3226 1544 3283 pone
1568 3213 1742 3270 velum
1779 3213 2028 3270 sedentes
2058 3216 2144 3285 ju-

579 3299 756 3354 tlicant
786 3297 880 3371 (a),
909 3299 986 3355 sic
1006 3308 1060 3356 et
1090 3309 1143 3354 tu
1169 3315 1267 3371 pro
1288 3301 1405 3362 velo
1431 3310 1637 3373 tempus
1663 3313 1714 3359 et
1746 3303 1920 3360 locum
1949 3304 2142 3375 quietis

577 3404 774 3460 quaere.
800 3389 933 3446 Cum
959 3398 1080 3461 post
1103 3403 1309 3447 caenam
1337 3393 1510 3463 surgis
1535 3434 1549 3459 ,
1576 3404 1631 3449 et
1656 3393 1850 3450 lectum
1883 3397 2141 3466 petiturus

576 3497 667 3549 es,
710 3482 813 3537 hoc
850 3481 1104 3553 judicium
1150 3481 1296 3539 ineas
1327 3502 1341 3537 :
1373 3483 1475 3540 hoc
1505 3493 1714 3556 tempus
1749 3487 1992 3544 idoneum
2017 3497 2136 3544 est:

577 3573 724 3628 locus
751 3587 879 3627 vero
915 3571 1082 3628 lectus
1105 3582 1188 3628 est
1215 3583 1270 3629 et
1295 3569 1573 3630 thalamus.
1613 3575 1744 3631 Illud
1785 3583 1841 3632 et
1879 3568 2138 3647 propheta

576 3663 752 3733 jussit,
779 3663 960 3718 dicens
988 3680 1002 3716 :
1034 3663 1161 3730 Quas
1185 3664 1349 3717 dicitis
1373 3670 1426 3717 in
1453 3664 1686 3718 cordibus
1712 3668 1905 3731 uestris,
1930 3668 1984 3719 iis
2004 3667 2143 3720 cubi-

575 3753 705 3808 libus
723 3753 894 3807 vestris
911 3754 1301 3822 compunginsini
1317 3751 1483 3824 (ρωι.
1499 3754 1552 3809 ι.
1574 3754 1650 3824 5).
1673 3753 1960 3810 Parvarum
1982 3757 2140 3811 etiam

574 3857 749 3900 rerum
773 3857 988 3914 magnas
1017 3845 1246 3898 rationes
1271 3844 1444 3914 exige,
1471 3859 1537 3899 ne
1557 3859 1804 3915 umquam
1827 3844 1893 3899 ad
1919 3859 2138 3915 magnas

573 3949 660 3989 res
685 3932 924 3989 accedas.
947 3931 1004 3989 Si
1033 3932 1134 3988 hoc
1155 3933 1389 4003 quotidie
1418 3931 1628 3999 feceris,
1653 3949 1775 3990 cum
1813 3933 2004 3990 ﬁducia
2021 3944 2138 3991 sta-

575 4025 656 4080 bis
683 4033 808 4079 ante
829 4023 1058 4078 tribunal
1086 4023 1211 4078 illud
1243 4017 1495 4080 terribile.
1525 4023 1614 4081 Sic
1641 4024 1836 4082 Paulus
1865 4041 2026 4098 purus
2053 4026 2136 4084 ef-

573 4116 741 4172 fectus
763 4123 883 4182 est;
913 4116 1034 4170 ideo
1059 4114 1266 4170 dicebat
1298 4135 1311 4169 :
1344 4115 1407 4170 Si
1423 4118 1750 4186 mtipsos
1763 4119 2133 4190 judicareunts,

573 4207 865 4277 non'utiqae
887 4206 1230 4274 iudicaremur
1258 4205 1277 4275 (
1303 4207 1354 4261 I.
1383 4206 1502 4262 Cor.
1527 4208 1620 4264 Jl.
1672 4209 1732 4264 Si
1751 4207 1795 4279 ).
1823 4208 1912 4266 Sic
1938 4208 2040 4266 Job
2070 4211 2136 4266 ﬂ-

573 4299 673 4354 lios
694 4312 818 4352 suos
846 4296 1096 4368 purgabat
1138 4296 1280 4366 (Job.
1312 4299 1363 4351 I.
1389 4294 1483 4368 5).
1512 4295 1644 4352 Nam
1671 4300 1758 4368 qui
1791 4314 1886 4369 pro
1913 4299 2136 4357 occultis

570 4389 824 4444 sacrilicia
851 4385 1127 4454 oﬂerebat,
1156 4375 1322 4442 multo
1349 4387 1517 4457 magis
1545 4400 1641 4457 pro
1667 4388 1959 4444 manifestis
1978 4393 2137 4446 ratio-

571 4497 667 4538 nes
691 4479 991 4550 expetebat.
1032 4480 1103 4536 At
1138 4494 1236 4535 nos
1261 4495 1364 4534 non
1406 4481 1476 4536 ita
1516 4477 1770 4547 facimus;
1797 4481 1889 4536 sed
1919 4483 2137 4538 omnino

571 4585 744 4628 secus.
771 4570 942 4626 Simul
961 4570 1102 4627 enim
1127 4581 1285 4640 atque
1311 4570 1696 4640 decumbimus,
1726 4573 2002 4629 stecularia
2022 4589 2138 4628 om-

573 4662 660 4718 nia
685 4661 737 4717 in
761 4669 938 4717 mente
961 4674 1271 4725 versamus;
1298 4666 1354 4716 et
1371 4660 1459 4714 alii
1486 4659 1698 4732 quidem
1725 4660 2134 4734 lmpmscogi.

631 4815 2134 4880 ιιια,αιινοεεπψισωωησκίδάωροναω,αρωηι

561 4875 1050 4945 inﬁmum!!!
1296 4938 1308 4945 .
1490 4938 1551 4945 --
1724 4937 1736 4945 .
1839 4939 1852 4945 -
1991 4942 2000 4945 _

630 4937 705 5004 (ἃ)
714 4940 930 5010 iudices
948 4939 1064 4990 olim
1085 4951 1212 5002 pone
1232 4938 1394 4990 velum
1415 4938 1674 5010 sedebant.
1694 4937 1767 4989 sic
1787 4939 2064 5010 Athanasius
2075 4948 2129 4990 τ.

569 5002 802 5074 θυμω
826 5015 840 5052 :
862 5012 1226 5074 etiam“.
1256 5013 1409 5065 qius
1433 5013 1568 5064 ριροο.
1601 5002 1702 5074 ipse
1723 5013 1833 5074 vero
1853 5002 2003 5074 debet
2023 5011 2132 5074 ante

567 5063 738 5123 edicit.
757 5068 810 5113 et
832 5077 879 5126 p.
901 5063 1114 5116 370:"
1131 5075 1182 5116 τε
1196 5063 1372 5124 μελέτα
1390 5075 1602 5123 ωερε-ς,
1624 5063 1787 5136 etesia
1807 5065 2039 5134 ecclesia.
2075 5067 2130 5115 In

569 5123 997 5176 analectisnostris
1016 5137 1066 5187 p.
1084 5123 1176 5174 580
1199 5137 1213 5172 :
1239 5134 1390 5186 caput,
1412 5141 1476 5175 τοῦ
1501 5124 1815 5186 mundat:
1839 5124 1944 5176 velt.

1053 5159 1175 5174 οννν
1199 5160 1213 5172 ⁸
1239 5159 1390 5186 Vw“
1412 5159 1476 5175 1w
1839 5159 1944 5176 ιιι..

1287 465 1340 524 S.
1378 465 1651 523 JOANNlS
1689 460 2156 523 ωιηεοετοω
2196 459 2512 520 ARCHIEP.
2551 466 3088 528 CONSTANTINOI’.

3754 477 3860 535 486

2293 574 2516 633 tationes
2560 578 2903 638 introducunt
2934 600 2949 648 ;
2981 583 3070 640 alii
3112 582 3313 641 funera
3336 622 3355 651 ,
3393 596 3543 655 pacta
3568 628 3585 655 ,
3624 597 3678 644 et
3706 603 3859 651 cum

2284 665 2472 724 ﬂuxas.
2502 668 2742 743 Cumque
2771 673 2931 728 ﬂliam
2961 674 3217 745 virginem
3243 675 3520 744 habemus,
3553 693 3671 735 eam
3702 695 3854 737 accu-

2282 765 2395 815 rate
2437 774 2750 820 servamus:
2781 765 3013 822 animam
3046 783 3172 824 vero
3194 809 3212 834 ,
3241 768 3393 825 nobis
3429 769 3532 825 lilia
3569 773 3852 841 pretiosio-

2280 865 2414 919 rem,
2439 853 2662 911 sinimus
2685 855 2934 914 fornicari
2959 867 3014 915 et
3037 859 3224 930 pollui,
3248 861 3439 918 multas
3465 863 3538 918 illi
3568 864 3736 919 malas
3760 881 3852 921 co-

2275 941 2558 1009 gitationes
2600 946 2946 1005 lmtnittentes
2975 967 2990 1004 :
3031 963 3094 1004 ac
3127 949 3241 1005 sive
3275 954 3513 1008 avaritiae
3540 968 3712 1021 amor,
3739 957 3854 1012 sive

2276 1030 2608 1102 deliciarum,
2629 1036 2745 1092 sive
2761 1035 3115 1095 formosorum
3137 1045 3443 1110 corporum,
3466 1043 3578 1099 sive
3600 1045 3712 1110 ira,
3737 1045 3854 1099 sive

2272 1121 2404 1176 alius
2424 1125 2595 1193 quivis
2613 1140 2764 1182 amor
2787 1126 2986 1185 intrare
3005 1129 3251 1199 voluerit,
3273 1132 3475 1200 apertis
3498 1133 3676 1201 jannis
3701 1133 3849 1188 illum

2270 1213 2566 1282 excipimus
2593 1225 2648 1272 et
2680 1216 3004 1274 advocamus
3023 1259 3038 1285 ,
3067 1227 3123 1275 et
3151 1219 3316 1276 libere
3344 1235 3464 1276 cum
3501 1220 3592 1282 illa
3631 1223 3842 1280 misceri

2269 1301 2511 1358 sinimus.
2543 1303 2660 1372 Quo
2687 1306 2815 1376 quid
2840 1308 3008 1379 magis
3034 1307 3342 1376 barbarum,
3373 1311 3613 1370 omnium
3645 1314 3831 1382 pretio-

2267 1390 2531 1448 sissitnam
2567 1396 2798 1450 animam
2827 1411 2858 1452 a
2890 1405 2966 1452 tot
3008 1399 3233 1454 mmchis
3260 1397 3510 1454 ftedatam
3539 1401 3840 1473 negligere,

2266 1489 2318 1536 et
2349 1483 2546 1538 tamdiu
2585 1495 2863 1542 coeuntem
2905 1487 3077 1543 donec
3118 1488 3193 1543 illi
3233 1489 3475 1544 exsatiati
3519 1489 3845 1549 fuerint?“

2263 1570 2402 1639 quod
2429 1580 2605 1628 tamen
2634 1590 2918 1647 numquam
2943 1576 3064 1636 erit.
3095 1577 3296 1633 Idcirco
3323 1578 3408 1632 ubi
3440 1593 3659 1634 somnus
3686 1580 3844 1636 inva-

2261 1662 2376 1728 dit,
2409 1670 2532 1720 tunc
2567 1675 2770 1723 tantum
2806 1667 3138 1734 abscedunt;
3180 1671 3288 1725 imo
3327 1685 3392 1725 ne
3421 1679 3544 1727 tunc
3573 1672 3788 1742 quidem
3825 1690 3842 1728 :

2261 1768 2384 1809 nam
2413 1757 2620 1811 somnia
2649 1758 2835 1814 eadem
2871 1759 2971 1830 ipsi
3001 1759 3283 1815 simulacra
3313 1759 3564 1816 oﬂ'erunt.
3595 1761 3843 1831 Quapro-

2257 1852 2378 1913 pter
2401 1845 2740 1903 illucescente
2759 1848 2869 1916 die,
2890 1863 3008 1919 qua:
3033 1848 3120 1904 illa
3151 1849 3428 1920 imaginata
3455 1861 3536 1906 est
3557 1851 3760 1917 anima,
3784 1853 3840 1907 in

2257 1947 2391 2003 opus
2414 1949 2560 2005 saepe
2579 1937 2785 1991 illarum
2809 1937 3096 2008 imaginum
3116 1951 3218 2008 ope
3238 1938 3461 1994 deducta
3481 1949 3582 1994 est.
3601 1939 3683 1995 'I‘u
3708 1957 3842 1996 vero

2255 2030 2308 2085 in
2345 2026 2597 2098 pupillam
2637 2027 2780 2084 oculi
2821 2043 2890 2085 ne
2918 2029 3196 2086 minimum
3224 2029 3438 2101 quidem
3481 2031 3718 2101 pulveris
3756 2033 3839 2088 in-

2253 2122 2402 2193 gredi
2427 2122 2558 2178 sinis
2581 2161 2596 2187 ,
2623 2120 2854 2177 animam
2880 2135 3010 2177 vero
3035 2129 3299 2177 tantorum
3339 2123 3601 2178 malorum
3639 2138 3840 2196 conge-

2257 2215 2387 2269 riem
2415 2213 2626 2270 trahere
2664 2212 2990 2284 negligenter
3019 2212 3255 2281 pateris?
3297 2211 3646 2281 Quandonam
3677 2214 3838 2286 igitur

2253 2302 2439 2358 sordes
2465 2301 2579 2356 illas
2603 2315 2735 2372 quas
2756 2301 2992 2371 quotidie
3017 2301 3303 2372 ingerimus
3325 2316 3543 2372 prorsus
3563 2302 3838 2373 deponere

2253 2391 2583 2462 poterimus?
2597 2390 2808 2460 quando
2829 2391 3010 2460 spinas
3029 2391 3374 2446 exscindere?
3391 2391 3606 2462 quando
3625 2394 3832 2450 semina

2247 2482 2470 2554 jacere?
2499 2482 2683 2538 Nescis
2704 2492 2759 2538 tu
2782 2521 2798 2549 ,
2827 2489 3040 2552 tempus
3080 2483 3274 2538 messis
3302 2483 3541 2539 instare?
3567 2482 3676 2540 Nos
3701 2499 3834 2541 vero

2251 2591 2320 2631 ne
2348 2575 2565 2632 novales
2591 2573 2804 2645 quidem
2833 2573 3008 2630 adhuc
3036 2575 3356 2630 curavimus.
3383 2573 3439 2630 Si
3470 2590 3599 2646 ergo
3623 2577 3834 2634 venerit

2250 2667 2480 2740 agricola
2505 2707 2522 2734 ,
2555 2675 2612 2722 et
2636 2680 2735 2721 nos
2761 2666 3079 2721 incusaverit
3098 2707 3112 2730 ,
3139 2665 3265 2737 quid
3293 2665 3569 2722 dicemus?
3587 2666 3717 2736 quid
3744 2681 3832 2724 re-

2248 2755 2668 2829 spondebimus?
2694 2756 2776 2811 An
2820 2757 3089 2812 neminem
3135 2757 3338 2812 semina
3379 2754 3592 2814 dedisse
3614 2756 3640 2809 ?
3667 2758 3830 2829 Atqui

2249 2847 2338 2903 illa
2366 2847 2602 2918 quotidie
2623 2846 2914 2917 jaciuntur.
2947 2848 3028 2901 An
3059 2847 3325 2902 neminem
3352 2848 3536 2916 spinas
3563 2848 3830 2905 succidis-

2245 2953 2304 2994 se
2322 2939 2348 2992 ?
2370 2937 2564 2993 Verum
2593 2935 3046 3007 quotidie‘falcem
3070 2937 3328 2993 acuimus.
3363 2939 3444 2992 An
3473 2953 3576 2997 nos
3598 2939 3829 2994 mula-

2247 3027 2393 3084 ribus
2420 3027 2608 3084 abduci
2649 3027 2793 3082 curis
2834 3035 2889 3082 et
2930 3027 3378 3082 necessitatibus?
3407 3028 3473 3083 Et
3505 3043 3674 3099 quare
3719 3043 3827 3085 nou

2247 3120 2471 3193 teipsum
2498 3119 2694 3174 mundo
2720 3117 3061 3174 crucilixisti?
3083 3116 3214 3173 Nam
3245 3119 3288 3173 si
3321 3119 3410 3175 ille
3437 3120 3610 3175 malus
3631 3129 3714 3176 est
3733 3122 3823 3192 qui

2246 3210 2373 3267 illud
2400 3209 2574 3264 solum
2601 3208 2796 3275 reddit,
2818 3208 2959 3279 quod
2988 3207 3089 3262 sibi
3115 3209 3299 3263 datum
3329 3206 3536 3275 fuerat,
3565 3209 3692 3279 quia
3717 3225 3826 3266 non

2243 3299 2530 3371 duplicavit
2556 3313 2848 3355 summam:
2869 3299 2960 3370 qui
2984 3297 3163 3353 datum
3189 3297 3544 3365 labefactavit,
3569 3299 3698 3369 quid
3724 3315 3828 3356 au-

2242 3389 2393 3447 diet?
2418 3388 2474 3446 Si
2502 3388 2590 3444 ille
2624 3387 2815 3459 ligatus
2849 3401 2916 3443 eo
2945 3385 3215 3458 projectus
3242 3393 3328 3442 est
3355 3387 3442 3442 ubi
3465 3387 3666 3443 stridor
3688 3387 3824 3446 deuo

2240 3481 2395 3548 tium,
2422 3477 2549 3550 quid
2575 3492 2674 3533 nos
2698 3477 2979 3548 patiemur,
3001 3475 3126 3530 dum
3154 3485 3424 3532 sexcenta
3448 3490 3536 3532 res
3554 3478 3826 3550 sunt’qna

2241 3585 2341 3629 nos
2359 3568 2426 3626 ad
2446 3570 2694 3624 virtutem
2711 3566 2946 3633 trahunt,
2969 3580 3172 3636 nosque
3199 3565 3490 3637 refugimus
3507 3575 3563 3622 et
3586 3570 3830 3639 segniter

2243 3661 2482 3732 agimus?
2501 3659 2639 3727 Quid
2660 3659 2803 3713 enim
2825 3671 2930 3712 non
2949 3655 3196 3735 idoneum
3216 3656 3286 3711 sit
3305 3655 3370 3711 ad
3389 3664 3438 3711 te
3453 3657 3786 3714 incitandum
3801 3659 3827 3713 ?

2242 3755 2433 3810 Annon
2459 3750 2611 3806 vides
2637 3764 2794 3825 quam
2825 3747 2947 3803 vilis
2969 3789 2984 3813 ,
3013 3763 3172 3817 quam
3199 3747 3402 3803 incerta
3427 3748 3498 3803 sit
3524 3747 3643 3804 hac
3673 3750 3827 3806 vita?

2239 3849 2466 3914 quantus
2495 3839 2582 3895 hic
2606 3839 2756 3894 labor
2781 3836 2896 3892 sit?
2933 3842 3162 3906 quantus
3200 3834 3403 3892 sudor?
3446 3835 3636 3893 Nonne
3675 3839 3821 3896 enim

2239 3934 2319 3989 sic
2347 3945 2434 3987 res
2458 3937 2561 3995 est,
2591 3937 2650 3983 ut
2673 3928 2841 3982 virtus
2859 3941 2980 3981 cum
3006 3919 3210 3991 labore,
3237 3933 3300 3982 et
3318 3924 3503 3981 vitium
3527 3927 3648 3982 sine
3671 3927 3823 3985 labo-

2239 4023 2386 4079 ribus
2405 4019 2658 4076 adeatur?
2676 4017 2732 4074 Si
2751 4023 2805 4072 et
2829 4017 2882 4071 in
2904 4014 3007 4070 hoc
3024 4022 3080 4070 et
3106 4015 3160 4070 in
3185 4014 3276 4070 illo
3295 4014 3446 4070 labor
3464 4025 3568 4082 est,
3590 4031 3692 4073 cur
3715 4033 3818 4074 non

2239 4113 2485 4168 virtutem
2515 4109 2667 4180 eligis
2691 4122 2810 4179 qua:
2844 4114 3047 4161 tantum
3078 4113 3335 4176 quastum
3361 4107 3543 4176 parit?
3571 4106 3688 4164 Imo
3715 4109 3822 4166 vir-

2239 4211 2378 4260 tutes
2393 4199 2634 4272 quaedam
2658 4204 2801 4264 sunt,
2827 4211 2945 4266 qua:
2969 4195 3172 4250 nullum
3197 4195 3394 4251 habent
3414 4195 3674 4253 laborem.
3704 4199 3819 4268 Quo

2236 4294 2420 4350 labore
2442 4288 2698 4346 utendum
2727 4295 2916 4342 utnon
2945 4285 3226 4342 maledicta
3255 4285 3515 4357 proferas,
3541 4303 3644 4345 nec
3670 4305 3816 4346 men-

2238 4383 2386 4439 tiaris
2405 4420 2421 4445 .
2455 4393 2554 4436 nec
2575 4379 2722 4449 jures
2743 4416 2760 4443 ,
2789 4385 2848 4430 ut
2876 4375 3009 4431 iram
3042 4375 3284 4446 proximo
3310 4375 3592 4431 remittas?
3618 4375 3814 4434 Contra

2237 4484 2368 4527 vero
2395 4468 2568 4524 facere
2593 4463 2916 4521 laboriosum
2941 4470 3044 4532 est,
3071 4478 3420 4534 magnamque
3443 4463 3599 4520 aﬂ’ert
3620 4467 3814 4524 sollici-

2239 4561 2498 4618 tudinem.
2523 4557 2652 4626 Qua
2678 4556 2838 4627 igitur
2861 4554 3018 4609 nobis
3041 4555 3145 4610 erit
3171 4555 3463 4619 excusatio,
3489 4569 3610 4626 qua:
3638 4559 3810 4623 venia,

2238 4653 2327 4724 qui
2357 4667 2425 4708 ne
2449 4649 2565 4706 haec
2591 4647 2804 4719 quidem
2835 4644 3011 4701 facere
3035 4645 3302 4700 velimus?
3325 4644 3460 4702 Hinc
3485 4661 3614 4702 vero
3640 4648 3815 4718 palam

2237 4741 2698 4814 est,«tano[iosiora
2717 4738 2804 4793 illa
2822 4751 2916 4808 per
2931 4734 3187 4792 desidiam
3203 4743 3258 4790 et
3271 4735 3570 4792 socordiam
3599 4752 3700 4792 nos
3729 4738 3809 4792 f-

2234 4851 2381 4910 gere.
2403 4834 2533 4903 Qua
2548 4831 2728 4888 omnia
2753 4829 3068 4900 cogitantes,
3091 4826 3378 4896 nequitiam
3403 4823 3694 4896 fugiamus,
3707 4825 3809 4882 vir.

2235 4937 2398 4985 tutem
2413 4925 2713 4994 diligamus,
2735 4927 2791 4974 ut
2812 4928 2866 4975 et
2888 4917 3171 4989 praesentia
3190 4925 3244 4971 et
3259 4914 3432 4972 futura
3461 4916 3599 4972 bona
3619 4929 3809 4973 come-

2231 5034 2477 5094 quamur,
2503 5014 2670 5087 gratia
2685 5022 2740 5068 et
2755 5010 3080 5079 benignitate
3095 5007 3305 5064 Domini
3330 5010 3495 5064 nostri
3511 5007 3643 5065 Iesu
3671 5008 3806 5064 Chri-

2230 5117 2321 5183 sti,
2337 5113 2420 5171 cui
2436 5109 2600 5183 gloria
2617 5115 2671 5161 et
2686 5103 2964 5174 imperium
2981 5101 3034 5158 in
3049 5101 3241 5156 saecula
3254 5101 3592 5158 seculorum.
3618 5103 3804 5158 Amen.

1664 5283 2002 5347 HOMILIA
2047 5286 2271 5349 XLIII.
2315 5283 2402 5346 al.
2447 5274 2668 5341 XLIV.

566 5409 694 5462 Car.
729 5405 814 5461 li.
846 5420 896 5459 v.
920 5403 1007 5460 38.
1035 5400 1178 5457 Tunc
1198 5404 1556 5474 responderunt
1580 5404 1625 5457 ei
1664 5403 1868 5475 quidam
1911 5406 1973 5458 de
2006 5407 2130 5459 scri-

637 5496 710 5551 bis
741 5505 786 5550 et
816 5493 1111 5555 Pharisais,
1141 5495 1355 5547 dicentes
1382 5508 1401 5548 :
1432 5492 1690 5564 Hagister,
1745 5495 1972 5549 uolumus
2012 5513 2042 5548 a
2087 5506 2134 5550 te

635 5590 834 5660 signum
859 5585 1043 5640 cidere.
1085 5585 1173 5640 39.
1206 5584 1303 5649 Qui
1344 5586 1598 5653 respondit
1625 5602 1645 5639 :
1675 5584 1940 5640 Generatio
1981 5602 2132 5655 prava

635 5689 680 5734 et
725 5677 955 5732 adultera
998 5677 1195 5747 signum
1245 5678 1442 5746 quierit,
1473 5687 1518 5730 et
1554 5677 1749 5748 signent
1788 5694 1889 5731 non
1935 5676 2135 5730 dabitur

639 5775 704 5838 ei,
731 5773 828 5826 nisi
846 5771 1038 5842 signum
1057 5769 1205 5825 Iona
1229 5769 1501 5840 propheta.
1706 5829 1709 5834 _

649 5867 695 5920 ι.
723 5863 856 5931 Quid
885 5863 966 5918 his
1011 5863 1240 5930 stultius,
1270 5861 1394 5932 quid
1423 5861 1589 5932 magis
1615 5861 1878 5930 impium?
1903 5860 2028 5915 I‘ost
2058 5866 2134 5914 tot

2237 5403 2494 5473 signa,-ac
2518 5396 2560 5451 si
2588 5393 2785 5449 nullum
2834 5390 3028 5444 factum
3081 5397 3246 5455 esset,
3288 5385 3468 5443 dicunt
3515 5403 3532 5440 :
3573 5386 3802 5443 Volumus

2239 5512 2271 5548 α
2300 5504 2348 5549 te
2369 5493 2568 5562 signum
2594 5486 2776 5541 videre.
2825 5483 2931 5537 Cnr
2960 5495 3087 5551 ergo
3113 5479 3227 5534 hac
3273 5479 3564 5535 dicebant?
3594 5479 3663 5538 Ut
3690 5494 3795 5536 car.

2240 5582 2398 5655 pendi
2421 5582 2594 5636 locum
2620 5577 2808 5631 iterum
2833 5572 3111 5626 baberent.
3133 5569 3267 5638 Quia
3286 5569 3428 5625 enim
3451 5570 3598 5639 ipsas
3625 5569 3796 5629 semel.

2238 5676 2318 5730 bis
2341 5683 2396 5728 et
2423 5669 2616 5740 sacpius
2658 5671 3008 5736 represserat,
3055 5669 3108 5716 et
3159 5659 3519 5730 impudentem
3577 5661 3796 5730 ipsorum

2237 5766 2467 5835 linguam
2514 5760 2783 5834 fraenarat,
2827 5753 2893 5809 ad
2940 5765 3100 5822 opera
3143 5764 3330 5806 rursus
3374 5752 3633 5806 veniunt:
3670 5746 3793 5818 quod

2235 5855 2501 5911 admirans
2525 5846 2844 5919 evangelista
2875 5857 3058 5899 rursus
3087 5839 3296 5897 dicebat
3324 5859 3337 5896 :
3369 5839 3517 5896 Tunc
3541 5836 3789 5909 respnde
