4080 6474
266 402 367 462 λετ

261 524 384 571 runt
405 511 456 570 ei
472 512 677 582 quidam
705 507 984 565 scribarum
1008 504 1208 577 signum
1232 509 1470 572 petentes.
1496 495 1662 563 Tunc,
1686 508 1858 565 quan-

266 604 502 665 dnuami
528 603 660 661 Cum
689 613 893 655 morem
938 609 1127 668 gerere
1144 633 1162 661 ,
1191 590 1373 648 mirari
1398 632 1413 657 ,
1445 588 1822 657 obstupescere
1842 625 1859 652 ,

266 694 524 754 recedere
573 689 874 762 oportebat,
907 696 1035 743 tunc
1060 700 1095 740 a
1120 680 1358 754 nequitia
1412 694 1517 735 non
1568 676 1858 732 absistunt.

265 785 588 842 Consideres
613 791 792 837 autem
818 777 980 835 velim
999 775 1163 831 verba
1188 771 1492 828 adulatione
1516 780 1571 824 et
1595 766 1863 822 derisione

267 876 442 947 plena.
457 871 850 944 Exspectabam
866 868 1007 924 enim
1030 866 1133 922 hac
1152 865 1359 921 ratione
1376 876 1437 918 se
1450 861 1597 916 illum
1616 858 1864 930 pellectu-

268 981 359 1023 ros
384 978 527 1022 esse.
559 962 625 1019 Et
651 976 794 1017 nunc
818 958 1036 1030 quidem
1074 953 1399 1012 contumelia
1421 950 1658 1006 afﬁciunt
1677 991 1693 1015 ,
1722 963 1864 1004 nunc

261 1065 445 1111 autem
492 1050 817 1112 adulantur,
843 1062 983 1104 nunc
1028 1042 1422 1107 dtetuoniacutn
1462 1048 1689 1107 vocant,
1718 1052 1864 1093 nunc

262 1147 577 1217 magistrum
593 1184 607 1207 ,
636 1150 921 1211 utrunque
950 1138 1092 1193 malo
1115 1136 1295 1193 animo
1312 1173 1329 1199 ,
1355 1132 1566 1188 etiamsi
1595 1129 1862 1186 contraria

264 1235 411 1292 dicta
438 1235 565 1291 sint.
596 1231 723 1288 Ideo
739 1231 801 1292 in
819 1229 941 1285 illos
960 1226 1307 1285 vehementer
1331 1223 1618 1279 invehitur.
1640 1219 1863 1288 Quando

263 1322 445 1383 autem
476 1325 625 1379 illum
656 1333 848 1392 aspere
877 1314 1294 1387 interrogabant,
1316 1325 1373 1369 et
1394 1311 1719 1368 contumelia
1747 1307 1864 1364 afﬁ-

263 1416 498 1483 ciebant,
532 1411 812 1467 moderate
838 1423 961 1466 cum
1008 1407 1114 1462 illis
1150 1404 1502 1475 loquebatur;
1535 1416 1656 1456 cum
1683 1408 1861 1454 autem

264 1496 643 1572 adulabantur,
664 1501 861 1557 acriter
886 1508 941 1555 et
963 1512 1086 1555 cum
1111 1496 1275 1553 multa
1302 1492 1658 1556 vehementia,
1680 1498 1863 1546 osten-

265 1598 405 1655 dens
432 1611 493 1652 se
519 1604 745 1665 utroque
772 1592 864 1648 illo
886 1581 1081 1647 aﬁ'éctu
1112 1604 1235 1646 esse
1262 1587 1599 1659 superiorem
1632 1604 1646 1640 :
1676 1599 1737 1639 ac
1766 1599 1863 1640 ne-

266 1703 373 1761 que
415 1697 541 1742 tunc
594 1686 647 1739 in
696 1685 837 1745 iram,
872 1681 1205 1749 concitatur,
1231 1694 1405 1751 neque
1446 1693 1514 1733 ex
1560 1675 1865 1733 adulatione

264 1779 540 1837 delinitur.
572 1774 706 1832 Vide
731 1786 910 1831 autem
941 1771 1392 1844 obiurgationem,
1412 1782 1532 1840 quae
1554 1782 1663 1823 non
1688 1764 1865 1823 solum

262 1868 569 1927 criminatio
608 1867 678 1923 sit
696 1905 713 1933 ,
757 1879 942 1921 verum
988 1865 1150 1919 etiam
1189 1858 1576 1929 demonstratio
1613 1857 1865 1929 nequitia

265 1975 473 2017 eorum.
501 1956 641 2025 Quid
673 1956 819 2011 enim
848 1954 958 2009 ait?
988 1952 1255 2009 Generatio
1297 1948 1437 2015 inata
1462 1958 1510 2004 et
1534 1948 1768 2003 adultera
1780 1949 1865 2026 ⁹εἱ-

261 2067 421 2122 gnum
442 2047 640 2121 quierit.
662 2046 717 2103 ld
745 2052 825 2101 est
845 2063 861 2101 ε
882 2044 1021 2113 Quid
1042 2043 1234 2098 mirum
1264 2042 1309 2098 si
1334 2040 1450 2097 haec
1467 2037 1749 2095 adversum
1774 2052 1864 2093 me

264 2143 475 2210 facitis,
526 2140 616 2212 qui
655 2139 831 2195 adhuc
875 2137 1029 2193 vobis
1073 2144 1233 2191 notus
1285 2149 1391 2189 non
1443 2146 1598 2199 sum,
1647 2128 1864 2202 quando

260 2248 391 2303 erga
414 2232 650 2295 Patrem,
673 2228 825 2301 cujus
846 2226 1096 2298 potentia:
1124 2234 1266 2281 tanta
1290 2224 1657 2296 experimenta
1676 2221 1864 2278 habui-

263 2325 383 2390 stis,
415 2322 646 2391 idipsuni
679 2319 923 2375 fecistis?
947 2316 1079 2372 Nam
1113 2317 1203 2371 illo
1246 2316 1436 2372 relicto
1456 2354 1473 2382 ,
1496 2314 1564 2369 ad
1588 2313 1862 2370 daemonas

262 2416 599 2480 currebatis,
629 2422 900 2469 amatores
928 2425 1126 2483 pravos
1169 2408 1540 2473 attrahentes;
1569 2406 1710 2477 quod
1750 2405 1861 2463 fre-

260 2520 493 2583 quentet:
511 2509 616 2563 illis
644 2506 894 2564 Ezechiel
923 2505 1122 2575 probro
1147 2503 1343 2573 νει·ιὶι(
1366 2501 1553 2557 Eaech.
1578 2501 1648 2557 16
1667 2501 1713 2572 ).
1737 2499 1862 2555 llaec

258 2612 441 2657 autem
470 2598 719 2666 dicebat,
749 2595 1041 2653 ostendens
1068 2610 1130 2651 se
1158 2608 1281 2649 cum
1314 2592 1475 2649 Patre
1512 2591 1819 2648 consentire
1840 2632 1858 2659 ,

259 2695 517 2766 ipsosque
564 2692 694 2747 nihil
744 2689 1018 2747 insolitum
1068 2685 1285 2748 facere;
1313 2699 1613 2756 arcanaque
1663 2684 1865 2740 mentis

258 2785 502 2855 ipsorum
542 2782 780 2846 revelat,
811 2780 954 2851 quod
982 2793 1174 2852 nempe
1199 2791 1323 2833 cum
1347 2774 1682 2831 simulatione
1699 2782 1860 2845 atque

260 2888 317 2933 ut
361 2876 561 2932 inimici
589 2874 640 2930 id
669 2882 931 2945 peterent.

364 2967 597 3023 Christus
638 2982 695 3021 se
764 2962 914 3019 Patri
981 2963 1227 3035 aqualem
1296 2960 1529 3016 ostendit.
1556 2988 1629 3001 -—-
1656 2956 1860 3015 Idcirco

262 3059 385 3114 illos
421 3057 822 3129 generationem
861 3070 1073 3126 pravam
1115 3061 1291 3119 vocat,
1322 3052 1443 3123 quia
1482 3051 1672 3122 ingrati
1718 3065 1861 3106 sem-

262 3166 358 3220 per
385 3158 511 3205 sunt
537 3163 663 3219 erga
689 3146 991 3211 beneﬁcos;
1020 3155 1077 3202 et
1109 3144 1154 3199 si
1189 3143 1325 3198 bene
1354 3157 1475 3197 cum
1514 3142 1618 3196 illis
1661 3140 1858 3211 agitur,

259 3240 474 3313 pejores
498 3238 667 3304 ﬁunt;
690 3236 831 3308 quod
856 3246 935 3292 est
960 3244 1213 3291 extremae
1235 3234 1621 3303 improbitatis;
1650 3232 1861 3287 adulte-

260 3348 377 3388 ram
411 3346 541 3387 vero
579 3330 821 3395 vocavit,
851 3338 909 3383 et
932 3328 1161 3397 priorem
1188 3335 1243 3381 et
1271 3336 1587 3396 praesentem
1615 3323 1865 3379 incredu-

258 3425 464 3479 litatem
518 3420 857 3490 signiﬁcans;
914 3419 1053 3474 unde
1095 3420 1287 3475 iterum
1336 3416 1569 3472 ostendit
1622 3431 1680 3471 se
1715 3416 1862 3470 Patri

258 3516 518 3585 aequalem
539 3529 681 3579 esse,
709 3511 969 3582 siquidem
992 3510 1043 3564 id
1068 3509 1221 3571 illam
1237 3509 1530 3563 adulteram
1554 3508 1696 3573 facit,
1718 3507 1859 3576 quod

258 3610 365 3666 sibi
393 3624 500 3665 non
527 3606 729 3664 credat.
786 3604 984 3660 Deinde
1010 3612 1127 3671 post
1154 3605 1267 3658 haec
1296 3600 1533 3656 convicia
1555 3641 1569 3665 ,
1598 3600 1725 3670 quid
1752 3594 1860 3653 ait?

265 3700 376 3756 Nec
393 3700 597 3770 signum
621 3696 823 3751 dubitur
844 3699 908 3761 ei,
932 3695 1028 3749 nisi
1047 3694 1244 3764 signum
1269 3691 1419 3746 J0me
1439 3693 1715 3760 praphetat.
1742 3673 1860 3743 Ja'in

262 3804 569 3848 sermonem
598 3787 667 3843 de
695 3787 1090 3842 resurrectione
1139 3782 1410 3851 priemittit
1429 3822 1444 3847 ,
1474 3795 1646 3849 exque
1696 3778 1860 3849 ﬁgura

262 3879 570 3937 conﬁrmat.
592 3875 731 3944 Quid
759 3875 938 3945 igitur.
970 3872 1201 3942 inquies,
1237 3885 1412 3925 nonne
1442 3870 1651 3939 signum
1677 3868 1858 3923 datum

263 3980 350 4028 est
372 3968 466 4026 ei?
493 3968 607 4024 Non
635 3966 815 4022 datum
843 3973 926 4019 est
971 3962 1191 4033 petenti.
1227 3962 1339 4015 Non
1370 3961 1512 4029 enim
1544 3970 1599 4014 ut
1628 3960 1745 4013 illos
1776 3960 1859 4013 in.

264 4064 508 4129 duceret,
534 4063 683 4131 signa
708 4059 935 4114 faciebat
970 4075 981 4108 :
1011 4055 1216 4111 sciebat
1244 4054 1386 4109 enim
1418 4053 1540 4107 illos
1566 4064 1862 4108 exczccatos

264 4170 423 4220 esse;
454 4152 550 4209 sed
582 4162 637 4207 ut
664 4151 799 4205 alios
827 4148 1157 4204 emendaret.
1192 4145 1289 4201 Vel
1318 4146 1419 4200 hoc
1444 4143 1737 4201 dicendurm
1755 4152 1858 4209 est,

268 4248 351 4305 vel
379 4247 476 4309 sic.
507 4248 649 4313 ipsos
675 4257 867 4311 nempe
896 4244 1104 4311 signum
1147 4254 1252 4294 non
1295 4248 1609 4309 accepturos
1636 4252 1756 4292 (βεδε
1787 4236 1861 4291 illi

267 4336 464 4392 simile.
488 4334 705 4405 Signum
730 4332 923 4403 quippe
949 4332 1129 4388 datum
1154 4330 1257 4384 illis
1277 4338 1360 4386 est
1384 4327 1598 4400 quando
1618 4329 1859 4397 castigati

267 4429 385 4499 ejus
428 4406 717 4497 petentium
749 4434 1035 4482 noverunt.
1062 4424 1159 4480 Hic
1188 4424 1367 4494 itaque
1390 4424 1561 4477 minas
1592 4422 1861 4477 intentans

270 4522 529 4592 loquitur,
557 4520 661 4574 hoc
686 4520 857 4590 ipsum
888 4517 1251 4585 subiudicans,
1281 4531 1344 4571 ac
1370 4516 1415 4569 si
1442 4515 1646 4570 diceret
1676 4531 1688 4565 :
1722 4515 1860 4569 Sex-

268 4622 427 4669 centa
472 4610 728 4667 beneﬁcia
766 4609 986 4671 contuli,
1028 4609 1230 4663 nullum
1277 4623 1462 4663 eorum
1491 4621 1588 4662 vos
1624 4592 1858 4673 attraxit,

270 4716 450 4773 neque
477 4699 719 4755 voluistis
744 4699 1035 4770 potentiam
1057 4713 1231 4753 meam
1252 4698 1495 4752 adorare.
1523 4698 1624 4752 Per
1650 4706 1864 4752 contra-

268 4796 347 4852 ria
376 4808 505 4864 ergo
530 4791 866 4862 cognoscetis
902 4790 1266 4846 fortitudinem
1296 4804 1490 4853 meam,
1522 4804 1643 4844 cum
1674 4789 1861 4842 urbem

269 4887 508 4942 excisam
540 4881 777 4939 videritis
797 4924 812 4945 ,
839 4882 1052 4952 quando
1082 4881 1382 4937 destructus
1420 4895 1622 4947 muros,
1652 4880 1865 4950 quando

272 4975 530 5045 templum
569 4975 852 5030 maceriam
907 4974 1186 5037 eﬁectum,
1216 4972 1427 5041 quando
1467 4988 1533 5028 ex
1570 4974 1787 5027 civitate
1813 4982 1866 5028 et

270 5066 600 5124 exlibertate
632 5065 853 5133 pristina
882 5064 1187 5120 excideritis
1208 5082 1223 5129 ;
1245 5074 1298 5119 et
1326 5078 1509 5119 rursus
1536 5072 1783 5120 extorres
1812 5072 1865 5119 et

272 5156 481 5229 profugi
503 5155 698 5226 ubique
722 5154 981 5210 errabitis.
1022 5155 1147 5210 Haec
1170 5156 1363 5226 quippe
1389 5156 1565 5211 omnia
1598 5170 1717 5226 pOSt
1745 5173 1862 5211 cru-

272 5267 392 5308 cem
433 5249 567 5305 facta
610 5260 752 5304 sunt.
782 5248 909 5306 Haec
955 5264 1082 5320 ergo
1124 5249 1275 5304 vobis
1318 5266 1415 5319 pro
1452 5251 1618 5323 signis
1662 5251 1866 5319 magnis

272 5350 452 5400 erunt.
484 5340 617 5396 Nam
646 5348 791 5397 certe
827 5342 1119 5409 maximum,
1158 5342 1287 5397 illud
1330 5352 1412 5397 est
1456 5344 1697 5412 signum,
1724 5342 1865 5412 quod

276 5434 420 5489 mala
443 5434 678 5502 ipsorum
706 5432 923 5487 immota
956 5442 1203 5487 maneant
1226 5474 1240 5497 ,
1272 5432 1413 5501 quod
1459 5433 1753 5487 innumeris
1777 5447 1867 5486 co-

279 5524 551 5588 nantibus,
582 5537 742 5577 nemo
762 5523 929 5593 possit
966 5522 1167 5602 mederi
1207 5522 1361 5576 malis
1386 5538 1503 5591 quae
1535 5524 1587 5575 in
1610 5523 1865 5576 ultionem

278 5619 409 5688 ipsis
450 5617 686 5671 immissa
711 5625 853 5672 sunt.
895 5615 1001 5672 Sed
1042 5616 1159 5671 haec
1196 5618 1407 5687 quidem
1436 5618 1524 5673 ille
1552 5634 1656 5673 non
1700 5618 1864 5683 dicit,

280 5724 466 5764 verum
506 5708 758 5776 relinquit
784 5724 845 5763 ea
882 5717 941 5762 ut
967 5709 1265 5778 insequenti
1308 5719 1546 5779 tempore
1573 5709 1702 5777 ipsis
1725 5710 1867 5763 clara

279 5802 509 5861 evadant
538 5820 550 5856 :
580 5801 791 5859 interim
820 5816 946 5857 vero
986 5802 1389 5858 resurrectionis
1417 5817 1718 5859 sermonem
1760 5812 1863 5859 tru~

1255 386 1324 444 1N
1362 379 1772 442 MATTIIEUM
1810 376 2039 439 HOMIL.
2081 376 2261 437 XLIII.
2303 380 2374 434 al.
2416 379 2600 437 XLIV.

3471 386 3571 442 43:3

1968 500 2099 559 ctat,
2126 509 2284 563 quem
2315 496 2498 551 scituri
2531 505 2687 553 erant
2728 512 2824 568 per
2863 498 2998 553 mala
3046 498 3191 570 ipsos
3233 503 3570 571 postmodum

1994 581 2262 639 invasam.
2290 584 2380 639 40.
2409 585 2557 641 Sicut
2597 588 2730 640 enim
2769 588 2868 655 [uit
2895 587 3077 651 Jonas.
3111 590 3302 661 inquit,
3326 591 3378 645 iu
3406 592 3574 647 ventre

1968 672 2063 727 ceti
2102 672 2262 727 tribus
2307 674 2480 728 dit-bus
2502 686 2551 730 et
2575 677 2737 731 tribus
2763 677 2991 737 noctibus
3012 720 3033 746 ,
3059 680 3135 733 sic
3180 683 3275 734 erit
3312 691 3359 735 et
3405 681 3574 738 Filius

1970 764 2189 819 hominis
2216 767 2269 818 in
2294 768 2447 819 corde
2468 775 2616 822 terra
2642 768 2802 822 tribus
2828 767 3004 825 diebus
3040 782 3087 825 et
3115 771 3276 829 tribus
3318 774 3568 831 noctibus.

1971 854 2042 910 Se
2077 869 2505 911 resurrecturum
2533 858 2680 914 clare
2720 873 2826 914 non
2867 859 3037 924 dixit,
3070 876 3139 917 ne
3162 877 3222 917 se
3249 864 3569 930 irriderent;

1968 944 2047 999 sic
2066 954 2245 999 autem
2296 946 2685 1015 subindicavit,
2716 958 2775 1004 ut
2797 949 3020 1005 credere
3064 962 3283 1021 possent
3330 968 3392 1009 se
3439 942 3597 1009 illud

1972 1036 2322 1103 prmscivisse.
2374 1036 2525 1103 Quod
2574 1053 2733 1107 porro
2768 1050 3009 1107 nossent,
3049 1042 3301 1097 dixerunt
3328 1044 3395 1099 ad
3425 1044 3583 1100 Pila-

1971 1133 2082 1179 tum
2117 1142 2137 1179 :7
2162 1124 2411 1181 Seductor
2445 1127 2535 1181 ille
2575 1129 2704 1182 dixit
2733 1130 2852 1183 dum
2878 1132 3048 1184 adhuc
3072 1133 3285 1201 viveret,
3316 1134 3445 1190 Post
3463 1146 3573 1191 tres

1968 1215 2078 1269 dies
2104 1232 2366 1287 resurgam
2397 1219 2415 1288 (
2444 1217 2631 1274 Matth.
2658 1218 2749 1275 27.
2778 1220 2849 1276 65
2869 1222 2910 1289 ).
2943 1221 3277 1293 Quamquam
3324 1225 3570 1297 discipuli

1970 1307 2072 1361 hoc
2100 1306 2440 1376 ignorarent;
2470 1322 2592 1363 nam
2622 1321 2777 1366 antea
2808 1312 3053 1367 rudiores
3079 1313 3187 1369 illis
3211 1325 3366 1372 erant
3393 1334 3407 1369 :
3439 1333 3579 1389 qua!

1972 1405 2189 1466 propter
2220 1396 2273 1453 hi
2302 1413 2368 1454 ex
2408 1414 2502 1454 sua
2529 1400 2765 1469 ipsorum
2794 1404 3317 1461 sententia‘damnati
3349 1418 3494 1464 sunt.

2039 1488 2095 1542 2.
2129 1488 2361 1545 Christus
2390 1506 2519 1555 vere,
2549 1501 2595 1545 et
2623 1508 2725 1547 non
2754 1495 2921 1563 specie
2948 1505 3145 1549 tantum
3178 1514 3359 1567 passus
3396 1510 3489 1565 est,
3513 1512 3571 1555 ut

1972 1580 2206 1634 Marcion
2230 1568 2578 1638 contendebat.
2593 1582 2799 1640 —Vide
2818 1594 2997 1641 autem
3022 1588 3292 1654 quomodo
3320 1590 3448 1646 illud
3473 1606 3568 1647 ac-

1969 1683 2156 1730 curate
2182 1674 2500 1750 subjgc‘icet.
2531 1676 2646 1731 Non
2668 1677 2811 1732 enim
2842 1677 2994 1746 dixit,
3031 1678 3082 1734 in
3125 1690 3264 1736 terra
3284 1720 3301 1749 ,
3332 1683 3427 1737 sed
3451 1724 3469 1750 ,
3499 1683 3569 1739 In

1968 1765 2120 1820 corde
2140 1765 2326 1828 τετηιῆ
2349 1777 2404 1820 ut
2429 1775 2484 1821 et
2530 1766 2837 1836 sepulcrum
2861 1766 3143 1828 indicaret.
3168 1778 3225 1826 et
3253 1786 3413 1827 nemo
3452 1772 3570 1830 hanc

1968 1858 2150 1927 specie
2182 1864 2388 1929 tantum
2418 1857 2556 1914 facta
2577 1858 2942 1928 suspicaretur
2965 1858 3064 1933 (α).
3099 1860 3231 1916 Tres
3250 1871 3428 1919 autem
3449 1864 3570 1935 dies

1970 1949 2092 2006 ideo
2135 1948 2422 2017 concessit,
2468 1960 2525 2005 ut
2555 1957 2825 2005 mortuum
2856 1950 3021 2029 fuisse
3048 1952 3197 2007 illum
3232 1954 3565 2012 crederetur.

1966 2041 2083 2096 Non
2113 2042 2256 2097 enim
2282 2057 2354 2099 ex
2380 2057 2539 2098 cruce
2575 2051 2778 2097 tantum
2807 2042 2859 2098 id
2896 2032 3247 2099 conﬁrmatur
3275 2054 3331 2102 et
3353 2062 3418 2101 ex
3448 2048 3567 2103 visu

1967 2136 2206 2191 omnium
2229 2178 2243 2201 ,
2272 2136 2366 2191 sed
2408 2137 2569 2190 etiam
2598 2152 2665 2191 ex
2693 2135 2902 2191 dierum
2945 2151 3193 2192 numero.
3216 2136 3351 2193 Nam
3380 2154 3565 2195 resur-

1966 2229 2192 2285 rectioui
2220 2228 2380 2284 fidem
2408 2227 2585 2284 facere
2609 2226 2841 2285 debebat
2860 2238 3092 2299 tempus
3109 2238 3271 2286 omne
3302 2246 3564 2301 sequens;

1966 2334 2098 2375 crux
2127 2334 2254 2373 vero
2282 2320 2382 2374 nisi
2400 2318 2565 2374 multa
2598 2326 2725 2374 tunc
2768 2317 3045 2374 habuisset
3098 2321 3426 2387 testimonia,
3456 2340 3563 2377 non

1966 2408 2167 2467 credita
2208 2408 2396 2463 fuisset
2429 2409 2512 2465 :si
2550 2422 2657 2462 non
2687 2422 2842 2474 crux,
2888 2423 2987 2464 nec
3016 2412 3337 2468 resurrectio
3360 2412 3566 2469 credita

1967 2498 2175 2555 fuisset.
2209 2498 2336 2555 Ideo
2376 2499 2591 2571 signum
2612 2509 2766 2555 vocat
2794 2498 2947 2555 illud.
2989 2499 3044 2556 Si
3068 2511 3246 2557 autem
3277 2504 3567 2560 cruci"xus

1966 2606 2073 2647 non
2101 2590 2309 2660 fuisset,
2343 2608 2446 2648 non
2474 2592 2713 2648 dandum
2734 2591 2873 2649 foret
2911 2594 3144 2665 signum.
3188 2596 3311 2651 Ideo
3340 2597 3564 2668 ﬁguram

1966 2686 2018 2740 in
2048 2685 2285 2741 medium
2329 2686 2565 2750 adducit,
2612 2696 2669 2769 ut
2712 2688 2907 2742 veritas
2953 2686 3226 2744 credatur.
3273 2691 3562 2760 Dicmihi,

1963 2796 2169 2853 qumso,
2194 2796 2263 2837 an
2284 2782 2563 2853 phantasia
2585 2792 2698 2836 erat
2724 2781 2888 2837 Jonas
2917 2769 2967 2836 in
2994 2792 3179 2839 ventre
3203 2785 3344 2839 ceti?
3370 2784 3565 2840 Verum

1964 2874 2015 2927 id
2043 2873 2224 2929 dicere
2253 2889 2360 2929 non
2387 2875 2579 2944 possis.
2610 2874 2750 2944 Ergo
2782 2889 2955 2945 neque
3001 2875 3274 2930 Christum
3306 2876 3359 2929 in
3402 2878 3569 2933 corde

1966 2977 2123 3021 terra:
2150 2965 2317 3022 fuisse
2347 2981 2532 3036 neges.
2577 2965 2763 3036 Neque
2792 2966 2935 3021 enim
2977 2973 3137 3037 typus
3174 2966 3229 3021 in
3264 2968 3490 3024 veritate
3513 2978 3572 3025 et
3626 2949 3640 2964 ’

1964 3061 2164 3115 veritas
2198 3061 2250 3114 in
2302 3060 2577 3127 phantasia
2621 3068 2724 3113 est.
2753 3058 2877 3114 Ideo
2928 3058 3126 3128 ubique
3169 3069 3398 3115 mortem
3450 3060 3567 3131 ejus

1965 3151 2360 3214 annuntiamus,
2396 3151 2449 3203 in
2482 3146 2771 3220 mysteriis,
2811 3148 2863 3203 in
2894 3150 3237 3219 baptismate,
3266 3152 3319 3206 in
3341 3151 3570 3224 aliisque

1964 3244 2238 3297 omnibus.
2272 3240 2475 3298 Idcirco
2500 3252 2553 3297 et
2594 3230 2793 3297 Paulus
2833 3243 3113 3312 splendida
3165 3260 3297 3302 voce
3318 3247 3519 3312 clamat
3550 3266 3565 3301 :

1971 3333 2099 3388 Mihi
2128 3344 2296 3387 autem
2342 3333 2471 3388 absit
2500 3334 2716 3405 gloriari
2760 3335 2858 3389 nisi
2898 3337 2952 3390 in
2980 3353 3133 3393 cruce
3177 3337 3385 3394 Domini
3409 3344 3571 3398 nostri

1965 3425 2090 3481 Jestt
2116 3425 2304 3483 Christi
2333 3425 2486 3497 (Gul.
2516 3427 2568 3482 6.
2613 3426 2740 3498 ﬂ).
2773 3425 2927 3485 Unde
2963 3429 3304 3488 manifestum
3319 3442 3424 3498 est,
3455 3434 3571 3489 dia-
3598 3438 3605 3445 ’

1965 3516 2071 3570 boli
2104 3517 2243 3571 tilios
2293 3532 2415 3572 esse
2442 3532 2538 3572 eos
2592 3518 2680 3587 qui
2732 3517 3015 3573 Marcionis
3057 3521 3244 3576 morbo
3288 3522 3568 3593 laborant,

1965 3625 2085 3664 cum
2124 3611 2207 3663 illa
2234 3608 2470 3675 doleant,
2509 3624 2628 3679 quas
2678 3625 2746 3665 ne
2775 3610 3120 3667 abolerenlur
3158 3629 3370 3669 summo
3390 3616 3570 3671 studio

1965 3700 2209 3753 Christus
2237 3700 2463 3766 curavit,
2504 3716 2627 3767 qua:
2654 3709 2714 3753 ut
2768 3700 3119 3759 abolerentur
3138 3720 3352 3759 summo
3391 3707 3571 3763 Studio

1966 3794 2211 3848 diabolus
2254 3803 2476 3848 conatus
2527 3804 2647 3859 est;
2697 3809 2912 3851 crucem
2966 3797 3088 3852 dico
3139 3811 3192 3855 et
3241 3800 3566 3870 passionem.

1965 3886 2323 3954 Quamobrem
2346 3885 2470 3940 alibi
2493 3886 2622 3941 dicit
2641 3906 2654 3939 :
2672 3885 2866 3941 Solvite
2884 3890 3126 3960 templum
3146 3892 3262 3957 hoc,
3278 3903 3324 3945 et
3343 3895 3396 3946 in
3410 3893 3571 3949 tribas

1966 3978 2141 4032 diebus
2188 3980 2416 4032 excitabo
2452 3979 2585 4032 illud
2620 3977 2817 4049 (Ioan.
2840 3980 2896 4034 9..
2923 3982 3025 4051 i9)
3066 4000 3079 4046 ;
3111 3993 3183 4050 cl,
3224 3984 3386 4039 Erunt
3418 3986 3528 4041 dies
3553 4030 3570 4053 ,

1965 4070 2168 4136 quando
2198 4078 2456 4141 auferetur
2480 4072 2542 4123 ab
2560 4072 2684 4138 ipsis
2705 4088 2922 4141 sponsus
2948 4073 2967 4143 (
2989 4074 3177 4128 Matth.
3207 4076 3259 4132 9.
3312 4078 3419 4148 15)
3448 4096 3463 4145 ;
3517 4091 3573 4135 et

1967 4162 2073 4227 hic,
2102 4160 2226 4215 Non
2269 4160 2473 4214 dabitur
2496 4160 2600 4216 illis
2625 4162 2849 4233 signum,
2882 4164 2978 4218 nisi
3002 4166 3207 4236 signum
3253 4167 3405 4223 laute
3450 4187 3572 4239 pro-

1967 4256 2167 4323 pheta;
2190 4253 2469 4308 declarans
2494 4267 2553 4308 se
2582 4268 2679 4322 pro
2704 4254 2810 4309 illis
2830 4270 3135 4327 passurum,
3190 4269 3243 4313 et
3293 4260 3414 4316 illos
3439 4262 3581 4320 nihil

1969 4345 2093 4399 inde
2122 4345 2254 4399 lucri
2280 4354 2599 4413 accepturos
2624 4359 2764 4401 esse.
2784 4345 2895 4401 Hoc
2923 4350 3065 4401 enim
3105 4360 3287 4419 postea
3324 4351 3570 4407 declara-

1968 4438 2062 4504 vit,
2094 4443 2149 4494 et
2170 4447 2348 4493 tamen
2378 4452 2499 4493 cum
2530 4438 2645 4494 bzrc
2670 4440 3108 4503 sciret,mortuus
3131 4453 3212 4498 est
3240 4461 3254 4497 :
3289 4455 3431 4499 tanta
3453 4459 3569 4501 erat

1967 4530 2083 4599 ejus
2104 4527 2460 4598 providentia.
2507 4530 2583 4585 Ne
2612 4541 2769 4599 putes
2794 4533 2938 4585 enim
2967 4532 3274 4589 Judazorum
3309 4537 3441 4591 tales
3466 4541 3569 4592 exi.

1969 4630 2051 4675 tus
2079 4624 2303 4687 futuros,
2334 4622 2518 4692 quales
2545 4621 2690 4677 fuere
2714 4622 3086 4690 Ninivitarum,
3120 4640 3184 4681 ac
3239 4625 3353 4681 fore
3388 4637 3443 4681 ut
3494 4628 3569 4682 illi

1969 4725 2349 4771 convertantur
2382 4732 2395 4767 :
2424 4730 2485 4769 ac
2512 4718 2960 4784 quemadmodum
3004 4718 3216 4772 illorum
3244 4719 3429 4773 urbem
3457 4720 3569 4788 jam

1969 4809 2234 4863 labantem
2263 4808 2461 4872 erexit,
2506 4807 2870 4877 barbarosque
2912 4811 3204 4877 convertit,
3252 4812 3330 4864 sic
3379 4821 3437 4865 et
3480 4812 3572 4866 Ju-

1970 4899 2115 4953 Λίξος
2161 4910 2278 4968 post
2318 4898 2768 4953 resurrectionem
2817 4902 3212 4955 convertendos
3251 4916 3374 4957 esse
3404 4920 3417 4956 ς
3448 4906 3581 4959 audi

1970 4989 2239 5062 quomodo
2281 4990 2607 5043 contrarium
2669 5004 2889 5057 prorsus
2945 4990 3201 5046 declaret.
3249 4993 3381 5047 Nam
3428 4999 3570 5065 quod

1973 5084 2093 5145 inde
2118 5082 2244 5137 nihil
2283 5082 2486 5136 fructus
2517 5084 2819 5153 percepturi
2869 5084 2975 5137 sint
3003 5085 3055 5137 in
3088 5086 3428 5153 beneﬁcium,
3478 5092 3572 5144 sed

1972 5186 2022 5232 et
2052 5176 2398 5231 intolerabilia
2421 5176 2651 5246 passuri,
2680 5174 2731 5230 id
2758 5176 2948 5231 deinde
2970 5177 3259 5233 declaravit
3284 5194 3350 5236 ex
3374 5182 3573 5235 daemo-

1974 5270 2053 5322 nis
2082 5266 2349 5336 exetnplo.
2380 5266 2595 5321 Interim
2626 5281 2757 5320 vero
2798 5266 2865 5321 de
2896 5266 2962 5320 iis
3014 5283 3133 5337 qum
3188 5270 3393 5338 passuri
3422 5283 3573 5325 erant

1973 5377 2089 5417 sese
2116 5369 2324 5431 purgat,
2352 5362 2639 5415 ostendens
2677 5374 2771 5415 cos
2790 5359 2934 5429 juste
2962 5376 3219 5431 passuros
3245 5379 3383 5417 esse.
3413 5364 3570 5417 Cala-

2037 5497 2109 5559 (n)
2153 5497 2303 5564 Erant
2341 5509 2368 5564 a
2409 5492 2919 5564 trincipio_Ecclesi:e
2959 5494 3153 5564 quidam
3202 5496 3451 5564 lrreretici,_
3488 5498 3569 5558 qui

1974 5557 2205 5622 putabant
2248 5559 2488 5622 Christum
2538 5557 2704 5622 specie
2754 5561 2941 5603 tantum
2986 5557 3033 5603 in
3076 5558 3305 5622 mundum
3344 5557 3568 5615 venisse,

1975 5616 2025 5671 et
2073 5636 2129 5669 ea
2175 5633 2285 5685 qua:
2340 5618 2389 5685 in
2422 5616 2708 5685 Evangeliis
2745 5626 3003 5685 uagantur
3033 5618 3321 5685 perfecisse.
3360 5624 3428 5665 De
3465 5624 3571 5679 qui-

1976 5686 2064 5733 bus
2089 5677 2583 5749 litorelicis_lgtta_ti_tts_
2599 5686 2769 5749 martyr
2814 5677 3391 5749 Episthadﬁniyrntpos,
3422 5677 3572 5729 ιιοέιη-

1974 5760 2073 5860 ἓιᾳρ
2098 5746 2249 5809 Epist.
2300 5744 2359 5795 ad
2373 5741 2670 5800 'l’railianos,
2706 5739 2926 5790 lrenzcus
2956 5739 3040 5789 lib.
3072 5744 3124 5803 l,
3160 5739 3458 5806 Epiphanius
3478 5780 3491 5803 ,
3519 5750 3562 5789 «ut

2026 5823 2074 5860 n.

2026 5823 2074 5861 ll.
