4080 6474
565 465 671 522 459

567 590 777 646 suitates
799 589 972 636 autem
1007 583 1060 630 et
1088 565 1468 626 desolationem
1521 571 1702 613 eorum
1748 551 1854 646 hoc
1889 540 2135 645 exemplo

571 637 945 750 repraisentat;
974 663 1183 721 interim
1217 670 1343 711 vero
1366 651 1620 716 declarat,
1673 644 1792 750 iilos
1840 637 2136 750 ιιῗξολῗῗιξ

570 723 960 841 Egimus;
985 778 998 813 :
1030 757 1081 811 id
1109 751 1247 823 quod
1274 749 1431 804 etiam
1471 733 1714 841 in-veteri
1735 733 1866 841 Llege
1889 723 2134 841 faciebat;

569 822 951 918 iiantSodoma
974 822 1356 904 destructurus,
1403 830 1539 901 apud
1590 822 1948 880 Abrahamum
1994 822 2139 918 prius

725 901 1174 1017 Gen.
1229 928 1351 998 18).
1390 918 1860 1017 ostendens-quam
1887 901 2132 1017 pauci

775 995 1046 1088 studerent
1070 1043 1084 1091 ;
1110 1037 1228 1079 cum
1255 995 1394 1073 enim
1428 1013 1478 1066 in
1508 1018 1585 1064 tot
1613 1004 1829 1059 urbibus
1854 1012 1923 1052 ne
1950 995 2136 1095 decem

576 1085 791 1200 quidem
821 1085 1180 1192 reperirentur
1199 1111 1286 1177 qui
1310 1095 1667 1173 temperanter
1695 1095 1947 1196 viverent.
1973 1085 2137 1191 item-

571 1183 674 1290 que
701 1233 819 1273 cum
848 1183 981 1268 Loto
1027 1200 1488 1272 inhospitalitatem
1516 1194 1749 1290 ipsorum
1775 1183 2137 1290 turpissimus-

712 1271 926 1362 immrcs
950 1271 1382 1356 demonstrasset,
1428 1289 1613 1383 ignem.
1646 1277 1879 1334 immisit.
1911 1271 2140 1342 ldipsum

575 1374 698 1459 fecit
723 1402 775 1455 in
796 1396 1013 1455 diluvio,
1039 1405 1157 1446 eum
1189 1401 1250 1440 ex
1293 1383 1418 1454 ipsis
1449 1374 1698 1448 Operibus
1733 1380 1947 1425 cauSam
1975 1375 2143 1459 suam

944 1450 1011 1538 Et
1029 1477 1166 1549 apud
1188 1450 1518 1530 Ezechielem
1547 1462 1806 1523 similiter,
1835 1469 1953 1510 cum
1975 1450 2147 1549 Baby-

575 1541 923 1648 io'ned'egenti
941 1541 1421 1642 quis-Jerosolymis
1448 1558 1634 1612 ﬂerent
1654 1551 1795 1648 mals
1811 1557 1948 1648 ante.
1961 1541 2145 1648 oculos

577 1635 750 1741 posuit
783 1635 1008 1736 (Each.
1036 1658 1127 1730 5).
1161 1657 1392 1723 Itemque
1415 1665 1536 1705 cum
1602 1641 1868 1741 leremim.
1899 1635 2142 1741 dicebat,

576 1723 847 1829 kotipro
892 1753 1015 1824 ipsis
1067 1723 1232 1811 arare,
1289 1752 1346 1796 ut
1388 1751 1602 1796 causam
1645 1723 2148 1829 suam-defenderet

575 1810 707 1906 iniit
735 1810 855 1902 :rAn
885 1810 1136 1896 ηὶυιυίάεε
1161 1810 1278 1905 quid
1317 1831 1398 1885 isti
1424 1828 1614 1897 faciunt
1642 1821 1868 1895 (1.3m.
1895 1810 2148 1906 terr);

576 1901 1024 2005 ubiquevidem
1056 1901 1183 1981 facit
1206 1940 1219 1976 :
1249 1923 1326 1976 sic
1349 1929 1404 1973 et
1427 1916 1528 1972 hoc
1547 1903 2022 2005 _loco.‘Quid‘enim
2040 1901 2148 2005 ait?

706 1993 813 2074 Viri
841 1995 1082 2070 Ninivitte
1105 2014 1325 2078 surgent,
1358 2012 1403 2056 et
1431 1993 1827 2054 condennsabuut
1870 1993 2150 2081 generatio-

578 2383 814 2444 surresi;
837 2379 928 2433 ille
945 2373 1204 2432 excidium
1229 2364 1563 2441 praedicavit,
1586 2374 1684 2427 ego
1709 2368 1930 2426 regnum
1947 2365 2154 2407 annun-

581 2479 718 2534 tians
742 2472 878 2528 veni.
928 2468 991 2524 Et
1018 2466 1093 2520 illi
1122 2459 1333 2534 quidem
1375 2455 1574 2524 absque
1599 2452 1750 2520 signo
1778 2443 2150 2505 crediderunt,

583 2582 681 2638 ego
709 2578 834 2621 vero
860 2543 1021 2614 mulis
1048 2552 1261 2611 exhibui
1304 2549 1473 2617 signa.
1513 2543 1590 2597 Illi
1630 2539 1759 2638 nihil
1811 2534 1951 2589 aliud

583 2619 671 2714 ilia
718 2619 874 2710 verba
923 2648 1222 2707 audierunt,
1273 2653 1374 2709 ego
1416 2651 1544 2690 vero
1571 2631 1766 2687 nullam
1805 2641 1910 2682 non
1940 2619 2158 2677 adhibui

585 2745 931 2822 philosophiae
970 2737 1223 2809 speciem.
1257 2732 1348 2785 Ille
1392 2726 1633 2782 minister
1660 2720 1893 2777 advenit.
1921 2729 2020 2815 ego
2047 2714 2159 2782 ipse

587 2815 886 2896 dominator
909 2841 960 2887 et
981 2827 1215 2884 omnium
1243 2819 1498 2876 Dominus
1514 2815 1653 2877 veni,
1682 2825 1784 2864 non
1807 2815 2158 2863 comminans,

733 2928 966 2983 rationes
993 2926 1267 2989 expetens,
1314 2910 1407 2966 sed
1457 2907 1662 2962 veniam
1709 2901 1954 2956 atterens.
2084 2892 2162 2989 illi

588 2984 799 3094 quidem
845 2984 1089 3076 barbari,
1142 3007 1196 3062 hi
1239 3017 1364 3059 vero
1408 3015 1528 3055 cum
1582 2993 1844 3094 sexcentis
1891 2984 2165 3094 prophetis

589 3077 783 3166 tier-sati
839 3115 976 3162 sunt.
1034 3101 1106 3155 De
1147 3097 1240 3151 illo
1293 3091 1466 3146 nullus
1535 3084 1886 3157 pmdixerat,
1960 3077 2028 3132 de
2079 3088 2166 3128 me

595 3213 784 3259 omnes
857 3194 1269 3266 praedixerunt,
1326 3193 1379 3238 et
1459 3195 1618 3246 onera
1692 3173 1864 3228 verbis
1933 3179 2166 3266 consona

803 3254 895 3341 Ille
943 3281 1072 3351 fugit
1113 3277 1344 3344 abiitque
1392 3285 1458 3325 ne
1505 3266 1868 3325 desideretur;
1922 3272 2023 3328 ego
2073 3254 2169 3308 ad-

594 3381 734 3444 veni,
779 3375 878 3432 etsi
915 3373 1104 3428 scirem
1140 3375 1194 3422 et
1228 3376 1440 3420 crucem
1478 3367 1529 3414 et
1574 3354 1844 3410 irrisiones
1891 3359 2168 3444 passurum

702 3433 846 3524 esse.
881 3465 970 3519 Ille
1005 3475 1072 3516 ne
1100 3453 1438 3527 opprobrium
1459 3446 1672 3518 quidem
1703 3443 1818 3497 tulit
1848 3455 1942 3510 pro
1976 3437 2038 3492 iis
2079 3433 2170 3504 qui

597 3559 787 3619 servati
815 3550 1086 3609 ctiiberati
1113 3554 1253 3610 sunt,
1273 3558 1371 3613 ego
1393 3550 1616 3594 mortem
1645 3531 1892 3592 sustinui,
1922 3534 2173 3619 mortem-

597 3613 701 3725 que
731 3644 1108 3716 turpissimam,
1138 3647 1192 3692 et
1241 3641 1360 3703 post
1413 3631 1527 3683 Isaac
1574 3627 1705 3678 alios
1753 3621 1936 3725 mitto;
1972 3617 2038 3670 Et
2086 3613 2176 3668 ille

598 3706 1122 3810 quidem-extraneas
1146 3733 1262 3780 erat
1286 3730 1340 3776 et
1361 3721 1590 3790 ignotus,
1616 3727 1716 3782 ego
1736 3706 2027 3810 secundum
2053 3717 2175 3802 car-

599 3792 926 3886 iiemiisdcm
958 3813 1382 3891 progenitoribus
1411 3818 1557 3862 ortus
1594 3817 1728 3858 sum.
1763 3799 1916 3854 Plura
1937 3794 2036 3848 alia
2057 3792 2177 3862 quis

601 3915 944 3990 disquirendo
973 3921 1258 3979 congerere
1289 3900 1473 3973 possit.

670 3979 724 4069 3'.
758 4010 874 4077 lpsc
908 4018 1034 4060 vero
1063 4014 1168 4054 non
1210 3994 1295 4050 hic
1323 3991 1540 4063 gradum
1576 3987 1734 4051 sistit,
1766 3982 1859 4038 sed
1887 3979 2027 4036 aliud
2059 3992 2181 4077 pro—

603 4103 751 4177 ponit
777 4070 1098 4166 exemplum,
1119 4088 1302 4172 dicens
1332 4103 1345 4138 :
1376 4082 1463 4136 42.
1495 4079 1690 4150 Regina
1730 4076 1899 4177 Austri
1931 4079 2101 4142 surget
2125 4070 2179 4175 in

595 4164 793 4266 iudicio
835 4164 946 4243 cuni
984 4169 1299 4257 generatione
1322 4178 1438 4238 ista,
1476 4182 1522 4228 et
1544 4167 1888 4225 condemnabit
1908 4181 1991 4220 eos
2015 4181 2036 4218 :
2064 4164 2183 4233 quia

609 4255 738 4342 seuit
763 4301 793 4336 α
820 4255 1002 4349 ﬁnibus
1034 4286 1180 4329 teme
1221 4281 1275 4326 ut
1311 4268 1510 4322 audiret
1542 4262 1840 4333 sapientiam
1873 4255 2180 4313 Salomonis.

611 4378 677 4433 Et
697 4347 948 4442 ecce'plus
975 4382 1125 4438 quant
1153 4362 1398 4418 Salomon
1418 4358 1518 4410 hic.
1547 4353 1660 4410 Hoc
1691 4350 1866 4422 priore
1886 4347 2059 4442 majus
2083 4353 2183 4401 est.

613 4467 742 4522 Nam
773 4438 934 4518 Jonas
962 4458 1029 4511 ad
1057 4453 1315 4510 Ninivitas
1343 4449 1466 4504 abiit
1491 4465 1506 4512 ;
1528 4445 1708 4515 regina
1730 4457 1857 4496 vero
1883 4438 2060 4494 Austri
2083 4451 2190 4492 non

614 4552 942 4626 exspectavit
963 4556 1021 4603 ut
1046 4545 1299 4603 Salomon
1343 4541 1511 4612 ipsam
1541 4536 1731 4597 adiret.
1759 4532 1853 4587 sed
1897 4530 1992 4585 illa
2017 4530 2188 4599 ipsqu

614 4620 764 4714 adiit,
803 4642 901 4700 etsi
918 4652 969 4695 et
999 4638 1188 4694 mulier
1223 4643 1276 4690 et
1305 4631 1558 4688 barbara,
1605 4635 1857 4692 tantoque
1900 4620 2072 4691 spatio
2101 4633 2190 4714 rei-

617 4709 761 4795 mota
784 4741 947 4795 esset,
975 4745 1079 4783 non
1122 4725 1277 4781 minis
1322 4717 1659 4780 instantibus,
1707 4728 1813 4768 non
1858 4720 2082 4765 mortem
2123 4709 2190 4764 ti-

620 4843 808 4892 mens,
843 4823 932 4880 sed
963 4821 1078 4876 solo
1130 4814 1444 4888 sapientium
1498 4808 1783 4864 verborum
1841 4817 2041 4856 amore.
2085 4800 2191 4856 Sed

623 4920 757 4976 Ecce
777 4919 891 4986 plus
923 4929 1070 4984 quam
1104 4907 1347 4964 Salomon
1375 4904 1475 4956 hic.
1511 4899 1623 4954 lllic
1649 4897 1790 4952 enim
1816 4893 2006 4948 mulier
2030 4892 2193 4946 adve-

623 5014 720 5078 nit,
748 5010 850 5063 huc
871 5021 968 5076 ego
992 5002 1132 5058 veni.
1158 4999 1245 5053 llla
1268 5013 1295 5050 a
1323 4993 1513 5049 ﬁnibus
1542 5003 1695 5045 terra:
1723 4986 1952 5057 proiecta
1975 4993 2073 5045 est,
2097 4997 2196 5053 ego

629 5075 790 5158 nrbes
817 5109 871 5153 et
891 5075 1032 5151 vicos
1054 5093 1340 5147 circumeo.
1367 5086 1430 5139 Et
1473 5085 1558 5136 ille
1587 5081 1801 5151 quidem
1830 5077 1897 5131 de
1917 5075 2196 5130 arboribus

625 5205 678 5250 ct
700 5191 890 5262 plantis
909 5184 1220 5242 disserebat,
1239 5193 1356 5249 qum
1376 5191 1479 5230 non
1504 5175 1723 5228 multum
1746 5172 1887 5224 illam
1911 5184 1970 5223 se
1995 5168 2198 5221 adeun-

629 5259 735 5340 tem
763 5283 945 5351 iuvare
983 5281 1260 5346 poterant;
1293 5282 1392 5336 ego
1419 5281 1544 5318 vero
1573 5265 1638 5317 de
1668 5261 2016 5317 ineil‘abilibus
2045 5259 2200 5313 rebus

630 5385 684 5432 et
708 5370 994 5428 tremendis
1019 5362 1305 5434 mysteriis.
1337 5359 1617 5425 Postquam
1665 5369 1792 5423 ergo
1826 5354 1945 5406 illos
1974 5353 2196 5406 damna-

627 5469 722 5531 vit,
757 5460 1039 5516 ostendens
1078 5457 1144 5510 ab
1172 5452 1315 5506 omni
1345 5449 1494 5503 venia
1520 5448 1672 5514 longe
1702 5447 1902 5498 alienos
1925 5459 2062 5510 esse,
2096 5443 2205 5497 illo-

630 5568 854 5622 rmnque
877 5545 1287 5604 inobcdientiam
1313 5557 1375 5596 ex
1404 5540 1608 5608 ingrato
1636 5537 1844 5590 illorum
1869 5536 2067 5599 animo,
2094 5550 2200 5590 non

633 5664 697 5703 ex
729 5642 962 5698 doctoris
992 5636 1349 5693 imbecillitate
1386 5630 1681 5701 proﬁcisci;
1737 5628 1944 5697 hocque
1983 5635 2092 5681 tum
2137 5641 2202 5681 ex

635 5739 752 5791 aliis
768 5733 966 5797 multis,
993 5741 1102 5787 tum
1123 5723 1367 5794 exemplo
1390 5722 1738 5778 Ninivitarum
1766 5726 1823 5771 et
1842 5717 2036 5787 regitur:
2055 5731 2201 5772 com-

641 5825 948 5881 monstravit
980 5841 990 5878 :
1019 5832 1143 5876 tunc
1171 5814 1483 5886 supplicium
1528 5813 1671 5881 ipsos
1706 5815 2048 5878 excepturum
2075 5811 2203 5863 mni-

1227 444 1282 501 S.
1321 436 1596 499 JOANNIS
1631 421 2108 489 CHRYSOSTOMI
2147 417 2460 476 AliClliEP.
2502 414 3032 475 CONSTANTINOP.

2225 522 2465 604 'gmatice
2503 541 2901 598 commemorat,
2931 530 3155 588 multum
3175 530 3236 586 in
3267 527 3532 585 narrando
3557 536 3814 584 terrorem

2241 623 2494 678 inferens.
2523 622 2654 678 Nam
2680 623 2785 676 ait:
2807 621 2896 677 45.
2927 621 3051 676 Cum
3075 619 3372 677 immundus
3416 619 3627 691 spiritus
3649 619 3821 675 ederit

2240 715 2301 768 ab
2323 714 2543 780 homine,
2564 714 2783 768 ambulat
2803 729 2892 781 per
2911 713 3023 766 loca
3041 712 3303 778 inaquasa,
3326 727 3552 783 querens
3581 710 3817 779 requiem

2243 817 2288 861 et
2319 825 2419 861 non
2445 809 2716 873 inveniens,
2742 807 2830 862 ιι.
2849 807 2970 861 dicit
2995 821 3014 860 :
3044 804 3283 860 Reuertar
3319 808 3371 860 in
3400 807 3606 860 domum
3637 821 3820 868 sum,

2243 901 2375 954 unde
2417 901 2564 954 exiri.
2612 898 2679 954 Et
2721 899 2940 964 ueniens,
2969 898 3151 951 inaruit
3198 913 3310 960 eam
3337 907 3595 951 vacantem
3616 937 3630 961 ,
3661 897 3826 964 scopis

2243 989 2556 1055 mandatam,
2583 1001 2629 1044 et
2648 998 2898 1043 ornatam.
2925 987 3163 1044 45.Tunc
3185 987 3338 1051 cadit,
3360 997 3406 1040 et
3427 987 3636 1041 assumit
3660 1000 3827 1040 secum

2244 1080 2371 1135 alios
2390 1093 2576 1149 septem
2611 1079 2818 1151 spiritus
2861 1079 3118 1149 nequiora
3142 1094 3215 1138 se.
3252 1087 3298 1131 et
3335 1077 3580 1130 intrantes
3605 1076 3832 1130 habitant

2244 1172 2352 1226 ibi:
2379 1181 2424 1226 et
2462 1172 2590 1240 ﬁunt
2619 1171 2886 1224 novissima
2929 1169 3145 1223 hominis
3193 1169 3334 1222 illius
3359 1169 3535 1238 pejora
3555 1167 3834 1236 prioribus.

2254 1264 2342 1319 Sic
2367 1263 2457 1318 erit
2485 1271 2532 1316 et
2561 1261 2868 1333 ατηεναιὲοηί
2908 1260 3041 1315 huic.
3091 1260 3223 1314 Hinc
3271 1259 3526 1324 ostendit,
3575 1257 3700 1312 illos
3724 1257 3832 1313 non

2249 1359 2300 1412 in
2330 1357 2506 1412 futuro
2551 1365 2756 1410 tantum
2785 1353 3003 1416 sreculo,
3035 1352 3130 1408 sed
3156 1351 3318 1407 etiam
3347 1352 3400 1406 in
3427 1349 3678 1420 presenti
3709 1364 3834 1419 gra-

2249 1448 2461 1502 vissima
2493 1459 2742 1516 passuros
2770 1459 2910 1500 esse.
2949 1443 3085 1499 Nam
3122 1442 3245 1512 quia
3294 1441 3528 1507 dicebat,
3573 1438 3838 1495 Ninivitas

2251 1539 2638 1592 insurrecturos
2664 1537 2716 1590 in
2739 1534 2963 1604 judicio,
2989 1547 3044 1590 et
3087 1533 3226 1588 banc
3265 1531 3665 1604 generationem
3707 1544 3840 1586 con-

2249 1629 2590 1684 demnaturos
2621 1645 2634 1680 :
2667 1641 2734 1682 ne
2771 1626 2842 1681 ob
2881 1625 3138 1695 temporis
3185 1622 3586 1679 diuturnitatem
3627 1621 3681 1676 id
3702 1635 3842 1676 con-

2252 1720 2573 1773 temnerent.
2618 1719 2674 1766 et
2715 1708 3126 1781 negligentiores
3162 1706 3472 1774 evaderent,
3520 1707 3622 1762 hac
3647 1706 3703 1764 in
3730 1706 3840 1761 vita

2249 1803 2428 1874 gravia
2450 1802 2587 1856 mala
2614 1801 2744 1871 ipsis
2758 1798 3028 1856 subeunda
3053 1797 3257 1854 statuit.
3282 1795 3435 1865 Quod
3459 1795 3843 1853 comminando

2250 1896 2387 1950 Osee
2417 1893 2672 1965 propheta
2699 1891 2945 1948 dicebat:
2971 1890 3141 1946 Erunt
3179 1887 3249 1944 Ut
3291 1890 3536 1959 propheta
3562 1889 3616 1943 in
3659 1889 3844 1943 mentis

2251 2003 2478 2052 mssa,
2503 1995 2560 2040 ut
2586 1986 2736 2040 homo
2754 1999 2788 2038 α
2813 1984 2996 2054 spiritu
3018 1991 3279 2050 correptus
3325 1981 3347 2053 (
3374 1980 3502 2037 Osee
3539 1979 3596 2037 9.
3622 1979 3696 2042 1)
3724 1996 3741 2047 ;
3788 1979 3842 2035 id

2252 2088 2354 2141 est,
2376 2079 2512 2134 sicut
2531 2075 3008 2148 pseudoprophetis
3037 2075 3293 2140 furentes.
3342 2072 3740 2129 debacchantes
3764 2115 3778 2135 ,
3811 2086 3844 2127 ι

2256 2169 2501 2240 malignis
2531 2167 2802 2238 spiritibus
2835 2165 3039 2238 agitati.
3064 2164 3197 2220 Nam
3223 2164 3310 2220 hic
3336 2165 3647 2235 prophetam
3679 2163 3845 2220 intel-

2255 2261 2368 2331 ligit
2411 2269 2589 2317 mente
2635 2267 2869 2328 captum,
2918 2255 3462 2325 pseudoprophetsm,
3505 2254 3691 2324 quales
3720 2262 3847 2310 sunt

2255 2361 2421 2407 vates.
2453 2350 2765 2419 Hocipsum
2797 2345 3046 2403 Christus
3070 2343 3378 2415 signiﬁcans
3405 2344 3534 2400 dicit
3570 2346 3718 2416 ipsos
3747 2359 3846 2400 ex-

2257 2451 2423 2497 trema
2451 2453 2703 2511 passuros
2728 2452 2866 2495 esse.
2909 2436 3096 2492 Viden‘
3122 2450 3232 2507 quo
3259 2447 3415 2507 pacto
3445 2436 3592 2506 ipsos
3613 2435 3848 2507 undique

2261 2531 2496 2600 impellat
2523 2539 2581 2585 ut
2603 2529 2759 2584 dictis
2784 2526 3082 2600 attendant,
3111 2543 3140 2580 a
3176 2527 3548 2598 prarsentibus,
3576 2525 3847 2591 a'futuris.

2260 2623 2407 2678 abiis
2431 2623 2520 2692 qui
2545 2622 2681 2678 bene
2713 2635 2826 2676 rem
2853 2617 3484 2690 gesserunt.aNinivitis,
3521 2619 3765 2685 inquam,
3797 2629 3849 2673 et

2261 2729 2290 2769 a
2319 2714 2520 2784 regina,
2544 2714 2610 2768 ab
2637 2712 2700 2768 iis
2724 2713 2814 2782 qui
2840 2711 3062 2781 collapsi
3087 2709 3419 2782 sunt,1'yriis
3445 2719 3498 2764 et
3518 2707 3852 2764 Sodomitis?

2262 2803 2411 2872 Quod
2440 2803 2598 2858 etiam
2632 2803 2900 2872 propheta:
2919 2801 3204 2867 faciebant,
3236 2801 3372 2855 ttlios
3393 2799 3668 2855 Rechabin
3697 2799 3848 2854 indu-

2263 2903 2444 2948 centes
2465 2905 2519 2948 et
2533 2907 2782 2963 sponsam
2805 2906 2926 2961 ane
2958 2900 3180 2946 ornatus
3200 2892 3402 2961 ιιι-ονε·ἱὶ
3445 2899 3500 2945 et
3546 2904 3698 2944 zonae
3742 2903 3854 2944 sute

2266 2999 2371 3038 non
2397 2983 2746 3047 obliviscitur,
2773 2992 2826 3037 et
2860 2983 3052 3038 bovem
3078 2982 3169 3050 qui
3199 2983 3346 3036 novit
3375 2982 3774 3051 possessorem,
3801 2989 3856 3036 et

2266 3075 2473 3130 asinum
2503 3077 2591 3143 qui
2620 3089 2862 3144 prarsepe
2889 3077 3060 3128 novit.
3091 3073 3183 3129 Sic
3210 3083 3266 3129 et
3291 3072 3394 3129 hoc
3427 3075 3547 3130 loco
3571 3089 3602 3128 a
3633 3088 3853 3144 compa-

2269 3168 2477 3222 ratione
2504 3165 2767 3236 ingratum
2793 3165 3002 3221 illorum
3047 3167 3282 3220 animum
3318 3164 3619 3230 declarans,
3649 3165 3859 3237 suppli-

2271 3258 2410 3312 cium
2440 3256 2690 3326 deinceps
2730 3257 3070 3328 pranuntiat.

2341 3345 2642 3400 Judteorum
2683 3354 2796 3416 post
2833 3344 3086 3400 Christum
3122 3360 3308 3399 ctzsum
3365 3343 3646 3398 damnatio.
3678 3343 3862 3399 Jstdci

2273 3439 2362 3491 sub
2409 3437 2620 3490 Iuliano
2663 3446 2897 3504 apostata
2936 3433 3201 3506 gentilibus
3226 3434 3410 3502 iuncti.
3437 3463 3508 3473 —
3536 3432 3674 3501 Quid
3707 3433 3865 3503 igitur

2275 3540 2358 3584 est
2408 3530 2458 3583 id
2498 3529 2636 3598 quod
2673 3527 2904 3583 dicitur?
2941 3527 3090 3581 Sicut
3115 3527 3431 3580 dzemouiaci
3454 3567 3470 3592 ,
3501 3524 3673 3592 Inquit
3695 3565 3710 3588 ,
3741 3539 3863 3579 cum

2279 3619 2569 3673 liberantur
2594 3617 2664 3672 ab
2688 3616 2994 3672 inﬁrmitate
3020 3632 3134 3680 sua,
3183 3617 3228 3670 si
3266 3614 3678 3686 negligentiores
3701 3613 3864 3678 ﬁant,

2276 3709 2574 3778 graviorem
2621 3705 2721 3761 sibi
2760 3705 3037 3784 attrahth
3085 3705 3414 3775 phantasiam
3450 3723 3463 3757 :
3492 3705 3570 3759 sic
3596 3705 3742 3759 enim
3776 3717 3865 3759 vos

2279 3795 2467 3851 facitis.
2499 3794 2708 3850 Etenim
2735 3783 3015 3849 antehac'a
3043 3793 3286 3848 daemone
3317 3792 3721 3856 detinebamiui.
3746 3807 3865 3846 cum

2281 3885 2419 3941 idola
2449 3885 2766 3950 adoraretis,
2798 3894 2851 3938 et
2875 3883 3013 3939 ﬁlios
3056 3893 3263 3938 vestros
3304 3883 3653 3938 immolaretis
3667 3883 3867 3938 daemo-

2284 3977 2403 4041 niis,
2449 3989 2692 4046 magnam
2737 3973 3052 4031 exhibentes
3090 3973 3348 4028 insaniam
3392 3992 3406 4026 :
3438 3987 3538 4029 nec
3566 3983 3746 4028 tamen
3772 3973 3866 4028 de-

2284 4067 2474 4138 reliqui
2499 4081 2616 4132 vos,
2649 4065 2745 4121 sed
2775 4080 2869 4136 per
2890 4064 3177 4137 prephetas
3205 4065 3336 4132 ejeci
3358 4063 3657 4121 dmmonem
3683 4064 3829 4119 illum
3849 4104 3864 4129 ,

2285 4169 2340 4215 et
2383 4161 2497 4229 ipse
2543 4171 2727 4214 rursus
2781 4156 2922 4222 veni,
2967 4164 3023 4209 ut
3065 4171 3160 4211 vos
3195 4170 3457 4212 curarem.
3485 4155 3590 4211 Sed
3609 4157 3734 4226 quia
3767 4170 3866 4210 non

2287 4250 2449 4304 vultis
2473 4249 2773 4316 attendere,
2805 4262 2986 4305 verum
3029 4248 3080 4303 in
3111 4248 3370 4316 majorem
3417 4249 3709 4319 nequitiam
3746 4263 3868 4319 prn-

2290 4340 2505 4412 rnpistis
2542 4339 2775 4410 (etenim
2799 4339 2966 4395 multo
2993 4339 3206 4410 gravius
3225 4337 3565 4406 deteriusque
3588 4349 3666 4393 est
3701 4339 3867 4408 ipsum

2293 4433 2572 4488 Dominum
2593 4433 2854 4504 jugulare.
2895 4447 3054 4502 quam
3083 4432 3370 4502 prophetas
3399 4430 3644 4486 occidere
3667 4430 3690 4501 )
3712 4472 3728 4496 ,
3757 4430 3870 4486 ideo

2293 4523 2536 4598 graviora
2588 4523 2852 4593 prioribus
2893 4522 3183 4592 patiemini,
3239 4536 3429 4591 nempe
3463 4522 3527 4576 iis
3563 4538 3687 4591 quae
3733 4522 3870 4593 passi

2295 4617 2427 4672 estis
2453 4615 2754 4686 Babylone,
2804 4616 2855 4668 in
2887 4613 3139 4685 Egypto,
3171 4622 3226 4668 et
3252 4614 3354 4668 sub
3389 4612 3654 4669 Antiocho
3680 4617 3868 4684 primo.

2295 4705 2425 4760 Nam
2481 4717 2634 4776 longe
2661 4706 2725 4760 iis
2773 4706 3043 4775 asperiora
3083 4702 3394 4758 acciderunt
3437 4703 3770 4775 Vespasiano
3822 4712 3874 4760 et

2297 4799 2418 4852 Tito
2450 4797 2691 4853 ducibus.
2751 4800 3088 4867 Quapropter
3133 4795 3347 4851 dicebat
3393 4813 3407 4850 :
3459 4796 3576 4851 Erit
3621 4796 3872 4851 tributaria

2299 4905 2505 4960 magna,
2534 4889 2698 4958 qualis
2724 4903 2997 4956 numquam
3025 4887 3142 4958 fuit,
3175 4902 3334 4955 neque
3351 4885 3442 4940 erit
3461 4895 3632 4955 postea
3649 4886 3671 4958 (
3689 4885 3870 4944 Matth.

2298 4984 2387 5036 24.
2415 4983 2475 5036 ⁸21
2502 4981 2542 5053 ).
2567 4981 2745 5051 Neque
2781 4980 2833 5035 id
2861 4981 3029 5035 solum
3059 4977 3162 5034 hoc
3188 4977 3430 5048 exemplo
3449 4977 3870 5045 signiﬁcabatur;

2301 5074 2392 5128 scd
2433 5072 2592 5128 etiam
2636 5071 2749 5128 fore
2792 5072 2935 5141 ipsos
2959 5070 3105 5124 omni
3138 5071 3330 5124 virtute
3357 5082 3575 5131 vacuos.
3607 5077 3664 5122 et
3706 5082 3736 5121 a
3768 5066 3872 5122 dn-

2303 5165 2546 5219 monibns
2600 5162 2808 5217 {acilius
2846 5176 3003 5230 quam
3049 5169 3174 5214 ante
3220 5156 3566 5213 invadendos.
3599 5156 3872 5211 Namtunc

2304 5255 2404 5309 etsi
2450 5261 2732 5323 peccarent
2756 5294 2771 5320 ,
2825 5260 2880 5305 at
2902 5258 3059 5306 erant
3087 5251 3224 5303 inter
3246 5264 3340 5302 eos
3376 5247 3586 5302 virtutis
3611 5247 3870 5311 cultores,

2305 5346 2487 5400 adei'at
2511 5346 2599 5398 Dei
2633 5342 2980 5414 providentia.
3004 5340 3338 5410 Spiritusque
3381 5338 3547 5409 gratia
3584 5338 3715 5407 ipsis
3763 5351 3873 5407 pro-

2309 5438 2511 5499 videns.
2547 5438 2689 5504 ipsos
2739 5431 3050 5498 emendans,
3101 5443 3304 5499 suaque
3347 5429 3524 5483 omnia
3574 5435 3870 5498 praestans:

2281 5545 2451 5583 .nunc
2469 5540 2667 5594 autem,
2696 5527 2790 5588 ait,
2815 5523 3144 5594 providentia
3174 5523 3257 5575 illa
3279 5535 3497 5592 prorsus
3521 5520 3672 5576 vacui
3701 5525 3870 5578 erunt.

2311 5622 2379 5675 ita
2412 5630 2467 5674 ut
2496 5620 2665 5689 major
2693 5618 2762 5672 sit
2789 5631 2930 5672 nunc
2959 5615 3165 5670 virtutis
3194 5613 3407 5674 raritas,
3439 5610 3758 5666 calamitatis
3780 5607 3870 5668 vis.

2309 5722 2361 5767 ct
2385 5711 2682 5764 dmmounm
2711 5707 2984 5781 tyrannica
3008 5713 3260 5776 potestas.
3303 5701 3484 5758 Nostis
3524 5710 3671 5758 certe
3713 5700 3871 5769 inge-

2312 5804 2589 5864 ueralione
2632 5801 2730 5859 bac
2757 5816 2879 5857 cum
2917 5798 3159 5857 Julianus
3187 5796 3405 5866 fureret,
3433 5789 3702 5870 quomodo
3721 5785 3875 5849 ιαιει
