4080 6460
240 383 335 436 161

239 509 359 551 sese
398 509 518 549 cum
551 490 834 562 gentilibus
856 486 1162 558 iungerent,
1209 495 1260 539 et
1290 485 1502 538 illorum
1532 497 1709 536 mores
1734 496 1822 536 se-

241 595 533 641 ctarentur.
559 581 739 650 Itaque
761 581 969 634 etiamsi
997 593 1134 632 nunc
1159 577 1420 631 tantillum
1444 574 1827 629 moderatiores

241 678 520 731 videantur
562 688 703 735 esse,
753 672 871 740 quia
903 667 1283 737 Imperatorum
1315 676 1462 721 metu
1507 666 1822 736 quiescunt:

239 778 390 824 certe
417 768 516 821 nisi
559 765 660 819 hoc
700 772 860 826 esset,
888 762 1052 815 multo
1079 761 1325 830 graviora
1353 749 1509 828 quam
1549 765 1673 811 aute
1708 755 1824 809 ausi

241 861 487 914 fuissent.
518 855 648 910 Nam
674 855 725 908 in
768 853 883 906 aliis
910 852 1161 922 operibus
1191 849 1345 904 malis
1368 849 1568 918 priscos
1590 847 1708 900 illos
1733 861 1826 898 su-

240 958 447 1020 perant.
483 947 533 1001 in
565 945 870 1016 przestigiis,
903 941 1157 996 maleficis
1185 938 1405 1005 artibus,
1435 946 1484 996 et
1507 938 1558 990 in
1586 935 1823 1000 lascivia,

239 1038 418 1091 omnia
446 1036 630 1091 isthaec
649 1048 804 1103 supra
833 1031 1047 1086 modum
1071 1036 1400 1094 exercentes.
1425 1025 1592 1082 Etiam
1616 1026 1670 1079 in
1685 1024 1824 1088 aliis,

240 1131 339 1183 etsi
371 1129 470 1184 boc
492 1127 644 1184 freno
667 1128 1025 1191 detineantur,
1053 1138 1194 1192 sarpe
1213 1120 1502 1177 seditiones
1522 1122 1824 1183 moverunt,

239 1231 425 1274 contra
467 1221 820 1289 Imperatores
852 1217 1293 1279 insurrexerunt,
1328 1212 1399 1267 ita
1425 1220 1482 1266 ut
1507 1211 1559 1265 in
1589 1218 1828 1265 extrema

242 1311 621 1367 delaberentur
660 1311 820 1365 mala.

312 1403 366 1455 4.
397 1401 620 1456 Ubinam
645 1415 775 1471 ergo
795 1408 919 1455 sunt
947 1398 1024 1454 illi
1048 1399 1136 1468 qui
1158 1398 1306 1468 signa
1327 1396 1600 1466 quaerunt?
1622 1393 1824 1455 Sciant,

239 1491 410 1560 probo
437 1500 654 1561 etgrato
681 1505 814 1561 opus
839 1505 958 1546 esse
980 1491 1158 1544 animo
1187 1504 1202 1543 :
1225 1488 1314 1558 qui
1343 1487 1442 1542 nisi
1466 1486 1625 1550 adsit,
1649 1484 1829 1554 signo-

239 1597 359 1636 rum
391 1583 534 1637 nulla
560 1582 665 1636 erit
706 1582 923 1636 utilitas.
965 1579 1123 1634 Certe
1150 1578 1394 1632 Ninivitae
1422 1577 1624 1650 absque
1662 1575 1829 1644 signis

237 1671 582 1725 crediderunt
612 1689 626 1726 :
660 1670 712 1725 hi
741 1684 868 1725 vero
894 1680 1016 1739 post
1057 1677 1134 1722 tot
1161 1666 1418 1721 miracula
1455 1664 1666 1735 pejores
1703 1672 1831 1717 sunt

237 1764 410 1819 effecti
443 1803 458 1828 ,
499 1779 664 1834 seque
711 1765 1112 1818 innumerorum
1153 1759 1457 1814 daemonum
1494 1757 1826 1812 domicilium

237 1855 644 1918 constituerunt,
664 1863 720 1908 et
744 1862 1024 1908 sexcentas
1045 1851 1144 1906 sibi
1165 1858 1485 1919 pepererunt
1501 1847 1830 1902 calamitates

235 1945 355 2014 iure
385 1945 573 1999 illatas.
589 1945 720 1999 Cum
749 1945 890 1999 enim
915 1944 1034 2011 quis
1056 1957 1086 1995 a
1105 1941 1260 1995 malis
1286 1940 1542 1994 liberatus
1566 1953 1670 1992 non
1697 1938 1829 1992 resi-

237 2038 416 2108 piscit,
450 2039 604 2107 longe
629 2036 872 2106 graviora
905 2033 1170 2103 prioribus
1217 2031 1464 2101 patietur.
1517 2030 1642 2084 Ideo
1685 2028 1826 2082 enim

236 2125 410 2191 dixit,
466 2126 585 2181 Non
613 2126 796 2179 invenit
822 2125 1037 2194 requiem
1063 2165 1077 2187 ,
1107 2131 1164 2177 ut
1189 2121 1474 2187 ostendat,
1521 2120 1826 2174 daemonum

237 2217 459 2271 insidias
499 2217 639 2270 hunc
682 2216 984 2271 necessario
1012 2222 1352 2282 correpturos
1397 2225 1535 2266 esse.
1583 2210 1717 2264 Nam
1763 2210 1828 2264 ab

237 2306 322 2358 his
351 2304 558 2358 duobus
585 2305 649 2358 ad
679 2320 862 2359 sanam
895 2311 1127 2357 mentem
1156 2301 1336 2356 reduci
1367 2301 1730 2369 oportuisset,
1776 2306 1830 2352 et

235 2395 379 2464 quod
406 2395 567 2462 passi,
593 2404 643 2450 et
665 2396 803 2465 quod
835 2395 1042 2448 liberati
1071 2401 1286 2455 essent;
1313 2392 1418 2444 imo
1451 2392 1664 2444 tertium
1694 2403 1828 2457 quo—

237 2501 343 2556 quc
365 2486 536 2550 adest,
567 2501 762 2556 nempe
803 2483 1148 2538 comminatio
1180 2498 1244 2536 ne
1274 2481 1398 2551 quid
1427 2480 1664 2535 deterius
1691 2493 1824 2534 con-

238 2581 427 2648 tingat.
462 2578 710 2633 Attamen
740 2593 806 2632 ex
835 2578 978 2631 nullo
1006 2591 1192 2631 eorum
1225 2574 1472 2628 meliores
1517 2580 1824 2625 evaserunt.

237 2669 365 2724 llaec
409 2684 534 2724 vero
581 2685 686 2724 non
729 2668 794 2723 ad
828 2669 945 2722 illos
982 2676 1182 2721 tantum
1208 2706 1223 2730 ,
1277 2663 1371 2718 sed
1411 2664 1568 2718 etiam
1615 2660 1681 2715 ad
1729 2676 1826 2714 nos

235 2763 379 2818 dicta
408 2761 573 2816 fuisse
599 2769 897 2831 opportune
925 2759 1204 2813 credamus
1227 2797 1244 2823 ,
1284 2754 1496 2825 quando
1546 2753 1829 2807 illuminati

235 2863 291 2907 et
320 2867 352 2906 a
381 2852 569 2921 priscis
594 2851 762 2921 erepti
789 2850 977 2915 malis,
1015 2861 1198 2902 rursus
1229 2845 1404 2900 eidem
1435 2843 1686 2913 nequitia:
1716 2844 1824 2897 bat-

235 2950 466 2997 remns':
499 2956 621 2994 nam
653 2939 724 2994 ob
761 2939 990 2992 admissa
1041 2947 1160 3006 post
1189 2937 1300 2989 haec
1345 2945 1559 3002 peccata
1595 2933 1827 3003 graviori

235 3031 442 3084 ultione
483 3030 794 3101 plectemur.
828 3027 951 3081 Ideo
978 3026 1268 3096 paralytico
1294 3023 1505 3078 dicebat
1539 3024 1781 3078 Christus
1811 3042 1823 3075 :

241 3123 394 3188 Ecce,
423 3139 578 3176 sanus
607 3124 772 3192 factus
802 3135 890 3182 es;
923 3119 1026 3172 noli
1055 3118 1274 3187 amplius
1311 3131 1514 3185 peccare
1538 3155 1553 3176 ,
1603 3131 1665 3168 ne
1710 3115 1831 3184 quid

236 3213 329 3267 tibi
358 3211 574 3265 deterius
603 3211 860 3279 conlingat
893 3207 1071 3276 (Joan.
1106 3208 1160 3262 5.
1188 3204 1289 3275 Η)
1334 3223 1346 3257 :
1375 3213 1430 3259 et
1477 3205 1588 3258 hate
1631 3205 1828 3258 homini

235 3304 381 3359 dicta
401 3312 543 3369 sunt,
567 3302 658 3374 qui
685 3300 895 3372 triginta
915 3309 1035 3355 octo
1056 3297 1209 3354 annis
1232 3311 1371 3369 a-gcr
1391 3295 1582 3352 fuerat.
1603 3293 1827 3366 Ecquid,

237 3396 451 3466 inquies
475 3436 488 3461 ,
519 3394 730 3463 gravius
759 3407 1011 3461 passurus
1056 3401 1171 3444 erat
1198 3431 1212 3453 ,
1243 3404 1400 3458 quam
1432 3389 1623 3443 antea?
1651 3389 1832 3457 Longe

241 3486 426 3556 pejora
455 3494 508 3537 et
536 3485 802 3552 graviora.
836 3481 992 3540 Absit
1038 3481 1178 3533 enim
1217 3495 1284 3532 ne
1332 3487 1475 3532 tanta
1527 3478 1789 3546 patiamur
1812 3517 1828 3540 ,

238 3586 440 3647 quanta
472 3577 578 3646 pati
608 3589 907 3644 possumus.
935 3572 1116 3639 Neque
1143 3571 1284 3625 enim
1311 3571 1418 3623 Deo
1445 3569 1702 3640 supplicia
1733 3570 1832 3622 de-

239 3679 390 3724 sunt.
423 3667 554 3722 Nam
586 3677 644 3722 ut
673 3680 863 3734 magna
904 3663 1270 3718 misericordia
1296 3661 1412 3730 ejus
1434 3703 1446 3723 ,
1478 3661 1547 3714 ita
1583 3669 1634 3713 et
1659 3659 1834 3728 gravis

239 3771 329 3816 est
356 3760 433 3814 ira
461 3761 595 3828 ejus.
628 3757 738 3811 Ilac
767 3756 832 3810 de
856 3772 913 3809 re
930 3755 1316 3824 Jerosolymam
1343 3753 1483 3821 apud
1501 3751 1833 3805 Ezechielem

240 3857 478 3905 accusat.
527 3847 637 3901 Vidi
667 3847 800 3900 enim
829 3856 906 3911 te,
940 3845 1142 3912 inquit,
1179 3844 1424 3912 pollutam
1463 3843 1710 3912 sanguine
1733 3882 1746 3903 ,
1788 3849 1834 3896 et

241 3944 349 3997 lavi
373 3951 418 3995 et
468 3940 589 3994 tinxi
618 3980 632 4004 ,
675 3952 721 3993 et
752 3942 938 4007 factum
961 3947 1032 3990 est
1062 3937 1146 3988 tibi
1176 3951 1353 3989 nomen
1380 3937 1430 3987 in
1465 3933 1838 4002 pulchritudine

244 4047 373 4097 tua;
400 4047 445 4087 et
467 4033 717 4102 fornicata
743 4048 794 4084 es
820 4047 929 4082 cum
958 4029 1184 4098 ﬁnitimis
1215 4028 1312 4080 (uis
1342 4027 1550 4096 (Ezrch.
1578 4027 1661 4079 I6.
1697 4027 1749 4078 6.
1780 4024 1834 4084 9;

246 4127 338 4180 M.
367 4124 472 4193 26)
505 4139 519 4177 :
553 4123 673 4176 ideo
717 4123 957 4189 graviora
999 4120 1088 4173 tibi
1139 4116 1376 4186 peccanti
1405 4117 1654 4171 minatur.
1706 4116 1839 4169 lliuc

248 4231 381 4272 vero
410 4230 514 4268 non
543 4213 858 4282 supplicium
891 4219 1114 4272 tantum,
1147 4209 1238 4262 sed
1270 4209 1582 4261 immensam
1616 4207 1704 4259 Dei
1742 4221 1835 4273 pa-

246 4307 490 4364 tientiam
519 4314 696 4360 tecum
725 4312 929 4372 reputa.
962 4300 1114 4369 Smpe
1147 4314 1373 4368 namque
1405 4298 1454 4351 in
1483 4298 1668 4351 eadem
1702 4298 1836 4351 mala

247 4398 455 4466 delapsi
481 4411 685 4460 sumus,
711 4393 942 4449 etadhuc
962 4393 1156 4445 illcnos
1174 4391 1378 4442 tolerat.
1399 4389 1590 4442 Verum
1626 4405 1690 4441 ne
1709 4405 1838 4441 con-

253 4490 506 4552 fidamus,
537 4488 630 4542 sed
662 4486 835 4555 potius
865 4485 1164 4537 timeamus.
1200 4481 1410 4533 Etenim
1437 4479 1664 4540 Pharao.
1699 4481 1742 4533 si
1770 4497 1835 4534 ex

253 4583 427 4652 prima
457 4578 606 4649 plaga
629 4577 960 4644 resipuisset,
996 4589 1097 4624 non
1130 4579 1413 4638 sequentes
1441 4580 1710 4637 apertus,
1741 4583 1840 4624 nec

253 4681 442 4743 postea
472 4684 590 4723 cum
621 4678 732 4721 toto
759 4666 992 4720 exercitu
1033 4664 1312 4716 demersus
1351 4660 1554 4714 fuisset.
1594 4661 1715 4714 llatc
1745 4677 1842 4714 au-

253 4775 366 4819 tem
391 4761 531 4823 dico,
564 4761 684 4828 quia
715 4758 911 4811 multos
939 4756 1059 4808 novi
1090 4771 1229 4808 nunc
1258 4754 1392 4808 sicut
1420 4755 1625 4807 Pharao
1656 4754 1840 4807 dicen-

256 4862 340 4907 tes
362 4893 377 4916 ,
408 4850 523 4904 Non
556 4849 682 4903 novi
709 4848 910 4906 Deum;
962 4845 1048 4913 qui
1079 4844 1188 4896 luto
1214 4853 1266 4896 et
1313 4843 1563 4896 lateribus
1605 4843 1846 4895 subditos

255 4959 387 5002 suos
416 4941 687 4997 addicunt.
716 4941 854 5004 Quot
881 4938 1142 4998 homines,
1176 4934 1393 5003 jubente
1428 4934 1535 4987 Deo
1563 4935 1732 4985 minas
1762 4950 1846 4988 re-

257 5039 499 5098 mittere,
531 5049 596 5086 ne
624 5032 861 5086 laborem
901 5027 1116 5098 quidem
1147 5028 1386 5078 relaxare
1410 5027 1616 5078 volunt?
1649 5025 1844 5078 Verum

257 5146 367 5184 non
399 5135 482 5181 cst
497 5126 604 5194 jam
633 5123 870 5177 Rubrum
899 5135 1045 5172 mare
1074 5116 1461 5183 trajiciendnm.
1498 5115 1600 5169 Sed
1632 5117 1848 5184 pelagus

259 5223 403 5294 ignis
447 5227 530 5274 est
553 5260 568 5283 ,
609 5216 828 5288 pelagus
858 5228 962 5266 non
1009 5226 1127 5265 cum
1162 5210 1250 5262 illo
1282 5209 1703 5274 conferendum,
1754 5207 1848 5261 sed

261 5314 434 5368 multo
476 5312 650 5380 majus
688 5317 741 5362 et
783 5305 1030 5360 acerbius
1056 5345 1069 5364 ,
1112 5302 1261 5368 cujus
1290 5302 1481 5353 fluctus
1522 5303 1656 5368 ignis
1685 5310 1846 5364 sunt;

264 5405 402 5472 ignis
439 5411 583 5455 certe
614 5414 778 5452 novus
805 5406 856 5450 et
901 5393 1218 5446 Iltit‘l'Cl’ltIuS.
1251 5393 1487 5459 Abysstts
1527 5393 1630 5445 illic
1661 5408 1848 5461 magna

264 5508 348 5551 est
375 5495 602 5548 ﬂamnne
631 5490 973 5561 gravissimas.
1006 5486 1080 5537 lbi
1121 5484 1261 5536 enim
1305 5485 1476 5551 ignem
1506 5499 1716 5551 Semper
1745 5486 1845 5537 cir-

264 5577 613 5642 cnim-nrrcre
638 5583 819 5637 videre
851 5589 963 5645 est,
1008 5579 1129 5632 ICI‘iI!
1173 5578 1567 5630 immanissimas
1600 5579 1848 5631 similem.

268 5684 323 5732 Eii
354 5679 494 5732 enim
523 5677 606 5729 ille.
636 5673 849 5729 scnsilis
875 5680 928 5724 ct
965 5669 1249 5723 ntaterialis
1281 5668 1434 5733 ignis,
1470 5669 1616 5734 quasi
1648 5675 1750 5721 tera
1788 5686 1852 5723 ex

272 5774 304 5824 εἰ
333 5789 489 5827 tmtth
530 5769 780 5824 chilicns
805 5809 817 5830 ,
861 5763 1044 5818 iusiliit
1073 5761 1120 5814 in
1161 5777 1252 5815 eos
1281 5761 1364 5830 qu'
1405 5770 1550 5813 extra
1585 5760 1850 5816 fornacem

1190 370 1256 425 IN
1296 367 1707 424 MATTIIEUM
1748 365 1976 423 IIOMII...
2022 366 2204 423 XLIII.
2250 371 2319 425 aI.
2364 372 2546 428 XLIV.

3415 380 3524 436 469

1930 491 2106 546 erant,
2139 485 2263 538 dum
2295 495 2402 540 tres
2427 487 2572 554 pueri
2608 490 2746 542 intus
2773 499 2951 544 essent
2982 493 2994 521 ¹
3031 507 3045 544 :
3075 493 3197 560 quid
3228 507 3333 548 non
3362 491 3523 550 faciet

1933 573 2068 642 ignis
2097 576 2188 630 ille
2215 578 2277 630 iis
2308 579 2396 647 qui
2427 582 2476 632 in
2506 580 2651 632 illum
2681 581 2959 636 incident?
2983 583 3117 636 Audi
3148 585 3435 654 prophetas
3455 586 3526 641 de

1933 667 2022 722 illo
2047 667 2136 724 die
2168 669 2447 740 loquentes
2484 689 2496 724 :
2535 671 2653 724 Dic:
2690 672 2892 727 Domini
2917 677 3213 729 incurabilis
3233 717 3244 737 ,
3278 681 3451 748 furore
3478 686 3526 732 et

1931 760 2010 812 ira
2036 759 2214 830 plenus
2265 760 2415 831 (lsai.
2452 763 2536 817 15.
2573 763 2652 833 9).
2687 763 2853 819 Nemo
2890 766 3030 818 enim
3060 767 3162 820 erit
3192 768 3282 835 qtti
3311 768 3521 834 adstet,

1934 865 2092 904 nemo
2136 852 2224 921 qni
2255 861 2445 916 eruat;
2476 868 2735 922 nusquam
2771 854 2842 908 ibi
2884 854 3081 909 Christi
3112 856 3298 912 faciem
3338 860 3524 913 mitem

1933 948 1987 992 et
2030 953 2276 994 serenam
2326 944 2646 1012 conspicies.
2701 943 2807 1000 Sed
2857 946 3305 1014 quemadmodum
3353 948 3386 1001 ii
3434 949 3523 1018 qui

1935 1031 2147 1085 metalla
2176 1042 2424 1097 tractant,
2453 1036 2666 1090 acerbis
2689 1037 2967 1091 traduntur
2997 1037 3322 1103 hominibus,
3354 1041 3526 1095 nemi-

1934 1137 2162 1194 nemque
2188 1126 2482 1181 amicorum
2505 1168 2520 1192 ,
2548 1127 2642 1182 sed
2668 1142 2768 1184 eos
2791 1136 2996 1182 tantum
3022 1132 3111 1198 qui
3144 1141 3380 1198 przesunt
3399 1173 3413 1196 ,
3443 1135 3526 1185 vi-

1933 1214 2060 1268 dent
2086 1217 2198 1271 :sic
2227 1227 2282 1272 et
2312 1228 2467 1282 tunc;
2503 1219 2609 1273 imo
2638 1235 2744 1273 non
2771 1221 2868 1283 sic,
2893 1221 2984 1274 sed
3007 1219 3166 1289 longe
3188 1219 3529 1276 horribiliore

1934 1304 2114 1360 modo.
2149 1306 2270 1361 Istic
2290 1308 2432 1362 enim
2459 1308 2837 1377 Imperatorem
2869 1324 3154 1378 possumus
3185 1311 3332 1365 adire
3355 1321 3404 1364 et
3436 1328 3524 1363 ro-

1934 1409 2080 1464 gare,
2098 1405 2153 1450 et
2181 1397 2258 1452 sic
2281 1397 2592 1452 damnatum
2621 1399 2866 1454 solvere:
2890 1400 2997 1454 illic
3023 1415 3152 1454 vero
3169 1415 3324 1455 secus
3372 1400 3528 1456 Nulla

1935 1487 2078 1540 enim
2103 1489 2368 1551 remissio,
2391 1491 2486 1544 sed
2509 1499 2726 1546 manent
2753 1490 2804 1544 in
2828 1500 2975 1544 tanto
2994 1491 3229 1545 cruciatu
3249 1501 3298 1544 et
3315 1490 3526 1556 dolore,

1934 1577 2022 1646 qui
2055 1592 2159 1630 non
2194 1579 2361 1646 possit
2391 1581 2641 1649 exprimi.
2673 1581 2806 1635 Nam
2836 1583 2878 1634 si
2908 1596 3094 1636 eorum
3141 1583 3227 1651 qni
3261 1583 3348 1636 hic
3376 1598 3527 1636 (mnt-

1934 1667 2197 1722 buruntur
2225 1680 2410 1724 acutos
2437 1671 2652 1725 dolores
2683 1671 2858 1726 nullus
2901 1681 3074 1741 potest
3104 1687 3284 1727 sermo
3323 1671 3527 1726 descri-

1935 1756 2095 1821 bere,
2130 1760 2296 1814 multo
2333 1760 2506 1815 minus
2536 1762 2638 1815 illis
2668 1763 2842 1817 verbis
2885 1763 3113 1831 exprimi
3148 1771 3392 1829 possunt.
3431 1763 3528 1818 llic

1935 1848 2075 1901 enim
2109 1849 2252 1905 brevi
2286 1860 2523 1921 tempore
2558 1861 2722 1907 totum
2757 1851 3031 1922 perficitur
3074 1870 3087 1907 :
3129 1853 3232 1906 illic
3274 1870 3400 1907 vero
3440 1855 3528 1922 qtti

1935 1939 2127 2004 uritur,
2162 1956 2265 1995 non
2295 1943 2650 1997 consumitur.

2007 2028 2085 2081 An
2106 2031 2166 2082 sit
2181 2033 2457 2085 consolatio
2473 2034 2634 2087 socios
2667 2035 2847 2088 habere
2878 2033 3347 2103 supplicii.~—Quid
3373 2034 3534 2103 igitur

1936 2117 2006 2171 ibi
2027 2118 2320 2175 faciemus?
2345 2123 2602 2193 Meipsum
2626 2125 2821 2196 quippe
2841 2126 3102 2194 alloquor.
3122 2126 3174 2179 Si
3202 2139 3276 2189 tn,
3299 2127 3528 2194 inquies,

1933 2209 2120 2266 doctor
2149 2214 2376 2282 tttipsum
2405 2214 2694 2284 alloqucris
2722 2259 2736 2281 ,
2769 2217 2912 2270 nulla
2943 2218 3070 2270 tuihi
3102 2233 3228 2271 cura
3259 2227 3529 2287 superest.

1935 2300 2070 2367 Quid
2105 2303 2296 2356 mirum
2327 2308 2470 2358 enim
2511 2308 2554 2358 si
2583 2315 2637 2359 et
2667 2322 2766 2376 ego
2793 2308 3031 2375 plectar?
3065 2307 3142 2361 Ne
3167 2348 3182 2371 ,
3212 2324 3394 2374 qua-so
3421 2348 3433 2368 ,
3468 2323 3535 2360 ne

1935 2392 2055 2459 quis
2093 2391 2228 2444 hanc
2259 2407 2463 2461 quarat
2495 2397 2943 2450 consolationem.
2977 2396 3158 2464 Neque
3188 2398 3330 2451 enim
3364 2396 3532 2449 nilum

1936 2481 2006 2536 ibi
2043 2483 2314 2538 solatium.
2365 2485 2580 2551 Annon,
2609 2502 2826 2555 quaeso,
2866 2489 3174 2554 incorporea
3228 2487 3394 2541 virtus
3419 2497 3537 2541 erat

1933 2573 2225 2628 diabolus?
2285 2591 2461 2628 nonne
2515 2578 2855 2646 praestantior
2901 2576 3253 2631 hominibus?
3285 2580 3534 2632 Attamen

1936 2666 2116 2736 lapsus
2139 2675 2238 2719 est.
2277 2668 2358 2720 An
2394 2682 2522 2722 vero
2543 2669 2808 2737 quispiam
2840 2668 2964 2722 hinc
2988 2669 3409 2724 consolationem
3440 2686 3535 2724 ac—

1934 2756 2095 2822 cipiet
2121 2755 2261 2823 quod
2311 2770 2433 2810 cum
2487 2757 2578 2810 illo
2627 2757 2938 2813 crucietur?
2988 2741 3352 2827 Nequaquam.
3395 2759 3536 2825 Quid

1936 2861 2096 2915 porro
2126 2847 2364 2918 [Egyptii
2412 2848 2486 2902 illi
2535 2851 2766 2905 omnes?
2815 2863 2996 2903 annon
3042 2849 3324 2918 pra-lectos
3372 2850 3539 2904 etiam

1935 2937 2122 3005 plexos
2150 2937 2435 2993 viderunt?
2463 2949 2516 2993 et
2537 2938 2728 2997 domos
2751 2940 2992 3009 singulas
3021 2940 3070 2992 in
3101 2939 3271 2993 luctu?
3298 2940 3380 2993 An
3410 2940 3534 2995 ideo

1935 3029 2355 3083 consolationem
2370 3031 2804 3099 acccperunt,vel
2824 3031 3175 3098 reSpiraruut?
3196 3030 3410 3085 Minime
3426 3046 3538 3086 cer-

1939 3127 1990 3173 te
2024 3137 2036 3172 :
2066 3121 2115 3174 id
2145 3119 2287 3188 quod
2319 3120 2576 3190 liquidum
2600 3129 2768 3176 estex
2805 3121 2867 3174 iis
2892 3136 3011 3191 qua:
3035 3131 3220 3190 postea
3250 3121 3534 3188 fecerunt,

1936 3212 2085 3279 quasi
2115 3213 2326 3265 ﬂamma
2344 3211 2570 3281 quadam
2595 3211 2843 3282 ﬂagellati
2871 3227 3050 3281 regem
3070 3213 3332 3272 adierunt.
3350 3225 3403 3267 et
3431 3213 3535 3267 lle-

1938 3303 2204 3360 brazorum
2234 3302 2487 3375 populum
2515 3302 2761 3360 emittere
2784 3312 3095 3376 coegerunt.
3137 3302 3348 3374 Frigida
3390 3313 3538 3362 certe

1939 3397 2234 3451 consolatio
2257 3395 2642 3466 cruciati,qnod
2660 3412 2780 3450 cum
2801 3396 2918 3449 aliis
2937 3395 3352 3465 puuiatnmquod
3369 3398 3541 3465 possit

1938 3486 2345 3551 dicere,Eadem
2363 3486 2669 3541 conditione
2686 3501 2805 3540 sum
2828 3500 2929 3554 qua
2959 3486 3069 3540 alii.
3091 3486 3195 3542 Sed
3213 3487 3338 3556 quid
3366 3486 3432 3541 dc
3448 3502 3543 3556 ge-

1941 3573 2115 3629 benna
2144 3576 2377 3644 loquor?
2419 3574 2602 3645 Cogita
2621 3590 2715 3630 eos
2735 3578 2826 3644 qui
2859 3574 3089 3644 podagra
3124 3576 3369 3630 laborant
3403 3594 3415 3628 :
3441 3577 3532 3645 qui

1940 3678 2061 3719 cum
2082 3667 2252 3720 acutis
2277 3667 2550 3719 doloribus
2565 3665 2890 3728 cruciantur,
2915 3666 3121 3717 etiamsi
3145 3675 3424 3719 sexcentos
3446 3681 3506 3720 os
3521 3695 3540 3707 -

1943 3755 2130 3808 lendas
2145 3754 2386 3823 graviora
2413 3753 2777 3822 patientes,ne
2805 3751 3080 3806 attendere
3102 3753 3313 3822 quidem
3334 3757 3538 3809 volunt.

1948 3846 2036 3898 \t'is
2063 3844 2260 3915 quippe
2289 3843 2492 3897 doloris
2521 3857 2586 3896 ne
2614 3843 2788 3897 locum
2819 3843 3032 3908 quidem
3063 3844 3179 3895 sini?
3211 3853 3261 3896 ut
3286 3845 3418 3910 alios
3441 3861 3536 3899 co-

1943 3940 2111 4008 gitent
2135 3979 2148 4002 ,
2199 3937 2426 4006 hincque
2452 3935 2875 3990 consolationem
2907 3936 3171 4002 accipiant
3246 3936 3322 3990 Ne
3355 3940 3534 4006 itaque

1945 4031 2047 4084 hac
2075 4029 2260 4098 frigida
2290 4043 2383 4095 spe
2410 4029 2635 4090 alantur;
2670 4025 2968 4079 consolatio
2991 4026 3182 4093 quippe
3213 4026 3296 4078 illa
3316 4041 3377 4080 ex
3399 4028 3547 4094 ejus-

1944 4123 2066 4177 dem
2125 4121 2249 4174 tnali
2297 4120 2636 4174 consortibus
2690 4129 2880 4189 parta,
2935 4121 2985 4170 in
3029 4120 3283 4172 mediocri
3335 4130 3542 4174 tantum

1946 4227 2182 4267 mrumna
2213 4214 2385 4266 locum
2413 4211 2612 4275 habet;
2655 4210 2869 4279 quando
2899 4223 3071 4262 autem
3104 4211 3272 4278 major
3308 4222 3385 4263 est
3415 4226 3544 4265 cru-

1947 4306 2134 4368 ciatus,
2160 4316 2212 4357 et
2243 4304 2492 4357 interiora
2522 4311 2598 4355 tot
2628 4302 2872 4354 ﬂuctibus
2898 4302 3185 4368 .‘tgiiantttr,
3225 4315 3276 4353 ut
3312 4318 3375 4355 ne
3402 4308 3546 4371 Scip-

1949 4397 2259 4464 saurpoSsit
2305 4398 2479 4449 anima
2526 4408 2870 4464 cognoscere,
2918 4393 3180 4447 undenam
3223 4397 3548 4451 conmlatiu-

1950 4505 2069 4542 nem
2093 4489 2354 4556 accipiet?

2021 4582 2072 4635 5.
2107 4580 2287 4650 Itaque
2328 4579 2549 4635 ridicula
2579 4593 2703 4634 sunt
2731 4581 2843 4635 hiec
2877 4582 3052 4634 omnia
3086 4582 3243 4635 verba
3271 4623 3284 4646 ,
3325 4593 3368 4632 et
3404 4597 3533 4648 puo-

1951 4686 2132 4725 rorutn
2164 4672 2524 4740 insipientium
2559 4670 2765 4724 fabulae.
2803 4672 2933 4725 Nam
2970 4673 3019 4725 id
3047 4714 3060 4738 ,
3098 4672 3236 4740 quod
3270 4673 3404 4724 dicis
3431 4715 3443 4736 ,
3493 4675 3542 4726 in

1953 4778 2184 4817 tttmt‘t’tt'c
2215 4763 2466 4815 mediocri
2497 4764 2667 4815 locum
2704 4762 2901 4828 habet,
2947 4779 3066 4815 (:ttm
3119 4765 3279 4816 alium
3314 4763 3544 4830 idipsntu

1952 4855 2060 4925 pati
2089 4855 2361 4919 audimus;
2392 4855 2499 4908 imo
2529 4869 2924 4922 nonnumquam
2962 4870 3028 4908 ne
3067 4857 3116 4907 in
3163 4872 3391 4908 uunrm-e
3423 4859 3544 4923 qni-

1953 4948 2095 5011 dem;
2131 4949 2399 5015 multoque
2419 4949 2594 5000 minus
2622 4949 2672 4999 in
2702 4948 2935 5001 cruciatu
2965 4947 3056 5000 illo
3089 4949 3361 5010 ineffabili,
3388 4964 3547 5016 quem

1955 5040 2149 5092 stridor
2177 5039 2414 5092 dentium
2460 5039 2730 5107 exprimit.
2762 5038 2890 5091 Novi
2918 5047 3066 5091 certe
3098 5039 3210 5090 hate
3249 5041 3432 5091 dicens
3463 5057 3546 5092 me

1958 5132 2108 5184 vobis
2135 5133 2283 5183 oneri
2314 5146 2376 5183 ac
2407 5129 2578 5184 dolori
2607 5146 2726 5184 esse
2757 5148 2770 5182 :
2796 5129 2887 5183 sed
2929 5130 3054 5198 quid
3087 5131 3312 5181 faciam?
3345 5131 3546 5184 Vellem

1959 5239 2062 5276 non
2097 5223 2209 5276 haec
2235 5223 2434 5285 dicere.
2465 5223 2557 5277 sed
2587 5232 2640 5277 et
2667 5238 2749 5277 me
2772 5232 2822 5276 et
2851 5237 2946 5274 vos
2974 5237 3160 5273 omnes
3186 5222 3431 5273 virtutem
3461 5239 3552 5275 cu-

1958 5317 2128 5370 lentes
2182 5319 2535 5386 conspicere:
2571 5317 2693 5385 quia
2747 5331 2873 5369 vero
2916 5316 3153 5385 plerique
3205 5325 3446 5367 nostrum
3497 5315 3546 5367 in

1961 5411 2191 5480 peccatis
2217 5410 2492 5476 degintus,
2528 5411 2645 5477 quis
2679 5409 2805 5461 mihi
2836 5409 3041 5461 (It-derit
3064 5449 3079 5472 ,
3123 5419 3177 5459 tit
3209 5425 3301 5460 tos
3347 5423 3464 5458 rere
3498 5409 3549 5458 in

1959 5503 2196 5555 dolorem
2228 5502 2540 5569 conjiciunt,
2587 5502 2993 5568 atnlitortnuqne
3038 5500 3268 5551 animum
3296 5498 3551 5565 tangant?

1962 5593 2110 5646 Tunc
2137 5593 2316 5658 utique
2346 5593 2505 5646 liuent
2548 5591 2756 5644 dieeudi
2782 5592 3031 5643 iacerent.
3077 5592 3139 5642 At
3180 5607 3315 5641 nunc
3346 5593 3504 5641 timeo
3532 5629 3548 5652 ,

2020 5701 2043 5766 ,³
2071 5700 2434 5766 ὓΐᾶξπς-(ξῌᾚοι-ιιῖ.
2463 5702 2534 5748 ἐπὶ
2561 5705 2653 5747 τῶν
2677 5703 2813 5766 τςιιῷν
2839 5701 3038 5752 πχίῦων,
3058 5715 3183 5762 quae.
3205 5701 3316 5761 quia
3346 5698 3390 5746 Ill
3415 5700 3546 5762 npu-

1967 5761 2060 5810 luis
2085 5761 2316 5810 sttbsidiii
2341 5763 2542 5820 desunt,
2567 5765 2741 5821 tit-glz‘x
2760 5761 2898 5810 imus.
2923 5764 3049 5809 lim-tu
