4080 6478
561 445 671 503 ιῦδ

563 571 632 612 ue
654 552 885 626 quipiam
909 546 1049 604 dicta
1069 546 1568 602 contemnant,ueve
1593 534 1664 589 ob
1681 527 2006 626 audientium
2036 538 2129 626 ne-

562 614 865 715 gligentiam
893 636 1065 706 majus
1090 628 1402 702 supplicium
1426 625 1636 684 evadat.
1665 622 1847 715 Neque
1871 617 2014 673 enim
2043 614 2089 670 si
2113 653 2130 677 ,

566 713 696 788 hero
738 730 909 785 minas
953 728 1244 781 intentante
1271 760 1288 786 ,
1317 731 1594 773 servorum
1629 713 1746 784 quis
1782 715 2130 772 contemnat,

565 827 784 892 impune
809 818 963 874 fuerit
985 857 1000 878 ,
1030 815 1135 868 imo
1164 813 1279 865 hac
1307 807 1523 878 majoris
1547 803 1786 874 supplicii
1824 813 1984 855 causa
2009 797 2132 851 erit.

563 911 915 983 Quamobrem
945 918 1075 975 rogo
1095 943 1111 967 ,
1141 902 1207 958 de
1233 898 1472 971 gehenna
1512 894 2133 983 audientescompunga-

566 979 701 1058 mur.
733 997 874 1054 Nihil
898 996 1038 1051 enim
1063 993 1269 1049 dulcius
1289 991 1684 1046 hocsermone,
1713 982 1836 1054 quia
1869 980 2030 1036 rebus
2049 979 2130 1047 ip-

566 1097 641 1148 sis
669 1091 794 1147 nihil
822 1091 1073 1144 amarius.
1103 1085 1170 1140 Et
1193 1079 1464 1154 .quomodo
1491 1078 1648 1134 dulce
1672 1075 1826 1132 luerit
1847 1115 1865 1141 ,
1896 1069 2132 1141 inquies,

563 1184 632 1238 de
652 1184 890 1253 gehenna
913 1178 1130 1234 audire?
1156 1176 1286 1243 Quia
1306 1170 1653 1242 iniucundum
1670 1163 1752 1224 est
1766 1168 1818 1221 in
1838 1164 2135 1236 gehennam

566 1271 836 1335 incidere,
870 1268 1008 1342 quod
1037 1267 1231 1321 malum
1277 1269 1525 1322 movent
1552 1258 1710 1316 verba
1741 1257 1827 1312 illa
1852 1296 1868 1322 ,
1913 1270 2031 1325 qua
2058 1253 2140 1342 vi-

566 1363 757 1418 dentur
779 1372 1024 1422 onerosa;
1044 1357 1201 1411 aliam
1222 1369 1348 1410 vero
1367 1358 1620 1424 pmstant
1636 1347 1981 1416 voluptatem,
1994 1341 2139 1413 quod

568 1453 816 1509 videlicet
853 1450 1087 1505 animum
1116 1442 1448 1509 convertant,
1479 1451 1534 1499 et
1561 1439 1630 1496 ad
1657 1440 1902 1510 pietatem
1953 1433 2139 1490 tradu-

565 1553 692 1600 cant
715 1584 729 1606 ,
768 1550 1001 1597 mentem
1032 1538 1390 1594 sublimiorem
1412 1574 1428 1600 ,
1473 1522 1810 1588 ratiocinium
1839 1525 2140 1596 expeditius

569 1615 840 1698 alliciant,
884 1647 913 1686 a
957 1627 1397 1698 concupiscentiis
1425 1623 1697 1680 obsessam
1723 1620 1955 1675 animum
2000 1617 2138 1672 libe-

571 1734 724 1780 reot:
755 1724 870 1777 hac
898 1727 1022 1776 vere
1048 1717 1308 1774 medicina
1344 1723 1446 1771 est.
1491 1714 1825 1782 Quapropter
1863 1704 2141 1765 concedite

572 1813 699 1870 mihi
726 1822 784 1869 ut
824 1821 1098 1882 postquam
1120 1809 1189 1863 de
1213 1806 1473 1877 supplicio
1497 1804 1627 1871 dixi,
1647 1801 1716 1859 de
1749 1800 1951 1872 pudore
1979 1798 2139 1854 etiam

572 1921 636 1960 ae
658 1905 923 1960 dedecore
947 1902 1140 1957 dicam.
1177 1900 1310 1955 Nam
1339 1899 1476 1955 sicut
1499 1895 1740 1951 Ninivita:
1775 1902 1903 1949 tunc
1927 1891 2142 1946 Judteus

571 1982 1004 2051 condemnabunt
1026 2035 1041 2059 ,
1069 1993 1147 2048 sic
1176 2001 1229 2046 et
1257 2005 1353 2046 nos
1378 1988 1528 2044 multi
1558 1983 1990 2043 eondemnabunt
2010 2023 2024 2044 ,
2044 1981 2142 2052 qui

575 2100 715 2140 nunc
740 2083 984 2138 videntur
1020 2082 1174 2152 longe
1211 2080 1487 2135 inferiores
1520 2092 1661 2133 esse.
1691 2074 1994 2148 Cogitemus
2016 2085 2144 2142 ergo

575 2183 800 2244 quantus
821 2174 978 2238 risus,
999 2180 1210 2241 quaotze
1224 2169 1588 2226 damnationes
1609 2176 1768 2224 erunt
1795 2183 1808 2220 :
1831 2163 2142 2233 cogitemus,

580 2265 785 2319 initium
812 2261 1086 2329 ducamus,
1106 2261 1321 2331 jauuam
1349 2259 1647 2329 aperiamus
1669 2256 1736 2310 ad
1758 2253 2140 2326 pmnitentiam.

579 2357 662 2414 Me
706 2357 876 2426 ipsum
923 2354 1202 2423 alloquor,
1251 2367 1337 2407 me
1383 2351 1611 2422 primum
1651 2347 1837 2402 hortor
1866 2357 2062 2400 :nemo
2088 2350 2145 2397 ut

576 2447 857 2502 damnatus
904 2445 1176 2510 irascatur.
1227 2443 1514 2512 Angustam
1556 2439 1694 2494 viam
1735 2436 2007 2493 adeamus.
2041 2432 2148 2488 Us-

579 2549 787 2604 quequo
812 2532 1016 2589 delicia:
1034 2532 1060 2586 τ
1097 2543 1371 2601 usquequo
1399 2525 1719 2585 oscitantis?
1766 2539 1872 2578 non
1897 2521 2153 2578 satiamur

581 2621 802 2684 desidia,
831 2621 1085 2685 ridentes,
1117 2616 1587 2690 procrastiuantes?
1613 2615 1693 2669 An
1719 2611 1905 2669 eadem
1935 2624 2152 2680 semper

580 2718 755 2772 erunt,
779 2724 981 2776 mensa,
1007 2709 1224 2764 satietas
1242 2748 1259 2770 ,
1285 2703 1661 2776 sunptuositas
1678 2742 1693 2768 ,
1722 2701 1993 2772 pecunias,
2021 2714 2149 2770 pos-

583 2801 848 2856 sessiones
871 2841 884 2864 ,
912 2797 1173 2852 aedilicia?
1205 2796 1396 2866 Ecquis
1423 2808 1609 2849 eorum
1640 2792 1764 2846 (luis
1782 2792 1808 2845 ἲ
1835 2790 1995 2846 Mors.
2023 2790 2154 2858 Quis

586 2891 739 2948 linis?
762 2890 927 2955 Cinis,
957 2889 1144 2958 pulvis,
1170 2888 1348 2950 loculi,
1371 2899 1597 2941 vermes.
1624 2882 1823 2938 Novam
1843 2897 1973 2953 ergo
1994 2883 2155 2936 vitam

585 2980 929 3037 exhibeamus
961 2997 976 3031 :
1006 2977 1256 3032 faciamus
1295 2990 1488 3031 tetram
1535 2974 1763 3028 calum:
1797 2971 1922 3026 hinc
1972 2981 2154 3026 osten-

589 3072 776 3126 damus
801 3069 1083 3139 gentilibus
1108 3076 1236 3136 quot
1261 3073 1478 3120 careant
1504 3064 1678 3119 bonis.
1724 3062 1854 3117 Nam
1898 3076 2020 3117 cum
2062 3075 2161 3116 nos

591 3158 844 3214 videbunt
869 3164 1010 3211 recte
1034 3157 1195 3208 vitam
1224 3162 1462 3223 agentes,
1495 3151 1682 3206 eodem
1704 3159 1922 3220 aspectu
1938 3164 2160 3220 regnum

507 3270 512 3275 ’
592 3249 848 3305 czclorum
883 3246 1228 3315 conspicient.
1281 3243 1409 3298 Cum
1455 3258 1553 3296 nos
1591 3241 1818 3298 viderint
1848 3240 2120 3297 modestos
2146 3281 2162 3306 ,

594 3351 789 3392 vacuos
829 3337 923 3397 ira.
951 3334 1376 3403 concupiscentia
1400 3333 1560 3398 mala,
1590 3333 1806 3395 invidia,
1829 3332 2072 3394 avaritia,
2109 3332 2163 3385 in

595 3425 938 3494 omtiibusque
968 3424 1184 3493 probos,
1212 3423 1426 3477 dicent:
1448 3430 1502 3479 δι
1538 3423 1622 3477 hic
1645 3421 1818 3492 angeli
1854 3420 1988 3476 liunt
2015 3420 2167 3476 Chri-

602 3515 782 3581 stiani,
812 3515 993 3584 quales
1021 3522 1177 3569 erunt
1198 3521 1318 3581 post
1339 3526 1612 3568 excessum
1638 3529 1703 3566 ex
1729 3515 1829 3566 hac
1850 3513 1990 3566 vita?
2017 3513 2061 3566 si
2078 3513 2168 3565 ubi

599 3604 864 3676 peregrini
891 3611 1048 3668 sunt,
1080 3603 1148 3657 ita
1170 3603 1414 3674 fulgent,
1454 3617 1577 3657 eum
1607 3600 1829 3672 patriam
1878 3601 2168 3670 recipient,

599 3697 782 3766 quales
802 3695 1000 3749 erunt?
1026 3693 1114 3749 Sic
1140 3702 1194 3748 et
1223 3693 1298 3748 illi
1325 3693 1570 3747 meliores
1596 3692 1843 3756 evadent,
1870 3701 1926 3746 et
1962 3690 2172 3760 pietatis

600 3799 778 3840 sermo
796 3795 990 3848 curret,
1012 3799 1117 3839 non
1135 3785 1308 3838 minus
1327 3798 1483 3852 quam
1505 3781 1866 3850 apostolorum
1884 3795 2014 3834 aevo.
2038 3778 2170 3833 Nam

602 3873 647 3927 si
680 3871 752 3951 illi
783 3887 902 3927 cum
929 3871 1206 3927 duodecim
1228 3870 1398 3926 solum
1423 3879 1619 3934 essent,
1652 3869 1891 3924 civitates
1922 3869 2174 3936 integras,

603 3963 950 4031 regionesque
972 3968 1372 4025 converterunt;
1402 3959 1446 4013 si
1475 3974 1666 4014 omnes
1692 3974 1758 4014 ex
1789 3966 2031 4012 accurata
2053 3957 2179 4010 vitae

607 4051 812 4106 ratione
835 4051 1082 4106 doctores
1109 4050 1423 4115 efficiamur,
1446 4050 1615 4121 cogita
1646 4057 1897 4117 quautam
1922 4037 1986 4101 ad
2017 4047 2179 4102 subli-

608 4141 846 4196 tnitatem
873 4151 1053 4196 nostra
1078 4141 1185 4195 sint
1214 4154 1517 4195 ascensura.
1554 4139 1733 4204 Neque
1757 4139 1900 4193 enim
1925 4139 2178 4208 gentilent

1296 429 1356 485 5.
1393 421 1668 484 JOANNIS
1700 409 2174 477 CBRYSOSTOHI
2211 399 2524 465 Αιιωιερ.
2563 391 3101 458 CONS‘I'ANTINOP.

3706 388 3804 444 ιει

2238 517 2316 574 sic
2346 513 2564 571 attrahit
2592 519 2834 581 mortuus
2857 505 3218 572 redivivus,ut
3240 503 3320 558 vir
3339 501 3705 572 philosophice
3731 500 3810 556 vi-

2235 622 2384 664 vens.
2436 605 2518 662 Ad
2565 603 2694 660 illud
2723 603 2865 657 enim
2912 597 3272 670 spectaculum
3311 595 3582 665 stupebit,
3611 594 3680 650 ab
3709 593 3810 648 hoc

2233 704 2410 752 autem
2440 695 2641 749 lucrum
2665 689 2840 746 faciet.
2867 686 3001 743 Illud
3023 686 3219 741 lacuum
3243 695 3346 749 est,
3375 693 3429 740 et
3458 683 3690 746 transiit;
3711 680 3814 736 hoc

2236 797 2431 853 manet,
2464 797 2516 842 et
2540 797 2750 854 semper
2777 781 2916 836 illius
2944 778 3176 834 animam
3211 775 3426 830 excolit.
3457 773 3652 829 Curam
3683 786 3811 842 ergo

2239 879 2407 935 nostri
2443 891 2682 949 agamus,
2708 882 2766 928 ut
2789 882 2844 927 et
2872 870 2995 926 illos
3017 869 3304 923 lucremur.

2319 967 2488 1022 Virtus
2513 967 2564 1020 in
2585 964 2719 1018 omni
2745 960 3028 1017 conditione
3063 957 3162 1012 coll
3193 953 3591 1026 potest.—Nihil
3619 966 3816 1008 onero-

2239 1075 2355 1115 sum
2382 1059 2571 1129 loquor
2598 1072 2613 1110 :
2641 1069 2747 1109 non
2767 1051 2907 1114 dico,
2941 1049 3018 1107 Ne
3045 1062 3266 1103 uxorem
3293 1045 3458 1101 ducas
3481 1084 3497 1106 .
3528 1045 3690 1100 urbes
3728 1057 3820 1099 re-

2240 1149 2438 1219 linque,
2464 1161 2495 1200 a
2521 1145 2683 1200 rebus
2723 1141 2940 1198 urbanis
2969 1149 3023 1195 te
3050 1151 3270 1194 remove
3302 1154 3316 1190 :
3347 1134 3463 1199 sed.
3497 1134 3554 1189 ln
3583 1132 3670 1188 his
3693 1145 3821 1187 ver-

2239 1255 2366 1296 sans
2389 1239 2631 1294 virtutem
2661 1234 2876 1292 exhibe.
2905 1232 3117 1288 Ilallem
3139 1230 3340 1300 quippe
3377 1242 3473 1283 eos
3498 1227 3589 1296 qui
3627 1226 3680 1279 in
3708 1239 3826 1280 me-

2243 1330 2347 1385 diis
2374 1328 2592 1384 urbibus
2619 1333 2898 1382 versantur
2927 1324 3126 1378 virtute
3156 1320 3349 1376 ﬂorere
3369 1360 3385 1386 ,
3414 1333 3574 1389 quam
3605 1330 3707 1373 eos
3730 1315 3824 1386 qui

2241 1430 2451 1477 montes
2474 1425 2754 1486 occupant.
2776 1414 2988 1484 Quare?
3010 1412 3146 1482 Quia
3177 1412 3300 1466 hinc
3325 1411 3546 1465 multum
3568 1409 3702 1464 lucri
3728 1420 3825 1462 ae-

2241 1513 2399 1572 cedit.
2433 1511 2596 1566 Nemo
2623 1509 2764 1564 enim
2792 1508 3049 1562 lucernam
3079 1503 3323 1568 accendit,
3349 1511 3394 1556 st
3420 1500 3562 1570 ponit
3589 1516 3705 1554 eam
3733 1499 3829 1553 sub

2242 1603 2411 1658 stadio
2435 1601 2646 1673 (Matth.
2677 1599 2733 1654 5.
2765 1599 2875 1668 t5).
2907 1597 3113 1652 Idcirco
3141 1594 3332 1649 vellem
3361 1605 3552 1646 omnes
3574 1590 3829 1644 lucernas

2242 1707 2400 1763 supra
2422 1689 2738 1746 candelabra
2761 1703 2901 1751 esse,
2928 1694 2984 1741 ut
3003 1684 3170 1740 multa
3191 1684 3280 1739 lux
3307 1680 3691 1738 effunderetur.
3723 1681 3832 1734 Ac-

2241 1781 2530 1840 cendamus
2569 1780 2746 1848 itaque
2775 1779 2948 1848 ignem
2983 1776 3154 1840 illum,
3193 1774 3246 1828 id
3273 1771 3566 1827 efﬁciamus
3589 1781 3648 1825 ut
3675 1769 3712 1824 ii
3739 1769 3833 1838 qui

2245 1877 2297 1931 in
2323 1872 2558 1930 tenebris
2587 1871 2777 1926 sedent
2800 1910 2816 1933 ,
2842 1867 2912 1923 ab
2930 1878 3115 1923 errore
3138 1864 3446 1919 liberentur.
3480 1860 3558 1916 Ne
3588 1859 3720 1914 mihi
3745 1858 3835 1914 di-

2243 1980 2337 2022 cas
2363 1981 2377 2018 :
2403 1962 2634 2020 Uxorem
2659 1961 2851 2023 habeo,
2891 1956 3051 2020 illius,
3073 1955 3314 2016 domum,
3343 1967 3442 2008 nec
3468 1965 3686 2020 possum
3717 1949 3839 2004 hac

2246 2063 2519 2128 praestare.
2543 2049 2766 2107 Etiamsi
2787 2049 2930 2105 enim
2955 2047 3143 2102 borum
3172 2045 3300 2100 nihil
3319 2043 3563 2107 haberes,
3581 2041 3626 2096 si
3652 2039 3839 2110 segnis

2246 2145 2596 2211 esses.otnnia
2612 2143 2809 2212 pariter
2827 2139 3196 2203 abscederent;
3215 2138 3258 2193 si
3282 2136 3399 2191 haec
3411 2133 3588 2189 omnia
3610 2133 3836 2196 habeas,

2245 2249 2600 2309 strenuusque
2625 2236 2702 2291 sls
2726 2244 2888 2304 atque
2913 2229 3111 2301 probus
3127 2271 3141 2293 ,
3171 2228 3421 2283 virtutem
3450 2227 3616 2281 coles.
3648 2223 3833 2279 Unum

2247 2329 2502 2401 quaeritur
2531 2367 2546 2392 ,
2585 2324 2778 2380 animas
2804 2335 3079 2392 generosa
3108 2318 3356 2373 alacritas
3384 2332 3399 2369 :
3427 2323 3483 2370 et
3527 2328 3626 2369 nec
3656 2321 3796 2368 astas
3815 2353 3835 2379 ,

2251 2435 2352 2476 nec
2376 2427 2660 2489 paupertas
2682 2454 2698 2480 ,
2725 2428 2827 2469 nec
2853 2410 3049 2466 divitia:
3074 2449 3090 2476 ,
3135 2423 3235 2463 nec
3262 2407 3427 2462 moles
3457 2403 3797 2476 negotiorum
3824 2443 3841 2468 ,

2250 2511 2339 2566 vel
2365 2508 2649 2578 quidquam
2673 2503 2840 2570 aliud,
2867 2500 3249 2571 impedimento
3279 2506 3458 2553 erunt.
3485 2495 3618 2551 Nam
3645 2509 3835 2564 senes,

2247 2600 2492 2670 juvenes,
2518 2594 2804 2667 coniugati,
2840 2592 3036 2648 liberos
3060 2591 3371 2656 educantes,
3399 2587 3654 2652 artiﬁces,
3693 2586 3842 2641 mili-

2255 2699 2356 2760 tes,
2383 2696 2645 2762 praecepta
2673 2687 2850 2742 omnia
2880 2684 3255 2754 impleverunt.
3289 2681 3500 2737 Etenim
3547 2678 3738 2734 Daniel
3757 2677 3844 2748 ju-

2255 2782 2408 2838 venis
2428 2787 2575 2844 erat,
2601 2777 2799 2846 Ioseph
2826 2791 3013 2833 servus
3037 2815 3052 2842 ,
3097 2775 3284 2845 Aquila
3311 2781 3481 2828 artem
3504 2770 3798 2827 exercebat
3824 2806 3838 2827 .

2260 2872 2568 2946 purpuraria
2599 2869 2676 2941 (a)
2705 2867 2934 2924 ofﬁcinae
2961 2874 3208 2936 praeerat,
3239 2863 3376 2918 alius
3404 2870 3588 2916 custos
3607 2859 3846 2914 carceris

2259 2973 2394 3030 erat,
2431 2962 2570 3018 alius
2597 2959 2861 3022 centurio,
2893 2965 2951 3010 ut
2977 2951 3708 3014 Cornelius;aliusintirmus
3734 2989 3750 3009 .
3792 2955 3850 3001 ut

2261 3053 2611 3112 Timotheus;
2660 3049 2797 3103 alius
2825 3046 3073 3116 fugitivus
3097 3086 3113 3108 ,
3145 3053 3203 3098 ut
3229 3043 3550 3098 Onesimus:
3581 3036 3679 3094 sed
3713 3037 3852 3092 nihil

2268 3146 2459 3200 horum
2485 3140 2714 3210 cuipiam
2743 3153 2929 3193 eorum
2953 3135 3145 3200 obfuit,
3176 3134 3305 3204 quin
3331 3142 3478 3188 recte
3505 3132 3666 3186 vitam
3698 3129 3858 3185 iusti-

2269 3243 2495 3300 tuereut,
2526 3243 2580 3289 et
2596 3233 2821 3303 juvenes
2846 3239 2900 3284 et
2919 3244 3076 3285 senes
3099 3269 3114 3292 ,
3146 3237 3200 3282 et
3232 3227 3372 3282 servi
3416 3235 3470 3280 et
3496 3225 3669 3287 liberi,
3703 3223 3848 3278 mili-

2271 3337 2348 3382 tes
2393 3336 2448 3381 et
2474 3325 2670 3381 idiotm.
2703 3321 2780 3376 Ne
2805 3322 2983 3388 itaque
3026 3333 3194 3374 vanos
3217 3331 3521 3387 quaeramus
3559 3315 3820 3369 obtentus
3842 3355 3858 3380 ,

2270 3417 2362 3474 sed
2393 3415 2720 3486 prepositutn
2765 3409 3052 3466 voluntatis
3079 3422 3327 3477 paremus
3354 3405 3636 3475 optimum.
3662 3403 3860 3475 Cujus.

2273 3511 2353 3562 vis
2379 3507 2698 3561 conditionis
2736 3505 2924 3566 simus,
2952 3501 3198 3554 virtutem
3234 3500 3451 3552 omnino
3476 3510 3861 3566 capessamus,

2277 3606 2330 3650 et
2373 3598 2543 3648 futura
2587 3606 2978 3661 consequamur
3021 3590 3156 3644 bona
3183 3629 3200 3655 ,
3239 3589 3408 3657 gratia
3439 3597 3494 3642 et
3533 3586 3866 3655 benignitate

2278 3681 2485 3739 Domini
2533 3681 2702 3734 nostri
2731 3679 2855 3734 Jesu
2884 3676 3104 3741 Christi,
3140 3678 3354 3748 quicum
3388 3675 3528 3731 Patri
3557 3685 3611 3732 et
3633 3673 3861 3746 Spiritui

2278 3783 2463 3830 sancto
2487 3771 2650 3842 gloria
2678 3781 2730 3824 et
2769 3768 3047 3838 imperium
3073 3807 3090 3830 ,
3140 3769 3310 3821 honor
3348 3781 3489 3821 nunc
3526 3776 3581 3821 et
3607 3780 3862 3836 semper,

2280 3865 2412 3922 etin
2436 3863 2629 3918 s:ccula
2645 3861 2981 3916 stcculorum.
3009 3862 3202 3914 Amen.

2285 4086 2441 4198 hi3.
2454 4083 2737 4196 [ggrpiu‘rarla
2761 4082 2842 4132 illa
2863 4081 3169 4145 'rbyatirena,
3187 4079 3253 4129 de
3274 4080 3435 4142 quain
3459 4078 3655 4128 Actibus
3675 4083 3866 4142 apes»

1714 4340 2090 4403 HOMIILIA
2133 4341 2356 4406 XLIV.
2401 4343 2485 4405 al.
2524 4341 2718 4404 XLV.

611 4490 742 4546 Car.
772 4485 856 4542 l2.
892 4502 940 4539 v.
976 4485 1063 4540 ιϐ.
1113 4482 1290 4537 Adhuc
1320 4492 1492 4538 autem
1519 4499 1578 4536 eo
1604 4483 1831 4554 loquente
1871 4480 1942 4536 ad
1975 4482 2175 4545 turbas,

685 4595 796 4634 ecce
817 4585 975 4630 ntater
1003 4586 1050 4629 et
1076 4578 1257 4646 fratres
1283 4578 1393 4646 ejus
1416 4575 1615 4628 stabant
1643 4574 1772 4645 foris
1789 4616 1805 4639 ,
1835 4584 2115 4640 quatenus
2137 4577 2187 4629 ei

686 4670 841 4740 loqui.
871 4668 962 4728 Π.
995 4666 1142 4721 Dixit
1178 4677 1344 4720 autem
1373 4667 1577 4737 quidam
1607 4667 1650 4721 ei
1694 4682 1711 4721 :
1757 4665 1890 4720 Ecce
1916 4675 2077 4720 utater
2102 4676 2190 4721 tua

685 4773 733 4817 et
776 4763 959 4832 fratres
1007 4760 1078 4812 tui
1106 4759 1233 4828 foris
1277 4766 1440 4823 stant,
1470 4767 1745 4826 gementes
1790 4756 1880 4811 tibi
1909 4757 2063 4826 loqui.
2093 4755 2182 4812 d8.

693 4855 717 4910 1
724 4872 813 4926 pse
866 4863 1033 4907 autem
1087 4852 1395 4922 respondens
1445 4851 1629 4905 dicenti
1652 4852 1747 4906 sibi
1795 4853 1866 4906 ait
1889 4868 1908 4907 :
1941 4852 2067 4919 Qut;
2116 4862 2190 4906 est

694 4957 854 5001 mater
875 4963 1005 5011 mea,
1028 4955 1075 5000 et
1097 4946 1182 5017 qui
1207 4953 1323 5000 sunt
1343 4948 1524 5015 fratres
1557 4944 1694 5000 mei?
1717 4942 1803 5000 i9.
1831 4943 1898 4999 Et
1920 4943 2192 5000 extendens

695 5055 898 5093 manum
936 5038 988 5092 in
1029 5037 1305 5106 discipulos
1333 5053 1472 5102 suos,
1498 5036 1627 5091 dixit
1657 5052 1677 5090 :
1716 5034 1849 5091 Ecce
1889 5045 2046 5092 mater
2083 5050 2194 5089 mea

699 5139 744 5182 et
774 5132 958 5198 fratres
986 5127 1101 5180 mei.

701 5221 752 5273 1.
783 5217 934 5285 Quod
968 5232 1136 5287 nuper
1164 5217 1403 5272 dicebam
1434 5217 1548 5272 sine
1575 5217 1772 5272 virtute
1793 5217 1970 5272 omnia
1997 5231 2194 5284 super-

627 5311 730 5363 flua
757 5323 894 5369 esse.
929 5308 1029 5362 hoc
1056 5322 1196 5362 nunc
1222 5306 1558 5374 apertissime
1584 5307 2002 5362 demonstratur.
2035 5305 2196 5360 Dice-

630 5403 751 5454 hztm
791 5415 888 5468 ego
910 5439 924 5464 ,
956 5407 1167 5453 {etatem
1190 5439 1204 5464 ,
1239 5407 1479 5452 naturam
1504 5439 1518 5462 ,
1547 5397 1743 5453 deserti
1793 5397 2194 5461 habitationem,

629 5503 930 5562 czcteraque
958 5491 1258 5560 bujusmodi
1283 5491 1485 5546 inutilia
1511 5506 1650 5555 esse,
1674 5491 1718 5547 si
1747 5491 2038 5545 voluntatis
2066 5503 2194 5559 poo-

635 5585 860 5652 positum
896 5599 998 5637 non
1029 5583 1098 5638 sit
1136 5582 1331 5638 bonum
1360 5601 1374 5637 :
1403 5582 1561 5640 hodie
1597 5598 1724 5638 vero
1749 5582 1947 5654 aliquid
1973 5580 2201 5651 amplius

631 5674 884 5728 discimus
906 5716 921 5738 ,
952 5690 1020 5730 ne
1043 5675 1254 5744 quidem
1283 5676 1546 5730 Christum
1577 5675 1852 5745 peperisse
1890 5682 1944 5729 et
1987 5671 2200 5727 mirabi-

631 5765 791 5821 biletn
815 5764 963 5820 illum
994 5774 1198 5836 partum
1232 5765 1484 5837 edidisse,
1507 5765 1707 5837 aliquid
1733 5764 1976 5821 utilitatis
2004 5762 2200 5819 habere

2290 4486 2404 4541 sine
2431 4486 2643 4540 virtute.
2681 4481 2737 4536 ld
2767 4495 2894 4536 vero
2921 4480 3045 4536 hinc
3070 4478 3299 4534 maxime
3324 4477 3578 4549 liquidum
3595 4489 3681 4536 est
3709 4499 3722 4534 :
3750 4498 3868 4537 nam

2294 4575 2424 4632 dicit
2454 4595 2467 4630 :
2491 4575 2670 4629 Adhuc
2697 4591 2755 4628 eo
2785 4576 3016 4642 loquente
3039 4570 3110 4624 ad
3132 4569 3306 4624 turbas
3325 4609 3341 4635 ,
3374 4569 3505 4624 dixit
3540 4550 3753 4640 quidam
3782 4574 3867 4627 ei:

2295 4666 2461 4723 Mater
2509 4675 2597 4720 tua
2633 4674 2680 4718 et
2727 4663 2911 4732 fratres
2943 4662 3016 4716 tui
3048 4668 3288 4732 quierunt
3327 4670 3395 4713 te.
3445 4659 3544 4715 Ille
3567 4676 3684 4715 vero
3723 4661 3868 4725 dixit,

2300 4759 2425 4825 Qua:
2467 4767 2538 4812 est
2573 4765 2732 4812 mater
2761 4771 2890 4820 mea,
2921 4763 2968 4808 et
3000 4755 3084 4824 qui
3113 4767 3231 4807 sunt
3253 4757 3436 4825 fratres
3475 4754 3611 4808 utet"?
3641 4753 3757 4809 Hoc
3780 4769 3871 4806 au-

2296 4859 2403 4907 tem
2428 4849 2657 4914 dicebat,
2691 4861 2796 4902 non
2822 4845 2964 4917 quod
2992 4845 3058 4901 de
3099 4856 3270 4900 matre
3297 4845 3527 4914 puderet
3549 4885 3566 4909 ,
3597 4861 3697 4901 nec
3735 4846 3870 4918 quod

2296 4939 2606 5011 genitricem
2668 4945 2929 5008 negaret:
2961 4937 3005 4991 si
3038 4936 3181 4991 enim
3222 4934 3272 4989 id
3323 4935 3398 4990 illi
3444 4935 3633 5005 pudori
3663 4938 3866 4999 inisset,

2299 5045 2403 5086 non
2432 5045 2525 5100 per
2549 5039 2759 5084 uterum
2787 5027 2932 5082 illum
2961 5027 3273 5091 transisset;
3314 5026 3409 5081 sed
3441 5036 3500 5080 ut
3522 5027 3832 5082 ostenderet
3853 5067 3867 5089 ,

2299 5123 2425 5178 nihil
2468 5123 2591 5176 hinc
2636 5119 2788 5175 matri
2820 5118 3060 5174 utilitatis
3125 5127 3505 5188 proventuram
3546 5117 3732 5180 fuisse,
3773 5119 3870 5172 nisi

2299 5223 2560 5284 prmeepta
2616 5210 2794 5265 omnia
2842 5219 3129 5265 servasset.
3177 5209 3308 5264 Nam
3349 5211 3494 5279 quod
3531 5211 3622 5266 illa
3659 5210 3869 5265 recites

2299 5305 2587 5358 ambitione
2609 5301 3050 5373 proﬁciscebatur
3079 5317 3091 5353 :
3120 5301 3334 5356 volebat
3359 5301 3502 5355 enim
3531 5302 3733 5370 populo
3756 5315 3870 5354 sese

2300 5403 2570 5448 ostentare
2588 5408 2650 5447 ac
2669 5393 2713 5445 si
2738 5392 3024 5460 imperaret
3045 5391 3172 5454 lilio,
3195 5389 3262 5446 de
3285 5407 3390 5462 quo
3411 5391 3543 5446 nihil
3571 5392 3746 5446 adhuc
3767 5408 3870 5444 ma-

2303 5499 2461 5555 gnum
2486 5481 2891 5552 imaginabatur,
2908 5483 3135 5552 ideoque
3161 5482 3464 5548 importune
3491 5481 3869 5537 accessiLVide

2304 5593 2431 5648 ergo
2455 5586 2511 5632 et
2539 5577 2655 5648 ejus
2681 5584 2736 5631 et
2777 5574 2995 5630 fratrum
3038 5576 3415 5645 arrogantiam.
3443 5571 3576 5629 Cum
3605 5581 3867 5645 Oporteret

2303 5668 2444 5723 enim
2477 5669 2746 5738 ingressos
2787 5665 2970 5720 audire
3005 5681 3126 5721 cum
3167 5666 3339 5730 turba,
3369 5665 3450 5720 vel
3489 5667 3533 5720 si
3575 5665 3626 5721 id
3653 5664 3862 5727 nollent,

2302 5771 2612 5831 exspectare
2640 5757 2911 5816 concionis
2940 5756 3119 5826 linem,
3147 5767 3201 5814 et
3223 5767 3348 5813 tunc
3375 5756 3657 5824 accedere,
3681 5770 3714 5812 a
3745 5753 3864 5810 turis
