4080 6460
330 438 435 499 ιϐδ

329 560 523 608 vocant
544 565 664 606 eum
694 550 745 605 in
765 559 1056 618 conspectu
1084 547 1342 611 omnium,
1362 542 1789 613 superfluamque
1812 556 1903 595 ex-

328 643 510 699 hibent
540 641 919 703 ambitionem,
951 649 1006 692 ut
1030 637 1335 700 ostendant,
1371 649 1432 689 se
1461 634 1532 687 illi
1565 647 1752 703 magna
1781 647 1901 686 cum

327 733 925 804 potestate'imperare.
973 730 1122 797 Quod
1172 729 1331 782 etiam
1380 725 1702 794 evangelista
1755 726 1903 779 incu-

321 823 490 878 sando
515 824 789 885 declarat;
823 821 923 875 hoc
960 819 1131 889 ipsum
1162 819 1305 874 enim
1354 815 1696 871 subindicans
1722 814 1850 867 dixit
1885 832 1898 866 :

320 914 502 967 Adhuc
543 930 600 966 eo
643 914 870 978 loquente
915 911 984 963 ad
1014 909 1224 972 turbas;
1266 923 1329 962 ac
1367 907 1412 961 si
1440 906 1678 960 diceret:
1709 908 1898 958 Annon

320 1006 468 1060 aliud
502 1015 708 1074 tempus
732 1005 886 1058 erat?
913 1017 1092 1056 annon
1117 1009 1361 1070 poterant
1397 1000 1624 1053 seorsim
1656 997 1900 1066 alloqui?

317 1099 454 1164 Quid
484 1112 642 1166 porro
685 1095 828 1165 loqui
871 1094 1163 1148 volebant?
1193 1093 1322 1146 Nam
1360 1092 1402 1144 si
1433 1090 1500 1145 de
1531 1089 1754 1142 veritate
1798 1088 1898 1142 do-

317 1190 504 1243 ctrina:
551 1188 742 1243 dicturi
791 1196 978 1251 erant,
1006 1187 1121 1241 base
1149 1186 1319 1256 palam
1351 1195 1400 1238 et
1444 1199 1622 1238 coram
1655 1183 1899 1237 omnibus

320 1279 563 1348 proferre
586 1280 858 1350 oportuit,
890 1277 956 1332 ad
997 1277 1222 1331 aliormn
1264 1291 1475 1346 quoque
1501 1275 1780 1328 utilitatem
1809 1291 1822 1338 ;
1851 1275 1894 1329 si

313 1370 381 1424 de
403 1372 520 1425 aliis
545 1371 608 1424 ad
641 1386 728 1426 res
757 1385 879 1424 suas
910 1370 1294 1438 spectantibus,
1327 1385 1430 1422 non
1464 1370 1540 1422 sic
1574 1371 1774 1423 instare
1804 1384 1898 1438 par

313 1469 448 1513 erat.
478 1460 607 1514 Nam
633 1461 677 1514 si
708 1462 778 1514 illi
809 1470 1012 1529 patrem
1044 1461 1273 1528 sepelire
1304 1476 1408 1513 non
1453 1462 1693 1528 permisit
1719 1477 1786 1515 ne
1811 1477 1896 1516 se-

310 1549 403 1618 qui
433 1564 492 1603 se
524 1550 895 1604 intermitteret
927 1569 940 1600 :
974 1551 1140 1604 multo
1171 1553 1342 1615 minus
1385 1551 1696 1605 concionem
1749 1569 1896 1606 rum-

314 1653 440 1706 pere
465 1639 650 1693 debuit
672 1654 768 1709 pro
794 1640 952 1694 rebus
993 1641 1188 1694 nullius
1215 1642 1491 1694 momenti.
1512 1640 1687 1706 Quare
1720 1643 1889 1710 palam

309 1749 410 1803 eat,
444 1753 538 1792 eos
565 1737 736 1791 solum
763 1753 828 1792 ex
857 1753 987 1791 vana
1029 1738 1193 1806 gloria
1227 1737 1350 1790 illud
1396 1739 1608 1806 egisse;
1641 1738 1781 1807 quod
1814 1739 1888 1791 si-

307 1832 564 1899 gnificans
606 1831 836 1884 Joannes
869 1830 1080 1884 dicebat
1114 1846 1128 1883 :
1178 1829 1353 1892 Neque
1379 1833 1559 1900 fratres
1584 1831 1692 1901 ejus
1720 1831 1890 1883 crede-

308 1923 423 1974 bant
446 1922 496 1974 in
525 1937 637 1974 eum
669 1923 685 1992 (
710 1921 864 1976 Joon.
896 1924 946 1975 7.
973 1922 1073 1990 5);
1107 1923 1421 1992 illorumque
1447 1922 1587 1977 dicta
1616 1921 1778 1977 refert
1796 1924 1890 1976 ad-

306 2011 520 2066 modum
570 2011 775 2077 insana,
807 2012 996 2066 dicens
1027 2013 1172 2082 ipsos
1216 2012 1441 2066 traxisse
1487 2013 1632 2066 illum
1675 2011 1888 2066 Jeroso-

303 2102 523 2170 lymam,
553 2117 659 2154 non
692 2103 760 2155 ob
780 2101 938 2155 aliam
960 2116 1196 2167 causam,
1225 2117 1384 2170 quam
1413 2111 1468 2155 ut
1488 2118 1550 2156 ex
1580 2102 1696 2170 ejus
1721 2103 1885 2171 signis

300 2193 524 2259 gloriam
573 2201 853 2259 captarent
897 2210 909 2244 :
954 2207 1074 2246 nam
1133 2193 1419 2261 inquiunt,
1483 2191 1541 2246 Si
1590 2193 1696 2245 [uec
1734 2193 1881 2262 facis,

299 2281 505 2334 ostende
543 2283 758 2349 teipsum
799 2283 988 2334 mundo
1017 2299 1035 2336 :
1067 2296 1210 2336 nemo
1251 2285 1437 2354 quippe
1462 2281 1514 2335 in
1540 2282 1733 2338 occulto
1761 2284 1884 2352 quid

299 2373 447 2440 facit,
479 2383 524 2424 ct
546 2374 723 2442 quaerit
748 2374 854 2441 ipse
881 2375 1052 2442 palam
1078 2375 1189 2440 ﬁeri
1211 2375 1229 2446 (
1259 2373 1398 2427 Ibid.
1427 2390 1475 2428 υ.
1507 2375 1588 2443 4);
1621 2374 1731 2442 ipse
1755 2390 1882 2429 vero

297 2462 418 2514 illos
460 2464 784 2531 increpavit,
832 2464 1100 2517 carnalem
1134 2465 1341 2518 illorum
1371 2464 1592 2533 culpans
1621 2466 1878 2519 animum.

294 2551 429 2617 Quia
457 2554 595 2606 enim
625 2552 791 2606 Judaei
824 2553 1217 2620 exprobrantes
1249 2555 1347 2623 ipsi
1373 2555 1658 2610 dicebant:
1694 2554 1881 2609 Nonne

296 2642 376 2694 hic
398 2652 466 2694 est
492 2642 621 2711 fabri
649 2643 803 2709 filius,
826 2644 970 2712 cujus
1003 2659 1094 2696 nos
1120 2645 1307 2696 scimus
1333 2654 1528 2712 patrem
1554 2653 1601 2697 et
1630 2647 1879 2698 matrem?

293 2746 339 2787 et
370 2737 550 2803 fratres
579 2738 687 2805 ejus
734 2752 900 2788 nonne
939 2738 1078 2802 apud
1112 2753 1202 2788 nos
1230 2745 1344 2788 sunt
1374 2737 1393 2802 <
1436 2735 1624 2790 Matth.
1673 2738 1757 2791 l3.
1785 2738 1872 2791 55.

293 2827 397 2884 56;
440 2826 602 2880 Marc.
633 2827 684 2881 6.
716 2829 770 2896 5)
791 2829 814 2879 ?
838 2827 1227 2896 ignobilitatem
1254 2827 1466 2895 generis
1492 2827 1872 2894 vituperantes,

293 2927 572 2988 pr0pterea
619 2920 787 2987 ipsum
832 2918 895 2972 ad
942 2918 1215 2986 signorum
1262 2916 1676 2970 ostentationem
1707 2931 1870 2969 voca-

290 3011 418 3064 bant
447 3027 460 3062 :
497 3009 615 3063 ideo
647 3011 788 3078 ipsos
827 3008 1064 3078 depellit,
1087 3009 1270 3062 volens
1294 3007 1361 3060 ab
1391 3006 1490 3060 hac
1523 3007 1686 3060 animi
1714 3008 1874 3076 aegri-

291 3101 469 3154 tudine
497 3101 720 3154 liberare
751 3118 762 3152 :
789 3101 877 3170 qui
908 3101 951 3153 si
972 3108 1193 3152 matrem
1224 3112 1418 3166 negare
1443 3097 1719 3160 voluisset,
1746 3105 1872 3153 tunc

290 3202 553 3262 negasset,
576 3206 696 3245 cum
726 3191 774 3244 id
797 3190 1074 3260 ipsiJudaei
1105 3188 1389 3258 opprobrio
1411 3197 1696 3245 verterent.
1723 3190 1873 3248 Nunc

285 3293 468 3338 autem
498 3292 697 3337 tantam
731 3283 848 3351 ejus
887 3297 1068 3337 curam
1114 3282 1350 3348 exhibet,
1384 3291 1443 3337 ut
1476 3298 1594 3338 eam
1626 3285 1676 3338 in
1708 3299 1869 3340 cruce

288 3357 573 3441 discipulo,
606 3389 763 3441 quem
787 3374 1018 3427 maxime
1043 3373 1282 3427 omnium
1312 3373 1582 3443 diligebat,
1600 3389 1871 3430 commen-

190 3519 208 3540 .
285 3463 458 3522 daret.
488 3477 840 3532 magnamque
863 3462 978 3532 ejus
1016 3461 1428 3517 sollicitudinem
1470 3463 1768 3519 exhiberet.
1800 3465 1871 3519 At

285 3567 431 3605 nunc
457 3566 562 3605 non
595 3552 840 3606 similiter
871 3551 1014 3616 facit,
1041 3561 1095 3605 ut
1128 3552 1204 3605 illi
1224 3561 1278 3605 et
1305 3552 1558 3607 fratribus
1586 3553 1696 3606 suis
1721 3564 1870 3608 recte

283 3643 614 3697 consuleret.
638 3643 770 3709 Quia
793 3642 936 3697 enim
970 3642 1114 3695 illum
1145 3642 1347 3696 nudum
1378 3642 1648 3698 hominem
1677 3659 1870 3699 cense—

283 3732 434 3795 bant,
477 3742 638 3801 atque
675 3733 816 3786 inani
858 3733 1025 3802 gloria
1075 3732 1388 3803 agebantur,
1421 3734 1670 3788 morbum
1719 3735 1867 3790 illum

283 3827 525 3896 depellit,
556 3842 661 3878 non
689 3827 754 3878 ad
774 3827 1172 3892 contumeliam,
1203 3826 1296 3879 sed
1314 3826 1378 3879 ad
1410 3827 1863 3882 emendationem.

285 3916 363 3969 Tu
392 3930 520 3970 vero
550 3929 615 3968 nc
641 3916 800 3968 verba
835 3916 920 3968 illa
953 3924 1155 3968 tantum
1187 3915 1504 3984 perpendas,
1531 3931 1651 3984 qua:
1687 3917 1872 3971 mode-

287 4013 459 4059 ratam
480 4005 755 4059 continent
781 4005 1198 4073 increpationem
1220 4045 1234 4069 ,
1269 4004 1360 4059 sed
1389 4006 1548 4059 etiam
1601 4007 1866 4076 importu-

284 4096 507 4148 nitatem
537 4095 918 4164 audaciamque
950 4093 1192 4159 fratrum,
1218 4109 1280 4148 ac
1311 4096 1428 4161 quis
1455 4096 1525 4150 sit
1560 4097 1648 4151 ille
1671 4098 1758 4166 qui
1789 4098 1868 4151 in-

284 4195 469 4252 crepat
498 4203 510 4237 :
538 4201 640 4238 non
668 4187 806 4239 enim
853 4185 1027 4239 nudus
1070 4186 1249 4250 homo,
1287 4187 1380 4241 sed
1417 4188 1722 4257 nnigeuitus
1772 4190 1865 4244 Dei

287 4274 482 4339 Filius;
511 4286 563 4329 et
604 4276 731 4343 quid
754 4275 942 4330 volens
981 4277 1338 4345 increpaverit
1369 4296 1381 4331 :
1415 4295 1520 4334 non
1549 4280 1692 4333 enim
1722 4289 1776 4333 ut
1807 4282 1868 4335 il-

285 4368 390 4420 lam
424 4368 476 4419 in
513 4367 729 4421 dubium
756 4367 1045 4436 conjiceret
1071 4409 1088 4431 ,
1115 4369 1206 4424 sed
1236 4378 1292 4423 ut
1320 4386 1346 4422 a
1377 4372 1652 4440 tyrannico
1679 4373 1866 4427 morbo

290 4456 565 4520 liberaret,
612 4473 675 4512 ac
704 4459 957 4529 paulatim
992 4459 1263 4514 induceret
1296 4461 1360 4513 ad
1388 4474 1772 4530 congruentem
1801 4463 1868 4518 de

285 4561 344 4600 se
375 4549 704 4616 opinionem,
735 4549 1090 4618 suaderetque
1124 4551 1245 4620 ipsi,
1275 4566 1334 4606 se
1361 4567 1465 4606 non
1504 4554 1666 4608 modo
1700 4555 1863 4609 filium

284 4639 452 4706 ipsius
478 4654 632 4706 esse,
679 4641 772 4694 sed
820 4641 976 4694 etiam
1010 4642 1322 4706 Dominum;
1353 4644 1660 4714 videbisque
1691 4647 1866 4700 incre-

285 4729 551 4794 pationem
585 4731 869 4785 admodum
913 4742 966 4786 et
1005 4732 1102 4785 sibi
1135 4744 1544 4801 congruentem,
1615 4747 1667 4790 et
1713 4738 1866 4791 matri

285 4821 514 4882 utilem,
570 4823 831 4892 simulque
878 4824 1030 4898 valde
1084 4835 1443 4882 mansuetam.
1493 4827 1676 4898 Neque
1724 4831 1865 4883 enim

282 4910 436 4972 dixit,
467 4911 690 4974 Abi,dic
719 4914 895 4979 matri,
930 4895 1072 4967 illam
1103 4931 1274 4969 meam
1307 4931 1411 4971 non
1437 4932 1558 4972 esse
1591 4928 1817 4974 matrem
1847 4936 1862 4983 ;

282 5001 379 5055 sed
408 5001 648 5071 loquenti
693 5005 980 5073 respondet
1022 5005 1104 5060 his
1151 5007 1331 5062 verbis
1371 5026 1383 5062 :
1430 5009 1557 5074 Qua:
1602 5022 1673 5064 est
1712 5024 1868 5066 mater

283 5093 445 5144 mea?
493 5108 612 5145 cum
642 5108 800 5160 supra
831 5095 986 5150 dictis
1024 5097 1166 5151 aliud
1217 5100 1374 5152 etiam
1421 5100 1678 5155 efficiens.
1711 5103 1867 5169 Quid-

286 5197 409 5235 nam
463 5183 634 5236 illud?
676 5184 743 5239 Ut
772 5201 943 5254 neque
989 5189 1086 5249 illi,
1118 5205 1290 5256 neque
1317 5191 1405 5244 alii
1435 5233 1448 5254 ,
1476 5195 1775 5260 cognationi
1806 5194 1865 5246 fi-

283 5272 493 5337 dentes,
523 5275 771 5329 virtutem
825 5277 1168 5346 negligerent.
1206 5280 1335 5333 Nam
1366 5282 1409 5333 si
1443 5281 1580 5334 illam
1617 5283 1743 5334 nihil
1769 5283 1857 5350 ju-
1935 5289 1938 5294 ‘

286 5364 443 5418 vabat
467 5365 608 5433 quod
636 5376 805 5421 mater
830 5378 990 5433 esset,
1022 5372 1122 5423 nisi
1154 5381 1296 5424 esset
1324 5373 1498 5426 virtuti
1531 5373 1865 5439 addicta,vix

284 5467 351 5506 ac
390 5469 458 5508 ne
485 5456 570 5509 vix
598 5456 812 5525 quidem
844 5460 978 5514 alius
1009 5461 1215 5513 ratione
1259 5464 1592 5529 cognationis
1639 5467 1866 5520 salutem

284 5557 660 5618 consequetur.
708 5550 830 5604 Sola
879 5552 1074 5619 quippe
1119 5552 1370 5607 nobilitas
1418 5565 1500 5607 est
1545 5558 1867 5612 voluntatem

290 5638 386 5693 Dei
413 5639 609 5695 facere.
637 5642 732 5695 llic
777 5643 1065 5696 ntlblliiulls
1105 5644 1292 5698 modus
1318 5648 1503 5700 nn-lior
1529 5657 1579 5700 et
1613 5661 1869 5716 pra'stan-

287 5731 391 5783 tior
421 5740 503 5785 est
539 5732 648 5785 illo.

354 5819 390 5874 ἓ
466 5820 709 5893 Cogitatio
761 5824 1002 5894 spiritalis
1041 5845 1138 5899 qua
1194 5833 1373 5885 virtute
1426 5833 1646 5903 pfa'dttis
1698 5835 1867 5903 omnes

1321 432 1386 488 IN
1425 427 1831 486 MATTll/EUM
1873 428 2100 485 IIUMIL.
2145 429 2325 485 XLIV.
2369 432 2437 486 al.
2483 431 2640 486 XLV.

3495 435 3602 493 166

2016 558 2209 608 sumus,
2238 544 2348 597 solo
2378 545 2517 599 nobis
2559 548 2780 606 prodest.
2829 546 2993 600 Μαι-ἑκ
3011 549 3134 616 jure
3175 551 3317 603 beata
3348 551 3598 619 prcdica-

2014 642 2117 686 tur.
2161 663 2231 674 —-
2279 635 2403 690 llzec
2431 651 2564 707 ergo
2585 652 2709 690 cum
2736 639 2972 692 sciamus
2995 679 3008 702 ,
3034 654 3133 694 nec
3159 639 3226 695 de
3251 641 3372 694 filiis
3397 642 3596 696 virtute

2009 725 2168 778 claris
2211 726 2380 780 altum
2433 728 2703 796 sapiamus
2729 767 2744 793 ,
2779 728 2877 783 nisi
2918 727 3105 784 eadem
3156 745 3255 798 qua
3294 731 3366 785 illi
3402 732 3598 785 virtute

2010 819 2214 886 przediti
2255 820 2458 886 simus;
2493 836 2669 890 neque
2697 821 2765 876 de
2789 823 3069 890 generosis
3111 823 3399 892 probisque
3427 822 3594 892 patri-

2009 909 2126 973 bus,
2161 912 2262 966 nisi
2307 914 2514 968 similes
2555 914 2659 968 illis
2687 914 2968 968 fuerimus.
2999 914 3182 969 Potest
3218 914 3358 968 enim
3405 916 3516 968 fieri
3541 923 3596 967 ut

2006 1003 2094 1071 qui
2141 1003 2360 1072 genuit,
2395 1017 2545 1073 pater
2584 1021 2690 1059 non
2739 1006 2829 1072 sit,
2859 1013 2914 1059 et
2940 1006 3028 1075 qui
3072 1020 3178 1059 non
3210 1006 3412 1076 genuit,
3444 1016 3594 1075 pater

2006 1092 2094 1146 sit.
2138 1094 2476 1165 Quapropter
2517 1095 2640 1150 alibi
2689 1110 2809 1150 cum
2857 1095 3053 1150 mulier
3073 1096 3315 1164 qumdam
3350 1095 3591 1150 diceret:

2005 1181 2190 1237 Beatus
2210 1195 2375 1238 venter
2401 1187 2487 1254 qui
2514 1196 2560 1240 te
2587 1187 2822 1254 portarit,
2852 1197 2899 1239 et
2926 1187 3078 1257 ubera
3099 1202 3212 1256 qua:
3239 1187 3422 1240 suxisti
3439 1183 3592 1257 (Luc.

2007 1277 2092 1331 11.
2120 1278 2261 1347 27);
2293 1294 2398 1332 non
2431 1279 2708 1347 respOndit
2739 1278 2848 1342 ille,
2872 1277 3060 1332 Nullus
3089 1293 3173 1332 me
3199 1287 3386 1332 venter
3407 1285 3592 1346 porta-

2007 1370 2121 1434 vit,
2157 1368 2296 1423 nulla
2328 1369 2445 1422 suxi
2488 1370 2648 1423 ubera
2675 1385 2688 1433 ;
2721 1369 2837 1435 sed,
2867 1369 3157 1433 Quinimmo
3179 1410 3192 1431 ,
3225 1369 3354 1422 beati
3380 1367 3466 1436 qui
3506 1369 3592 1437 fa-

2002 1459 2139 1511 ciunt
2181 1458 2486 1512 voluntatem
2515 1459 2682 1514 Patris
2704 1460 2799 1514 mei
2822 1459 2872 1526 (1
2880 1459 2984 1512 bid.
3019 1475 3065 1511 υ.
3094 1459 3226 1528 28)ῖ
3250 1456 3437 1512 Viden'
3455 1471 3592 1523 quo-

2001 1550 2160 1603 modo
2178 1566 2282 1604 non
2309 1553 2510 1620 uspiam
2537 1563 2691 1620 neget
2714 1552 3009 1606 naturalem
3034 1551 3168 1605 hanc
3191 1552 3586 1622 cognationem:

1998 1641 2092 1695 sed
2125 1642 2282 1695 addat
2315 1643 2457 1696 illam
2499 1644 2812 1696 affinitatem
2836 1685 2848 1708 ,
2876 1658 2994 1711 qua:
3025 1641 3314 1697 secundmn
3333 1642 3584 1694 virtutem

1997 1732 2111 1785 est?
2157 1733 2462 1786 Prascursor
2488 1749 2698 1800 quoque
2726 1749 2845 1787 cum
2894 1733 3020 1786 dicit
3041 1773 3053 1796 ,
3089 1732 3354 1786 Genintina
3383 1732 3585 1800 vipera-

1996 1839 2106 1874 rum
2133 1863 2145 1886 ,
2197 1839 2258 1876 ne
2288 1824 2557 1876 videamini
2584 1825 2778 1887 dicere,
2814 1823 3018 1877 Patrem
3059 1823 3298 1876 habemus
3329 1821 3584 1875 Abraham

2000 1912 2210 1982 (Matth.
2239 1918 2291 1970 3.
2314 1919 2463 1984 7.9),
2494 1932 2599 1970 non
2623 1917 2857 1972 declarat
2887 1933 2977 1971 eos
3009 1933 3114 1971 non
3143 1933 3262 1972 esse
3291 1913 3584 1970 secundum

1995 2016 2238 2060 naturam
2270 2024 2334 2062 ex
2367 2007 2671 2062 Abrahamo
2702 2018 2873 2071 ortos,
2900 2009 2993 2062 sed
3026 2010 3156 2062 nihil
3188 2009 3294 2061 illis
3324 2005 3584 2076 prodesse

1992 2097 2131 2164 quod
2164 2113 2227 2152 ex
2262 2099 2568 2152 Abrahamo
2606 2101 2714 2153 sint
2742 2100 2879 2164 orti,
2915 2101 3014 2154 nisi
3049 2101 3208 2154 etiam
3255 2113 3464 2154 morum
3491 2113 3583 2152 co-

1990 2191 2296 2254 gnationem
2341 2190 2597 2244 baberent
2644 2207 2655 2241 :
2703 2189 2843 2260 quod
2886 2191 3046 2245 etiam
3078 2189 3323 2244 Christus
3348 2188 3584 2242 declarat

1992 2280 2075 2333 bis
2107 2280 2280 2334 verbis
2306 2297 2319 2332 :
2367 2279 2430 2334 Si
2454 2280 2551 2348 ﬁlii
2579 2280 2797 2338 Abrahae
2826 2281 3016 2344 essetis,
3047 2296 3202 2350 Opera
3231 2282 3400 2348 utique
3420 2278 3585 2331 Abra-

1990 2370 2070 2423 ha:
2108 2371 2339 2441 faceretis
2391 2372 2409 2442 (
2452 2369 2613 2426 Joan.
2662 2371 2712 2426 8.
2773 2371 2842 2428 59
2902 2374 2918 2440 )
2957 2389 2969 2424 :
3010 2385 3115 2425 non
3160 2385 3254 2425 eos
3294 2386 3323 2423 a
3379 2366 3582 2423 carnali

1986 2465 2302 2531 cognatione
2333 2477 2635 2526 removens,
2667 2463 2760 2518 sed
2783 2462 2980 2518 docens
3010 2463 3167 2516 aliam
3194 2463 3292 2516 hac
3323 2462 3578 2530 majorem

1986 2567 2049 2607 ac
2091 2554 2354 2608 veriorem
2387 2570 2507 2609 esse
2551 2556 2917 2619 quterendam.
2964 2555 3075 2610 lloc
3116 2556 3276 2610 etiam
3320 2554 3404 2608 hic
3431 2553 3576 2614 facit,

1986 2643 2080 2696 sed
2109 2643 2440 2699 moderatius
2471 2654 2523 2699 et
2560 2646 2736 2700 lenius
2762 2659 2778 2699 :
2807 2660 2931 2699 nam
2965 2645 3032 2700 de
3063 2653 3238 2699 matre
3266 2660 3360 2698 sua
3399 2659 3580 2698 sermo

1987 2733 2296 2786 habebatur.
2323 2733 2504 2804 Neque
2531 2736 2676 2790 enim
2705 2733 2856 2799 dixit,
2879 2735 2993 2789 Non
3016 2745 3099 2788 est
3125 2743 3295 2789 mater
3322 2749 3458 2798 mea,
3482 2749 3580 2788 ne-

1982 2837 2085 2889 que
2137 2823 2210 2876 illi
2263 2824 2455 2878 fratres
2499 2835 2663 2887 sunt,
2697 2827 2818 2893 quia
2854 2840 2957 2879 non
3003 2825 3205 2879 faciunt
3248 2825 3575 2879 voluntatem

1982 2926 2192 2977 meam;
2219 2927 2392 2982 neque
2412 2914 2733 2981 sententiam
2763 2914 2882 2967 tulit
2905 2914 2992 2968 vel
3017 2914 3397 2970 condemnavit
3429 2929 3442 2966 :
3479 2914 3574 2969 sed

1979 3001 2032 3055 in
2055 3001 2275 3057 arbitrio
2304 3004 2539 3072 ipsorum
2567 3003 2785 3073 reliquit
2805 3014 2863 3058 ut
2889 3004 2941 3058 id
2974 3003 3190 3069 vellent,
3211 3005 3436 3073 loquens
3452 3018 3576 3058 cum

1979 3086 2387 3147 mansuetudine
2430 3093 2529 3147 sibi
2577 3094 2890 3162 coitgruenti
2940 3111 2953 3149 :
2986 3094 3072 3149 50.
3112 3093 3210 3158 Qui
3247 3095 3380 3148 enim
3408 3094 3571 3165 facit,

1980 3184 2480 3254 inquit,voluntatem
2506 3185 2675 3240 Patris
2703 3189 2819 3252 mei,
2833 3187 2920 3241 ille
2949 3203 3086 3241 meus
3113 3189 3272 3256 frater
3297 3198 3343 3241 et
3364 3204 3508 3242 soror
3525 3197 3574 3241 et

1978 3284 2135 3328 mater
2164 3286 2254 3329 est.
2285 3276 2460 3344 Quare
2487 3278 2528 3329 si
2562 3277 2639 3330 sie
2687 3277 2847 3332 etiam
2870 3293 2990 3333 esse
3009 3278 3212 3341 volunt,
3237 3277 3375 3332 hanc
3393 3281 3575 3333 ineant

1976 3371 2135 3423 viam.
2182 3368 2396 3424 Etcum
2439 3371 2686 3424 clamavit
2725 3370 2918 3425 mulier
2949 3369 3152 3436 dicens,
3195 3369 3382 3426 Beatus
3406 3381 3574 3425 venter

1975 3459 2064 3526 qui
2107 3469 2153 3512 te
2192 3461 2431 3528 portavit,
2475 3476 2579 3514 non
2611 3461 2766 3522 dixit,
2799 3460 2915 3515 Non
2948 3470 3235 3520 estmater
3264 3477 3415 3525 mea;
3447 3463 3568 3529 sed,

1975 3549 2027 3604 Si
2058 3549 2174 3604 vult
2201 3565 2319 3604 esse
2345 3550 2521 3617 beata,
2552 3554 2880 3607 voluntatem
2907 3552 3081 3607 Patris
3103 3555 3204 3607 mei
3230 3552 3403 3608 faciat.
3437 3554 3568 3608 Nam

1975 3640 2066 3708 qui
2096 3641 2218 3693 talis
2248 3652 2349 3702 est,
2381 3651 2435 3693 et
2477 3642 2638 3695 frater
2659 3683 2671 3704 ,
2696 3653 2750 3698 et
2777 3657 2952 3710 soror,
2985 3653 3038 3697 ct
3065 3655 3236 3698 mater
3261 3654 3360 3698 est.
3389 3644 3568 3714 Papre,

1975 3739 2230 3798 quantum
2253 3730 2473 3785 honoris
2504 3733 2517 3784 !
2554 3748 2727 3801 pap:e,
2756 3743 2949 3803 quanta
2980 3744 3061 3788 est
3088 3737 3278 3790 virtus!
3311 3736 3375 3788 ad
3397 3751 3568 3804 quan-

1976 3829 2086 3873 tum
2114 3821 2325 3876 culmen
2364 3837 2424 3877 se
2455 3822 2737 3878 adeuntem
2769 3825 2960 3893 erigit!
3001 3837 3130 3894 quot
3163 3828 3416 3882 mulieres
3443 3830 3570 3882 bea-

1977 3919 2082 3963 tam
2112 3911 2366 3966 dixerunt
2391 3924 2632 3968 sanctam
2673 3915 2817 3969 illam
2854 3916 3122 3986 Virginem
3149 3959 3160 3982 ,
3192 3920 3414 3987 ejusque
3455 3931 3569 3972 ute-

1975 4018 2114 4069 rum,
2142 4013 2196 4057 et
2224 4012 2474 4072 optarunt
2502 4006 2634 4058 tales
2669 4019 2788 4059 esse
2820 4017 3016 4061 matres
3045 4050 3059 4071 ,
3092 4016 3393 4078 carteraque
3430 4009 3567 4078 abji-

1974 4110 2097 4150 cere
2127 4099 2139 4148 !
2174 4095 2309 4162 Quid
2345 4111 2473 4165 ergo
2510 4097 2809 4165 prohibet?
2869 4099 3005 4153 Ecce
3055 4100 3213 4153 latam
3249 4101 3384 4154 viam
3415 4103 3569 4156 nobis

1975 4189 2241 4258 aperit,et
2268 4189 2394 4244 licet
2432 4205 2535 4266 non
2569 4192 2882 4246 mulieribus
2908 4193 3091 4259 modo,
3125 4195 3217 4249 sed
3248 4195 3407 4248 etiam
3441 4198 3567 4250 viris

1976 4281 2027 4332 in
2061 4280 2149 4332 tali
2171 4281 2333 4334 locari
2358 4279 2583 4346 ordine;
2613 4282 2720 4336 imo
2751 4292 2805 4337 et
2836 4283 2888 4337 in
2918 4284 3072 4354 longe
3101 4287 3310 4352 majori.
3347 4286 3398 4338 Id
3420 4289 3562 4340 enim

1979 4372 2136 4440 longe
2171 4373 2340 4438 magis
2381 4384 2606 4427 matrem
2658 4372 2816 4437 facit,
2863 4390 3022 4443 quam
3071 4387 3268 4443 partus.
3312 4376 3490 4447 itaque
3520 4378 3564 4432 si

1978 4462 2188 4516 beatum
2217 4470 2300 4516 est
2329 4463 2477 4526 illud,
2508 4465 2678 4519 multo
2707 4465 2879 4534 majus
2925 4475 2979 4520 et
3010 4468 3188 4520 verius
3234 4467 3352 4531 hoc,
3383 4478 3566 4538 utpote

1975 4555 2294 4622 optabilius:
2327 4555 2403 4610 Ne
2448 4558 2615 4627 igitur
2658 4559 2830 4613 solum
2860 4559 3160 4622 desideres,
3189 4560 3280 4614 sed
3313 4569 3366 4614 et
3394 4562 3562 4622 viam,

1976 4663 2092 4714 qua:
2116 4656 2166 4700 te
2196 4646 2260 4700 ad
2287 4662 2399 4702 rem
2418 4648 2776 4704 desideratam
2797 4651 3199 4719 ducit,capt-sse
3226 4667 3343 4705 cum
3374 4667 3565 4720 magno

1983 4738 2178 4791 studio.
2209 4737 2333 4794 Haec
2359 4755 2486 4809 ergo
2511 4756 2630 4794 eum
2667 4741 2890 4796 dixisset
2911 4743 3070 4796 exitii
3107 4742 3173 4797 de
3201 4743 3376 4796 domo.
3410 4743 3562 4795 Vidi-

1975 4833 2096 4885 stin'
2119 4833 2388 4902 quomodo
2414 4845 2467 4888 et
2497 4835 2810 4905 increpavit,
2847 4846 2898 4888 et
2932 4835 3058 4888 fecit
3085 4836 3132 4890 id
3174 4838 3311 4906 quod
3353 4836 3563 4891 deside.

1978 4924 2207 4978 rabant?
2240 4925 2391 4990 Quod
2423 4924 2583 4978 etiam
2617 4925 2667 4978 in
2700 4928 2893 4994 nuptiis
2922 4927 3044 4980 fecit
3069 4927 3258 4995 (Joan.
3287 4927 3320 4980 9.
3375 4930 3428 4980 5.
3457 4928 3490 4981 4
3525 4930 3562 4994 ).

1977 5015 2105 5068 Nam
2131 5027 2183 5068 et
2206 5016 2314 5069 illic
2345 5017 2638 5084 increpavit
2670 5018 3046 5084 intempestive
3078 5024 3369 5086 pete‘utrm,
3393 5034 3565 5087 nequo

1981 5117 2153 5161 tamen
2188 5109 2511 5176 postulatum
2537 5111 2786 5178 negavit;
2820 5120 2928 5162 tum
2973 5120 3028 5163 ut
3060 5112 3416 5164 imbecillitati
3448 5129 3563 5165 me-

1976 5199 2225 5257 deretur.
2255 5210 2363 5253 ttnn
2398 5211 2447 5253 ut
2490 5218 2638 5255 suam
2685 5219 2810 5272 erga
2865 5215 3085 5257 matrem
3137 5203 3563 5260 benevolentiam

1977 5293 2274 5346 exhiberet.
2318 5293 2406 5348 Sic
2437 5304 2492 5347 et
2520 5296 2618 5349 hoc
2644 5296 2760 5349 loco
2785 5297 2956 5350 inanis
2983 5297 3164 5364 glorim
3196 5297 3438 5350 tum-bum
3475 5315 3560 5351 sa-

1984 5387 2165 5448 navit,
2197 5397 2249 5437 et
2281 5385 2516 5439 debitum
2548 5389 2704 5441 matri
2737 5388 2994 5441 honorem
3028 5390 3289 5458 prmstitit,
3321 5389 3445 5443 licet
3476 5391 3564 5445 illa

1978 5477 2330 5543 inopportuna
2355 5486 2575 5544 peteret.
2611 5480 2627 5546 (
2658 5476 2785 5548 Cap.
2816 5479 2930 5534 Xlll
2963 5478 2982 5551 )
3015 5483 3062 5535 1.
3095 5479 3157 5533 In
3189 5481 3276 5533 illo
3299 5483 3381 5533 die
3404 5523 3418 5544 ,
3453 5483 3564 5547 ait,
3601 5534 3604 5535 ,

1977 5567 2142 5619 exiens
2166 5565 2203 5618 Ι
2206 5584 2319 5620 esus
2345 5584 2370 5620 e
2395 5569 2562 5633 domo,
2589 5569 2790 5623 sedebat
2815 5587 2956 5624 secus
2981 5588 3136 5624 mare.
3162 5570 3292 5624 Nam
3323 5572 3365 5625 si
3386 5573 3563 5636 vultis,

1980 5657 2169 5723 inquit,
2206 5657 2387 5710 videre
2407 5668 2460 5710 et
2487 5658 2695 5720 audire,
2727 5661 2836 5730 jam
2863 5675 2998 5714 exeo
3023 5669 3080 5714 ιιι
3114 5661 3397 5715 disseram.
3433 5662 3561 5726 Quia

1977 5750 2116 5799 cnim
2155 5747 2301 5814 signa
2351 5749 2511 5800 multa
2547 5749 2806 5815 faciebat,
2837 5765 3022 5804 rursus
3051 5768 3110 5804 ex
3165 5754 3398 5807 doctrina
3444 5767 3562 5819 pro-

1979 5835 2120 5891 dest.
2156 5838 2216 5891 Ιίι
2255 5838 2447 5894 sedens
2471 5854 2629 5895 secus
2652 5856 2820 5907 mare,
2856 5849 3103 5898 terrenos
3129 5846 3367 5900 homines
3395 5845 3565 5912 pisca-
