4080 6552
623 441 726 500 467

624 559 797 613 batur.
819 553 972 613 Sedit
998 565 1129 608 vero
1153 555 1311 607 secus
1337 561 1502 610 mare,
1532 558 1638 600 non
1664 543 1780 598 sine
1806 551 1982 597 causa.
2007 538 2183 607 Atque

622 647 724 702 hoc
759 639 1301 715 ipsum'subindicans
1343 633 1890 707 posuit'erangelista.
1936 628 2006 685 Ut
2042 627 2183 682 enim

620 733 1278 798 ostenderet,seaccurate
1309 727 1441 782 velle
1473 727 1738 780 theatrum
1761 733 2104 790 congregare,
2122 731 2184 772 se

619 824 720 881 hoc
762 826 864 879 situ
915 824 1088 892 posuit
1111 862 1128 889 ,
1159 831 1216 877 ut
1252 819 1518 874 neminem
1564 831 1594 871 a
1623 817 1784 870 dorso
1823 812 2064 875 haberet,
2087 807 2183 864 sed

615 931 806 971 omnes
827 914 890 969 ad
908 930 966 970 se
993 927 1304 968 conversos.
1332 911 1386 964 2.
1412 908 1473 962 Et
1494 915 1808 978 congregata:
1831 913 1966 966 sunt,
1993 899 2178 969 inquit,

616 1006 684 1057 ad
729 1021 840 1059 eunt
885 1004 1042 1057 turbat
1082 1003 1294 1066 multa;
1340 1001 1411 1053 ita
1440 1008 1495 1053 ut
1522 999 1574 1052 in
1603 997 1881 1050 naviculam
1910 992 2182 1057 ascendens

617 1095 835 1158 sederet;
859 1102 904 1147 et
932 1093 1092 1147 emotis
1113 1093 1258 1146 turba
1280 1091 1332 1143 in
1353 1089 1496 1143 litore
1523 1087 1701 1142 stabat.
1732 1085 1803 1140 ibi
1819 1099 1943 1138 vero
1966 1076 2179 1146 octiens,

618 1199 713 1253 per
736 1185 1015 1252 parabolas
1039 1182 1290 1252 loquitur.
1321 1179 1372 1234 ὅ.
1399 1175 1470 1232 Et
1490 1179 1725 1238 louuttltts
1745 1184 1814 1229 est
1848 1174 1919 1227 eis
1942 1213 1956 1236 ,
1989 1171 2178 1241 inquit,

614 1275 773 1328 multa
793 1275 844 1328 in
863 1273 1136 1342 parabolis.
1153 1271 1310 1342 Atqui
1338 1270 1389 1325 in
1418 1279 1600 1326 monte
1629 1283 1733 1322 non
1751 1267 1820 1320 ita
1839 1265 1982 1329 fecit,
2009 1277 2181 1332 neque

616 1378 711 1430 per
741 1372 816 1418 tot
843 1363 1120 1433 parabolas
1162 1375 1465 1416 sermonem
1515 1357 1824 1413 contexuit:
1856 1365 1977 1409 tunc
2011 1351 2181 1407 turba:

613 1454 798 1508 solum
830 1461 999 1517 erant,
1027 1463 1079 1507 et
1110 1451 1260 1522 plebs
1293 1450 1472 1514 rudis;
1521 1449 1605 1502 hic
1648 1461 1776 1502 vero
1806 1453 1862 1499 et
1901 1443 2089 1498 scribae
2126 1450 2182 1496 et

615 1542 890 1600 Pharisaei.
918 1541 996 1598 Tu
1024 1556 1150 1596 vero
1189 1540 1318 1595 mihi
1347 1537 1711 1593 animadverte
1757 1550 1914 1605 quam
1954 1534 2178 1604 primam

617 1642 780 1702 ponat
807 1633 1134 1699 parabolam,
1165 1641 1219 1686 et
1242 1631 1510 1700 quomodo
1535 1629 1656 1685 illas
1679 1627 1957 1682 hiattlimus
1977 1639 2070 1694 per
2090 1638 2179 1678 or-

611 1723 789 1780 dinem
832 1732 1010 1795 ponat.
1058 1722 1226 1789 Quam
1255 1736 1383 1792 ergo
1407 1721 1628 1789 primam
1659 1717 1828 1772 dicit?
1853 1716 2021 1781 Quam
2062 1729 2178 1768 ma-

612 1818 754 1872 xime
782 1818 1003 1886 primam
1030 1814 1208 1869 dicere
1228 1813 1533 1882 Oportebat,
1580 1827 1696 1880 qua:
1724 1810 2019 1864 auditorem
2065 1805 2178 1860 red-

611 1904 703 1960 dat
721 1903 1102 1960 attentlorem.’
1127 1903 1257 1958 Nam
1277 1904 1400 1972 quia
1429 1900 1764 1970 aanigmatice
1795 1897 2178 1968 praedicaturus

618 2005 753 2058 erat.
780 1997 1078 2052 auditorum
1101 1996 1334 2050 animum
1369 1995 1538 2064 primo
1567 1983 1661 2062 per
1701 1989 2002 2060 parabolam
2029 1987 2176 2041 exci-

612 2095 706 2142 tat.
735 2087 859 2145 Ideo
896 2087 1029 2142 alter
1063 2086 1385 2156 evangelista
1432 2084 1542 2147 ait,
1575 2083 1656 2138 sic
1688 2084 1993 2150 increpasse
2021 2077 2139 2131 illos
2159 2117 2174 2141 ,

615 2177 760 2249 quod
791 2192 896 2232 non
939 2176 1296 2248 intelligerent
1323 2191 1336 2225 :
1371 2175 1635 2242 Quomodo
1662 2188 1761 2225 non
1791 2170 1944 2222 nostis
1974 2167 2180 2238 parabo-

612 2267 716 2321 ιω»
748 2266 768 2339 (
795 2267 956 2322 Marc.
983 2267 1035 2322 ι.
1062 2266 1129 2326 l3
1158 2266 1221 2335 )?
1247 2263 1353 2319 Nec
1381 2265 1498 2318 ideo
1522 2264 1695 2317 solum
1721 2261 1774 2316 in
1805 2259 2070 2328 parabolis
2094 2259 2176 2312 lo-

611 2356 813 2427 quitur,
845 2357 937 2411 sed
965 2364 1020 2411 ut
1047 2356 1248 2425 majore
1277 2369 1396 2409 cum
1427 2352 1665 2422 emphasi
1694 2352 1852 2406 verba
1881 2351 2096 2414 laceret,
2123 2357 2177 2404 et

611 2445 780 2517 magis
808 2447 1076 2515 memoria:
1095 2446 1162 2499 im
1172 2445 1443 2514 primeret,
1465 2457 1654 2514 resque
1678 2441 1778 2496 sub
1796 2450 2064 2510 aspectum
2083 2455 2176 2510 po-

608 2545 778 2592 neret.
809 2536 898 2592 Sic
922 2547 974 2592 et
1000 2537 1268 2606 prophcuo
1297 2534 1517 2590 faciunt.

675 2626 731 2682 3.
759 2625 982 2680 Christus
1005 2625 1251 2693 quomodo
1267 2625 1482 2678 eaiit.—
1499 2627 1626 2690 Quae
1647 2630 1728 2676 est
1745 2635 1873 2691 ergo
1888 2619 2135 2691 parabola
2153 2620 2175 2673 ?

608 2713 739 2769 Ecce
761 2716 881 2769 exiit
920 2716 1004 2785 qui
1026 2715 1236 2770 seminat
1258 2713 1524 2768 semine.
1550 2710 1698 2767 Unde
1720 2711 1848 2765 exiit
1870 2711 1958 2778 qui
1983 2710 2176 2779 ubique

608 2817 845 2872 presens
871 2815 970 2867 est,
994 2804 1082 2874 qui
1113 2804 1289 2857 omnia
1318 2801 1537 2873 implet?
1563 2799 1828 2868 quomodo
1861 2801 2030 2854 exiit?
2057 2799 2170 2854 Non

608 2894 746 2960 loco,
771 2896 864 2950 sed
892 2894 1071 2949 habitu
1101 2905 1153 2949 et
1183 2893 1579 2963 dispensatione
1612 2907 1715 2961 qua
1744 2903 1920 2945 nostra
1949 2893 2170 2956 curavit,

607 2988 822 3058 propior
861 2987 1012 3042 nobis
1052 2985 1219 3041 lactus
1245 2988 1315 3040 ob
1366 2985 1614 3039 amictum
1643 2985 1838 3038 carnis.
1865 2983 1994 3050 Quia
2031 2981 2172 3037 enim

605 3093 702 3134 nos
731 3078 929 3148 ingredi
963 3093 1066 3132 non
1091 3088 1393 3146 poteramus
1413 3116 1427 3138 ,
1455 3076 1593 3144 quod
1623 3084 1835 3144 peccata
1866 3083 2042 3128 nostra
2070 3088 2172 3128 no-

604 3168 685 3223 bis
709 3166 906 3223 aditum
945 3165 1374 3229 intercluderent,
1401 3165 1514 3234 ipse
1538 3164 1603 3218 ad
1647 3178 1742 3218 nos
1768 3163 2067 3234 egreditur.
2104 3162 2170 3218 Et

603 3273 696 3314 cur
721 3273 966 3328 egressus
992 3267 1074 3312 est
1090 3259 1115 3310 ?
1146 3267 1202 3310 ut
1226 3257 1475 3326 perderet
1497 3267 1690 3311 terram
1725 3257 1892 3325 spinis
1923 3257 2171 3325 plenam?

605 3349 672 3404 ad
698 3349 988 3418 puniendos
1027 3349 1328 3418 agricolas?
1366 3347 1740 3418 Nequaquam;
1782 3350 1875 3403 sed
1914 3348 1980 3403 ad
2007 3365 2171 3405 esco-

601 3437 809 3494 leudam
837 3437 1226 3507 curandumque
1255 3447 1473 3502 terram,
1500 3447 1552 3491 et
1569 3439 1634 3490 ad
1665 3439 2027 3493 seminandum
2060 3440 2172 3507 ple-

600 3527 721 3582 tatis
747 3540 1066 3580 sermonem.
1115 3525 1308 3580 Semen
1347 3526 1539 3596 quippe
1569 3525 1655 3580 hic
1682 3526 1973 3580 doctrinam
2003 3526 2163 3591 dicit;

600 3628 784 3670 arvum
799 3630 943 3680 vero,
968 3614 1236 3669 hominum
1255 3615 1478 3673 animus;
1499 3616 1890 3681 seminatorem,
1910 3616 2162 3686 scipsum.

599 3703 735 3771 Quid
777 3703 932 3774 igitur
956 3703 1016 3758 iit
1052 3703 1120 3759 de
1145 3703 1246 3758 hoc
1283 3704 1524 3758 semine?
1544 3703 1678 3758 Tres
1707 3717 1926 3772 pereunt
1967 3715 2164 3775 partes,

601 3804 704 3848 una
729 3801 988 3846 servatur.
1012 3792 1064 3846 ι.
1095 3789 1160 3844 Et
1189 3793 1309 3844 dum
1337 3795 1619 3858 mtuant,
1641 3793 1769 3856 alia,
1808 3794 1995 3862 inquit,
2034 3795 2167 3848 ceci-

599 3881 717 3937 dere
741 3897 880 3935 secus
909 3882 1054 3942 viam,
1085 3890 1131 3935 et
1154 3891 1387 3935 venerunt
1407 3882 1631 3936 uolucres
1659 3883 1790 3946 (teli,
1839 3891 1884 3935 et
1932 3884 2166 3939 comede-

600 3982 716 4027 runt
735 3989 811 4025 ea.
833 3971 1012 4041 Neque
1032 3972 1190 4037 dixit,
1220 3986 1278 4025 se
1299 3971 1512 4041 jecisse,
1535 3972 1628 4027 sed
1672 3973 1929 4028 cecidisse
1954 3989 2160 4030 semen.

600 4060 655 4117 5.
682 4060 923 4129 Quadam
941 4076 1056 4114 uere
1079 4077 1230 4132 super
1252 4071 1469 4132 petrosa,
1492 4059 1575 4116 ubi
1600 4079 1698 4115 non
1722 4063 1965 4118 habebant
1982 4075 2166 4120 terram

601 4151 808 4206 multum
831 4167 852 4215 ;
879 4161 927 4205 et
945 4151 1180 4205 continua
1199 4148 1379 4205 exorta
1398 4162 1534 4219 sunt,
1559 4155 1676 4222 quia
1695 4170 1794 4206 non
1823 4153 2066 4209 habebant
2085 4157 2163 4211 al-

485 4304 489 4307 _
599 4239 856 4294 titudinent
877 4249 1040 4294 terra.
1065 4240 1117 4294 ϐ.
1142 4239 1265 4294 Sole
1284 4252 1447 4295 autem
1467 4254 1575 4294 orta
1599 4254 1954 4309 uestuaecrunt,
1981 4255 2026 4298 et
2045 4247 2164 4316 quia

601 4345 701 4384 non
729 4328 969 4384 habebant
994 4329 1230 4392 radicem,
1261 4340 1515 4383 aruerunt.
1538 4332 1588 4384 7.
1617 4332 1862 4399 Quadam
1889 4343 2051 4388 autem
2080 4334 2187 4389 σεε-⁸

599 4420 826 4474 ciderunt
850 4419 978 4472 inter
998 4420 1202 4484 spinas;
1233 4429 1278 4472 et
1311 4430 1564 4473 crmnt
1592 4422 1775 4491 spina,
1817 4433 1862 4474 et
1894 4423 2168 4489 miomne-

601 4519 716 4563 runt
744 4525 824 4564 ea.
851 4509 902 4565 8.
933 4509 1177 4576 Quadam
1225 4526 1337 4564 uera
1366 4511 1417 4564 in
1447 4521 1630 4564 terram
1653 4512 1872 4578 donant;
1901 4524 1949 4568 et
1981 4515 2169 4570 dabant

603 4601 819 4670 fructum
841 4640 856 4664 ,
888 4601 1028 4654 aliud
1052 4603 1371 4655 centesimum
1391 4644 1405 4663 ,
1433 4604 1574 4656 aliud
1601 4605 1996 4676 aestimantium,
2027 4608 2172 4662 aliud

602 4691 928 4762 trigesimum.
947 4691 999 4746 9.
1027 4689 1127 4758 Qui
1145 4692 1290 4745 habet
1312 4709 1456 4746 aures
1473 4693 1731 4759 audiendi,
1756 4695 1948 4751 audiat.
1969 4697 2167 4764 Quarta

603 4796 725 4853 pars
756 4791 960 4839 servata
986 4789 1100 4845 est;
1132 4798 1304 4852 neque
1335 4783 1419 4837 illa
1448 4784 1741 4854 mqualiter,
1778 4787 1870 4842 sed
1898 4788 2055 4842 etiam
2083 4788 2169 4845 hic

603 4885 850 4939 magnum
881 4869 1163 4926 discrimen
1191 4881 1290 4926 est.
1317 4871 1408 4926 llis
1431 4873 1710 4943 signiﬁcat,
1731 4889 1790 4930 se
1822 4875 2017 4932 aﬂ‘atim
2050 4894 2166 4934 om-

605 4959 759 5014 nibus
785 4960 948 5030 loqui.
969 4959 1112 5014 Sicut
1142 4961 1282 5015 enim
1311 4962 1356 5016 is
1377 4962 1464 5031 qui
1506 4964 1732 5018 seminat
1762 4979 1864 5019 non
1895 4965 2166 5038 distinguit

601 5064 826 5116 arvum,
869 5049 961 5105 sed
1009 5052 1317 5121 simpliciter
1364 5062 1417 5108 et
1465 5054 1915 5110 indiscriminatim
1964 5057 2165 5113 semina

604 5140 762 5194 mittit
793 5157 803 5192 :
829 5140 906 5194 sic
929 5151 983 5195 et
1009 5141 1094 5196 ille
1118 5158 1222 5196 ttun
1249 5141 1498 5208 divitem,
1537 5159 1640 5198 non
1671 5159 1952 5214 pauperem
1982 5147 2166 5202 distin-

600 5233 730 5297 guit,
773 5245 876 5283 non
902 5230 1214 5298 sapientem,
1253 5246 1358 5285 non
1387 5232 1746 5301 insipientem.
1798 5250 1902 5288 non
1929 5250 2162 5305 segnem,

602 5336 706 5374 nun
735 5318 1176 5386 studi'osum,nou
1207 5331 1499 5384 strenuum.
1521 5339 1623 5376 non
1655 5321 2024 5391 timidum,sed
2055 5343 2164 5380 om-

601 5411 759 5465 nibus
810 5411 1155 5480 loquebatur,
1193 5427 1312 5479 qua:
1343 5426 1433 5465 sua
1458 5422 1609 5465 erant
1651 5413 1910 5482 implens,
1959 5416 2166 5471 etiamsi

601 5501 777 5556 futura
815 5503 1118 5572 pratsciret:
1154 5512 1210 5555 ut
1247 5501 1423 5557 dicere
1451 5513 1668 5570 posset:
1702 5503 1835 5569 Quid
1861 5509 2168 5576 meoportuit

601 5596 767 5663 [areu
791 5632 806 5657 ,
837 5601 884 5645 et
917 5606 1016 5645 non
1055 5592 1152 5662 feci
1175 5589 1324 5662 (Isai.
1351 5591 1403 5647 5.
1437 5592 1530 5663 l)?
1555 5593 1620 5648 Et
1647 5595 1916 5663 propheta:
1954 5596 2165 5666 quidem

605 5681 674 5737 de
696 5681 889 5751 populo
912 5683 1058 5751 quasi
1088 5681 1155 5736 de
1201 5683 1348 5738 vinea
1380 5684 1661 5753 loquuntur
1688 5702 1701 5738 :
1743 5685 1898 5739 Vinea
1925 5690 2064 5741 enim
2088 5692 2165 5758 fa-

605 5779 688 5827 eta
713 5779 786 5826 est
825 5769 1005 5826 dilecto
1033 5770 1218 5844 (Ibid)
1241 5815 1255 5840 ,
1285 5774 1480 5844 inquit;
1515 5785 1586 5840 et,
1619 5773 1825 5830 i'inram
1847 5777 1908 5832 de
1935 5775 2166 5848 Egi/rte

1357 430 1414 487 5.
1443 426 1725 488 JOANNIS
1757 416 2236 488 ωιηεοθτοιιι
2266 416 2582 476 ABCHIEP.
2620 418 3151 480 CONSTAN‘I'INOP.

3767 422 3872 481 ιω

2291 535 2546 589 tmatulit
2574 533 2755 608 (Psal.
2783 534 2871 592 79.
2901 535 2994 608 9);
3024 536 3116 593 ille
3151 550 3281 592 vero
3325 537 3476 608 quasi
3518 537 3590 595 de
3637 539 3869 598 semine.

2289 625 2423 696 Quid
2455 619 2631 682 autem
2654 626 2953 697 significat?
2977 627 3282 698 Promptum
3308 644 3450 685 nunc
3475 630 3589 686 fore
3613 631 3865 688 obedieu.

2291 719 2434 783 tiam,
2464 728 2518 774 et
2542 718 2852 785 faciliorem,
2877 729 2930 774 et
2948 719 3056 775 cito
3081 718 3304 776 fructum
3334 720 3594 775 daturam.
3619 722 3755 777 Cum
3775 736 3870 776 au-

2291 818 2394 865 tem
2423 807 2577 863 audis
2607 826 2620 863 :
2653 808 2791 864 Esiit
2817 810 2901 880 qui
2922 810 3131 864 seminat
3155 812 3424 877 sentinare,
3465 827 3571 866 non
3600 812 3739 866 idem
3763 813 3866 868 ile-

2291 901 2393 955 rari
2419 911 2589 971 putes.
2620 900 2774 970 Saepe
2795 902 2936 956 enim
2962 900 3053 970 qui
3071 901 3296 955 seminat
3317 902 3587 973 egreditur
3613 903 3678 956 ad
3710 903 3866 956 aliam

2289 1007 2423 1056 rem,
2458 993 2539 1046 vel
2578 1002 2636 1046 ut
2663 992 2880 1047 novales
2900 993 3089 1055 sulcet,
3130 993 3211 1048 vel
3249 1002 3306 1046 ut
3333 996 3499 1048 malas
3530 994 3734 1063 plantas
3779 1008 3865 1048 re-

2241 1076 2248 1084 ’
2287 1092 2452 1147 secet,
2481 1083 2562 1137 vel
2612 1090 2668 1137 ut
2710 1083 2891 1151 spinas
2936 1084 3148 1148 evellat,
3202 1084 3285 1138 vel
3338 1083 3479 1137 aliud
3519 1083 3643 1153 quid
3695 1083 3867 1138 simile

2287 1172 2485 1227 efﬁciat
2513 1190 2528 1226 :
2559 1171 2671 1242 ipse
2708 1187 2838 1228 vero
2862 1171 2927 1226 ad
2953 1172 3318 1240 seminandum
3351 1186 3600 1243 egressus
3623 1182 3725 1228 est.

2357 1263 2539 1318 Semen
2554 1264 2682 1333 perit
2699 1273 2888 1332 nostra,
2910 1279 3010 1318 non
3030 1265 3320 1318 seminantis
3341 1264 3512 1332 culpa.
3525 1264 3696 1330 Quare
3721 1264 3866 1318 Clari-

2285 1367 2390 1410 stus
2432 1356 2696 1424 allegorice
2735 1355 2870 1410 male
2892 1355 3164 1422 dispositas
3191 1357 3387 1409 animas
3425 1357 3775 1425 dessgnaserit.
3795 1383 3866 1396 --

2287 1444 2583 1511 Undeuam,
2613 1459 2794 1514 qumso
2815 1486 2830 1511 ,
2871 1444 3063 1498 factum
3084 1455 3186 1511 est,
3219 1457 3274 1499 ut
3302 1445 3531 1500 maxima
3560 1460 3682 1514 pars
3703 1445 3860 1499 semi-

2286 1535 2368 1589 nis
2409 1535 2647 1606 periret?
2676 1535 2786 1591 Non
2815 1551 2879 1590 ex
2907 1536 3203 1591 seminante
3237 1537 3288 1590 id
3309 1548 3484 1591 ortum
3513 1546 3628 1600 est,
3658 1537 3750 1590 scd
3797 1553 3860 1592 ex

2284 1634 2421 1680 terra
2445 1640 2629 1681 semen
2655 1625 2982 1693 excipiente;
3015 1626 3066 1680 id
3093 1637 3195 1693 est,
3216 1643 3279 1682 ex
3306 1628 3480 1681 anima
3509 1643 3612 1682 non
3639 1629 3862 1682 audien-

2284 1723 2355 1769 te.
2383 1715 2449 1770 Et
2473 1730 2573 1786 qua
2595 1715 2662 1772 de
2687 1731 2845 1771 causa
2876 1730 2980 1769 non
3002 1717 3151 1780 dicit,
3170 1719 3370 1774 inertes
3397 1719 3497 1773 alia
3525 1722 3726 1774 semina
3745 1735 3863 1775 sus-

2282 1807 2488 1875 cepisse
2510 1847 2524 1870 ,
2558 1820 2728 1876 eaque
2766 1807 3059 1878 perdidisse
3083 1825 3096 1868 ;
3124 1808 3226 1862 alia
3269 1808 3481 1870 divites.
3513 1819 3567 1864 et
3592 1826 3654 1865 ea
3698 1809 3860 1865 sula-

2281 1912 2465 1962 casse;
2492 1899 2595 1952 alia
2639 1899 2851 1964 molles,
2895 1914 3065 1969 eaque
3093 1900 3424 1968 prodidisse?
3451 1901 3564 1956 Non
3612 1903 3727 1957 vult
3768 1918 3862 1958 eos

2282 1987 2649 2044 vehementius
2670 1989 2938 2054 insectari,
2971 2005 3038 2044 ne
3068 1991 3120 2044 in
3146 1990 3568 2060 desperationem
3589 1994 3858 2063 conjiciat,

2281 2077 2372 2132 sed
2399 2077 2527 2133 illud
2545 2080 2872 2150 arguentium
2895 2079 3195 2135 auditorum
3222 2083 3564 2137 conscientia
3590 2083 3858 2153 relinquit.

2282 2168 2394 2222 Non
2424 2178 2601 2222 autem
2627 2185 2808 2225 semen
2835 2179 3039 2226 tantum
3070 2170 3172 2226 hoc
3202 2187 3412 2240 passum
3439 2163 3658 2236 est,’sed
3699 2174 3859 2227 etiam

2280 2275 2495 2330 sagens.
2521 2259 2650 2314 Nam
2673 2270 2728 2316 et
2769 2262 2857 2316 illa
2888 2263 3088 2318 inutilia
3135 2263 3298 2317 multa
3336 2263 3471 2318 tulit.
3505 2262 3654 2317 Hanc
3701 2278 3863 2334 porro

2279 2348 2589 2419 parabolam
2608 2348 2769 2414 dixit.
2802 2361 2858 2404 ut
2883 2351 3174 2421 discipulos
3195 2360 3472 2407 exerceret
3499 2352 3824 2423 duceretque
3842 2393 3856 2416 ,

2279 2449 2338 2494 ut
2364 2441 2406 2493 si
2436 2440 2573 2495 inter
2601 2455 2700 2496 eos
2739 2441 2828 2511 qui
2857 2456 3038 2497 semen
3083 2443 3400 2512 reciperent,
3431 2442 3612 2513 plures
3636 2451 3819 2499 essent
3839 2483 3858 2507 ,

2276 2531 2364 2599 qui
2388 2530 2514 2584 illud
2567 2531 2867 2600 perderent,
2893 2547 2965 2587 ne
3011 2533 3191 2588 animo
3224 2533 3586 2589 conciderent.
3641 2532 3775 2588 Nam
3805 2543 3860 2588 et

2280 2621 2504 2676 Domino
2529 2622 2580 2676 id
2608 2622 2835 2688 accidit;
2877 2632 2935 2679 et
2960 2624 3064 2691 qui
3101 2625 3257 2694 plane
3283 2635 3524 2696 noverat,
3571 2627 3685 2682 haec
3737 2641 3858 2683 esse

2277 2710 2467 2776 futura,
2491 2712 2755 2767 seminare
2783 2726 2888 2768 non
2939 2713 3160 2769 destitit.
3193 2715 3261 2770 Et
3293 2732 3394 2787 qua
3435 2718 3502 2773 de
3538 2733 3722 2782 causa,
3761 2701 3854 2773 in-

2275 2799 2447 2868 quies,
2488 2801 2540 2854 iu
2568 2801 2736 2871 spinis
2764 2803 3031 2860 seminare
3053 2845 3067 2870 ,
3098 2820 3257 2876 supra
3290 2817 3515 2877 petram,
3557 2809 3613 2862 in
3643 2809 3769 2864 via?
3798 2809 3853 2865 in

2277 2890 2590 2957 seminlbus,
2622 2901 2678 2947 et
2706 2891 2758 2945 in
2806 2901 2970 2960 terra,
3008 2895 3149 2949 nulla
3177 2907 3321 2953 esset
3348 2899 3484 2952 ratio
3517 2916 3530 2952 :
3564 2899 3618 2954 in
3647 2901 3854 2954 anima-

2275 2980 2375 3036 bus
2400 2990 2576 3036 autem
2603 2990 2659 3036 et
2684 2982 2735 3036 in
2762 2981 3033 3050 doctrina,
3059 2985 3110 3039 id
3137 3002 3476 3058 summopere
3506 2990 3848 3048 laudandum.

2273 3068 2515 3140 Agricola
2543 3071 2686 3125 enim
2711 3071 2833 3142 jure
2857 3074 3160 3142 culparetur
3185 3077 3229 3130 si
3279 3076 3330 3131 id
3360 3077 3597 3134 faceret:
3625 3097 3731 3135 non
3759 3097 3850 3150 po-

2275 3166 2378 3215 test
2399 3159 2542 3214 enim
2570 3169 2716 3229 petra
2749 3161 2863 3216 lieri
2903 3172 3064 3229 terra,
3095 3179 3267 3234 neque
3306 3168 3386 3220 via
3441 3183 3546 3223 non
3577 3184 3698 3223 esse
3725 3172 3805 3225 via
3827 3211 3846 3238 ,

2273 3262 2446 3319 neque
2475 3257 2695 3318 possunt
2724 3250 2889 3320 spinae
2913 3266 3019 3306 non
3040 3267 3158 3308 esse
3175 3255 3343 3324 spiam
3371 3273 3384 3307 :
3416 3257 3466 3310 in
3502 3259 3848 3317 rationalibus

2272 3348 2450 3396 autem
2497 3355 2603 3396 non
2637 3343 2716 3397 sic
2746 3358 2760 3395 :
2793 3352 2970 3413 potest
2992 3347 3132 3399 enim
3165 3358 3312 3416 petra
3335 3351 3526 3402 mutari
3551 3351 3604 3406 in
3618 3351 3844 3408 inutilem

2273 3439 2489 3497 terram,
2520 3433 2708 3502 viaque
2736 3447 2842 3488 non
2863 3434 2998 3490 ultra
3021 3437 3322 3492 conculcari
3345 3439 3414 3494 ab
3439 3443 3688 3496 omnibus
3709 3459 3844 3512 pra-

2272 3521 2622 3586 tereuntibus,
2653 3537 2876 3594 esseque
2901 3526 3111 3595 pinguis
3137 3541 3299 3598 ager;
3323 3530 3598 3600 spinaque
3628 3542 3846 3601 roseum
3916 3579 3930 3596 ,

2269 3613 2424 3667 evelli
2448 3653 2464 3676 ,
2492 3613 2562 3669 ita
2590 3623 2647 3668 ut
2661 3616 2862 3670 semina
2890 3616 2956 3670 iis
2977 3618 3192 3672 liberata
3215 3618 3551 3676 fructiiicent.
3571 3622 3681 3677 Nini
3703 3625 3840 3679 enim

2272 3699 2323 3754 id
2350 3709 2530 3770 possm
2555 3698 2691 3769 fieri,
2716 3717 2827 3777 non
2851 3705 3169 3762 seminasset
3195 3707 3303 3764 ille.
3337 3709 3487 3778 Quod
3521 3715 3563 3765 si
3593 3713 3708 3770 iure
3731 3730 3845 3770 mu-

2271 3791 2399 3844 tatio
2441 3791 2494 3845 in
2537 3792 2785 3846 omnibus
2810 3793 2944 3847 facta
2983 3809 3088 3850 non
3113 3796 3203 3862 sit,
3233 3797 3283 3851 id
3314 3815 3418 3854 non
3443 3815 3510 3855 ex
3538 3817 3639 3856 seu
3662 3804 3840 3860 inante

2271 3879 2548 3947 provenit,
2577 3879 2670 3935 sed
2690 3897 2756 3936 ex
2785 3881 2850 3937 iis
2875 3883 2962 3952 qui
2994 3887 3184 3940 mutari
3234 3889 3536 3945 noluerunt.
3589 3891 3632 3946 Ν
3656 3909 3722 3948 Im
3753 3895 3841 3950 ille

2267 3965 2626 4039 quidemquae
2673 3970 2838 4040 ipsius
2863 3981 3016 4027 erant
3039 3973 3215 4032 eﬂecit
3241 3993 3254 4030 :
3281 3978 3326 4031 si
3350 3993 3480 4034 vero
3511 3980 3584 4036 illi
3608 4000 3633 4051 q
3656 3998 3729 4038 uae
3751 3999 3837 4040 ac-

2269 4066 2522 4128 ceperant
2567 4059 2741 4114 abeo
2783 4061 3160 4130 prodiderunt,
3189 4066 3303 4122 sine
3327 4069 3481 4138 culpa
3521 4071 3611 4127 ille
3656 4085 3718 4129 ιιι
3752 4075 3836 4145 qui

2271 4154 2470 4201 tantam
2516 4147 2890 4218 benignitatem
2939 4153 3198 4208 exhibuit.
3249 4155 3329 4211 Tu
3362 4173 3492 4216 vero
3530 4162 3627 4217 illu
3707 4166 3836 4220 mihi

2268 4238 2558 4306 perpende,
2586 4255 2689 4314 non
2711 4254 2869 4294 unam
2885 4255 3006 4297 esse
3028 4246 3282 4314 perniciei
3307 4251 3463 4312 viam,
3483 4251 3576 4306 sed
3600 4253 3625 4308 d
3663 4269 3839 4314 versas

2270 4340 2391 4381 esse
2419 4327 2655 4397 aliasque
2683 4330 2750 4382 ab
2774 4329 2892 4384 aliis
2914 4331 3146 4388 dissitas.
3175 4335 3277 4390 Alii
3305 4354 3531 4409 namque
3565 4343 3621 4397 vi:
3656 4364 3664 4398 ε
3696 4347 3838 4402 simi-

2272 4420 2352 4471 les
2369 4425 2520 4507 sunt,
2545 4428 2600 4472 ut
2625 4419 2881 4485 forenses,
2923 4435 3114 4492 segnes
3143 4437 3194 4481 et
3223 4429 3579 4500 negligentes;
3656 4434 3712 4490 lii
3756 4433 3838 4507 p6-

2273 4513 2408 4559 tram
2435 4506 2744 4573 referentes,
2788 4510 3108 4568 inﬁrmiores
3131 4527 3274 4570 sunt.
3312 4516 3404 4572 il.
3437 4519 3585 4584 Quod
3656 4541 3676 4577 ι

2270 4595 2542 4650 seminatur
2566 4611 2753 4662 seruen,
2779 4600 2965 4669 inquit,
2997 4604 3146 4670 refert
3166 4603 3311 4658 illam
3330 4608 3418 4676 qui
3443 4611 3613 4665 mm
3677 4616 3834 4679 audit,

2271 4697 2317 4741 et
2339 4689 2506 4740 uelim
2525 4704 2636 4742 cum
2661 4690 2847 4759 gaudio
2869 4694 3079 4762 accipit;
3109 4694 3170 4750 2|
3185 4737 3198 4751 .
3219 4699 3309 4752 sed
3327 4715 3428 4754 non
3453 4703 3597 4758 habet
3656 4708 3838 4761 adiectu

2270 4775 2324 4830 in
2347 4776 2532 4846 seipse,
2546 4787 2598 4837 et
2627 4777 2696 4830 ad
2715 4787 2909 4850 tempus
2935 4791 3130 4838 tantum
3147 4788 3370 4843 consistit
3393 4805 3414 4844 :
3439 4791 3531 4845 sed
3551 4809 3607 4846 ea
3656 4797 3836 4851 oriente

2272 4865 2696 4959 inept-errarem
2715 4869 3019 4940 calamitate,
3046 4875 3126 4929 vel
3150 4881 3545 4950 persequutiane,
3567 4896 3605 4939 at
3656 4887 3741 4942 tias
3762 4891 3834 4959 of-

2279 4952 2559 5021 fenditJii.
2578 4957 2709 5014 Cum
2726 4977 2843 5015 vero
2853 4965 2969 5032 quis
2985 4966 3138 5021 audit
3151 4970 3359 5026 uerbum
3374 4976 3603 5027 ueritati:
3657 4987 3723 5036 ,et
3738 4952 3832 5028 non

2269 5045 2538 5117 intelligit,
2581 5050 2712 5102 venit
2741 5049 3012 5120 malignus,
3053 5063 3101 5107 et
3124 5056 3256 5123 rapit
3289 5057 3344 5109 id
3381 5062 3518 5125 quod
3542 5079 3599 5114 ae
3656 5065 3832 5117 inatuut

2270 5147 2376 5190 erat
2410 5139 2463 5191 iu
2490 5139 2641 5192 corde
2665 5140 2839 5209 ipsius.
2875 5139 2985 5194 Hoc
3005 5152 3079 5198 est
3098 5159 3262 5200 return
3285 5149 3440 5218 juxta
3459 5154 3592 5204 uiam
3656 5165 3828 5210 aetum.

2270 5227 2383 5282 Non
2425 5238 2508 5283 est
2534 5241 2707 5286 autem
2739 5233 2958 5302 aequale,
3001 5237 3213 5291 nemine
3263 5252 3506 5309 vetante,
3544 5258 3593 5298 Vt
3682 5249 3829 5301 mole-

2271 5319 2424 5373 stiam
2453 5318 2728 5382 inferente.
2756 5320 3051 5378 doctrinam
3071 5328 3351 5390 exsiccari.
3379 5341 3434 5385 et
3463 5333 3591 5386 iusta
3656 5346 3698 5391 le
3727 5348 3828 5392 teu-

2272 5409 2470 5462 tationc
2502 5409 2726 5478 idipsum
2775 5409 2887 5466 ﬁeri
2918 5428 2932 5464 :
2965 5415 3053 5483 qui
3081 5431 3208 5471 vero
3236 5419 3406 5490 spinis
3433 5421 3589 5478 simili
3680 5435 3826 5492 sunt,

2274 5500 2450 5554 minus
2481 5499 2562 5553 his
2582 5510 2706 5554 sunt
2733 5503 2884 5557 venia
2906 5503 3073 5575 digni.

2333 5591 2386 5646 4.
2427 5590 2505 5646 Ne
2522 5591 2678 5662 igitur
2697 5607 2879 5649 eorum
2900 5597 3168 5669 quidpiam
3190 5600 3474 5673 patiamur,
3506 5604 3583 5662 Ita
3656 5606 3827 5665 lentim

2339 5790 2354 5821 ¹
2392 5789 2497 5850 alii,
2523 5791 2713 5845 verbm
2739 5796 2905 5866 regni.

4045 4273 4048 4280 ι
