4080 6490
315 418 417 476 £69

317 529 678 602 magnitudine
706 525 869 580 animi
894 534 947 578 et
977 522 1224 578 diuturna
1266 517 1522 573 memoria
1563 514 1894 583 obtegamus.

319 621 542 676 Etiamsi
569 619 709 673 enim
736 618 904 686 rapiat
929 615 1194 676 diabolus,
1223 611 1276 666 in
1304 610 1457 665 nobis
1484 619 1567 662 est
1595 621 1663 661 ne
1693 607 1902 675 rapian-

319 725 406 767 tur
435 731 448 764 :
481 711 622 782 quod
665 711 708 764 si
737 710 940 764 semina
970 709 1254 769 siccentur,
1311 717 1419 757 non
1451 702 1501 755 id
1527 703 1595 755 ab
1621 709 1752 752 testu
1787 696 1902 752 effl-

317 805 476 857 citur.
527 802 640 856 Non
686 801 827 854 enim
875 799 1039 862 dixit,
1089 797 1214 850 Haec
1246 804 1461 864 propter
1496 799 1683 846 aestum
1725 788 1902 843 exsic-

317 905 436 951 cata
476 904 619 959 sunt,
641 891 754 957 sed,
802 891 951 958 Quod
982 889 1202 942 radicem
1227 903 1326 940 non
1351 884 1620 939 habebant.
1652 881 1785 936 Etsi
1813 880 1901 933 illa

319 987 703 1056 prtel'ocantur,
740 998 844 1037 non
888 999 916 1036 a
945 982 1144 1050 spinis,
1194 980 1288 1034 sed
1339 978 1406 1031 ab
1438 977 1501 1030 iis
1532 975 1621 1045 qui
1670 974 1766 1028 bas
1787 989 1905 1028 crc-

318 1099 469 1137 seere
510 1083 765 1136 siverunt.
797 1079 943 1133 Licet
992 1077 1169 1140 enim,
1215 1074 1257 1128 si
1297 1072 1548 1136 volueris,
1579 1071 1678 1124 hoc
1705 1070 1902 1123 malum

317 1187 534 1241 germen
567 1171 842 1240 impedire,
869 1182 932 1221 ac
957 1166 1175 1226 divitiis,
1219 1174 1276 1218 ιιι
1317 1163 1489 1227 decet,
1520 1163 1615 1216 uti.
1651 1162 1772 1216 Ideo
1799 1176 1903 1213 non

318 1266 471 1328 dixit,
505 1263 790 1326 Surculum,
824 1258 1269 1324 sed,.Sollicitudo
1297 1257 1468 1310 surculi
1491 1272 1508 1319 ;
1535 1269 1730 1324 neque,
1762 1252 1906 1307 Divi-

321 1357 429 1414 tize,
459 1353 576 1419 sed,
601 1351 834 1405 Fallacia
859 1351 1148 1403 divitiarum
1173 1347 1382 1415 (Matth.
1406 1348 1490 1401 l5.
1509 1345 1626 1414 22).
1649 1343 1725 1399 Ne
1749 1343 1907 1413 igitur

322 1461 410 1499 res
433 1448 575 1513 ipsas
595 1443 892 1512 culpemus,
925 1441 1018 1496 sed
1040 1449 1343 1510 corruptam
1375 1439 1726 1492 voluntatem.
1761 1435 1909 1489 Licet

320 1538 463 1591 enim
499 1536 714 1590 divitem
747 1548 887 1592 esse.
912 1542 967 1588 et
994 1547 1098 1587 non
1129 1531 1300 1601 decipi
1333 1546 1347 1582 :
1382 1531 1432 1585 in
1462 1528 1564 1584 hoc
1589 1543 1708 1583 esse
1733 1542 1906 1582 siccu-

319 1629 393 1689 lo,
429 1635 482 1682 et
511 1625 962 1682 sollicitudinibus
983 1638 1088 1678 non
1133 1621 1430 1692 praelocari.
1461 1622 1573 1674 Duo
1603 1621 1800 1690 quippe
1825 1620 1906 1672 vi-

323 1720 390 1774 tia
424 1719 561 1771 inter
584 1731 642 1769 sc
672 1716 915 1785 opposita
945 1714 998 1768 in
1017 1712 1218 1768 divitiis
1239 1719 1397 1777 sunt;
1421 1712 1583 1777 aliud,
1614 1711 1756 1782 quod
1783 1728 1908 1766 crus

321 1811 428 1862 eiut
460 1818 514 1863 et
538 1807 781 1869 oll'uscat,
809 1813 894 1860 est
921 1804 1251 1868 sollicitudo;
1280 1805 1444 1870 aliud,
1473 1804 1612 1874 quod
1640 1805 1910 1860 molliores

323 1897 519 1960 reddit,
549 1906 673 1951 sunt
698 1895 921 1950 deliciae.
951 1895 1117 1949 Recte
1145 1904 1322 1950 autem
1344 1895 1497 1960 dixit,
1524 1894 1757 1948 Fallacia
1783 1895 1910 1948 diri-

325 1989 528 2038 tiarum.
555 1985 744 2041 Omnia
766 1984 1027 2054 quippein
1051 1985 1249 2040 divitiis
1275 1985 1476 2039 fallacia
1506 1995 1664 2040 sunt:
1697 1986 1910 2040 nomina

323 2081 520 2148 quippe
575 2086 732 2142 sunt,
784 2093 890 2132 non
939 2077 991 2132 in
1022 2078 1179 2133 rebus
1225 2079 1348 2132 sita.
1392 2079 1604 2135 Etenim
1647 2081 1908 2150 voluptas,

323 2170 512 2238 gloria,
540 2166 947 2238 pulchritudinis
962 2167 1217 2230 studium.
1241 2168 1541 2240 similiaque
1562 2171 1760 2234 omnia,
1792 2185 1913 2239 spe-

326 2263 436 2312 cies
465 2259 703 2328 quaedam
733 2268 788 2313 et
820 2242 1095 2327 phantasia
1141 2269 1287 2322 sunt,
1335 2277 1441 2315 non
1481 2277 1657 2316 rerum
1690 2263 1907 2318 veritas.

325 2353 462 2405 Cum
509 2366 635 2420 ergo
683 2350 936 2417 perniciei
983 2351 1170 2405 modos
1199 2351 1455 2417 dixisset,
1503 2353 1720 2408 demum
1765 2353 1914 2423 ponit

330 2451 527 2497 terram
559 2443 769 2505 bonam,
799 2457 905 2494 non
936 2441 1221 2510 deSperare
1247 2443 1448 2505 sinens,
1479 2444 1572 2498 sed
1599 2458 1749 2511 spem
1781 2445 1916 2497 dans

331 2533 680 2600 ptenitentim,
701 2531 1097 2599 ostendensque
1116 2546 1272 2599 posse
1289 2547 1317 2584 a
1341 2531 1660 2601 supradictis
1684 2531 1749 2585 ad
1772 2533 1912 2586 illam

329 2625 610 2679 transitum
645 2623 778 2676 fieri.
831 2623 990 2691 Atqui
1033 2622 1079 2677 si
1111 2634 1251 2676 terra
1305 2621 1441 2675 bona
1481 2632 1561 2678 est
1585 2630 1642 2677 et
1683 2624 1916 2689 agricola

331 2731 492 2778 unus,
521 2715 831 2783 seminaque
863 2712 1072 2775 eadem,
1097 2728 1192 2766 cur
1212 2713 1355 2767 aliud
1377 2723 1614 2775 centum,
1643 2713 1785 2767 aliud
1825 2727 1914 2768 se-

335 2809 550 2876 xaginta
572 2849 587 2871 ,
615 2805 760 2860 aliud
792 2806 1002 2876 triginta
1035 2805 1191 2859 tulit?
1217 2805 1311 2860 llic
1338 2820 1522 2859 rursus
1543 2821 1608 2860 ex
1638 2815 1796 2861 terra:
1823 2822 1916 2860 na-

335 2911 449 2951 tura
482 2897 767 2950 discrimen
797 2913 809 2947 :
841 2911 960 2949 nam
1007 2895 1091 2949 ubi
1125 2896 1260 2949 bona
1307 2903 1444 2949 terra
1473 2903 1590 2958 est,
1637 2896 1802 2950 multa
1848 2897 1915 2949 ibi

331 2987 653 3042 dim-rentia.
682 2986 844 3040 Vides
875 3003 978 3039 non
1009 2985 1295 3055 agricolam
1322 3000 1443 3040 esse
1472 3000 1720 3051 causam,
1747 3002 1919 3055 neque

331 3079 539 3132 semina
564 3119 578 3142 ,
609 3077 700 3130 sed
736 3085 929 3130 terram
960 3075 1315 3145 excipientem
1336 3116 1349 3139 ,
1396 3089 1567 3143 neque
1597 3091 1660 3129 ex
1708 3085 1916 3138 natura,

333 3168 427 3222 sed
470 3182 532 3222 ex
565 3169 836 3221 voluntate
855 3166 1143 3221 discrimen
1173 3168 1401 3221 censeri.
1433 3167 1527 3221 llic
1553 3177 1732 3221 autem
1759 3168 1919 3223 multa

338 3260 434 3313 Dei
459 3259 758 3329 benignitas
800 3258 1249 3327 deprehenditur,
1288 3258 1378 3328 qui
1421 3273 1521 3312 non
1552 3275 1710 3312 unam
1761 3260 1924 3329 exigit

335 3354 546 3408 virtutis
568 3366 908 3412 mensuram;
942 3350 1036 3404 sed
1086 3351 1285 3420 primos
1315 3351 1542 3406 libenter
1579 3351 1803 3420 recipit,
1833 3368 1922 3406 se-

334 3447 538 3499 eundos
564 3459 667 3497 non
695 3443 857 3512 ejicit,
894 3442 1064 3496 tertiis
1090 3442 1181 3495 dat
1205 3442 1402 3496 locum.
1428 3443 1552 3496 Htec
1584 3457 1744 3512 porro
1774 3444 1921 3509 dicit,

337 3551 405 3589 ne
444 3542 630 3601 putent
671 3533 704 3586 ii
748 3532 838 3601 qui
871 3533 1042 3599 ipsum
1072 3542 1388 3600 sequuntur,
1418 3533 1600 3585 auditu
1648 3542 1923 3602 exceptam

336 3625 635 3678 doctrinam
659 3621 724 3677 ad
747 3621 969 3676 salutem
998 3636 1120 3676 esse
1141 3623 1290 3676 satis.
1320 3621 1425 3677 Sed
1452 3639 1569 3687 cur,
1600 3625 1791 3692 inquit,
1822 3642 1926 3679 non

335 3726 530 3769 caetera
562 3714 710 3782 ponit
733 3713 882 3776 vitia,
907 3721 961 3766 ut
982 3727 1265 3781 corporum
1293 3715 1803 3782 concupiscentiam,
1837 3731 1929 3769 va-

338 3821 462 3860 nam
509 3804 772 3874 gloriam?
799 3803 928 3858 Cum
956 3802 1152 3858 dixerit
1194 3804 1607 3861 sollicitudinem
1641 3805 1799 3876 hujus
1823 3823 1925 3862 sa!-

337 3897 482 3960 euli,
515 3906 570 3950 et
596 3894 855 3949 fallaciam
881 3894 1204 3960 divitiarum,
1249 3896 1429 3950 omnia
1471 3898 1664 3966 posuit.
1714 3897 1844 3952 Nam
1877 3907 1931 3955 et

340 4003 474 4043 vana
499 3988 664 4059 gloria
692 3998 748 4042 et
790 3997 980 4042 caetera
1012 3987 1190 4040 omnia
1217 3997 1269 4042 et
1290 3986 1453 4054 hujus
1479 3989 1659 4043 saeculi
1690 3998 1815 4044 sunt
1833 4031 1848 4058 ,
1875 4000 1932 4045 et

339 4082 404 4134 ad
433 4080 736 4134 divitiarum
754 4077 1015 4133 fallaciam
1038 4077 1216 4132 reduci
1243 4089 1482 4145 possunt;
1501 4080 1728 4150 exempli
1745 4096 1927 4150 causa,

341 4171 608 4240 voluptas,
628 4169 770 4238 gula.
801 4169 1017 4234 invidia,
1049 4183 1183 4222 vana
1209 4169 1397 4238 gloria,
1421 4181 1476 4224 et
1504 4171 1697 4225 similia
1727 4175 1928 4229 omnia.

340 4262 560 4318 Addidit
608 4269 786 4314 autem
817 4269 871 4314 et
897 4261 1039 4314 viam
1078 4270 1132 4314 et
1163 4273 1401 4330 petram,
1437 4270 1494 4315 ut
1537 4263 1786 4318 ostendat
1823 4281 1927 4320 non

340 4353 472 4408 satis
509 4366 630 4406 esse
656 4353 756 4405 sia
785 4351 1130 4420 pecuniarum
1165 4369 1347 4407 amore
1391 4362 1589 4408 tantum
1636 4370 1734 4409 nos
1771 4371 1930 4426 expe-

340 4443 550 4498 diamus
571 4459 584 4505 ;
614 4442 707 4497 sed
735 4454 958 4497 caeteras
977 4459 1188 4513 quoque
1207 4446 1426 4499 virtutes
1443 4447 1770 4501 exercendas
1786 4463 1927 4504 esse.

347 4534 484 4611 Quid
516 4534 657 4589 enim
688 4533 935 4604 prodest,
984 4535 1026 4587 si
1057 4535 1256 4588 divitiis
1287 4549 1390 4588 non
1418 4539 1585 4590 servis
1605 4577 1619 4603 ,
1651 4554 1816 4608 esque
1848 4549 1927 4593 ta-

344 4642 469 4681 men
497 4627 714 4696 ignavus
742 4636 796 4681 et
833 4626 1049 4680 mollis?
1071 4627 1218 4695 quid,
1250 4628 1296 4681 si
1336 4629 1554 4697 ignavus
1585 4646 1689 4685 non
1713 4635 1785 4686 sis
1813 4635 1931 4702 qui-

343 4717 466 4772 dem
490 4759 503 4784 ,
549 4718 643 4772 sed
684 4718 864 4788 segnis
891 4718 960 4772 ad
996 4718 1295 4774 doctrinam
1343 4721 1700 4776 audiendam?
1749 4724 1931 4794 Neque

343 4811 489 4863 enim
514 4809 723 4863 illorum
755 4825 920 4864 unum
947 4810 1077 4864 satis
1096 4821 1178 4865 est
1198 4811 1263 4865 ad
1288 4811 1547 4877 salutem;
1576 4813 1668 4868 sed
1699 4830 1831 4883 Opus
1851 4826 1933 4871 est

344 4899 521 4970 primo
550 4898 799 4955 audiendi
828 4899 1136 4968 sedulitate,
1156 4900 1350 4957 deinde
1370 4903 1481 4974 jugi
1500 4906 1780 4972 memoria,
1809 4906 1932 4962 hinc

344 4991 468 5046 forti
496 4992 695 5055 animo,
726 4991 1031 5048 divitiarum
1073 5009 1282 5048 necnon
1314 4996 1651 5052 szecularium
1693 5002 1929 5053 omnium

349 5093 681 5152 contemptu.
707 5083 830 5140 Ideo
859 5087 1001 5140 enim
1028 5085 1273 5142 audiendi
1303 5087 1534 5142 studium
1565 5091 1737 5158 primo
1765 5094 1929 5160 ponit,

344 5174 643 5244 deindeque
672 5183 888 5242 caetera,
906 5179 1026 5245 quia
1050 5177 1149 5232 hoc
1180 5178 1351 5245 primo
1376 5189 1456 5233 est
1477 5194 1610 5247 opus
1640 5182 1930 5252 (Quomodo

345 5269 476 5321 enim
498 5268 720 5330 credent,
749 5268 852 5321 nisi
873 5269 1086 5321 audiant
1120 5268 1294 5341 [Rom.
1327 5271 1412 5324 i0.
1444 5268 1570 5341 l4]?
1599 5282 1654 5325 ut
1682 5288 1781 5326 nos
1801 5290 1932 5342 quo-

345 5375 449 5428 quo
500 5359 600 5413 nisi
631 5358 787 5414 dictis
817 5358 1153 5414 attendamus
1179 5401 1193 5423 ,
1245 5376 1348 5413 non
1380 5363 1673 5430 poterimus
1712 5379 1772 5418 ea
1813 5381 1930 5434 quae

345 5451 552 5522 agenda
604 5459 730 5505 sunt
781 5451 1058 5521 ediscere)
1095 5468 1107 5504 :
1138 5451 1333 5507 deinde
1376 5453 1534 5506 animi
1570 5455 1937 5513 fortitudinem

346 5545 494 5613 ponit
519 5552 572 5597 et
600 5558 776 5596 rerum
805 5544 1148 5612 praiseutium
1175 5555 1561 5613 contemptum.
1587 5545 1710 5600 lla'c
1754 5546 1931 5619 itaque

346 5636 646 5701 audientes,
664 5649 762 5688 nos
777 5636 1009 5704 undique
1031 5637 1330 5689 muniamus
1355 5654 1366 5688 :
1396 5638 1550 5691 dictis
1571 5640 1928 5710 attendentes,

346 5729 530 5780 firmas
559 5727 829 5782 mittentes
846 5729 1072 5792 radices,
1099 5729 1546 5800 smcnlaribusque
1564 5733 1815 5788 omnibus
1835 5751 1932 5790 nos

340 5820 712 5891 expedientes.
738 5818 790 5874 Si
824 5830 998 5876 autem
1022 5821 1120 5873 alia
1149 5819 1360 5889 quidem
1392 5820 1666 5889 faciamus,
1695 5824 1796 5878 alia
1829 5840 1924 5881 nc-

1268 406 1330 463 ΙΝ
1363 400 1772 464 MATTIUEUM
1812 399 2039 456 llOMlL.
2085 400 2266 456 XLIV.
2310 402 2380 456 al.
2422 400 2579 456 XLV.

3502 411 3528 458 ιί
3538 407 3605 460 70

2010 510 2290 579 gligamus,
2345 513 2472 567 nihil
2527 513 2680 567 nobis
2707 514 2967 580 Conferet,
2997 527 3057 566 ac
3087 515 3129 566 si
3159 530 3263 567 non
3292 515 3420 580 hoc,
3456 531 3606 572 certe

2008 602 2176 656 altero
2203 605 2361 658 modo
2387 605 2694 672 peribimus.
2715 605 2851 671 Quid
2886 606 3029 683 enim
3079 606 3273 670 refert,
3319 620 3494 660 utrum
3537 609 3607 662 ob

2009 697 2257 761 divitias,
2314 709 2492 753 utrum
2539 699 2607 751 ob
2634 698 2949 767 segnitiem,
2980 707 3158 750 utrum
3212 699 3281 750 ob
3325 700 3604 752 mollitiem

2011 805 2224 860 pessum
2277 794 2496 846 camus?
2552 792 2681 846 Nam
2737 793 2968 862 agricola
3012 807 3163 861 :rqne
3194 793 3338 862 luget
3389 795 3430 846 si
3473 793 3602 852 hic.

2011 899 2163 952 teque
2193 884 2237 936 si
2263 883 2352 937 illo
2384 884 2546 937 modo
2569 900 2750 938 semen
2783 883 2988 952 perdat.
3014 882 3091 937 Ne
3121 883 3296 952 itaque
3327 884 3467 951 quod
3494 900 3600 938 non

2011 989 2108 1042 per
2133 988 2320 1028 omnes
2347 975 2537 1027 modos
2566 989 2774 1042 pereas,
2811 973 2932 1026 hinc
2961 973 3379 1028 censiilationem
3407 973 3605 1026 admit-

2013 1075 2114 1130 tas,
2147 1065 2242 1120 sed
2269 1081 2605 1135 quocumque
2641 1066 2852 1118 tandem
2898 1063 3058 1118 modo
3089 1080 3296 1133 pereas,
3328 1066 3466 1133 lnge.
3491 1064 3609 1132 Spi-

2011 1173 2108 1212 Iias
2139 1158 2516 1212 comburamus
2543 1198 2556 1222 ,
2587 1173 2706 1225 qua:
2740 1157 2959 1210 verbum
2992 1156 3272 1210 sull'ocant.
3313 1156 3365 1209 Id
3412 1165 3610 1209 norunt

2012 1251 2223 1314 divites,
2252 1249 2339 1317 qui
2372 1264 2543 1318 neque
2573 1249 2636 1300 ad
2665 1248 2796 1308 lucc,
2826 1263 2998 1318 neque
3027 1249 3092 1300 ad
3120 1248 3222 1300 alia
3264 1257 3387 1301 sunt
3429 1247 3606 1300 utiles.

2013 1341 2165 1396 Servi
2209 1355 2438 1409 namque
2486 1348 2542 1394 et
2569 1341 2762 1408 captivi
2797 1339 3159 1407 voluptatum,
3217 1353 3284 1393 ne
3330 1337 3394 1392 ad
3434 1337 3609 1392 civilia

2012 1433 2226 1502 quidem
2274 1432 2633 1501 negotiasunt
2667 1432 2857 1494 utiles;
2905 1430 2947 1483 si
2995 1445 3097 1484 non
3145 1429 3388 1495 ad'illa,
3441 1430 3610 1484 multo

2013 1525 2190 1577 minus
2231 1523 2297 1576 ad
2339 1523 2590 1576 carlestia.
2627 1521 2833 1591 Duplex
2865 1523 3005 1575 enim
3053 1522 3216 1589 pestis
3256 1520 3608 1590 cogitationes

2014 1631 2200 1670 eorum
2235 1615 2441 1670 invadit
2463 1656 2475 1679 ,
2506 1615 2818 1669 deliciarum
2864 1614 3068 1669 scilicet
3107 1624 3160 1667 et
3191 1614 3564 1667 sollicitudinis
3597 1633 3608 1666 :

2013 1723 2242 1777 quorum
2281 1707 2488 1776 singula
2533 1715 2755 1775 possunt
2801 1705 3053 1774 scapham
3103 1704 3438 1772 demergere.
3480 1705 3610 1756 Cum

2015 1812 2192 1857 autem
2217 1801 2375 1855 ambo
2401 1807 2750 1861 concurrunt,
2774 1799 2947 1868 cogita
2978 1808 3173 1867 quanta
3203 1799 3273 1851 sit
3302 1808 3610 1865 lempestas.

2087 1893 2139 1948 5.
2176 1893 2410 1946 Ciborum
2429 1892 2626 1945 deliciae
2654 1892 3030 1961 redarguuntur
3051 1931 3065 1955 ,
3096 1899 3270 1958 utpote
3313 1889 3614 1957 corporibus

2016 1994 2062 2037 et
2108 1984 2290 2038 animi;
2319 1983 2557 2038 exitiosae.
2584 1981 2777 2036 -—Nec
2823 1980 3034 2034 mireris
3076 1980 3119 2034 si
3160 1980 3382 2034 delicias
3431 1980 3614 2047 spinas

2017 2087 2190 2132 vocet.
2223 2078 2302 2132 Tu
2355 2078 2521 2142 enim,
2552 2077 2670 2146 quia
2706 2074 2804 2128 hoc
2828 2073 2958 2127 vitio
2979 2073 3160 2126 ebrius
3190 2088 3268 2135 es,
3295 2071 3343 2125 id
3379 2073 3611 2140 ignoras:

2017 2173 2104 2241 qui
2150 2187 2280 2226 vero
2329 2169 2447 2226 sani
2499 2179 2644 2232 sunt,
2679 2176 2877 2222 norunt
2918 2180 3011 2221 eas
3052 2164 3422 2220 vehementius
3457 2180 3615 2232 quam

2018 2264 2198 2332 spinas
2225 2276 2491 2330 pungere:
2524 2259 2731 2321 delicia:
2755 2257 2872 2327 plus
2896 2271 3056 2326 quam
3078 2255 3467 2309 sollicitudines
3490 2256 3605 2304 ani-

2018 2368 2158 2406 mam
2184 2350 2526 2411 labefaciunt,
2557 2350 2935 2418 gravioresque
2969 2357 3021 2400 et
3067 2346 3277 2408 corpori
3326 2356 3380 2397 et
3423 2344 3613 2396 anima-

2022 2445 2236 2513 pariunt
2263 2443 2498 2496 dolores.
2529 2441 2712 2510 Neque
2737 2441 2880 2494 enim
2915 2439 3034 2507 quis
3063 2438 3132 2511 ita
3156 2437 3425 2490 sauciatur
3451 2453 3614 2497 curis,

2021 2546 2081 2591 ut
2110 2539 2372 2591 satietate.
2427 2534 2653 2602 Quando
2683 2533 2824 2588 enim
2856 2533 2977 2601 quis
3007 2541 3061 2585 et
3100 2522 3293 2586 somno
3341 2531 3576 2599 privatus
3602 2571 3616 2591 ,

2023 2645 2085 2683 ac
2115 2628 2309 2698 capitis
2340 2638 2750 2696 temporumque
2780 2625 3117 2694 (egritudine,
3153 2634 3208 2678 et
3229 2623 3492 2676 viscerum
3521 2622 3619 2673 do-

2025 2723 2222 2777 loribus
2243 2721 2507 2775 distentus
2537 2718 2715 2781 fuerit,
2741 2718 2913 2785 cogita
2935 2725 3064 2785 quot
3084 2717 3252 2784 spinis
3282 2715 3393 2767 hsce
3415 2732 3461 2782 gi
3478 2715 3622 2766 avio-

2025 2827 2080 2865 ra
2109 2812 2234 2864 sint.
2269 2811 2345 2864 Ac
2372 2807 2822 2878 (mentadmodum
2853 2805 3022 2873 spinae
3045 2820 3380 2874 quacumque
3411 2817 3478 2856 ex
3509 2819 3623 2870 par-

2031 2910 2083 2955 te
2111 2901 2414 2970 capiantur,
2445 2913 2635 2953 manus
2664 2906 2941 2952 (ruentam
2971 2913 2984 2949 :
3015 2897 3094 2950 sic
3120 2905 3174 2950 et
3199 2894 3406 2950 delicia:
3437 2894 3624 2962 pedes,

2026 3008 2239 3056 manus,
2260 3001 2440 3059 caput,
2471 2990 2678 3052 oculos,
2705 2999 2759 3043 et
2785 2987 2964 3042 omnia
2998 2989 3211 3041 demum
3237 2986 3477 3040 membra
3508 3002 3627 3052 pes-

2027 3083 2295 3147 sumdant,
2339 3083 2552 3150 illasque
2613 3081 2777 3134 arida:
2829 3080 3286 3148 infructuoswque
3316 3087 3440 3132 sunt
3485 3079 3623 3131 sicut

2027 3174 2220 3242 spiam,
2249 3181 2303 3226 et
2335 3174 2503 3242 magis
2533 3188 2689 3240 quam
2723 3171 2827 3224 illa:
2858 3178 3052 3224 uocent
3081 3171 3131 3223 in
3159 3171 3464 3240 pneeipuis.
3491 3169 3622 3222 Nam

2028 3274 2080 3319 et
2101 3273 2429 3318 senectutem
2457 3271 2582 3317 ante
2611 3272 2825 3330 tempus
2857 3261 3132 3324 inducunt,
3168 3276 3363 3315 sensus
3387 3261 3628 3329 sopiunt,

2029 3357 2411 3423 COgitationem
2438 3354 2675 3408 tenebris
2701 3352 2984 3407 oll‘unduut
3011 3395 3024 3411 .
3067 3362 3304 3407 mentem
3350 3361 3508 3405 acute
3555 3354 3630 3405 vi-

2030 3440 2244 3494 dentem
2275 3447 2571 3504 exca‘eant,
2598 3439 2876 3492 llaecidum
2908 3454 3106 3506 conpus
3129 3436 3374 3490 eflieiuut
3395 3477 3408 3502 ,
3464 3440 3632 3503 majo-

2031 3547 2143 3585 rem
2168 3542 2462 3585 stercorum
2492 3531 2699 3598 copiam
2733 3533 3068 3592 recondunt,
3129 3529 3265 3582 mala
3297 3538 3592 3597 congerunt
3617 3569 3630 3592 ,

2034 3626 2206 3695 majus
2231 3640 2367 3679 onus
2389 3633 2443 3678 et
2469 3623 2678 3694 pondus
2711 3624 2940 3678 faciunt:
2996 3623 3118 3676 hinc
3142 3623 3444 3691 frequentes
3476 3638 3634 3676 Casus

2032 3726 2085 3771 et
2111 3715 2299 3778 ruinae,
2332 3713 2498 3766 multa
2521 3711 2812 3780 naufragia.
2831 3712 2960 3774 Cur,
2988 3727 3192 3781 quaeso,
3222 3728 3418 3780 Corpus
3441 3713 3635 3780 impin-

2033 3806 2207 3876 guas?
2239 3807 2322 3860 An
2346 3814 2396 3859 te
2424 3804 2752 3859 immolaturi
2776 3805 3003 3860 sumus?
3029 3820 3096 3858 an
3128 3806 3179 3858 in
3209 3821 3389 3859 mensa
3422 3808 3634 3872 apposi-

2036 3897 2503 3951 turi?Avesrec1e
2527 3895 2866 3966 impinguas;
2916 3896 3025 3950 imo
3092 3910 3159 3949 ne
3197 3912 3328 3951 ares
3379 3897 3634 3964 quidem:

2034 4005 2156 4044 cum
2195 3989 2339 4044 enim
2397 3989 2622 4059 pingues
2675 3997 2835 4051 sunt,
2889 3988 2956 4042 ad
3003 4003 3193 4043 sanum
3237 3988 3428 4044 edendi
3482 4007 3634 4043 usuin

2035 4091 2160 4136 sunt
2181 4081 2415 4135 inutiles.
2448 4080 2677 4134 Tantum
2713 4079 2912 4134 malum
2964 4087 3048 4133 est
3101 4080 3343 4135 ciborum
3393 4082 3638 4149 voluptas

2036 4175 2223 4238 nimia,
2254 4181 2312 4226 ut
2332 4173 2491 4226 etiam
2521 4171 2572 4224 in
2603 4171 2773 4226 brutis
2798 4171 3103 4241 perniciosa
3137 4171 3225 4227 sit.
3256 4171 3386 4225 Nam
3433 4173 3519 4226 illa
3547 4189 3636 4223 sa-

2039 4267 2252 4320 turitate
2282 4265 2444 4318 nimia
2484 4271 2537 4318 et
2557 4261 2660 4317 sibi
2690 4270 2744 4317 et
2767 4263 2922 4316 nobis
2970 4263 3172 4317 inutilia
3205 4263 3486 4318 efficimus.
3538 4263 3638 4319 Su-

2039 4356 2365 4426 perlluitates
2415 4355 2611 4425 quippe
2652 4353 2953 4425 indigestus,
2984 4366 3037 4409 et
3059 4355 3274 4411 humida
3300 4357 3524 4426 putredo
3571 4357 3641 4411 ab

2038 4447 2124 4500 illa
2153 4444 2322 4500 oritur
2365 4443 2702 4515 pinguedine.
2741 4444 2874 4512 Qute
2927 4460 3054 4500 vero
3097 4447 3346 4500 animalia
3403 4464 3509 4501 non
3566 4449 3637 4501 ita

2037 4538 2275 4603 aluntur,
2308 4537 2406 4591 sed
2433 4537 2584 4606 quasi
2625 4536 2874 4607 jejunant
2902 4548 2955 4593 et
2987 4539 3251 4601 laborant,
3293 4540 3377 4594 illa
3422 4552 3567 4596 certe
3587 4556 3640 4596 et

2036 4629 2136 4683 sibi
2165 4637 2224 4682 et
2249 4628 2366 4682 aliis
2389 4627 2667 4682 utilissima
2697 4638 2842 4694 sunt,
2876 4638 2986 4683 tum
3033 4631 3099 4683 ad
3146 4631 3349 4696 cibum,
3409 4643 3517 4686 tum
3572 4635 3637 4687 ad

2035 4720 2138 4773 alia
2165 4719 2342 4772 omnia
2380 4736 2394 4771 :
2433 4719 2629 4788 quique
2673 4719 2737 4772 iis
2783 4729 3069 4774 vescuntur
3093 4762 3108 4784 ,
3151 4724 3383 4776 lii-'miore
3410 4724 3640 4791 gaudent

2038 4809 2362 4872 valetudine;
2402 4810 2490 4878 qui
2517 4820 2696 4864 autem
2741 4810 3131 4880 pinguioribus,
3156 4811 3287 4882 ipsis
3319 4815 3524 4870 similes
3556 4818 3634 4870 fa-

2036 4904 2132 4967 cti,
2166 4902 2428 4958 tardiores
2463 4916 2604 4968 sunt,
2641 4905 2855 4969 inﬁrmi,
2908 4904 3151 4977 duroque
3197 4909 3410 4964 vinculo
3467 4913 3634 4982 ligati.

2038 4995 2174 5049 Nihil
2202 4996 2343 5049 enim
2388 4997 2460 5050 ita
2504 4998 2714 5065 corpori
2756 4999 2975 5053 noxium
3008 5010 3066 5054 ut
3095 5002 3334 5056 ciborum
3385 5005 3629 5058 delicio:

2037 5089 2167 5142 nihil
2200 5089 2270 5142 ita
2323 5090 2522 5158 rumpit
2559 5100 2614 5143 et
2637 5089 2814 5144 obmit
2844 5092 3051 5158 ipsum,
3104 5102 3163 5146 ut
3190 5095 3472 5164 ingluvies.
3516 5096 3640 5150 Ideo

2040 5179 2162 5235 hinc
2186 5182 2419 5234 maxime
2461 5182 2673 5234 illorum
2720 5183 2999 5237 stultitiam
3043 5187 3164 5254 quis
3211 5190 3454 5252 ttiirelur,
3498 5194 3638 5258 quod

2037 5289 2142 5326 non
2167 5274 2270 5326 sibi
2302 5283 2522 5343 parcant
2551 5285 2606 5327 ut
2630 5277 2808 5328 exteri
2840 5277 3068 5332 utribus.
3095 5277 3225 5332 Nam
3251 5281 3337 5347 qui
3367 5283 3486 5333 vina
3513 5299 3640 5336 ven-

2041 5365 2192 5427 dunt,
2227 5365 2414 5418 nolunt
2439 5366 2562 5435 plus
2582 5381 2738 5434 (equo
2760 5368 3151 5438 utresimplere
3175 5412 3200 5434 ,_
3237 5387 3302 5424 ne
3339 5384 3588 5439 rumpant
3623 5391 3636 5426 :

2039 5458 2092 5511 lii
2111 5472 2238 5510 vero
2251 5458 2508 5511 miserum
2534 5469 2796 5523 ventrem,
2828 5476 2895 5515 ne
2922 5460 3019 5514 hac
3045 5462 3255 5530 quidem
3274 5477 3400 5517 cura
3419 5465 3636 5533 dignum

2037 5560 2286 5616 censent;
2315 5552 2407 5605 sed
2437 5563 2716 5621 postquam
2751 5554 2898 5608 illum
2927 5556 3436 5627 impleveriiitatque
3463 5574 3640 5627 rupe-

2038 5646 2168 5708 rint,
2187 5659 2354 5713 usque
2377 5644 2442 5697 ad
2470 5658 2648 5707 aures,
2670 5661 2847 5709 nares,
2875 5648 3053 5702 fauces
3076 5651 3198 5704 vino
3220 5652 3448 5720 replent,
3467 5652 3640 5719 dupli-

2037 5749 2154 5787 cem
2186 5735 2305 5788 hinc
2331 5736 2596 5803 parientes
2615 5739 2936 5802 angustiam.
2958 5750 3012 5794 et
3033 5742 3262 5810 Spiritui,
3283 5754 3335 5797 et
3353 5745 3400 5796 vi
3426 5744 3500 5796 illi
3519 5761 3638 5813 qua:

2047 5825 2244 5880 animal
2278 5835 2442 5882 lotutn
2472 5826 2801 5882 moderatur.
2833 5833 2909 5886 An
2946 5833 3064 5889 ideo
3103 5835 3194 5888 tibi
3234 5846 3412 5903 guttur
3455 5836 3642 5894 datum
