4080 6502
499 411 592 467 Αῗί
1231 421 1286 476 S.
1326 418 1599 475 JOANNIS
1637 413 2104 474 CHRYSOSTOMI
2144 416 2450 474 ABCIIIEP.
2493 417 3020 480 CONSTANTINOP.

489 551 594 607 est,
634 557 689 595 ut
715 541 884 609 usque
907 533 972 589 ad
1000 549 1060 589 os
1107 531 1238 588 illud
1261 532 1384 586 vino
1409 532 1633 602 aliisque
1658 529 1922 599 corruptis
1949 543 2060 582 ma.

498 633 649 690 tcriis
695 627 946 700 replens?
995 625 1112 680 Non
1161 622 1284 680 ideo
1309 622 1489 678 datum
1534 633 1617 678 est
1640 663 1655 687 ,
1685 637 1716 676 ο
1745 621 1905 674 homo
1927 662 1942 686 ,
1972 619 2066 674 sed

497 725 761 796 pratcipue
785 731 841 776 ut
866 721 972 775 Deo
991 732 1170 782 canas,
1216 725 1270 771 et
1294 731 1474 771 sacras
1504 729 1691 785 preces
1716 713 1926 768 emittas
1949 753 1963 775 ,
1994 711 2068 765 le-

500 832 596 886 ges
621 815 825 869 divinas
844 812 1006 881 legas,
1038 807 1364 878 consiliaque
1383 807 1477 862 des
1500 807 1742 874 proximo
1768 806 2060 875 profutura.

499 908 581 964 Tu
611 921 734 961 vero
767 903 912 972 quasi
959 901 1046 956 illa
1075 908 1276 954 tantum
1304 899 1369 954 de
1395 912 1552 953 causa
1578 897 1758 951 datum
1786 905 1964 962 esset,
1997 909 2064 948 ne

498 997 774 1052 minimum
820 991 1034 1063 quidem
1087 989 1220 1044 sinis
1275 989 1442 1058 ipsum
1467 987 2062 1041 ministeriosacroscr-

496 1087 632 1154 vire,
665 1084 758 1140 sed
784 1091 946 1138 totam
973 1081 1133 1135 vitam
1165 1080 1288 1134 huic
1319 1079 1564 1148 pessima:
1590 1077 1832 1132 servituti
1879 1071 2060 1130 tradis.

494 1178 573 1231 Ac
624 1170 1066 1244 quemadmodum
1095 1170 1141 1224 si
1186 1169 1305 1238 quis
1332 1167 1587 1223 citharam
1633 1180 1852 1220 sumens
1884 1165 2063 1220 aureis

495 1265 687 1320 fidibus
732 1270 1055 1332 compactam
1081 1302 1098 1328 ,
1137 1273 1200 1314 ac
1242 1259 1460 1328 pulchre
1514 1257 1916 1323 concinnatam,
1957 1271 2065 1312 non

493 1356 558 1408 ad
589 1355 796 1409 dulcem
824 1352 1245 1408 modulationem
1267 1350 1520 1419 pulsaret,
1562 1347 1655 1402 sed
1685 1347 1809 1401 fimo
1836 1346 2064 1415 repleret

493 1460 557 1500 ac
577 1445 689 1500 luto
727 1462 741 1496 :
793 1445 870 1498 sic
897 1452 953 1498 et
990 1441 1042 1495 hi
1074 1434 1294 1495 faciunt.
1328 1439 1532 1493 Fimum
1563 1453 1696 1492 voco
1722 1453 1828 1491 non
1849 1438 2023 1491 cibum
2045 1477 2059 1501 ,

494 1537 589 1592 sed
619 1536 837 1591 delicias
857 1576 872 1600 ,
919 1542 974 1590 et
1001 1533 1147 1587 illam
1177 1540 1375 1585 tantam
1407 1529 1889 1599 intemperantiam.
1931 1527 2061 1582 Nam

493 1628 633 1698 quod
663 1634 809 1681 extra
836 1625 1206 1680 necessitatem
1229 1632 1329 1687 est,
1359 1637 1461 1676 non
1492 1621 1662 1686 cibus,
1694 1619 1786 1675 sed
1816 1620 1931 1675 lues
1958 1628 2060 1675 est.

495 1721 691 1776 Venter
715 1709 855 1775 enim
881 1718 948 1772 ad
972 1719 1220 1773 alimenta
1249 1718 1419 1770 solum
1444 1713 1750 1786 accipienda
1773 1712 1927 1769 datus
1948 1722 2061 1779 est;

499 1830 563 1869 os
597 1822 651 1868 ct
691 1814 868 1867 fauces
894 1820 948 1867 et
991 1812 1164 1881 lingua
1189 1821 1237 1865 et
1257 1809 1321 1864 ad
1347 1809 1448 1863 hoc
1474 1819 1526 1864 et
1553 1807 1619 1862 ad
1651 1807 1752 1861 alia
1782 1806 1864 1862 his
1896 1807 2064 1876 magis

490 1904 823 1961 necessaria:
855 1902 1125 1972 multoque
1165 1900 1332 1971 magis
1355 1914 1526 1970 neque
1570 1907 1752 1955 venter
1795 1897 1862 1952 ad
1909 1897 2062 1952 cibos

490 1996 726 2066 quolibet
765 1993 923 2049 modo
942 1994 1316 2063 excipiendos,
1360 1992 1453 2047 sed
1501 1991 1803 2047 moderatos
1833 1999 2057 2047 tantum.

491 2089 654 2158 hique
679 2088 911 2144 ostendit
938 2088 1075 2157 ipse,
1107 2085 1231 2140 dum
1263 2086 1406 2140 mille
1434 2084 1607 2140 modis
1633 2085 1863 2150 clamat,
1888 2099 2058 2154 quan-

490 2180 558 2236 do
597 2179 695 2249 ipsi
749 2193 842 2249 per
887 2178 1024 2233 hanc
1073 2176 1287 2232 nimiam
1333 2176 1540 2245 cupiam
1564 2188 1851 2240 uocemus;
1892 2189 2062 2245 neque

3646 429 3748 485 ιτς

2176 532 2367 586 chmat
2387 531 2585 599 solum,
2618 533 2712 589 sed
2739 536 2898 589 etiam
2928 536 2978 590 id
3002 538 3150 606 quasi
3169 538 3418 608 iniuriam
3453 542 3746 608 ulciscitur,

2167 631 2539 695 extremasque
2586 628 2816 696 reposcit
2867 642 3071 697 poenas.
3106 629 3284 684 Primo
3330 631 3496 701 pedes
3547 638 3698 704 punit
3727 674 3744 700 ,

2168 713 2256 782 qui
2287 730 2385 769 uos
2409 714 2476 770 ad
2522 715 2637 771 illas
2677 718 2936 788 pessimas
2986 718 3272 788 deportant
3309 722 3525 791 epulas:
3553 723 3748 778 deinde

2170 822 2360 862 manus
2384 809 2530 878 ligat,
2556 808 2698 878 quod
2721 818 2795 864 tot
2825 818 3047 866 ettanta
3067 813 3371 869 ministrent
3395 831 3408 866 :
3457 815 3748 870 multorum

2167 900 2327 952 etiam
2355 912 2416 953 os
2443 898 2725 954 distortum
2757 899 2856 956 fuit
2876 943 2892 963 .
2940 900 3080 956 oculi
3118 912 3175 956 et
3204 915 3365 973 caput
3405 904 3746 961 laborarunt.

2167 989 2246 1043 Ac
2273 987 2431 1043 veluti
2458 1003 2662 1055 servus,
2690 1005 2810 1044 cum
2832 991 2956 1061 quid
2977 992 3118 1047 vires
3137 993 3403 1049 excedens
3426 1009 3586 1066 agere
3605 1009 3748 1064 prte-

2167 1078 2378 1148 cipitur,
2412 1078 2661 1134 eﬂeratus
2691 1095 3087 1151 nonnumquam
3118 1083 3398 1152 imperanti
3442 1084 3745 1140 maledicit:

2167 1171 2245 1226 sic
2259 1179 2312 1228 et
2339 1179 2523 1226 venter
2544 1171 2649 1226 vim
2682 1187 2890 1242 passus,
2917 1189 3035 1229 cum
3060 1174 3142 1228 his
3173 1173 3428 1230 membris
3451 1177 3614 1230 etiam
3641 1192 3742 1232 ce-

2168 1259 2382 1314 rebrum
2411 1275 2555 1330 smpe
2584 1260 2872 1317 labefactat
2909 1272 2963 1317 et
3010 1261 3204 1332 perdit.
3250 1263 3504 1334 Deusque
3545 1266 3752 1336 Optime

2169 1350 2423 1419 providit,
2445 1360 2502 1406 ut
2521 1366 2589 1408 ex
2611 1353 2962 1409 immoderato
2991 1367 3087 1406 usu
3121 1363 3326 1408 tantum
3347 1353 3603 1411 damnum
3653 1371 3748 1410 ac-

2167 1440 2463 1512 cedat,quo
2481 1457 2602 1497 cum
2631 1443 2825 1499 lubens
2855 1443 3224 1514 philosotihari
3249 1445 3504 1513 nolueris,
3537 1447 3622 1502 vel
3662 1447 3750 1500 in-

2166 1533 2307 1588 vitus
2333 1533 2526 1588 saltem
2552 1549 2619 1590 ex
2641 1545 2786 1590 metu
2818 1545 2977 1590 tanta:
3005 1536 3255 1605 perniciei
3291 1535 3564 1592 madente
3586 1551 3751 1607 agere

2167 1617 2363 1673 discas.
2394 1618 2520 1673 Haec
2546 1633 2667 1673 eum
2692 1621 2943 1686 sciamus,
2962 1618 3202 1675 ciborum
3218 1619 3439 1675 delicias
3459 1620 3748 1690 fugiamus,

2168 1711 2633 1781 moderationique
2658 1711 2986 1777 studeamus,
3017 1719 3075 1766 ut
3102 1720 3158 1767 et
3183 1712 3425 1782 corporis
3446 1710 3752 1767 valetudine
3825 1739 3828 1741 λ

2167 1801 2426 1864 fruamur,
2459 1810 2512 1854 et
2532 1801 2765 1855 animam
2787 1801 3096 1856 infirmitate
3118 1801 3263 1855 omni
3291 1801 3604 1867 liberemus,
3632 1801 3744 1854 sic.

2167 1907 2271 1964 que
2290 1890 2463 1947 futura
2486 1905 2876 1961 consequamur
2902 1890 3042 1946 bona
3068 1931 3083 1956 ,
3131 1891 3298 1962 gratia
3328 1899 3384 1945 et
3423 1890 3751 1960 benignitate

2169 1983 2377 2039 Domini
2429 1982 2600 2038 nostri
2654 1981 2782 2038 Jesu
2823 1982 3069 2050 Christi,
3124 1983 3210 2037 cui
3257 1982 3428 2053 gloria
3476 1990 3534 2037 et
3579 1982 3750 2052 impe-

2165 2077 2340 2142 rium,
2368 2089 2510 2131 nunc
2551 2084 2606 2132 et
2647 2090 2897 2147 semper,
2949 2084 3004 2133 ct
3055 2076 3108 2133 in
3161 2075 3359 2133 secula
3407 2075 3748 2133 seculorum.

2168 2171 2360 2224 Amen.

1495 3418 1674 3478 FlNlS
1708 3418 1878 3482 Τοιιι
1908 3411 2451 3489 ουωρωςεειιιι
2485 3400 2774 3475 ΒΕΡΤΙΜΙ.
