3898 6226
887 446 2426 462 “ww-“me

1805 441 3344 462 *ΜΖ

547 675 1103 884 PIUS
1275 668 1924 878 PAPA
2068 665 3046 874 SEXTUS

981 1003 1408 1067 CARISSIMO
1468 1004 1551 1065 ΙΝ
1612 1002 1957 1066 CHRISTO
2015 1001 2236 1062 FILIO
2297 997 2613 1059 NOSTRO

1135 1166 1816 1283 VICTORIO
1888 1163 2460 1276 AMEDEO

853 1376 1540 1462 SARDINI/E
1641 1377 1987 1460 REGI
2088 1371 2741 1458 ILLUSTRI

1071 1554 1371 1605 εΑιυτειι
1410 1552 1490 1605 ΕΤ
1526 1554 1971 1606 ΔΡΟΞΤΟΜΕΔΜ
2005 1553 2538 1606 BENEDICTIONEM.

887 454 1009 462 ...-
1467 448 2212 460 .___________..__.____
3291 441 3345 452 .-

145 439 3434 506 W

237 1809 585 1883 Praelara,
623 1826 804 1888 quam
831 1809 903 1869 de
931 1810 1138 1870 sancti
1154 1800 1437 1871 'Maximi
1467 1809 1866 1868 Taurinensis
1899 1810 2170 1886 episcopi
2199 1809 2573 1889 eloquentia,
2606 1815 2922 1891 doctrina,
2950 1817 3182 1876 virtute
3196 1821 3444 1897 Jamdiu

151 1915 362 1974 animo
408 1931 906 1992 conceperamus,
945 1913 1353 1984 existimatio,
1392 1929 1528 1973 cum
1561 1911 1927 1986 conﬁrmata
1959 1911 2026 1969 in
2054 1911 2181 1972 dies
2207 1956 2225 1988 ,
2265 1919 2569 1990 auctaque
2596 1914 2885 1990 maiorem
2920 1916 2989 1975 in
3025 1918 3268 1978 modum
3296 1931 3443 1987 esset

156 2022 287 2072 tum
315 2031 384 2072 eo
426 2029 544 2070 nos
575 2012 832 2089 denique
859 2005 1158 2086 adduxit,
1187 2019 1256 2070 ut
1290 2010 1362 2073 de
1386 2009 1562 2072 illius
1600 2007 1887 2086 operibus
1916 2010 2337 2084 illustrandis,
2370 2030 2738 2092 rursumque
2780 2017 2844 2076 in
2890 2017 3087 2077 lucem
3129 2019 3446 2080 hominum

155 2110 485 2191 efferendis
517 2114 949 2190 cogitaremus.
977 2112 1200 2189 Itaque
1229 2111 1346 2172 etsi
1375 2110 1711 2170 multarum
1746 2125 1976 2186 rerum,
2003 2127 2328 2190 earumque
2348 2114 2856 2190 gravissimarum
2881 2115 3308 2179 sollicitudine
3336 2137 3445 2179 ur-

155 2213 454 2286 gebamur
482 2233 504 2281 ;
544 2230 726 2272 curas
760 2220 957 2272 tamen
985 2221 1234 2272 nostras
1265 2211 1386 2272 huc
1411 2212 1596 2272 etiam
1628 2229 1748 2270 esse
1784 2210 2184 2288 conferendas
2210 2212 2571 2288 putavimus
2598 2231 2619 2270 :
2652 2232 2724 2272 ac
2745 2231 2941 2289 porro
2961 2215 3292 2292 jussimus,
3316 2219 3445 2296 egi-

159 2326 412 2387 musque
437 2309 680 2381 sedulo,
710 2317 779 2369 ut
811 2327 976 2370 nova
1010 2310 1214 2370 sancti
1238 2308 1507 2387 ejusdem
1536 2308 1843 2368 antistitis
1871 2308 2323 2379 Homiliarum,
2356 2311 2750 2385 Sermonum,
2783 2312 3199 2374 Tractatuum
3226 2317 3446 2392 editio,

160 2426 346 2486 eaque
378 2419 708 2484 accurata,
732 2409 939 2489 quoad
965 2409 1094 2488 ejus
1120 2409 1258 2486 ﬁeri
1281 2416 1514 2486 posset,
1542 2416 1726 2486 atque
1755 2405 1997 2484 elegans
2027 2416 2390 2484 pararetur.
2421 2409 2605 2470 Hanc
2635 2418 2704 2468 ut
2736 2412 3011 2497 per/ecta
3038 2415 3448 2497 partibusque

160 2510 288 2568 suis
316 2509 605 2570 omnibus
629 2512 876 2588 expleta
905 2516 1080 2584 esset,
1110 2510 1409 2587 pra/erre
1447 2507 1754 2568 voluimus
1788 2507 1990 2583 regale
2027 2508 2174 2566 Tua
2209 2506 2561 2584 Majestatis
2606 2525 2847 2585 nomen,
2893 2518 3228 2588 propterea
3281 2517 3448 2592 quod

84 2656 88 2658 -
162 2613 379 2688 ipsam,
437 2613 496 2672 si
532 2611 632 2672 cui
667 2629 963 2689 unquam,
997 2611 1112 2674 tibi
1140 2619 1300 2671 certe
1345 2609 1459 2669 uni
1509 2607 1780 2668 omnium
1815 2607 2079 2666 maxime
2111 2605 2315 2667 deberi
2363 2607 2836 2669 arbitraremur.
2874 2609 3028 2670 Cum
3059 2613 3214 2672 enim
3263 2631 3330 2673 ea
3383 2618 3465 2693 in,

165 2709 312 2770 urbe
357 2716 578 2779 natus,
611 2709 801 2782 altus,
833 2709 1127 2768 educatus
1170 2709 1279 2778 sis,
1313 2713 1497 2784 atque
1529 2705 1786 2783 imperio
1833 2704 2105 2781 potiare,
2160 2703 2263 2764 cui
2307 2703 2454 2763 urbi
2497 2705 2817 2765 Maximus
2849 2706 3005 2766 idem
3036 2707 3143 2768 diu
3169 2710 3449 2788 episcopi

163 2810 490 2885 praefuerit
528 2809 863 2886 dignitate,
886 2825 1184 2887 quamque
1214 2805 1508 2867 doctrina
1542 2803 1950 2873 instruxerit,
1980 2801 2434 2880 muniveritque
2459 2805 2783 2881 praceptis
2812 2813 2865 2864 et
2894 2807 3209 2868 institutis
3235 2810 3451 2870 ortho-

165 2905 344 2967 doxa
372 2907 703 2984 religionis
740 2927 760 2965 :
794 2925 1046 2986 cumque
1089 2906 1171 2967 iis
1202 2904 1542 2983 majoribus
1574 2906 1658 2964 sis
1699 2911 2070 2981 prognatus,
2100 2903 2209 2980 qui
2247 2909 2372 2962 tam
2392 2911 2601 2962 sancte
2631 2904 2978 2966 doctrinam
3010 2910 3271 2970 eamdem
3291 2960 3308 2987 ,
3340 2931 3450 2970 ea-

167 3007 414 3086 demque
439 3009 739 3067 instituta
763 3008 1094 3076 coluerint,
1129 3022 1200 3064 ac
1225 3004 1420 3078 veluti
1447 3023 1482 3062 a
1507 3003 1793 3063 Maximo
1824 3002 1959 3078 ipso
1991 2999 2369 3077 didicerant,
2401 3010 2522 3059 tam
2551 3003 2787 3076 fuerint
2821 3003 3032 3066 devoti
3061 3005 3450 3089 devinctique

169 3109 530 3185 apostolica
565 3107 716 3176 sedi,
751 3114 820 3165 ut
847 3105 1013 3184 quod
1044 3123 1144 3165 eos
1175 3095 1435 3174 imitere,
1465 3103 1680 3163 solida
1711 3103 1873 3178 Tibi,
1903 3121 2173 3179 veraque
2196 3103 2415 3180 gloria
2444 3103 2634 3163 ducas
2662 3109 3320 3190 perpetuofuturum;
3355 3131 3450 3174 ec-

170 3209 304 3283 quis
332 3217 537 3286 neget,
573 3206 882 3286 quidquid
917 3204 990 3264 ab
1021 3223 1088 3264 eo
1122 3203 1404 3264 antistite
1450 3212 1658 3262 ortum
1685 3202 1793 3277 sit,
1823 3202 1903 3262 ad
1931 3221 2184 3281 eumque
2225 3204 2560 3279 pertineat,
2604 3204 2670 3266 id
2706 3214 2761 3265 te
2804 3224 2947 3266 sane
2977 3226 3176 3284 posse,
3221 3221 3274 3272 et
3306 3233 3450 3275 vero

172 3304 377 3366 debere
394 3306 553 3384 jure
577 3304 843 3383 quodam
874 3311 980 3364 tuo
1010 3304 1331 3364 vindicare
1359 3302 1390 3360 ?
1421 3304 1565 3362 Jam
1596 3319 1737 3362 vero
1777 3321 1914 3364 cum
1944 3303 2116 3363 docti
2143 3324 2177 3361 a
2204 3305 2491 3364 Maximo
2516 3307 2781 3383 fuissent
2804 3310 3201 3385 Taurinates,
3227 3333 3450 3376 cacen-

173 3407 314 3465 dum
346 3425 494 3478 esse,
526 3424 606 3465 ne
631 3406 784 3484 quid
807 3405 1012 3484 capiat
1043 3403 1399 3466 detrimenti
1425 3403 1571 3482 ﬁdes
1600 3402 1713 3479 (a),
1734 3403 2223 3482 manendumque
2242 3415 2574 3481 propterea
2598 3407 2663 3464 in
2686 3409 2834 3468 navi
2855 3427 2998 3476 esse,
3030 3411 3109 3470 ad
3142 3415 3320 3490 cujus
3338 3434 3451 3492 gu-

176 3505 504 3567 bernacula
544 3507 797 3581 Petrus,
837 3507 1028 3566 totius
1061 3504 1273 3582 Operis
1310 3502 1655 3566 Christiani
1703 3517 2073 3580 compagem
2122 3504 2482 3580 molemque
2511 3506 2841 3566 continens
2881 3505 2962 3584 (b)
2987 3552 3002 3577 .
3039 3509 3237 3569 sedeat
3265 3533 3298 3580 ;·
3323 3521 3450 3574 tum

175 3604 542 3665 Sabaudica
571 3605 772 3680 gentis
802 3604 1071 3672 comites,
1105 3603 1313 3675 duces,
1342 3619 1515 3679 reges
1545 3601 1830 3688 (quorum
1863 3619 1920 3660 es
1948 3602 2076 3679 ipse
2101 3611 2364 3679 augusta
2387 3605 2717 3681 progenies
2755 3625 2827 3666 ac
2853 3606 3040 3668 hares
3071 3620 3142 3670 ut
3175 3613 3451 3690 imperii,

177 3706 262 3766 sic
285 3707 468 3766 etiam
503 3704 769 3764 virtutis
799 3721 872 3762 ac
913 3704 1192 3780 pietatis)
1227 3702 1501 3774 comites,
1550 3702 1827 3779 inquam,
1863 3701 2229 3764 Sabaudica
2257 3705 2481 3779 gentis,
2516 3703 2721 3776 duces,
2755 3723 2921 3784 reges
2956 3711 3020 3770 id
3057 3712 3180 3773 sibi
3221 3734 3454 3777 summo

179 3823 293 3864 esse
322 3822 504 3882 opere
537 3802 919 3874 enitendum,
954 3803 1021 3864 in
1051 3820 1235 3880 eoque
1263 3799 1702 3861 elaborandum
1721 3800 2125 3878 judicarunt,
2164 3811 2232 3860 ut
2264 3804 2330 3862 in
2360 3801 2600 3861 ditione
2636 3806 2923 3865 universa
2963 3827 3071 3868 sua
3109 3811 3312 3872 locum
3338 3835 3451 3875 er-

179 3920 306 3980 ror,
340 3906 404 3964 in
439 3921 566 3982 quo
600 3903 994 3977 consisteret,
1025 3919 1153 3960 non
1199 3900 1446 3960 haberet
1474 3923 1494 3969 ;
1525 3908 1950 3978 perstaretque
1979 3904 2223 3979 integra
2269 3913 2450 3981 atque
2503 3905 2899 3984 incorrupta,
2936 3927 3115 3987 quam
3165 3917 3454 3980 cathedra

182 4001 350 4060 Petri
379 3999 658 4061 custodit
687 4017 758 4059 ac
783 3999 1109 4077 pradicet,
1149 3998 1509 4071 orthodoxa
1536 4000 1782 4076 religio.
1811 4000 2018 4074 Quare
2049 4019 2176 4060 non
2203 4005 2513 4080 pra/sctis
2545 4014 2802 4075 tantum.
2851 4009 3322 4095 vindicibusque
3351 4041 3451 4079 sa-

183 4118 425 4162 crorum
452 4119 576 4179 pro
612 4100 872 4161 veritate
893 4098 1393 4160 Christianorum
1421 4099 1803 4177 dogmatum,
1837 4119 1954 4178 pro
1984 4109 2225 4162 unitate
2253 4102 2574 4174 Ecclesia,
2606 4123 2721 4181 pro
2752 4111 3120 4187 pontiﬁcum
3151 4116 3456 4192 dignitate

184 4205 676 4279 auctoritateque
714 4199 1098 4260 certantibus
1130 4199 1513 4275 adiumento,
1549 4202 1965 4282 prasidioque
1996 4205 2166 4281 [uere
2195 4225 2212 4270 ;
2249 4205 2351 4264 sed
2377 4214 2429 4264 et
2460 4206 2730 4277 haereses,
2784 4227 2934 4286 quas
2967 4230 3105 4271 cum
3139 4227 3276 4275 ante
3333 4219 3413 4298 (ο)
3438 4266 3452 4291 ,

187 4311 308 4360 tum
333 4305 561 4364 saculo
597 4319 736 4373 ινι,
770 4301 1074 4377 factiones
1104 4300 1455 4360 intulerant
1481 4303 1912 4369 sectariorum,
1948 4304 2143 4362 veluti
2181 4313 2405 4380 pestem
2439 4325 2466 4363 e
2502 4307 2628 4364 suis
2664 4307 2890 4382 ﬁnibus
2922 4310 3273 4390 depulsuri,
3321 4337 3455 4377 ma-

185 4417 333 4476 gnos
348 4402 661 4460 exercitus
682 4407 1125 4476 compararunt
1144 4397 1257 4478 (cl),
1287 4407 1344 4457 et
1370 4408 1703 4476 equestrem
1726 4401 1844 4460 SS.
1865 4402 2168 4460 Mauritii
2193 4414 2243 4460 et
2274 4403 2502 4462 Lazari
2529 4407 2827 4480 ordinem,
2855 4411 3264 4483 probantibus
3287 4436 3457 4494 pon-

189 4504 449 4579 tiﬁcibus
493 4503 785 4562 maximis
811 4501 919 4580 (e),
945 4503 1378 4569 instituerunt,
1409 4501 1649 4578 ingenti
1680 4501 1950 4578 pecunia
1985 4505 2046 4562 in
2080 4521 2230 4561 usus
2267 4505 2536 4581 equitum
2571 4505 2873 4566 collocata
2921 4510 3036 4586 (γ’),
3086 4517 3189 4574 cui
3215 4519 3458 4593 quidem

190 4600 394 4662 ordini
442 4604 536 4662 ita
587 4604 897 4680 pra/uere
947 4616 1316 4678 magnorum
1367 4601 1811 4676 magistrorum
1857 4600 2295 4677 appellatione,
2344 4602 2666 4677 dignitate,
2712 4615 3045 4682 potestate,
3084 4611 3347 4681 virtute,
3389 4628 3456 4675 ut

191 4716 350 4758 nemo
379 4701 487 4776 sit,
520 4701 675 4780 quin
706 4718 782 4758 ea:
819 4700 970 4777 ipsis
1011 4700 1140 4777 peti
1167 4706 1452 4775 oportere
1482 4699 1757 4775 exempla
1785 4707 1964 4773 putet
2002 4698 2366 4775 vigilantia,
2394 4701 2814 4774 fortitudinis,
2855 4704 3074 4779 studii,
3110 4707 3462 4771 alacritatis

190 4800 636 4879 ampliﬁcanda
669 4798 1024 4876 reipublica
1045 4799 1273 4876 populi
1316 4797 1681 4886 Qhristiani,
1722 4797 1984 4868 tuenda,
2014 4797 2548 4874 propagandaque
2587 4799 2891 4859 doctrina
2919 4803 3064 4879 ﬁdei
3095 4806 3412 4868 catholica
3443 4859 3458 4886 ,

191 4916 256 4956 ac
281 4901 589 4976 primatus
617 4901 912 4960 Romana
941 4898 1244 4959 cathedra
1279 4898 1682 4976 defendendi;
1717 4899 2021 4974 simulque
2047 4905 2306 4965 statuat,
2343 4907 2552 4954 eorum
2582 4916 2875 4974 quemque
2895 4918 3008 4976 per
3042 4921 3102 4959 se
3131 4905 3311 4963 etiam
3344 4925 3459 4982 pa-

194 5012 348 5059 rasse
374 5000 494 5060 sibi
527 5001 716 5062 decus
734 4999 1234 5078 propugnatoris
1260 4999 1612 5074 religionis,
1642 4998 1811 5076 quod
1819 5000 1957 5077 jam
1984 5018 2020 5057 a
2046 4997 2388 5074 majoribus
2410 5000 2536 5057 suis
2562 4999 2808 5060 haberet
2834 5001 3317 5065 harediturium.
3349 5009 3461 5070 Νε.

259 5183 624 5250 (a)Serm.87,
650 5197 769 5253 pag.
795 5182 916 5245 620,
943 5191 997 5236 et
1023 5182 1110 5253 88,
1135 5196 1257 5251 pag.
1275 5181 1464 5253 624,3
1489 5182 1558 5253 96
1586 5197 1760 5250 seqq.,
1873 5178 1954 5253 fer
1982 5180 2164 5253 etiam.
2191 5190 2454 5253 qum‘aotc
2477 5182 2542 5253 all
2579 5182 2869 5253 Amedeum
2906 5184 2943 5253 ν
2968 5185 3254 5252 scripserat
3278 5193 3460 5244 Iunce.

492 5248 668 5322 seqq.,
702 5248 756 5307 et
783 5253 967 5307 homil.
1002 5251 1089 5318 45,
1124 5248 1244 5321 pag.
1273 5251 1404 5316 HO,
1437 5259 1492 5306 et
1520 5252 1608 5316 47,
1641 5248 1759 5320 pag.
1873 5248 1958 5356 Vl,
1985 5249 2427 5356 ἱιιξιιῃιῆιςπὲωιἲ
2443 5258 2496 5304 et
2518 5248 3203 5356 SamuellelmcGuichen-qnq
3232 5257 3462 5356 Ιίὶίδιυίνε

275 5323 288 5356 ἶ
338 5332 418 5356 οιη
1875 5337 1906 5356 n
1937 5323 2030 5356 ηὸιι
2136 5338 2161 5356 υ
2211 5337 2240 5356 n
2280 5338 2405 5356 rnun
2430 5339 2456 5356 ρ
2486 5324 2682 5356 mnienn
2768 5340 2792 5356 ιι
2870 5326 3011 5356 nunc")
3073 5341 3096 5356 .-
3119 5343 3202 5356 ιη..
3343 5347 3371 5356 ..
3394 5348 3441 5356 .,.

192 5318 306 5381 uti.
338 5332 439 5376 etc.
572 5318 588 5322 ’
610 5318 624 5322 ”
1124 5318 1140 5321 ’
1201 5318 1214 5320 ⁷
1641 5318 1657 5320 ’“
1719 5318 1728 5319 ί
1874 5320 2071 5441 geneal.
2100 5322 2161 5373 de
2189 5321 2240 5373 la
2280 5322 2456 5400 royale
2486 5324 2685 5374 maison
2730 5322 2792 5375 de
2824 5323 3039 5389 Savoie,
3069 5318 3221 5393 chap.
3257 5326 3306 5390 9,
3340 5347 3459 5400 pug.

257 5390 328 5470 (ὁ)
361 5391 554 5470 liomjl.
582 5397 668 5470 ξξιι,
692 5409 746 5461 p.
902 5401 1283 5470 mg.,etserm.
1306 5390 1591 5470 φὼς-640
1611 5404 1761 5458 seqq.
1913 5407 1964 5470 θη
1996 5398 2115 5470 (om:
2136 5390 2188 5470 _l,
2221 5392 2343 5470 edit.
2371 5390 2648 5470 (12121660.
2671 5462 2700 5470 __
2753 5462 2865 5470 _-___
2898 5461 2935 5470 ﬁ
2996 5462 3041 5470 __
3139 5463 3168 5470 η
3195 5465 3204 5470 _
3231 5463 3240 5470 _

280 5465 324 5528 ε)
357 5460 553 5516 Confer
590 5458 796 5517 litteras
824 5458 1038 5542 Marti-ni
1071 5461 1112 5514 V
1135 5461 1203 5514 ad
1243 5458 1524 5542 Sabaddim
1555 5460 1765 5518 ducem.
1900 5526 1907 5537 I
1948 5459 2020 5578 ge)
2059 5458 2184 5513 Vide
2226 5461 2433 5540 litteras
2460 5458 2702 5542 Gregorii
2753 5462 2866 5516 XIII
2898 5461 2956 5513 P.
2994 5462 3088 5525 M.,
3137 5463 3287 5526 ἱὺὶ‹1.,
3342 5480 3459 5532 pag~

306 5530 456 5578 1‘30-
494 5532 674 5578 Praua-
702 5532 765 5578 de
805 5530 983 5578 l'HIst.
1020 5533 1382 5578 aénéaloamue
1411 5532 1473 5578 de
1505 5532 1558 5578 la
1591 5529 1768 5578 rouale
1879 5525 1944 5578 5‘2
2006 5543 2178 5578 5600..
2209 5529 2308 5578 526
2338 5544 2450 5578 sea-
2484 5539 2536 5578 et
2569 5530 2689 5578 0:29-
2727 5541 2781 5578 et
2826 5534 3029 5578 litteras
3056 5532 3318 5578 Clamant-
3358 5535 3459 5578 VIII

196 5525 456 5608 meum,
491 5532 674 5608 P__reue.
702 5532 765 5584 de
805 5530 983 5608 illis}:
1019 5533 1382 5608 genealogique
1411 5532 1473 5584 de
1505 5532 1558 5584 la
1591 5529 1768 5608 roggte
1878 5525 2308 5608 .seqq,,_526
2338 5539 2536 5608 seq,__e_t
2569 5529 2690 5595 5:29,
2727 5541 2781 5586 et
2825 5534 3029 5586 litteras
3056 5525 3318 5586 Clement.
3342 5525 3462 5591 'VIVII

193 5597 381 5654 incisim
407 5602 470 5672 de
499 5601 701 5664 Savoie,
733 5595 1167 5672 pag.j74,'edit.
1203 5595 1466 5672 [ugdun.,
1490 5617 1579 5654 an.
1607 5595 1732 5653 I66€

1161 5641 1167 5653 .
1203 5595 1466 5672 [ugdun.,
1490 5617 1579 5654 an.
1607 5595 1762 5663 I660,
1877 5595 2240 5672 Palliujbidq
2272 5595 2522 5672 ρθεεξῧᾷ
2550 5615 2700 5672 seqq.

195 5681 241 5724 tt
272 5677 401 5738 tam.
432 5670 471 5733 l,
505 5685 625 5738 pag.
659 5667 781 5733 401,
803 5667 930 5734 ᾎ67,
961 5671 1082 5723 479.
1283 5667 1302 5672 ⁷
1454 5667 1458 5668 ί
1636 5737 1639 5738 ,

1943 5668 2032 5735 (l)
2062 5667 2287 5738 Gregor.
2332 5669 2465 5732 XIII,
2501 5670 2553 5724 in
2585 5667 2688 5725 litt.
2730 5687 2817 5726 an.
2855 5669 2991 5724 1572
3037 5670 3196 5735 datis,
3227 5684 3344 5737 qua:
3370 5685 3457 5726 exc

260 5735 335 5808 (ά)
367 5738 490 5793 Vide
509 5735 726 5794 litteras
753 5739 975 5808 Eugenii
996 5740 1084 5807 IV,
1119 5743 1270 5811 ibid.,
1303 5757 1426 5815 pag.
1461 5741 1581 5798 501.
1617 5737 1763 5796 Con-
1873 5744 2013 5792 stant
2038 5735 2191 5805 ibid.,
2215 5753 2334 5810 pag.
2371 5739 2490 5799 524.

547 5835 814 5896 Ριτιιοι.
867 5834 1054 5894 [ΝΠ.
2989 5830 3018 5890 1
