3898 6226
178 325 238 384 Π
1614 319 1717 372 PR.

1936 316 1994 375 Ο.
3403 312 3472 371 18

176 438 287 495 ﬁeri
316 446 521 495 tantum
546 439 605 494 in
634 437 855 508 epistola
877 435 1204 491 dedicatoria
1228 447 1438 490 summa
1467 448 1586 488 cum
1617 433 1774 487 laude
1804 433 2155 498 mentienem,
2173 436 2463 500 propterea
2487 427 2634 498 quod
2659 427 2955 484 Ecclesiam
2986 425 3263 480 illustrarit
3291 430 3461 485 sancti

177 528 381 584 Maximi
410 516 764 583 Taurinensis
791 525 1059 594 operibus.
1096 525 1222 579 inde
1250 528 1376 579 cum
1426 524 1690 578 editiones
1716 522 1994 586 Galesinii,
2027 521 2313 592 Theophili
2353 520 2636 593 Raynaudi
2656 561 2671 586 ,
2720 519 3005 585 Gallandii,
3037 532 3298 588 perquam
3336 516 3463 573 dili-

176 629 353 686 genter
376 620 723 681 lustrassem;
755 631 975 685 quaeque
1007 615 1224 669 Maximi
1248 614 1488 684 ejusdem
1520 623 1867 668 monumenta
1894 615 2095 681 ingenii
2142 613 2424 683 seiunctim
2454 628 2484 666 a
2515 612 2725 666 caeteris
2754 610 3038 665 ediderunt
3083 608 3460 675 Uombeﬁsius,
3506 622 3523 631 “

178 713 398 768 Joannes
425 712 789 774 Mabillonius,
816 710 1118 763 Ludovicus
1144 708 1409 763 Antonius
1430 707 1774 771 Muratorius,
1804 706 2118 761 Edmundus
2147 706 2445 760 Martenius
2474 704 2635 775 (quid
2683 711 2865 757 autem
2893 716 3083 757 omnes
3127 715 3463 755 commemo-
3542 724 3551 733 ί

176 804 378 875 rem?),
401 805 596 861 diurna
623 813 991 870 nocturnaque
1016 817 1179 855 manu
1207 816 1536 865 versassem;
1570 800 1634 853 ad
1664 798 1864 866 scripta
1884 799 2123 853 virorum
2155 798 2440 851 illustrium
2457 834 2471 859 ,
2502 795 2743 850 historiae
2774 794 3083 861 criticzeque
3107 792 3238 845 artis
3258 790 3462 860 perito-

176 908 288 948 rum
318 894 644 963 perlegenda
673 894 909 946 animum
930 890 1121 959 adjeci,
1142 891 1244 963 qui
1275 897 1423 945 certe
1444 890 1543 945 viri
1572 889 1638 943 de
1660 889 1935 958 opusculis
1964 888 2136 943 sancti
2166 888 2306 942 illius
2334 886 2578 957 praesulis
2601 901 2708 940 non
2731 892 2957 954 egerunt
2982 884 3175 949 solum,
3208 881 3304 937 sed
3332 880 3462 950 quid

174 986 327 1040 etiam
350 984 589 1053 iudicato
610 985 680 1039 sit
709 1000 843 1054 Opus
871 982 1284 1039 constituerunt.
1340 1010 1347 1017 ι

238 1075 323 1129 IV.
363 1076 421 1129 In
443 1078 636 1131 horum
666 1083 791 1130 sunt
820 1090 1044 1130 numero
1069 1082 1192 1144 post
1210 1072 1549 1137 Gennadium
1576 1081 1632 1127 et
1659 1071 1960 1128 Honorium
1987 1072 2547 1141 Augustodunensem,
2570 1071 2807 1127 Joannes
2833 1068 3181 1131 Trithemius,
3205 1066 3464 1121 Erasmus

176 1164 583 1230 Roterodamus,
614 1164 798 1219 Sixtus
824 1165 1099 1230 Senensis,
1119 1164 1349 1217 Latinus
1378 1162 1638 1227 Latinius,
1666 1162 1934 1216 Robertus
1955 1161 2243 1216 cardinalis
2272 1162 2648 1227 Bellarminus,
2671 1160 2851 1217 Ctesar
2870 1159 3157 1216 cardinalis
3175 1156 3461 1218 Baronius,

176 1252 443 1322 Philippus
465 1253 729 1317 Labbeus,
751 1254 1003 1308 monachi
1024 1252 1359 1308 Benedictini
1380 1252 1816 1319 congregationis
1836 1252 2020 1307 Sancti
2050 1251 2218 1305 Mauri
2232 1258 2545 1306 sanctorum
2557 1252 2828 1306 Ambrosii
2857 1257 2911 1306 et
2929 1250 3213 1315 Augustini
3234 1261 3460 1317 operum

175 1343 420 1411 editores,
440 1345 646 1398 Natalis
662 1344 982 1410 Alexander,
1000 1343 1236 1399 Joannes
1246 1343 1498 1398 Albertus
1513 1343 1807 1408 Fabricius,
1823 1343 2378 1409 GuillelmusCaveus,
2395 1344 2700 1399 Ludovicus
2715 1344 2858 1400 Elies
2870 1344 3146 1414 Dupinius,
3166 1341 3463 1397 Casimirus

173 1431 423 1500 Oudinus,
441 1435 532 1508 [xv
534 1432 559 1506 j
585 1434 935 1490 Sebastianus
964 1433 1355 1500 Tillemontius,
1388 1434 1682 1503 Remigius,
1707 1433 2006 1501 Ceillerius,
2027 1432 2223 1491 Petrus
2246 1454 2309 1492 ac
2338 1437 2694 1508 Hieronymus
2717 1436 2987 1490 Ballarinii
3019 1433 3463 1509 fratresraliique

174 1541 303 1595 quos
333 1542 401 1581 ne
429 1528 710 1582 nominare
730 1528 947 1596 quidem
976 1535 1166 1591 vacat;
1189 1542 1418 1597 quorum
1444 1536 1624 1581 tamen
1653 1526 1843 1582 studiis
1870 1528 2155 1597 plurimum
2181 1528 2494 1598 profecisse,
2514 1530 2688 1584 libens
2706 1537 2996 1598 gratusque
3015 1524 3295 1595 proﬁteor.
3322 1521 3456 1575 Nam

174 1614 357 1682 primo,
388 1632 485 1669 cur
505 1614 737 1669 Maximo
762 1616 944 1685 plures
963 1615 1211 1671 homilias
1230 1630 1616 1684 sermonesque
1636 1617 1871 1685 acceptis
1901 1617 2089 1672 referri
2146 1626 2396 1687 oportere
2424 1627 2738 1683 statuerem,
2771 1619 2896 1674 fecit
2915 1632 3120 1673 summa
3143 1614 3455 1671 earumdem

173 1703 404 1757 virorum
434 1706 487 1758 in
518 1705 619 1759 illis
641 1706 914 1775 opusculis
940 1705 1174 1760 Maximo
1203 1706 1305 1775 ipsi
1319 1705 1657 1761 ascribendis
1685 1710 1989 1763 consensio.
2006 1709 2272 1774 Secundo,
2291 1718 2348 1763 ut
2369 1719 2558 1766 sancto
2584 1700 2759 1767 eidem
2783 1710 3009 1765 antistiti
3024 1724 3189 1778 opera
3212 1706 3459 1776 qumdam

173 1807 309 1847 nunc
337 1793 551 1847 demum
578 1802 793 1864 reperta
818 1795 1166 1860 ascriberem,
1189 1795 1241 1848 hi
1273 1810 1360 1850 me
1382 1797 1483 1865 ipsi
1509 1807 1897 1866 permoverunt
1927 1800 2237 1868 scriptores,
2262 1802 2353 1869 qui
2382 1802 2485 1855 etsi
2515 1802 2601 1856 illa
2629 1818 2737 1857 non
2764 1801 3027 1865 viderant,
3059 1800 3202 1854 docti
3223 1806 3404 1854 tamen
3426 1814 3457 1851 a

172 1883 476 1952 majoribus,
510 1886 645 1939 satis
684 1886 959 1954 explicate
991 1884 1272 1940 tribuenda
1313 1900 1433 1940 esse
1470 1885 1701 1941 Maximo
1741 1887 2094 1947 tradiderunt.
2129 1888 2330 1953 Tertio,
2368 1890 2435 1944 ab
2471 1890 2661 1944 iisdem
2692 1906 2780 1945 me
2812 1889 3163 1959 scriptoribus
3202 1888 3455 1943 didicisse

170 1972 353 2040 fateor,
382 1990 544 2043 quam
566 1976 726 2029 fuerit
748 1975 1033 2042 singularis
1058 1976 1229 2031 sancti
1251 1975 1598 2030 Taurinensis
1614 1978 1851 2047 episcopi
1873 1976 2098 2031 facultas
2117 1977 2484 2032 habendarum
2512 1994 2577 2032 ex
2604 1988 2850 2049 tempore
2876 1978 3227 2042 conciouum;
3260 1992 3454 2045 quam-

171 2066 349 2120 obrem
379 2067 576 2121 mirum
607 2082 715 2121 non
763 2082 902 2131 esse,
934 2067 980 2120 si
1011 2074 1157 2120 tanta
1187 2074 1271 2121 est
1319 2082 1629 2121 sermonum
1658 2065 1918 2135 ejusmodi
1949 2067 2399 2137 homiliarumque
2430 2069 2509 2122 vis
2529 2076 2691 2137 atque
2719 2070 2895 2137 copia,
2928 2084 3046 2138 quae
3071 2066 3287 2121 Maximi
3316 2066 3459 2135 ejus-

168 2157 286 2212 dem
326 2158 591 2226 insiguitre
619 2159 727 2212 sint
755 2158 993 2212 nomine.
1026 2156 1251 2223 Quarto,
1288 2165 1461 2212 testor
1498 2157 1748 2226 denique,
1782 2173 1971 2211 eorum
2014 2172 2100 2210 me
2140 2158 2466 2226 scriptorum
2513 2157 2838 2226 adjumentis
2874 2159 3028 2227 plura
3068 2159 3239 2212 sancti
3284 2157 3456 2211 nostri

169 2250 404 2317 praesulis
442 2251 583 2311 loca.
617 2264 736 2318 qum
768 2249 906 2304 ﬁnde
944 2257 1068 2303 ante
1107 2240 1294 2303 vitiata
1331 2248 1563 2316 fuerant,
1595 2250 1917 2305 correxisse.
1957 2249 2074 2315 Quo
2107 2251 2158 2303 in
2188 2264 2387 2317 genere
2420 2248 2629 2303 Erasmi
2656 2249 3016 2319 potissimum,
3056 2246 3229 2300 Latini
3258 2246 3455 2299 Latiuii

170 2340 544 2403 Viterbiensis,
594 2342 981 2396 monachorum
1045 2339 1514 2395 Benedictinorum
1562 2341 1997 2409 congregationis
2038 2340 2221 2395 Sancti
2262 2340 2452 2405 Mau'ri,
2500 2341 2832 2410 fratrumque
2872 2340 3285 2393 Ballariniorum
3328 2336 3458 2391 mihi

167 2430 336 2484 studia
357 2424 705 2498 profuerunt.
739 2430 913 2498 Atque
941 2431 1168 2494 Erasmi,
1207 2445 1327 2499 qua:
1355 2430 1515 2485 fuerit
1547 2432 1602 2485 in
1632 2433 1904 2502 opusculis
1935 2432 2149 2487 Maximi
2181 2433 2591 2501 distinguendis,
2632 2441 2687 2488 et
2723 2433 2789 2487 ad
2819 2433 3215 2501 manuscriptos
3244 2430 3458 2485 codices

167 2521 435 2589 exigendis
472 2520 755 2585 industria,
791 2521 1015 2589 intelligi
1050 2537 1171 2576 eum
1195 2536 1264 2575 ex
1292 2521 1411 2575 aliis
1428 2537 1561 2577 sane
1587 2523 1787 2585 multis,
1822 2528 1932 2576 tum
1964 2539 2036 2598 ex.
2065 2522 2328 2579 Casimiro
2350 2522 2563 2579 Oudino
2585 2506 2783 2593 potest,
2815 2523 2904 2591 qui
2928 2519 2989 2576 in
3013 2522 3187 2576 altero
3215 2522 3278 2574 de
3307 2519 3458 2575 Scri-

166 2610 395 2679 ptoribus
418 2612 792 2665 ecclesiasticis
833 2617 979 2666 tomo
1009 2612 1154 2667 edito
1175 2611 1513 2666 Francofurti
1546 2628 1687 2667 anno
1719 2613 1857 2666 1722
1890 2615 1956 2668 de
1984 2614 2219 2670 editione
2250 2616 2482 2685 Operum
2511 2617 2683 2670 sancti
2710 2614 2979 2669 Ambrosii
3008 2610 3463 2667 Rotcrodamensi

164 2713 305 2753 anno
334 2699 491 2762 1527,
523 2708 700 2768 empta
730 2700 798 2754 ab
832 2698 1068 2771 Erasmo,
1083 2701 1201 2769 ipso
1230 2708 1393 2771 atque
1422 2702 1491 2756 ab
1516 2701 1744 2757 Custcro
1769 2702 2025 2772 perfecta,
2051 2706 2342 2770 disserens,
2374 2712 2573 2774 praeter
2600 2714 2795 2760 caetera
2829 2722 2840 2756 :
2882 2725 2899 2756 ί
2932 2701 3234 2767 Orationes,
3265 2701 3457 2769 inquit,

167 2788 416 2856 epistolas
446 2797 501 2842 et
530 2792 822 2843 conciones
851 2789 917 2842 ad
948 2790 1223 2859 populum,
1248 2791 1442 2845 breves
1470 2791 1865 2860 complectitur,
1897 2807 2030 2861 quas
2055 2794 2267 2847 ultimas
2296 2792 2553 2847 Erasmus
2585 2794 2715 2846 nihil
2746 2792 3025 2847 addubitat
3061 2806 3179 2845 esse
3207 2790 3457 2860 supposi-

167 2879 328 2945 titias,
348 2882 400 2935 in
436 2896 544 2950 qua
578 2882 708 2934 nihil
741 2882 856 2951 ipse
885 2874 1251 2937 Ambrosianze
1279 2898 1449 2948 venae,
1485 2883 1676 2950 inquit,
1709 2891 1766 2936 ut
1793 2884 1957 2937 etiam
1986 2885 2223 2939 Joannes
2251 2884 2508 2940 Custcrus
2538 2886 2590 2939 in
2623 2884 2857 2939 editione
2882 2898 3105 2953 operum
3132 2883 3301 2937 sancti
3330 2882 3456 2935 Am-

168 2968 346 3035 brosii,
378 2972 472 3040 qui
502 2986 695 3025 omnes
718 2972 936 3025 omnino
963 2980 1151 3027 sancto
1181 2971 1416 3026 Maximo
1438 2970 1756 3025 Taurinensi
1786 2972 2060 3042 episcopo,
2093 2982 2203 3027 tum
2234 2989 2299 3027 ex
2321 2990 2447 3027 mss.
2476 2974 2721 3028 codiculn
2754 2972 2879 3038 ﬁde,
2912 2980 3022 3025 tum
3063 2988 3129 3025 ex
3156 2971 3456 3040 impressis,

167 3061 421 3116 attribuit.
471 3082 489 3114 ι
528 3063 608 3116 De
639 3061 829 3117 Latino
850 3062 1063 3117 Latinio
1088 3065 1194 3118 hoc
1222 3064 1387 3118 breve
1415 3064 1608 3119 dicam.
1644 3064 1693 3118 Is
1719 3064 1965 3118 absoluta
1990 3064 2224 3134 Operum
2254 3064 2589 3130 Tertulliani,
2634 3067 2688 3120 in
2729 3066 2925 3134 q‘uibus
2962 3065 3293 3132 colligendis,
3336 3065 3457 3119 illu-

166 3152 499 3221 strandisqne
528 3152 857 3218 diuturnam,
892 3169 1122 3223 eamque
1146 3153 1457 3222 diligentem
1486 3170 1709 3224 operam
1739 3154 2048 3221 collocarat,
2078 3156 2345 3221 editione;
2370 3172 2489 3211 cum
2518 3157 2778 3224 Gregorio
2807 3155 2922 3209 Xlll
2951 3154 3193 3225 pontiﬁci
3218 3157 3456 3218 maximo

167 3242 656 3314 obtemperaturus,
682 3258 802 3297 sese
830 3242 897 3296 ad
922 3243 1292 3305 tractationes,
1337 3252 1498 3311 atque
1538 3244 1796 3313 epistolas
1836 3245 2008 3299 sancti
2033 3245 2289 3315 cypriatii
2317 3254 2584 3310 accurate,
2618 3261 2680 3299 ac
2710 3239 2921 3309 ordine,
2946 3243 3083 3312 juris
3122 3259 3335 3299 rursum
3379 3243 3457 3298 fa-

166 3334 374 3389 ciendas
401 3336 631 3404 publici,
671 3334 1431 3403 convertisset;magnasque
1473 3334 1596 3389 inde
1638 3344 1825 3390 nactus
1864 3343 2006 3390 esset
2048 3338 2481 3405 opportunitates
2523 3336 2894 3405 legendorum,
2941 3333 3457 3391 considerandorum

167 3428 716 3497 exponendorumque
739 3442 927 3482 eorum
948 3442 1066 3494 quae
1088 3426 1177 3480 alii
1200 3441 1308 3480 non
1330 3428 1487 3495 pauci
1515 3426 1703 3481 Patres
1724 3428 2024 3482 litterarum
2056 3430 2373 3483 mandarant
2400 3431 2783 3492 monumentis,
2807 3429 2975 3483 multa
3006 3428 3074 3482 ab
3098 3444 3157 3482 se
3180 3430 3231 3481 in
3264 3428 3453 3481 iisdem

167 3515 532 3571 animadversa
582 3516 635 3568 in
675 3515 1105 3571 Commentarios
1141 3516 1344 3579 retulit,
1386 3516 1477 3584 qui
1516 3531 1657 3570 anno
1688 3517 1906 3571 tandem
1946 3518 2081 3571 1676
2111 3519 2250 3589 typis
2283 3519 2483 3587 vulgati
2511 3519 2727 3574 fuerunt
2763 3518 2870 3574 hoc
2898 3521 3055 3574 titulo
3089 3538 3102 3573 ε
3136 3519 3456 3573 Bibliotheca

168 3625 310 3663 sacra
335 3621 382 3665 et
402 3615 657 3683 profana.
684 3609 795 3665 Hac
817 3611 870 3664 in
902 3610 1232 3667 Bibliotheca
1259 3625 1380 3665 cum
1402 3610 1651 3664 homilias
1672 3610 1950 3679 quasdam,
1979 3626 2096 3680 quae
2126 3620 2219 3665 aut
2240 3612 2409 3666 titulis
2433 3620 2699 3678 carerent,
2732 3621 2824 3667 aut
2854 3613 3233 3683 pseudonymae
3254 3618 3455 3675 essent,

167 3701 391 3759 restituit
418 3705 694 3768 Maximo;
728 3710 840 3757 tUm
864 3720 956 3759 eas
977 3704 1139 3758 variis
1159 3703 1214 3758 in
1235 3704 1369 3767 locis
1388 3705 1796 3758 amauuensium
1826 3706 1956 3759 vitio
1980 3714 2260 3774 corruptas
2282 3706 2586 3760 emendavit
2608 3714 2731 3774 a'pte
2753 3706 2819 3760 ad
2845 3705 3000 3760 ﬁdem
3022 3705 3456 3775 praestantiorum
3542 3724 3545 3725 '

168 3797 401 3852 codicum
430 3798 956 3866 manuscriptoium;
983 3798 1285 3867 effecitque,
1319 3806 1377 3852 ut
1404 3799 1623 3867 prodire
1673 3801 1725 3853 in
1759 3800 2040 3854 hominum
2088 3801 2282 3865 lucem,
2313 3801 2616 3868 genuinum
2638 3800 2870 3855 nitorem
2903 3805 3181 3862 assecuta},
3207 3805 3454 3865 possent.

172 3885 294 3941 Post
313 3889 567 3943 monachi
603 3885 933 3941 Benedictini
964 3876 1397 3955 congregationis
1424 3889 1607 3943 Sancti
1637 3888 1805 3942 Mauri
1837 3889 1890 3943 in
1921 3891 2305 3960 appendicibus
2329 3891 2394 3944 ad
2428 3905 2594 3960 opera
2624 3890 2797 3944 sancti
2829 3889 3114 3954 Ambrosii,
3147 3886 3279 3961 [xvi]
3308 3896 3361 3942 et
3390 3888 3455 3944 ad

168 3980 406 4037 Volumen
435 3982 479 4036 V
509 3982 755 4053 Operum
783 3984 954 4036 sancti
988 3983 1289 4050 Augustini,
1323 3982 1581 4051 quidquid
1610 3984 1907 4037 attulerunt
1934 3984 2277 4037 homiliarum
2307 3991 2469 4052 atque
2506 3997 2817 4037 sermonum
2859 3980 3095 4046 Maxuni,
3129 3996 3237 4034 non
3268 3982 3455 4044 modo,

166 4090 319 4142 quam
346 4083 671 4146 potuerunt,
704 4076 1115 4144 castigatissime
1144 4077 1329 4131 formis
1358 4077 1550 4133 excudi
1580 4085 1852 4139 curarunt,
1887 4077 1980 4130 sed
2011 4077 2271 4146 appositis
2294 4078 2457 4131 etiam
2487 4077 2669 4140 variis,
2694 4090 2828 4143 quas
2851 4075 2903 4128 in
2930 4076 3153 4129 vetustis
3180 4075 3454 4130 codicibus

165 4162 651 4232 deprelienderant,
697 4166 1034 4231 lectionibus,
1084 4166 1453 4231 ostenderunt,
1485 4181 1603 4234 qua:
1633 4174 1833 4228 essent,
1879 4165 2115 4233 ipsorum
2163 4164 2381 4233 quidem
2417 4164 2638 4233 judicio,
2667 4163 2923 4233 potiores.
2958 4162 3074 4229 Qua
3108 4163 3159 4217 in
3187 4179 3247 4218 re
3270 4163 3452 4226 video,

166 4250 569 4310 Ballariniorum
597 4256 650 4308 iu
679 4246 974 4325 appendice
998 4255 1065 4308 ad
1085 4270 1364 4309 sermones
1392 4256 1561 4309 sancti
1588 4254 1785 4309 Leonis
1815 4255 2147 4323 diligentiam
2180 4255 2341 4309 fuisse
2363 4270 2569 4323 parem.

230 4341 293 4396 ν.
322 4346 517 4400 Verum
546 4348 767 4400 tametsi
792 4346 1141 4414 scriptoribus
1168 4361 1304 4414 quos
1332 4362 1492 4414 supra
1524 4348 1792 4400 nominavi
1819 4347 2125 4415 plurimum,
2150 4348 2225 4400 uti
2257 4362 2343 4400 me
2365 4347 2561 4412 dixisse
2592 4348 2831 4412 memini,
2861 4347 3105 4413 debeam,
3130 4363 3238 4401 non
3272 4356 3451 4402 tamen

162 4427 291 4487 adeo
328 4434 394 4490 iis
421 4450 543 4489 esse
574 4433 711 4486 mihi
752 4433 1103 4487 insistendum
1145 4436 1347 4502 putavi,
1381 4436 1510 4503 quin
1556 4435 1671 4503 ipse
1706 4450 1921 4502 quoque
1962 4435 2176 4489 codices
2205 4451 2369 4488 manu
2400 4444 2653 4488 exaratos
2695 4436 3090 4504 conquirerem,
3128 4437 3453 4502 invenirem,

165 4524 406 4594 legerem,
431 4531 696 4599 ipsosque
726 4528 866 4581 inter
886 4544 945 4583 se
970 4526 1301 4592 conferrem;
1326 4528 1412 4581 vel
1438 4528 1481 4581 si
1509 4534 1782 4581 exstarent
1806 4529 1856 4580 in
1881 4529 2091 4581 urbium
2119 4528 2477 4591 bibliothecis,
2494 4543 2611 4595 qun:
2635 4528 2759 4581 hinc
2782 4536 2961 4583 essent
2985 4528 3188 4594 magnis
3206 4529 3447 4582 locorqu

164 4618 446 4673 interVallis
474 4620 785 4687 disjunctae,
811 4633 840 4670 a
870 4618 1018 4682 viris,
1042 4632 1272 4684 quorum
1302 4617 1354 4670 in
1378 4617 1522 4670 hisce
1544 4617 1734 4670 studiis
1763 4616 2089 4669 existimatio
2112 4616 2335 4681 insignis
2363 4622 2525 4677 esset,
2552 4616 3014 4683 pervolvcrentur,
3045 4624 3205 4683 atque
3229 4616 3295 4669 ad
3328 4632 3447 4683 nos,

165 4707 204 4760 si
232 4708 352 4775 quid
380 4708 431 4762 in
463 4708 749 4763 codicibus
780 4705 965 4759 iisdem
987 4714 1131 4761 esset
1154 4706 1545 4774 deprehensum
1568 4707 1633 4759 ab
1659 4706 1886 4772 vulgatis
1916 4705 2240 4758 editionibus
2270 4705 2601 4774 discrepans,
2636 4706 2947 4761 referretur.
2981 4705 3236 4761 Codicum
3270 4717 3452 4763 autem

164 4798 411 4867 ejusmodi
451 4801 763 4871 prtecipuos
801 4814 918 4853 esse
947 4799 1178 4866 cognovi
1206 4799 1426 4853 omnino
1468 4808 1595 4852 tres.
1626 4798 1829 4852 Horum
1861 4806 1943 4851 est
1972 4798 2119 4866 prior
2148 4798 2463 4851 monasterii
2493 4796 2677 4851 Sancti
2707 4796 2843 4851 Galli
2874 4798 3012 4867 apud
3040 4797 3340 4865 Helvetios;
3385 4801 3452 4855 de

166 4903 264 4957 quo
289 4893 502 4959 quidem
533 4891 729 4948 codice
757 4890 870 4944 limc
900 4888 965 4941 ad
996 4906 1095 4943 nos
1126 4888 1186 4941 P.
1218 4888 1280 4941 D.
1312 4888 1531 4956 Magnus
1554 4876 2029 4957 Hungenblykerus
2048 4885 2420 4939 San-Gallensi
2441 4886 2777 4941 bibliothecae
2806 4886 3106 4954 praefectus,
3142 4890 3443 4944 monachus

162 4981 410 5050 imprimis
432 4982 706 5043 eruditus,
741 4981 895 5034 nonis
921 4979 1188 5033 Januariis
1216 4994 1358 5033 anno
1400 4978 1536 5031 1779
1557 4980 1799 5041 comiter,
1834 4978 1910 5031 uti
1941 4979 2099 5039 solet,
2134 4978 2365 5046 scripsit,
2402 4978 2650 5031 assentiri
2684 4993 2753 5031 se
2771 4977 2965 5031 Ioanni
3002 4978 3312 5041 Mabillonio
3346 4982 3445 5035 im-

163 5075 363 5128 mortali
386 5074 655 5130 memoria
677 5074 814 5138 viro,
840 5081 895 5129 et
916 5073 1143 5128 Martino
1159 5071 1637 5137 Gerberto,abbati
1653 5072 1963 5128 doctissimo
1990 5073 2173 5126 Sancti
2204 5072 2384 5137 Blasii,
2419 5073 2701 5139 eidemque
2724 5074 2972 5143 principi,
3004 5073 3242 5127 codicem
3273 5076 3448 5145 ipsum

162 5162 629 5221 membranaceum
658 5163 865 5219 in-folio
887 5164 1079 5219 litteris
1107 5164 1528 5231 Longobardicis
1557 5174 1836 5218 exaratum
1865 5181 1971 5218 non
2008 5180 2124 5218 esse
2153 5173 2346 5218 octavo
2372 5166 2567 5219 stncul'o
2598 5166 2956 5219 recentiorem
2989 5166 3287 5232 aientilms;
3321 5184 3445 5223 eum

164 5256 339 5312 codice
367 5259 502 5313 falso
532 5258 713 5312 sancti
768 5258 1050 5325 Augustini
1103 5257 1357 5327 prteferre
1386 5272 1612 5320 nomen;
1646 5257 1777 5309 nihil
1824 5272 1965 5310 emm
2002 5272 2066 5309 eo
2106 5256 2371 5309 contineri
2420 5256 2763 5310 homiliarum
2802 5266 2893 5309 aut
2941 5273 3273 5320 sermonum,
3305 5261 3447 5327 quod

167 5356 431 5417 acceptum
470 5348 783 5418 Augustino
811 5348 879 5401 sit
910 5347 1281 5411 referendum;
1314 5356 1564 5401 constare
1596 5346 1645 5399 id
1686 5346 1890 5399 scilicet
1920 5362 1983 5398 ex
2016 5347 2185 5398 altero
2216 5345 2455 5411 ejusdem
2488 5348 2829 5402 bibliothecze
2868 5349 2995 5401 noni
3043 5351 3222 5403 sreculi
3262 5351 3449 5407 codice

166 5433 578 5501 Longobardicis
607 5438 742 5492 item
771 5435 1175 5503 characteribus
1212 5435 1414 5505 scripto
1444 5436 1529 5489 cui
1558 5436 1670 5488 hazc
1704 5443 1787 5489 est
1821 5434 2034 5504 prmﬁxa
2067 5435 2357 5503 epigraphe
2389 5454 2399 5487 :
2446 5436 2801 5489 Homiliarum
2836 5438 3057 5490 Maximi
3100 5442 3331 5509 episc0pi
3356 5458 3450 5510 per

165 5533 315 5581 totum
342 5545 543 5583 annum
572 5530 639 5581 de
668 5528 889 5582 diversis
920 5526 1287 5597 festitétatibus
1310 5525 1547 5579 volumen
1575 5526 1723 5578 valde
1753 5534 1915 5578 vetus.
1952 5527 2079 5580 Nam
2110 5543 2227 5581 cum
2262 5528 2459 5581 emdem
2484 5543 2705 5596 prorsus
2736 5528 2967 5601 homiliue
3002 5528 3055 5580 in
3086 5530 3189 5583 hoc
3210 5538 3371 5595 atque
3394 5531 3449 5582 in

163 5621 444 5675 vetustiore
475 5621 571 5675 illo
596 5619 788 5676 codice
818 5618 1217 5676 contineantur.
1254 5632 1448 5685 magno
1480 5616 1529 5669 id
1558 5626 1703 5670 certe
1739 5629 2053 5684 argumento
2092 5635 2209 5673 esse
2233 5634 2504 5687 oportere,
2538 5634 2747 5673 errasse
2771 5620 3119 5672 vehementer
3146 5620 3441 5684 librarium,

166 5708 250 5774 qui
277 5710 658 5778 opusculorum
690 5708 909 5771 Maximi
942 5706 1291 5775 Augustinum
1314 5706 1650 5761 constituerit
1682 5717 1972 5761 auctorem.
2001 5710 2053 5763 In
2077 5728 2139 5768 eo
2174 5726 2335 5784 porro
2358 5711 2613 5765 dissidere
2647 5725 2671 5762 ξι
2705 5710 3015 5763 Mabillonio
3047 5725 3125 5773 se,
3158 5709 3297 5777 quod
3331 5706 3445 5770 ipse
