3898 6226
410 334 475 392 to
1205 324 1230 337 ί
1859 339 2238 398 primum.
3616 352 3689 406 eo

408 449 651 504 laomilias
679 447 891 502 Maximi
916 465 1022 504 non
1057 450 1176 518 plus
1205 451 1493 519 nonaginta
1520 451 1573 505 in
1603 459 1833 520 utroque
1865 454 1957 508 illo
1981 456 2166 512 codice
2207 465 2470 522 numeret,
2503 457 2843 516 Mabillonius
2873 476 3002 515 vero
3033 467 3241 530 septem
3271 475 3332 516 ac
3366 470 3688 530 nonagmta.

408 541 509 595 Sed
549 557 645 595 cur
673 541 744 594 ita
774 540 1113 595 Mabillonius
1142 542 1430 608 censuerit,
1461 543 1602 598 hanc
1638 559 1800 596 unam
1833 544 2000 599 fuisse
2041 562 2280 613 causam,
2313 548 2459 617 quod
2489 549 2556 603 de
2592 551 2942 604 sacramentis
2971 550 3138 604 libros
3166 558 3392 619 septem,
3424 552 3516 618 qui
3555 551 3692 606 Am-

407 640 608 704 brosio,
638 642 830 708 minus,
865 650 924 696 ut
948 642 1199 705 arbitror,
1232 649 1397 706 recte,
1435 641 1631 696 ascribi
1676 641 1934 703 solerent,
1969 643 2191 698 totidem
2215 659 2334 698 esse
2363 643 2579 698 Maximi
2606 645 2854 699 homilias
2881 643 3220 706 existimarit,
3255 658 3361 710 qua
3391 642 3459 696 de
3495 657 3553 696 re
3582 644 3694 697 alio

407 731 657 800 equidem
688 734 808 788 loco
839 741 1144 803 opportune
1179 733 1382 787 videro.

477 823 564 878 Vl.
601 825 753 880 Alter
781 833 864 879 est
891 824 1306 893 pnecipuorum,
1329 838 1465 891 quos
1486 822 1617 885 dixi,
1650 823 1820 877 codex
1850 822 2208 878 Nonantulani
2235 826 2361 879 olim
2384 824 2694 879 monasterii
2727 825 2778 876 in
2807 836 2935 890 agro
2970 821 3275 883 Mutinensi,
3317 836 3461 876 nunc
3492 821 3693 875 Boma—

408 933 490 972 na:
515 917 854 973 bibliothecae
877 916 1314 971 Cisterciensium
1343 916 1731 971 monachorum
1771 915 1983 971 Sancta:
2014 917 2201 972 Crucis
2235 919 2285 971 in
2314 917 2631 971 Jerusalem.
2659 915 2725 969 Et
2753 917 2798 970 is
2823 915 2994 970 codex
3026 914 3467 968 membranaceus
3506 913 3690 968 in-l‘ol.

409 1018 628 1067 notatus
681 1029 834 1068 num.
889 1014 996 1082 90,
1048 1024 1107 1071 ut
1162 1015 1310 1071 frons
1365 1017 1602 1070 exterior
1647 1017 1939 1070 voluminis
1982 1018 2231 1081 exhibet,
2264 1031 2566 1085 quanquam
2606 1016 2750 1068 intus
2788 1027 2912 1083 pag.
2967 1011 2991 1064 1
3025 1026 3134 1080 prae
3174 1026 3232 1064 se
3273 1025 3555 1064 numerum
3591 1008 3696 1062 154

410 1102 571 1169 ferat;
627 1108 940 1176 ceterisque
989 1108 1107 1176 ejus
1165 1108 1505 1163 bibliotheca:
1552 1107 1832 1162 codicibus
1887 1119 1946 1160 ut
1997 1108 2340 1175 antiquitate,
2405 1107 2475 1160 ita
2534 1102 2706 1177 [xvii]
2763 1103 3096 1159 accuratiore
3154 1102 3431 1169 scriptura:
3483 1100 3696 1156 ratione

410 1193 823 1265 integritateque
876 1200 1166 1268 praecellit,
1223 1207 1539 1269 spectatque
1597 1199 1665 1253 ad
1730 1216 1803 1253 vn
1857 1201 1941 1254 vel
2001 1214 2264 1253 summum
2325 1197 2392 1252 ad
2444 1214 2535 1252 vm
2585 1197 2839 1252 Ecclesia:
2889 1195 3164 1251 saeculum.
3225 1193 3424 1249 Ductus
3489 1195 3699 1248 littera-

410 1303 529 1342 rum
580 1289 633 1342 in
671 1305 739 1344 eo
766 1291 1044 1347 Romanus
1079 1302 1181 1355 est,
1225 1295 1422 1359 aetatis,
1467 1302 1527 1349 ut
1583 1294 1752 1358 aiunt,
1807 1295 2056 1349 secundae
2100 1293 2373 1362 paululum
2417 1305 2643 1358 vergens
2698 1288 2763 1342 ad
2811 1286 3295 1354 Longubardicum.
3346 1286 3391 1338 A
3431 1299 3553 1354 pag.
3593 1283 3700 1336 129

411 1383 478 1438 ad
516 1383 618 1437 169
671 1387 950 1455 sexaginta
985 1391 1180 1458 partim
1236 1390 1504 1455 homilias,
1536 1393 1732 1462 partim
1784 1405 2062 1447 sermones
2111 1390 2503 1459 complectitur,
2555 1386 2621 1441 de
2673 1385 2868 1454 quibus
2916 1380 3369 1438 eminentissimus
3408 1376 3699 1432 cardinalis

411 1473 659 1530 Besutius
705 1479 760 1532 in
814 1479 990 1534 indice
1039 1481 1379 1536 bibliothecae
1428 1482 1642 1538 Sancta:
1683 1483 1870 1538 Crucis
1920 1483 1998 1537 sic
2037 1483 2222 1536 statuit
2255 1500 2267 1532 :
2313 1481 2589 1533 Auctorem
2629 1478 2838 1532 eosdem
2877 1474 3062 1528 habere
3102 1479 3336 1525 sanctum
3371 1466 3696 1528 Maximum,

413 1570 538 1624 mihi
576 1580 770 1625 certum
823 1583 918 1627 est.
979 1575 1134 1631 Hunc
1180 1591 1281 1645 ego
1329 1579 1570 1633 codicem
1620 1593 1740 1632 cum
1789 1594 1818 1631 a
1866 1576 2170 1631 Mabillonio
2216 1573 2639 1641 Blanchinioque
2687 1570 2949 1626 celebrari
3004 1568 3262 1628 viderem,
3316 1577 3576 1633 perquam
3614 1560 3699 1614 di-

415 1659 640 1727 ligenter
680 1662 823 1730 legi,
874 1663 1108 1734 indeque
1166 1666 1448 1737 (adjutore
1508 1683 1635 1721 usus
1680 1666 2042 1720 eruditissimo
2084 1664 2576 1732 humanissimoque
2621 1660 2678 1714 P.
2725 1660 2788 1714 D.
2839 1659 3109 1729 Cypriano
3157 1655 3454 1709 Travacato
3504 1652 3700 1718 lingua:

414 1745 610 1801 Graeca:
637 1750 690 1802 in
719 1749 931 1805 Sancta:
974 1751 1163 1808 Crucis
1187 1755 1440 1810 cmuobio
1487 1755 1810 1825 professors,
1843 1756 2140 1823 eodemque
2185 1755 2522 1809 bibliothecae
2563 1751 2857 1806 doctissimi
2901 1748 2959 1801 Ρ.
3006 1747 3228 1801 Abbatis
3258 1743 3484 1798 Rancati
3517 1741 3700 1796 studio

415 1843 577 1904 atque
605 1853 770 1907 opera
801 1841 1108 1897 constituta:
1136 1845 1414 1915 pra-recto)
1464 1847 1666 1902 contuli
1706 1862 1826 1900 cum
1857 1847 2027 1899 altero
2069 1844 2305 1913 ejusdem
2358 1843 2698 1898 bibliotheca:
2741 1843 2866 1895 item
2909 1838 3322 1893 membranaceo
3366 1835 3653 1900 in-quarto
3682 1867 3696 1891 ,

416 1927 647 1995 eleganti
678 1929 925 1987 Romano
953 1935 1189 1990 rotundo
1218 1937 1532 1991 charactere
1562 1938 1860 2006 perscripto
1888 1937 2089 2000 codice,
2114 1937 2203 2004 qui
2231 1951 2453 1989 numero
2483 1941 2565 1988 est
2591 1933 2679 1997 94,
2704 1932 2804 1986 etsi
2834 1933 2975 1985 intus
3002 1945 3148 1984 num.
3173 1935 3324 1995 gerat
3351 1924 3439 1988 67,
3472 1924 3696 1992 quique.

419 2025 554 2071 teste
583 2021 844 2075 cardinali
885 2023 1136 2100 Besutio,
1170 2027 1236 2080 ad
1284 2030 1536 2083 saeculum
1579 2029 1828 2084 Ecclesiae
1865 2047 1936 2083 xu
1977 2031 2226 2098 pertinet.
2259 2030 2432 2098 Atque
2461 2029 2508 2082 is
2551 2027 2817 2082 secundus
2845 2024 3117 2079 recentior
3162 2020 3378 2089 quidem
3408 2025 3554 2072 certe
3577 2056 3591 2080 ,
3645 2023 3701 2066 at

417 2106 629 2175 plurimi
660 2117 840 2166 tamen
884 2116 1198 2183 pendendus
1227 2117 1419 2182 codex,
1451 2120 1710 2188 principio
1741 2121 2059 2174 exorcismos
2106 2137 2258 2189 super
2298 2134 2671 2190 energumenos
2715 2116 2982 2179 continet;
3016 2112 3209 2167 deinde
3236 2110 3491 2181 epistolas
3519 2106 3702 2177 ponti-

418 2194 533 2252 ﬁcis
557 2202 779 2255 maximi
825 2202 913 2268 A.,
945 2205 1215 2269 videlicet,
1263 2215 1323 2261 ut
1351 2222 1451 2275 ego
1480 2209 1730 2274 arbitror,
1762 2208 2049 2264 Alexandri
2095 2209 2180 2274 lll,
2211 2210 2362 2271 duas,
2397 2223 2622 2276 quarum
2662 2215 2745 2260 est
2773 2207 2921 2274 prior
2950 2204 3015 2257 ad
3045 2202 3340 2257 monachos
3368 2197 3550 2252 Sancti
3593 2194 3703 2248 Be-

418 2287 616 2342 nedicti
659 2289 1112 2360 Padilironenses,
1147 2294 1315 2349 altera
1359 2296 1424 2350 ad
1453 2297 1515 2349 A.
1547 2298 1840 2351 antistitem
1872 2297 2172 2366 Rheginum
2199 2297 2341 2361 data,
2377 2305 2602 2364 utraque
2632 2303 2811 2348 autem
2841 2293 3041 2361 scripta
3071 2290 3170 2346 fuit
3198 2303 3359 2344 causa
3386 2283 3704 2340 dirimenda:

421 2389 561 2449 litis,
598 2403 718 2456 qua:
760 2391 824 2444 de
859 2401 1001 2444 curte
1042 2394 1214 2446 sancti
1242 2391 1461 2447 Cwsarii
1491 2394 1628 2448 inter
1655 2395 1948 2449 monachos
1975 2394 2192 2449 eosdem
2233 2393 2698 2455 Padilironenses,
2734 2399 2788 2444 et
2829 2388 3236 2443 Nonantulanos
3270 2392 3457 2438 exorta
3487 2382 3704 2446 fuerat;

421 2486 697 2546 postremo
727 2495 756 2532 a
785 2494 905 2550 pag.
941 2479 974 2533 5
1001 2482 1067 2535 ad
1103 2482 1206 2535 165
1235 2483 1482 2538 liomilias
1509 2500 1853 2540 scrmonesve
1892 2486 2060 2539 sancti
2092 2485 2307 2538 Maximi
2337 2483 2423 2537 96.
2456 2483 2514 2537 In
2549 2485 2740 2537 horum
2763 2489 2886 2535 sunt
2909 2494 3132 2533 numero
3161 2490 3438 2532 sermones
3466 2473 3703 2542 quadra-

420 2571 570 2637 ginta
598 2577 654 2624 et
674 2579 818 2636 octo,
846 2571 898 2625 in
929 2573 1122 2640 quibus
1142 2573 1230 2626 vix
1251 2574 1537 2642 quidquam
1566 2575 1984 2643 deprehenditur
2009 2577 2075 2629 ab
2096 2576 2180 2638 iis,
2203 2591 2340 2644 quos
2369 2573 2436 2625 90
2465 2571 2636 2627 codex
2663 2569 2900 2631 exhibet,
2933 2568 3262 2635 discrepans.
3287 2564 3404 2618 1am
3424 2579 3555 2617 vero
3577 2577 3705 2615 cum

423 2660 477 2712 in
509 2667 740 2728 utroque
767 2661 951 2716 codice
980 2663 1139 2717 iidem
1170 2679 1474 2718 sermonum
1503 2665 1640 2719 tituli
1670 2667 1775 2719 sint
1803 2667 2095 2733 eademque
2125 2666 2294 2729 initia,
2319 2663 2672 2718 dubitandum
2704 2677 2809 2715 non
2840 2669 2939 2724 est,
2973 2659 3101 2728 quin
3129 2665 3379 2727 oporteat
3407 2655 3704 2709 Maximum

423 2764 613 2804 corum
639 2751 826 2806 haberi
850 2760 1146 2807 auctorem.
1177 2754 1299 2808 Fuit
1326 2755 1440 2811 ιιωο
1469 2757 1596 2810 item
1618 2757 1904 2812 cardinalis
1932 2757 2152 2822 Besutii,
2178 2759 2254 2811 rei
2277 2757 2591 2826 antiquaria:
2615 2756 2754 2810 bene
2784 2754 2942 2823 periti
2972 2753 3268 2816 sententia;
3293 2765 3453 2819 quam
3481 2749 3705 2817 quidem

423 2843 751 2896 sententiam
781 2843 939 2911 plane
968 2844 1286 2897 conﬁrmant
1330 2859 1450 2913 qua:
1488 2845 1540 2899 in
1583 2845 1820 2900 secundo
1849 2847 2033 2901 codice
2074 2856 2197 2901 ante
2227 2847 2477 2901 homilias
2505 2859 2887 2912 sermonesque
2916 2844 3180 2912 leguntur.
3213 2841 3345 2894 Nam
3374 2840 3555 2908 priore
3577 2837 3708 2892 loco

428 2929 541 2984 haec
569 2937 693 2985 sunt
721 2931 774 2983 in
816 2930 1088 3000 proposita
1117 2932 1353 2986 carmina
1398 2955 1402 2958 -

1165 3093 1292 3157 Ecce
1317 3094 1442 3144 liber
1469 3094 1665 3157 plenus,
1687 3105 1735 3145 ct
1753 3109 1939 3145 summo
1964 3103 2160 3146 nectare
2179 3097 2322 3145 laetus

1166 3155 1361 3204 Maximi
1385 3155 1546 3215 dictis,
1577 3155 1678 3204 nam
1700 3157 1877 3206 fertilis
1899 3159 2072 3206 emicat
2096 3158 2204 3206 illis.

1162 3215 1255 3266 Hic
1272 3217 1485 3276 prudens
1501 3217 1673 3272 lector,
1699 3232 1881 3266 morum
1905 3221 2084 3267 virtute
2107 3226 2335 3278 repertor

1167 3278 1387 3328 Nutritur
1405 3281 1512 3338 cibo
1532 3291 1792 3338 puerorum
1814 3279 1940 3326 lacte
1961 3279 2163 3335 referto,

1164 3338 1327 3402 gtque
1346 3340 1455 3402 cibo
1477 3337 1882 3402 lirim,_perl'ectis
1904 3342 2074 3402 utique
2098 3340 2278 3400 digno:

1168 3399 1219 3447 Si
1244 3399 1351 3449 rice
1374 3401 1435 3447 sit
1459 3402 1607 3459 prima
1634 3399 1766 3448 fortis
1784 3399 2007 3449 tractatio
2029 3402 2126 3448 visa
2145 3438 2157 3459 ,

1163 3459 1270 3522 ῌου
1295 3468 1456 3509 tamen
1479 3463 1648 3519 evitet,
1674 3463 1713 3507 si
1739 3461 1902 3521 lapsus
1920 3461 2144 3522 palpebra
2165 3461 2306 3521 vitet,

1169 3520 1398 3581 Denique
1422 3524 1464 3571 si
1485 3523 1664 3581 studet,
1687 3525 1725 3569 si
1752 3520 1890 3570 mens
1910 3520 2156 3570 non'ebria
2189 3530 2345 3577 nutet.

1164 3580 1370 3631 Hauriet
1395 3583 1502 3630 hinc
1523 3580 1692 3644 magna
1718 3583 1879 3631 multis
1899 3584 2157 3632 virtutibus
2181 3595 2306 3643 apta.

429 3700 725 3756 llarbaricis
755 3701 901 3756 hisce
931 3704 1259 3759 carminibus
1301 3704 1511 3758 additur
1533 3721 1654 3759 mox
1688 3706 1950 3775 praefatio,
1991 3708 2077 3762 cui
2115 3707 2353 3763 succedit
2384 3708 2565 3762 titulus
2598 3728 2609 3760 :
2646 3708 2909 3779 Incipiunt
2958 3723 3224 3762 sermones
3269 3708 3437 3760 sancti
3478 3705 3704 3758 Maximi

429 3791 764 3850 Taurinensis
801 3796 1049 3866 episcopi.

494 3883 605 3939 Vll.
639 3886 744 3941 Sed
774 3888 1028 3957 quoniam
1051 3889 1118 3944 de
1146 3889 1420 3944 codicibus
1447 3889 1785 3945 bibliotheca:
1814 3891 2024 3946 Sanctae
2045 3891 2230 3947 Crucis
2250 3892 2428 3947 dicere
2453 3893 2732 3962 cmpimus,
2768 3909 2873 3946 non
2905 3892 3135 3945 alienum
3165 3890 3376 3943 videtur
3405 3901 3543 3950 esse,
3579 3887 3705 3941 bre-

424 3975 562 4030 viter
587 3974 654 4030 de
677 3977 1006 4033 lectionariis
1028 3978 1238 4033 duobus
1267 3980 1416 4034 libris
1436 3980 1525 4048 qui
1549 3983 1602 4034 in
1629 3980 1814 4034 eadem
1841 3991 2140 4048 servantur,
2165 3982 2448 4036 disserere.
2482 3981 2619 4036 Sunt
2644 3983 2698 4035 hi
2718 3981 3112 4035 membranacei
3144 3977 3381 4033 in-l‘olio.
3415 3976 3704 4045 grandius-

421 4065 559 4121 culis
587 4068 950 4135 semigothicis
973 4109 986 4132 ,
1030 4076 1089 4121 ut
1131 4069 1321 4133 aiunt,
1367 4055 1559 4123 litteris
1587 4071 1811 4124 exarati.
1843 4069 2134 4124 Continent
2174 4069 2343 4143 [xvui]
2387 4085 2664 4124 sermones
2691 4070 2858 4124 sancti
2898 4068 3113 4122 Maximi
3145 4067 3364 4122 omnino
3393 4064 3700 4120 duodecim.

424 4155 550 4211 inde
579 4171 680 4226 ego
708 4157 862 4227 plura
907 4157 1151 4228 decerpsi
1180 4157 1338 4229 plena
1369 4160 1615 4214 utilitatis
1642 4162 1906 4230 planeque
1937 4161 2093 4229 digna
2111 4201 2124 4226 ,
2166 4176 2283 4230 qum
2312 4163 2365 4215 in
2394 4163 2537 4215 hanc
2576 4171 2817 4215 nostram
2848 4160 3226 4215 collectionem
3255 4158 3701 4212 transferrentur.

494 4243 628 4298 Vill.
661 4245 870 4311 Restat,
914 4254 974 4300 ut
1003 4246 1070 4301 de
1108 4247 1297 4302 codice
1325 4249 1534 4318 loquar,
1575 4265 1756 4318 quem,
1790 4266 1948 4320 supra
1988 4251 2190 4315 monui,
2223 4251 2562 4306 statuendum
2604 4266 2724 4305 esse
2760 4252 2977 4304 tertium
3017 4252 3429 4320 prmcipuorum.
3476 4246 3575 4302 Est
3612 4247 3705 4301 ille

425 4337 763 4392 bibliotheca:
789 4337 1158 4393 Ambrosiam:
1187 4339 1598 4396 Mediolanensis
1629 4340 1820 4394 litteris
1853 4340 2274 4410 Longobardicis
2303 4341 2635 4411 perscriptus
2663 4348 2856 4395 octavo
2891 4339 3182 4394 Christiani
3211 4338 3443 4394 nominis
3479 4335 3701 4400 smculo,

425 4427 771 4494 signatusque
801 4425 979 4481 littera
1007 4426 1069 4490 C,
1103 4443 1249 4481 num.
1283 4427 1372 4482 98.
1415 4426 1582 4482 Pendi
1611 4437 1790 4484 autem
1821 4445 1941 4484 eum
1984 4446 2013 4484 a
2043 4433 2265 4486 summis
2291 4432 2422 4486 viris
2460 4433 2757 4501 permagni,
2801 4433 3096 4501 prm'sertim
3134 4447 3264 4485 vero
3307 4445 3336 4482 a
3367 4426 3701 4491 Mabillonio,

425 4513 828 4581 Muratorioque
858 4515 1116 4582 intelligo.
1148 4515 1266 4581 Quo
1297 4517 1468 4585 magis
1495 4517 1783 4572 dolendum
1809 4528 1909 4584 est,
1942 4535 2188 4575 mancum
2219 4521 2393 4591 ipsum
2421 4522 2664 4591 pluribus
2687 4523 2822 4577 locis
2847 4538 2986 4587 esse,
3012 4530 3172 4590 atque
3202 4520 3354 4574 initio
3381 4515 3704 4587 postremis-

424 4622 530 4674 que
568 4607 775 4674 paginis
802 4617 1095 4662 carentem.
1128 4609 1262 4664 Hinc
1300 4609 1428 4664 illud
1459 4619 1542 4665 est
1585 4612 1912 4666 incommodi
1949 4621 2315 4678 consecutum,
2359 4622 2417 4667 ut
2456 4614 2712 4684 opuscula
2741 4614 2983 4684 quaedam
3011 4613 3200 4668 eodem
3230 4609 3413 4665 codice
3448 4621 3704 4676 compre-

426 4700 612 4762 hensa,
639 4697 739 4751 nisi
769 4698 950 4752 multis
978 4701 1291 4768 magnisque
1316 4701 1425 4755 suis
1445 4701 1686 4770 partibus
1706 4701 1986 4767 diminuta,
2011 4701 2187 4756 eﬂ‘erri
2217 4703 2270 4756 in
2297 4703 2469 4758 lucem
2495 4704 2850 4771 nequiverint.
2876 4703 2950 4756 De
2971 4697 3078 4770 quo
3106 4699 3320 4769 quidem
3342 4695 3550 4760 codice,
3573 4710 3701 4749 cum

427 4807 494 4844 cx
521 4788 730 4845 Joanne
759 4790 997 4860 Baptista
1026 4791 1230 4846 Branca
1260 4793 1376 4848 viro
1405 4809 1536 4848 sane
1563 4793 1726 4850 docto
1752 4809 1815 4849 ac
1848 4793 2108 4861 diligenti,
2130 4795 2221 4863 qui
2243 4801 2390 4849 tanta
2427 4795 2508 4849 sui
2534 4795 2692 4850 laude
2730 4794 3018 4858 substituti,
3048 4801 3109 4846 ut
3138 4793 3305 4856 aiunt,
3335 4788 3590 4859 praefecto
3621 4786 3704 4841 bi-

427 4881 709 4936 bliothecae
730 4878 969 4948 fungitur
985 4895 1228 4947 munere,
1253 4882 1584 4950 quaesissem,
1602 4883 1679 4939 sic
1699 4885 1874 4955 reperi
1906 4904 1916 4936 :
1945 4886 2263 4954 pertinuisse
2283 4886 2523 4940 codicem
2546 4887 2718 4955 ipsum
2741 4885 2867 4940 olim
2898 4884 2965 4938 ad
2990 4884 3374 4938 monasterium
3405 4880 3705 4944 Bobiense;

428 4969 694 5025 excidisse
721 4969 873 5035 inde;
901 4985 1204 5039 magnoque
1230 4971 1319 5025 diu
1349 4982 1473 5043 post
1501 4975 1676 5043 pretio
1704 4976 1772 5030 ab
1820 4976 2245 5032 eminentissimo
2286 4977 2590 5046 eximiaque
2633 4976 2879 5032 doctrina
2909 4991 2972 5030 ac
3015 4976 3215 5030 virtute
3258 4974 3556 5029 clarissimo
3586 4972 3706 5027 viro

429 5060 689 5117 cardinali
711 5061 1000 5116 Frederico
1021 5062 1317 5118 Borromeo
1338 5073 1551 5134 partum
1574 5065 1755 5132 fuisse,
1786 5068 2098 5136 illatumque
2132 5069 2182 5122 in
2207 5068 2571 5138 percelebrem
2598 5069 3006 5123 Ambrosianam
3028 5066 3428 5130 bibliothecam,
3452 5079 3570 5132 quae
3595 5078 3707 5117 non

427 5154 718 5210 Mediolani
760 5155 959 5220 solum,
986 5154 1082 5208 sed
1107 5154 1271 5214 Italiae
1299 5157 1462 5211 etiam
1491 5157 1753 5214 universa:
1782 5159 1990 5226 insigne
2018 5166 2101 5212 est
2141 5158 2305 5212 decus
2352 5166 2408 5211 et
2435 5167 2829 5213 ornamentum.
2862 5157 3153 5214 Sermones
3195 5157 3249 5210 in
3292 5156 3481 5210 eodem
3519 5153 3709 5208 codice

427 5250 632 5319 plures,
662 5246 758 5302 sed
794 5260 1041 5315 magnam
1074 5253 1282 5314 partem
1307 5247 1696 5317 deplorandum
1728 5250 1779 5303 in
1808 5249 2025 5303 modum
2064 5248 2362 5318 discerptas
2394 5256 2554 5316 atque
2592 5248 2899 5303 decurtatos
2937 5249 3104 5303 cerni.
3137 5248 3338 5302 llorum
3373 5246 3582 5314 aliquos
3611 5259 3711 5298 au-

428 5347 640 5396 ctorum
669 5339 886 5394 nomina
914 5338 1198 5407 praeferre;
1222 5348 1448 5394 steteras
1475 5347 1662 5394 contra
1686 5356 1792 5394 non
1823 5341 1970 5393 item.
1993 5336 2317 5394 Eorumdem
2340 5354 2459 5394 esse
2481 5341 2766 5395 nonnullos
2787 5341 3049 5410 ascriptos
3070 5339 3325 5394 Maximo.
3350 5338 3482 5392 Tam
3507 5336 3712 5391 veteris

430 5440 648 5500 tamque
675 5430 874 5497 egregii
913 5429 1114 5484 codicis
1141 5430 1523 5499 praedicatores
1551 5446 1614 5484 ac
1656 5430 1891 5483 vindices
1920 5445 2026 5483 non
2059 5432 2193 5484 tanti
2238 5430 2353 5497 ejus
2383 5445 2502 5484 esse
2545 5431 2700 5485 iidem
2740 5437 2948 5499 putare,
2979 5439 3036 5484 ut
3062 5445 3164 5483 una
3194 5429 3359 5498 ipsius
3385 5427 3715 5482 auctoritate

429 5521 710 5591 tlijudicari
745 5520 1014 5588 statuique
1043 5520 1234 5588 possit,
1267 5519 1478 5571 cuinam
1509 5517 1726 5571 Patrum
1755 5533 2021 5585 quemque
2048 5535 2351 5574 sermonem
2390 5526 2668 5587 acceptum
2699 5519 2901 5573 referre
2929 5527 3199 5588 oporteat.
3240 5517 3568 5572 Ludovicum
3599 5516 3716 5569 An-

430 5617 639 5672 tonium
669 5614 1020 5670 Muratorium
1049 5630 1118 5669 ex
1156 5629 1222 5667 eo
1269 5628 1546 5668 sermones
1576 5615 1919 5682 exscripsisse
1946 5623 2150 5683 septem
2180 5630 2242 5669 ac
2288 5614 2647 5683 septuaginta,
2698 5627 2993 5680 eorumque
3029 5613 3208 5682 plures
3245 5611 3335 5679 qui
3377 5609 3504 5664 editi
3548 5617 3718 5662 antea

431 5723 540 5762 non
568 5705 791 5760 fuissent
813 5705 1312 5771 inscruissequarto
1336 5710 1482 5758 tomo
1499 5702 1917 5757 Anecdotorum.
1942 5701 2056 5755 Jam
2081 5702 2148 5757 de
2177 5702 2243 5755 98
2263 5702 2602 5756 bibliothecae
2626 5699 2992 5753 Ambrosiam:
3016 5699 3200 5753 codice
3222 5699 3353 5754 satis
3373 5698 3576 5752 dictum
3604 5701 3714 5751 est.
