3898 6226
193 371 249 426 Ξῖ
368 393 370 395 “
1602 350 1987 408 ΡΒᾹΞΡΑΤΙΟ.
3371 331 3443 388 22

253 483 326 538 De
347 461 567 550 reliquis
595 478 851 547 deinceps
873 487 1044 543 agam,
1077 485 1198 542 quae
1227 482 1422 538 magno
1474 467 1607 521 mihi
1636 466 1755 520 usui
1796 465 2044 527 fuerunt;
2094 474 2246 528 agam
2289 467 2468 515 autem
2517 473 2678 529 quam
2701 456 3022 516 brevisSime
3043 461 3250 525 potero.
3276 455 3450 550 Atque

192 573 324 630 illum
352 545 530 641 priore
558 569 684 622 loco
707 545 1158 626 commemorabo,
1188 561 1279 630 qui
1310 573 1480 627 nuper
1511 556 1876 610 Ambrosianzc
1907 554 2008 622 ipsi
2051 551 2391 606 bibliothecae
2430 558 2775 621 comparatus
2814 557 2913 617 est,
2946 562 3214 641 quemque
3227 545 3450 641 saeculo

193 678 238 716 xl
265 637 418 714 fuisse
447 657 708 726 scriptum
739 654 1060 722 accepimus.
1106 651 1200 705 Est
1245 649 1290 703 is
1334 649 1796 728 membranaceus,
1829 644 2175 711 continetque
2204 642 2479 698 homiliam
2510 641 3083 696 Maximoattributam
3113 639 3175 693 de
3213 637 3453 710 Symboli

194 747 488 801 Traditione.
522 745 675 798 Hanc
703 743 822 797 inde
851 741 1138 796 canonicos
1164 737 1402 793 Joannes
1431 734 1671 805 Baptista
1702 734 1930 797 Branca,
1961 732 2111 800 cujus
2158 733 2402 801 proxime
2431 733 2790 796 meminimus,
2821 733 3123 801 descripsit,
3156 738 3210 786 et
3249 730 3315 783 ad
3351 743 3450 785 nos

189 854 282 892 una
314 855 428 892 cum
456 835 782 891 variantibus
811 833 1010 889 codicis
1040 830 1107 884 98
1134 829 1454 888 lectionibus
1483 827 1622 880 mitti
1650 826 1878 879 curavit.
1907 823 2057 889 Quod
2083 839 2148 876 eo
2175 823 2416 888 dicimus,
2452 831 2508 877 ut
2529 823 2756 891 quisque
2786 840 2884 879 nos
2910 838 3034 891 erga
3062 824 3233 878 virum
3263 822 3448 888 singu-

188 926 276 980 lari
303 927 537 981 doctrina
567 924 1004 991 humanitateque
1035 920 1315 990 praeditum
1347 925 1635 987 pernoscat
1667 931 1784 970 esse
1814 915 2162 983 gratissimos.

249 1016 357 1070 Iam
385 1017 450 1070 de
477 1015 691 1070 ueteris
712 1012 985 1066 codicibus
1014 1007 1501 1063 Mediolanensibus
1528 1006 1603 1059 sic
1625 1006 1797 1059 lector
1820 1005 2034 1057 habeat.
2070 1003 2268 1056 Horum
2304 1004 2401 1063 (uti
2425 1019 2524 1059 nos
2554 1005 2843 1073 imperialis
2871 1006 3102 1061 basilica:
3131 1006 3448 1064 Modmtien-

186 1112 254 1166 sis
283 1112 568 1165 eanonicus
604 1108 883 1174 theologus
917 1105 1181 1160 Antonius
1212 1102 1530 1157 Franciscus
1559 1098 1781 1164 Frisius,
1807 1099 2188 1168 virsplendido
2226 1097 2441 1167 ingenio
2472 1100 2844 1168 exquisitaque
2870 1098 3171 1153 eruditione
3205 1098 3455 1166 illustris,

185 1203 431 1256 certiores
453 1189 602 1269 fecit)
638 1201 849 1262 horum,
882 1199 1121 1267 inquam,
1154 1197 1302 1254 fuere
1333 1197 1383 1250 in
1417 1193 1548 1266 [xix]
1581 1191 1937 1246 Ambrosiana
1963 1191 2185 1244 basilica
2216 1190 2615 1245 membranacei
2637 1190 2745 1247 duo
2775 1188 3005 1254 in-folio,
3031 1204 3168 1258 quos
3190 1206 3274 1248 an.
3311 1189 3451 1243 1514

189 1292 456 1358 exscripsit
483 1290 777 1344 canonicos
797 1287 1010 1342 Casula.
1043 1287 1190 1340 Alter
1208 1293 1391 1339 manet
1420 1284 1612 1348 adhuc,
1638 1283 1775 1337 alter
1797 1281 2065 1336 intercidit
2089 1281 2280 1350 injuria
2309 1290 2646 1351 temporum;
2679 1289 2734 1335 at
2754 1281 2912 1350 hujus
2935 1290 3113 1336 tamen
3142 1284 3446 1352 exemplum

184 1380 496 1435 Casulanum
527 1387 723 1434 exstat.
754 1378 832 1432 Ex
862 1388 1091 1446 utroque
1131 1377 1337 1432 Frisius
1363 1376 1616 1431 homilias
1657 1374 1864 1442 aliquot
1892 1389 2089 1427 nomen
2121 1372 2336 1426 Maximi
2367 1373 2712 1442 prmferentes
2741 1375 2969 1443 excepit,
3003 1391 3227 1444 quarum
3257 1391 3338 1442 ea,
3372 1377 3449 1431 uti

184 1472 305 1524 mihi
333 1471 546 1539 quidem
571 1471 797 1536 videtur,
829 1470 1122 1539 principem
1153 1469 1330 1524 locum
1361 1469 1588 1531 obtinet,
1623 1482 1740 1535 qua:
1767 1465 1831 1519 de
1864 1467 2212 1535 Reparatione
2239 1463 2486 1518 Ecclesia:
2516 1465 2732 1534 majoris
2764 1465 3166 1519 Mediolanensis
3204 1466 3449 1521 inscribi-.-

184 1568 282 1614 tur.
316 1562 426 1615 Non
456 1562 602 1615 enim
633 1561 976 1614 mediocriter
1002 1559 1068 1613 ad
1095 1567 1310 1612 aetatem
1333 1557 1549 1612 Maximi
1590 1557 1931 1612 statuendam
1976 1556 2203 1612 confert.
2233 1556 2309 1610 De
2351 1557 2560 1611 caeteris
2589 1558 2642 1610 in
2675 1556 3131 1612 admonitionibus
3161 1559 3447 1623 disseram,

184 1663 312 1718 quas
338 1652 531 1720 cuique
561 1651 794 1705 homilize
828 1658 989 1717 atque
1023 1649 1258 1704 sermoni
1291 1649 1612 1717 praemittam
1646 1655 1951 1716 Opportune
1989 1661 2053 1701 ac
2082 1647 2333 1714 tempori.
2366 1645 2594 1702 Codices
2622 1657 2883 1716 prazterea
2919 1647 3064 1703 idem
3105 1649 3218 1718 ipse
3249 1649 3454 1713 Frisius

183 1742 441 1796 consuluit
461 1741 660 1806 smeulo
689 1757 743 1795 xi
764 1742 1090 1809 perseriptos
1111 1740 1332 1794 omnino
1363 1747 1494 1801 tres,
1524 1752 1752 1806 quorum
1783 1738 1992 1805 priores
2012 1736 2118 1790 duo
2148 1735 2214 1789 ad
2243 1737 2593 1792 Modmtiense
2622 1738 2914 1807 capitulum
2940 1739 3229 1808 pertinent,
3263 1736 3452 1795 tertius

183 1828 244 1881 ad
271 1829 648 1884 bibliothecam
670 1828 923 1884 Ecclesiae
944 1829 1373 1898 metropolitanaa
1399 1827 1831 1881 Mediolanensis.
1855 1826 1984 1892 Quae
2006 1827 2059 1880 in
2087 1826 2274 1880 iisdem
2297 1826 2386 1880 ille
2416 1824 2795 1882 animadvertit
2817 1828 2973 1896 digna
2998 1845 3162 1900 Opere
3185 1846 3247 1884 ac
3267 1831 3453 1887 labore

182 1929 378 1988 nostro,
415 1924 658 1978 sedulam
698 1939 940 1992 operam,
972 1931 1030 1976 ut
1057 1923 1343 1990 diligenter
1374 1920 1859 1976 transeriberentur
1887 1927 1942 1972 et
1979 1919 2047 1972 ad
2081 1933 2180 1972 nos
2208 1927 2322 1974 tuto
2345 1916 2730 1988 perferrentur,
2761 1919 2934 1974 dedit.
2959 1918 3064 1974 Sed
3097 1921 3164 1975 de
3194 1921 3453 1976 Mediolas

183 2015 424 2069 nensihus
454 2014 1004 2084 Modcetiensibusquc
1025 2014 1300 2068 codicibus
1320 2014 1598 2067 hactenus.

245 2108 332 2163 IX.
375 2110 526 2166 Nunc
554 2111 620 2165 de
649 2112 973 2180 Subalpinis.
1008 2110 1209 2165 llorum
1239 2111 1440 2178 aliquot
1474 2108 1756 2179 (beneﬁcio
1792 2108 2009 2179 Josephi
2039 2108 2354 2170 Vernazzaa,
2388 2107 2548 2162 domo
2577 2107 2729 2172 Alba,
2761 2106 2862 2161 viri
2899 2107 3094 2162 nobilis
3123 2105 3453 2162 studiosissi-

181 2199 352 2267 mique
379 2201 782 2271 antiquitatum)
812 2210 895 2256 est
921 2201 986 2255 ad
1017 2217 1114 2254 nos
1143 2201 1347 2270 perlata
1378 2201 1589 2254 notitia.
1622 2200 1669 2253 ls
1690 2208 1749 2254 ut
1771 2200 2002 2268 primum
2033 2198 2316 2261 intellexit,
2347 2213 2376 2252 a
2397 2199 2500 2257 Pio
2529 2196 2596 2252 Vl
2625 2197 2863 2267 pontiﬁci
2893 2197 3126 2251 maximo
3148 2196 3454 2265 impositum

182 2292 328 2346 nobis
357 2293 517 2347 fuisse
551 2295 720 2348 sancti
748 2293 963 2348 Maximi
993 2309 1216 2362 operum
1246 2292 1667 2361 colligendorum
1698 2302 1860 2362 atque
1908 2293 2238 2348 edendorum
2279 2308 2434 2356 onus,
2467 2291 2753 2346 Franciseo
2796 2280 3132 2361 Meyranesio
3172 2292 3456 2347 academitn

181 2377 517 2434 Taurinensis
541 2382 815 2448 theologo,
849 2383 1023 2435 amico
1053 2397 1151 2436 suo
1174 2382 1359 2449 reique
1388 2382 1692 2436 christiana:
1720 2384 2033 2452 antiquaria:
2058 2383 2401 2452 peritissimo,
2426 2384 2712 2452 persuasit,
2746 2391 2804 2436 ut
2831 2398 2949 2453 quae
2977 2384 3230 2439 diuturno
3258 2384 3455 2450 studio,

181 2468 612 2526 illustrandorum
643 2473 813 2526 sancti
847 2472 1099 2525 antistitis
1127 2481 1598 2527 monumentorum
1629 2491 1812 2540 causa,
1839 2485 2197 2543 compararat,
2231 2475 2386 2528 nobis
2422 2475 2551 2544 ipsis
2589 2475 2643 2528 in
2685 2482 3008 2545 potestatem
3050 2475 3363 2545 permittere
3395 2490 3457 2530 ne

181 2568 502 2625 gravaretur.
538 2561 781 2626 Quatuor
804 2562 916 2630 jam
946 2564 1159 2619 codices
1187 2564 1395 2620 viderat
1426 2565 1811 2637 Mcyranesius,
1843 2583 2043 2636 eosque
2065 2584 2193 2622 eum
2212 2567 2371 2622 editis
2391 2567 2729 2620 considerate
2753 2583 2814 2621 ac
2835 2566 3117 2634 diligenter
3135 2567 3457 2631 contulerat,

180 2649 445 2718 multaque
474 2652 600 2705 inde
629 2653 901 2718 hauserat,
931 2669 1051 2722 quae
1079 2654 1300 2709 editioni
1333 2657 1399 2725 (si
1429 2670 1532 2723 qua
1563 2656 1775 2710 demum
1819 2658 2120 2711 accuratior
2149 2656 2451 2726 pararetur)
2485 2664 2692 2725 partem
2723 2655 2913 2710 afferre
2940 2644 3344 2710 commodorum
3374 2663 3458 2709 at-

179 2759 278 2813 que
304 2749 607 2801 ornamenti
648 2757 885 2817 possent.
938 2749 1062 2804 llaec
1103 2751 1190 2805 ille
1227 2737 1342 2805 rem
1383 2759 1437 2805 et
1476 2752 1650 2806 amico
1692 2759 1898 2820 gratam
1949 2759 2004 2806 et
2041 2751 2292 2806 Ecclesia:
2321 2751 2510 2805 utilem
2555 2749 2808 2813 facturus,
2841 2748 3119 2802 nobiscum
3168 2747 3457 2802 liberaliter

181 2839 608 2892 communicavit.
653 2836 909 2894 Codicum
959 2849 1136 2894 autem
1184 2841 1396 2895 illorum
1443 2848 1675 2910 quatuor
1719 2843 1868 2911 prior
1915 2850 1997 2898 est
2035 2843 2410 2905 Taurinensis;
2463 2842 2600 2895 alter
2636 2856 2701 2896 ac
2740 2840 2931 2895 tertius
2972 2840 3282 2894 monasterii
3331 2841 3459 2894 olim

180 2921 388 2978 fuerunt
414 2928 590 2981 sancti
637 2926 886 2981 Dalmatii
934 2926 1300 2995 Pedonensis;
1327 2939 1550 2998 quartus
1580 2931 1646 2984 ad
1694 2933 1988 3000 prioratum
2028 2931 2094 2986 de
2124 2931 2401 3001 Appannis
2440 2932 2738 3000 spectabat,
2770 2931 2860 2999 qui
2909 2931 3120 2998 inagro
3157 2937 3275 2986 erat
3303 2929 3457 2984 Salu-

182 3011 387 3067 tiarum.

245 3101 414 3159 Priori
444 3106 562 3161 haec
591 3115 675 3162 est
703 3110 948 3176 apposita
979 3111 1280 3164 recentiore
1320 3127 1481 3164 manu
1513 3112 1790 3181 inscriptio
1826 3130 1837 3164 :
1869 3113 1950 3163 Ad
1985 3129 2134 3165 usum
2179 3112 2394 3183 majoris
2447 3111 2698 3165 Ecclesia
2747 3110 3102 3164 Taurinensis.
3136 3109 3388 3164 Continet
3419 3109 3459 3164 is

181 3197 365 3264 partim
386 3199 658 3262 homilias,
690 3201 883 3268 partim
912 3215 1189 3255 sermones
1219 3201 1434 3255 Maximi
1464 3201 1565 3254 122
1603 3217 1830 3270 quorum
1863 3203 2041 3272 plures
2082 3202 2316 3255 nondum
2357 3202 2626 3270 publicam
2671 3200 2845 3255 lucem
2889 3207 3228 3270 aspexerant.
3261 3199 3459 3255 Eorum

182 3287 514 3354 postmodum
548 3289 778 3343 indicem
806 3289 965 3353 dabo,
999 3305 1062 3345 ac
1088 3291 1320 3346 homilize
1349 3292 1605 3360 cujusque
1635 3301 1796 3360 atque
1838 3291 2099 3367 sermonis
2134 3292 2316 3344 titulos
2356 3299 2408 3344 et
2439 3292 2591 3344 initia
2621 3289 2939 3355 describam,
2973 3290 3239 3357 simulque
3282 3297 3460 3344 osten-

184 3379 316 3444 dam,
346 3382 520 3437 multo
541 3382 727 3452 plures
745 3384 954 3438 habitas
981 3383 1144 3439 fuisse
1183 3386 1456 3440 orationes
1484 3402 1514 3439 a
1555 3385 1808 3450 Maximo,
1836 3402 1955 3456 quae
1983 3387 2248 3442 edacitate
2278 3385 2558 3439 vetustatis
2588 3382 2764 3438 invida
2794 3385 3087 3452 perierunt.
3121 3383 3326 3436 interea
3359 3383 3461 3438 hoc

183 3469 402 3523 monebo
437 3489 449 3522 :
486 3472 540 3524 in
573 3472 677 3525 hoc
704 3471 893 3526 eodem
920 3472 1102 3562 priore
1126 3473 1330 3539 codice,
1362 3482 1422 3528 ut
1448 3475 1502 3528 in
1530 3476 1750 3544 reliquis
1772 3475 1942 3530 tribus
1971 3476 2168 3529 formas
2210 3475 2524 3544 plerumque
2552 3475 2924 3530 characterum
2952 3481 3044 3527 aut
3085 3489 3324 3541 prorsus,
3367 3480 3459 3525 aut

185 3573 314 3626 pene
351 3577 470 3616 esse
497 3563 727 3625 deletas,
760 3563 847 3616 vix
878 3560 940 3616 ut
972 3564 1269 3631 fragmenta
1298 3565 1540 3633 quaedam
1570 3560 1904 3628 remaneant.
1937 3582 2055 3635 quae
2101 3566 2321 3634 intelligi
2355 3565 2526 3630 facile,
2567 3573 2662 3638 aut
2691 3579 2797 3619 non
2839 3563 3123 3619 dililculter
3159 3563 3398 3633 suppleri
3427 3578 3457 3616 a

185 3649 348 3715 perito
378 3649 588 3705 lectore
620 3659 838 3718 queant.
863 3650 959 3706 Est
977 3653 1023 3705 is
1046 3652 1214 3707 codex
1245 3655 1688 3708 membranaceus
1710 3655 1908 3718 in-fol.;
1940 3670 2170 3723 cumque
2190 3656 2302 3723 jam
2333 3671 2502 3724 usque
2524 3656 2590 3708 ab
2619 3672 2671 3709 ιι
2694 3653 2982 3708 Christiani
3011 3655 3243 3710 nominis
3263 3654 3460 3709 sarculo

186 3740 406 3807 scriptus
428 3740 614 3803 fuerit,
638 3749 698 3794 ut
723 3744 839 3796 usui
865 3752 1008 3799 esset
1030 3743 1281 3800 Ecclesia:
1303 3744 1639 3810 Taurinensi,
1666 3747 1737 3799 nil
1761 3747 1980 3816 impedit
2003 3746 2246 3816 profecto
2275 3749 2403 3816 quin
2431 3764 2496 3802 ex
2528 3749 2745 3817 cptimis
2775 3747 3172 3816 exemplaribus
3197 3755 3455 3816 exceptus

187 3827 339 3884 fuisse
375 3831 649 3885 videatur.
682 3831 836 3897 Quod
877 3844 1056 3889 autem
1094 3836 1218 3890 huic
1264 3846 1346 3890 est
1391 3837 1562 3892 codici
1602 3839 1890 3906 peculiare,
1942 3839 2108 3895 series
2149 3839 2265 3911 [xx]
2309 3849 2392 3894 est
2421 3842 2697 3906 continua,
2730 3851 2784 3895 ct
2811 3840 3082 3908 colligatio
3113 3841 3456 3894 homiliarum

187 3918 566 3990 titulorumque
598 3922 965 3990 appositorum
997 3926 1127 3979 satis
1161 3927 1417 3993 castigate
1447 3925 1681 3997 perfecta
1713 3928 2021 3998 descriptio.

252 4006 697 4064 Membranaceus
726 4010 852 4065 item
885 4011 1058 4066 in-fol.
1085 4013 1221 4068 alter
1242 4022 1324 4068 est
1352 4014 1543 4078 codex,
1565 4030 1723 4082 quem
1751 4017 2064 4071 monasterii
2090 4016 2274 4072 Sancti
2301 4017 2549 4071 Dalmatii
2573 4011 2838 4089 Martyris,
2872 4018 3202 4074 Pedonensis
3230 4024 3456 4082 tractus,

186 4096 337 4154 fuisse
356 4100 616 4156 diximus.
639 4101 741 4166 Qui
770 4117 898 4156 sane
919 4109 1123 4158 tractus
1148 4104 1293 4174 (post
1319 4119 1562 4159 eversam
1592 4103 1865 4159 Pedonam
1887 4107 2075 4161 urbem
2098 4107 2254 4162 sitam
2286 4108 2411 4161 olim
2444 4107 2512 4161 ad
2538 4107 2702 4177 pedes
2731 4106 2964 4177 Alpium)
2986 4109 3291 4176 attributus,
3315 4112 3458 4167 sedis

186 4193 487 4264 apostolica
510 4194 862 4258 auctoritate,
892 4194 988 4248 fuit
1039 4194 1240 4249 Montis
1287 4194 1502 4264 Regalis
1528 4196 1802 4265 episcopo.
1837 4196 2152 4266 Quanquam
2198 4212 2328 4251 vero
2360 4198 2576 4251 mutilus
2605 4198 2786 4252 multis
2813 4197 2921 4253 suis
2950 4197 3191 4270 partibus
3220 4200 3265 4255 is
3295 4201 3457 4255 etiam

186 4288 348 4343 codex
377 4293 477 4358 est,
502 4308 573 4347 ex
600 4288 833 4346 numeris
864 4295 1042 4344 tamen
1071 4287 1326 4360 appositis
1353 4288 1512 4360 plane
1552 4288 1882 4356 dignoscitur
1910 4289 2324 4358 comprehensas
2356 4288 2543 4343 eodem
2575 4287 2738 4345 fuisse
2760 4289 3011 4346 homilias
3038 4289 3142 4343 ΞΩ
3169 4301 3223 4344 et
3251 4305 3462 4344 sermo-

188 4395 277 4434 nes
301 4379 386 4434 20.
416 4381 523 4436 Sed
546 4381 702 4436 deest
724 4379 902 4446 index,
925 4396 1085 4450 quem
1106 4381 1375 4435 sublatum
1401 4377 1524 4435 inde
1551 4385 1711 4449 atque
1741 4379 1982 4435 avulsum
2012 4377 2174 4434 fuisse
2207 4379 2456 4434 arbitror.
2488 4382 2546 4432 ln
2578 4380 2751 4433 fronte
2786 4381 2978 4448 prioris
3001 4366 3235 4434 homilizc
3263 4379 3458 4434 litteris

185 4473 489 4542 majuseulis
517 4475 779 4544 scriptum
810 4483 893 4527 est
936 4491 947 4502 ο
983 4472 1047 4526 In
1076 4472 1270 4527 Christi
1300 4475 1526 4527 nomine.
1568 4472 1751 4526 Amen.
1789 4472 2052 4542 Incipiunt
2085 4473 2308 4526 humilia:
2348 4475 2516 4525 sancti
2558 4473 2783 4525 Maximi
2827 4475 3054 4542 episcopi
3098 4472 3454 4526 Taurinensis.

187 4561 378 4619 Prioris
410 4565 656 4634 ejusdem
684 4564 917 4618 homiliaa
947 4565 1058 4618 haec
1083 4571 1166 4618 est
1195 4565 1471 4634 inscriptio
1505 4583 1516 4617 :
1555 4563 1618 4618 In
1645 4565 1835 4637 vigiliis
1858 4563 1906 4616 Ν
1916 4566 2164 4618 αῑὶυἰιαιὶδ
2187 4564 2420 4618 Domini.
2454 4564 2644 4632 Incipit
2668 4571 2844 4616 autem
2875 4563 2978 4617 hoc
3009 4563 3170 4616 modo
3205 4581 3220 4616 ε
3251 4561 3460 4616 ιωιὶῑὶη

184 4666 368 4726 quanta
394 4667 492 4730 est,
522 4667 851 4730 quantusque
882 4674 1182 4712 concursus.
1201 4656 1575 4725 Sequebantur
1601 4670 1764 4724 porro
1793 4655 2026 4720 homiliw
2055 4656 2118 4707 de
2135 4653 2427 4707 Nativitate
2443 4653 2674 4718 Domini,
2693 4653 2756 4706 de
2775 4654 3089 4724 Epiphania,
3116 4655 3180 4707 de
3197 4654 3463 4722 Baptisma

186 4745 386 4813 Christi,
415 4751 480 4804 de
506 4750 950 4820 Quadragesima.
982 4749 1046 4800 de
1077 4747 1303 4811 Pascha,
1329 4747 1390 4800 de
1418 4747 1730 4800 Ascensione
1760 4746 1989 4807 Domini,
2020 4746 2083 4797 de
2105 4744 2427 4798 Pentecoste.
2463 4742 2556 4804 His
2585 4743 2876 4798 succedunt
2909 4755 3204 4807 sermones,
3230 4758 3460 4812 quorum

189 4842 312 4888 est:
331 4837 486 4891 nobis
509 4837 672 4907 paulo
699 4844 829 4890 ante
859 4835 994 4890 facta
1025 4835 1246 4888 mentio.
1278 4833 1393 4899 Qua
1426 4848 1552 4888 vero
1578 4841 1738 4886 actate
1767 4835 2096 4902 perscriptus
2122 4835 2164 4886 is
2185 4833 2354 4887 codex
2380 4833 2562 4897 fuerit,
2593 4834 2842 4900 cognosci
2871 4849 2936 4887 ex
2959 4833 3042 4888 his
3066 4847 3185 4901 qua:
3216 4850 3340 4888 mox
3367 4833 3465 4887 ad-

188 4920 301 4977 dam
324 4934 521 4994 potest,
554 4939 784 4997 quarque
817 4924 871 4978 in
901 4932 1144 4978 extremo
1173 4924 1287 4993 ipso
1319 4922 1503 4978 codice
1529 4923 1651 4976 licet
1681 4923 1859 4991 legere
1887 4942 1898 4975 :

925 5045 1126 5106 Accipe,
1153 5043 1358 5106 Dalmati
1385 5051 1582 5104 martyr,
1605 5044 1731 5104 quod
1755 5045 1894 5095 trado
1916 5044 2268 5104 munusculum,

928 5101 1191 5154 Monachus
1215 5105 1447 5163 Atpcrlus
1471 5101 1520 5151 in
1545 5101 1632 5152 tuo
1653 5107 1986 5154 cmnoblarcha

926 5167 1106 5215 Sancto
1127 5167 1421 5214 monasterio
1445 5166 1507 5212 de
1532 5167 1725 5214 civitate
1754 5167 1966 5215 Pedona.

924 5227 1161 5278 Maximus
1177 5227 1268 5275 hoc
1285 5229 1474 5289 scripsit
1493 5227 1667 5289 prwsul
1688 5228 1750 5276 de
1775 5230 1976 5278 civitate
2004 5226 2230 5278 l’aurina.

257 5353 534 5421 Quondam
609 5399 620 5411 .
701 5399 714 5411 .
802 5395 814 5407 .
895 5355 1258 5427 descripsimus
1294 5362 1342 5407 et
1383 5370 1477 5408 nos
1552 5389 1565 5405 .
1646 5389 1658 5405 .
1740 5393 1752 5406 .
1833 5351 2065 5421 Imperio
2113 5354 2279 5406 nostri
2323 5351 2630 5408 venerabilis
2684 5351 2844 5404 abbas
2899 5349 3180 5419 Ratpertus
3256 5389 3267 5402 .
3350 5390 3362 5402 .
3444 5389 3456 5402 .

186 5457 428 5518 regnante
463 5447 682 5504 Omnino
718 5455 901 5501 nostra
926 5444 1126 5501 Karolo
1149 5461 1270 5515 rege
1305 5440 1763 5514 Langobardorum
1787 5442 2215 5507 et'Francorum,
2242 5461 2383 5497 anno
2459 5483 2471 5494 .
2553 5483 2565 5495 .
2648 5483 2659 5495 .
2740 5442 2795 5494 In
2827 5451 3074 5495 octavum
3107 5442 3266 5507 igitur
3294 5456 3459 5495 saecu-

187 5533 290 5593 lum
335 5540 698 5608 conjiciendus
730 5540 777 5593 is
801 5538 974 5594 codex
1002 5545 1100 5592 est.
1134 5537 1264 5591 Nam
1295 5535 1510 5589 aliunde
1537 5543 1766 5597 constat,
1801 5536 2116 5605 Ratpertum
2146 5552 2211 5590 eo
2260 5546 2501 5604 tempore
2544 5535 2822 5604 praefuisse
2853 5536 3104 5589 emnobio
3138 5534 3457 5600 Pedonensi,

186 5644 288 5698 quo
313 5640 560 5701 tempore
586 5647 767 5687 rerum
800 5630 1107 5699 potiebatur
1131 5627 1359 5690 Carolus
1393 5627 1634 5695 Magnus.
1669 5626 1718 5679 ls
1753 5635 1929 5681 autem
1963 5641 2186 5693 regnare
2212 5627 2372 5695 carpit
2402 5642 2488 5680 an.
2527 5625 2645 5692 768,
2678 5642 2740 5680 ac
2770 5625 3047 5681 redimitus
3073 5625 3335 5695 imperiali
3363 5639 3456 5681 cov

187 5735 313 5778 tona
339 5721 437 5778 fuit
459 5723 530 5779 ab
560 5722 739 5780 Leone
769 5721 834 5776 lli
866 5719 924 5773 Ρ.
951 5719 1020 5773 M.
1051 5735 1136 5775 an.
1164 5718 1286 5782 800,
1311 5704 1511 5773 Christi
1538 5716 1842 5773 Servatoris
1873 5717 2035 5769 natali
2066 5717 2166 5770 die.
