3898 6226
465 266 535 321 93
1896 287 2275 347 ριιιιῡιτΑτιο.
3664 299 3730 353 at

537 389 746 447 Tertius
769 395 957 492 codex,
984 414 1147 467 quem
1183 398 1515 459 Pedonensis
1552 403 1791 474 ejusdem
1822 411 2135 463 monasterii
2168 411 2329 467 fuisse
2358 401 2657 478 docuimus,
2684 424 2937 471 exaratus
2963 417 3032 472 ab
3064 416 3291 487 josepho
3320 419 3587 475 monacho
3610 417 3729 492 fuit,

465 497 573 578 quo
602 492 840 553 tempore
868 487 1033 542 abbas
1059 489 1318 546 Henricus
1347 496 1674 550 monasterio
1703 497 1803 566 ipsi
1831 507 2078 565 praeerat,
2111 514 2315 570 rexque
2343 501 2605 557 Henricus
2632 503 2686 557 in
2714 502 2865 559 Italia
2895 505 3169 561 obtinebat
3196 508 3569 578 principatum.
3598 487 3730 565 Nam

462 573 519 628 iu
541 584 784 631 extremo
804 577 995 633 eodem
1017 580 1202 637 codice
1229 584 1306 637 sic
1325 585 1558 640 habetur
1590 605 1600 615 ”

1204 704 1385 773 {oseph
1410 707 1963 773 monasticusllbrarius.
1989 718 2137 773 atque
2169 713 2356 773 peritus

1205 766 1370 837 ἔπηξε
1393 766 1868 837 descripsitlibrum,
1896 784 2042 837 quem
2058 766 2224 834 'vide's,
2245 774 2457 822 maxime
2484 773 2677 837 prmsul,

1201 826 1453 894 Ianrinas,
1482 826 1636 889 Urbe,
1662 826 1876 879 Henrico
1894 833 2073 894 abbate
2098 826 2359 894 regnante,
2485 826 2521 879 ’.

1201 887 1421 956 ξράοηε,
1448 900 1503 938 ac
1528 887 1858 956 arm'ario‘fum
1874 892 2051 956 multis
2072 887 2270 956 quo'que
2294 887 2472 943 libellis

1203 950 1411 1012 Semper
1427 950 1700 1011 condendo;
1728 951 1947 1003 Henrico
1972 950 2169 1016 quoque
2190 950 2315 1016 rege
2337 961 2592 1016 regnante.

528 1061 666 1121 Hinc
705 1066 861 1124 lacile
904 1071 1243 1140 perspicitur,
1275 1073 1460 1127 referri
1490 1074 1730 1129 codicem
1763 1076 1910 1130 illum
1953 1078 2007 1132 in
2036 1092 2091 1131 xx
2135 1080 2387 1134 Steculum
2418 1087 2689 1149 oportere.
2721 1066 3163 1138 Membranaoeus
3199 1082 3246 1138 is
3265 1098 3480 1155 quoque
3508 1093 3610 1154 est,
3640 1084 3700 1143 in

456 1168 669 1228 quarto.
702 1160 760 1215 In
783 1178 870 1227 eo,
900 1165 1001 1219 etsi
1027 1181 1134 1220 non
1164 1165 1369 1232 ordine,
1404 1176 1617 1223 exstant
1647 1170 1881 1224 humilius
1917 1169 2037 1233 I70,
2071 1186 2347 1226 sermones
2369 1167 2455 1225 40.
2489 1168 2620 1239 Ejus
2647 1180 2729 1226 est
2750 1172 2912 1227 fronti
2941 1174 3136 1228 litteris
3166 1190 3197 1229 e
3227 1177 3393 1231 minio
3422 1177 3726 1247 majusculis

455 1253 627 1306 sancti
655 1251 871 1310 Maximi
896 1254 1210 1327 inscriptum
1239 1274 1455 1314 nomen.
1491 1256 1678 1314 Priore
1707 1258 1829 1314 loco
1858 1261 2133 1314 homiliam
2163 1262 2402 1324 exhibet,
2426 1262 2577 1330 cujus
2600 1260 2704 1317 hoc
2734 1272 2815 1316 est
2843 1262 3053 1316 initium
3080 1283 3092 1315 :
3115 1264 3249 1318 Ante
3268 1266 3378 1319 dies
3399 1283 3725 1321 commonita-

453 1356 569 1394 ram
588 1343 857 1415 cqritatem
885 1352 1124 1412 vestram,
1154 1350 1365 1418 fratres,
1393 1357 1449 1401 ut
1472 1356 1723 1419 tanquam
1742 1348 1991 1419 religiosi,
2012 1358 2063 1402 et
2077 1350 2265 1415 sancti,
2288 1349 2690 1422 [xxr]idolorum
2703 1367 2904 1405 omnem
2929 1351 3287 1420 pollutionem,
3317 1362 3421 1407 etc.
3442 1352 3593 1407 Edita
3615 1356 3727 1409 hzcc

457 1428 559 1485 l‘uit
584 1432 637 1487 in
660 1432 732 1487 IV
754 1435 1151 1493 Anecdotorum
1179 1439 1452 1493 volumine
1485 1454 1515 1492 a
1541 1439 1855 1494 Muratorio.
1890 1438 2168 1492 Postrema
2198 1446 2280 1493 est
2299 1439 2542 1503 homilia,
2570 1454 2689 1507 quae
2711 1439 2898 1509 incipit
2931 1458 2944 1491 :
2980 1438 3105 1494 Non
3129 1442 3453 1495 incommode
3471 1451 3592 1495 ante
3620 1444 3727 1496 dies

453 1537 643 1589 paucos
670 1528 926 1594 prosecuti
951 1543 1126 1581 sumus
1150 1530 1468 1598 [unctionem
1490 1529 1625 1581 hanc
1644 1529 2036 1591 sacerdotalem,
2064 1537 2167 1583 etc.
2194 1528 2343 1583 Hanc
2370 1536 2549 1582 autem
2583 1528 2853 1582 homiliam
2886 1528 3224 1583 Mahillonius
3251 1545 3319 1583 ex
3349 1529 3724 1584 San-Galleusi

453 1612 642 1669 codice
669 1615 991 1687 descriptam
1025 1618 1204 1672 intulit
1234 1620 1287 1673 in
1312 1621 1547 1689 priorem
1577 1618 1744 1673 Italici
1781 1617 1948 1672 Musei
1974 1626 2196 1673 tomum.

520 1702 693 1758 Venio
716 1704 783 1758 ad
811 1714 1060 1774 quartum
1084 1705 1347 1760 codicem.
1381 1704 1816 1760 Membranaceus
1843 1706 1887 1759 is
1909 1720 2123 1773 quoque
2145 1710 2226 1757 est
2250 1702 2461 1757 in-folio
2482 1718 2668 1772 parvo.
2692 1702 2835 1759 Iuris
2857 1702 2983 1758 olim
3012 1703 3204 1771 fuerat,
3235 1704 3311 1757 uti
3334 1720 3495 1773 supra
3518 1707 3722 1769 monui,

452 1793 720 1863 prioratus
750 1793 1209 1865 Appanniensium
1250 1798 1659 1862 monachorum,
1691 1797 1844 1865 cujus
1884 1796 2099 1865 quidem
2124 1796 2394 1865 prioratus
2414 1795 2605 1850 mdium
2641 1811 2705 1851 ac
2726 1797 3067 1866 praediorum,
3093 1812 3162 1852 ex
3189 1796 3367 1853 edicto
3389 1797 3720 1867 pontiﬁcum,

449 1886 575 1940 data
598 1896 722 1955 post
750 1886 849 1942 fuit
877 1888 1134 1959 episcopo
1163 1888 1450 1944 Salutiensi
1479 1888 1768 1958 possessio.
1802 1886 2189 1957 Complectitur
2208 1887 2254 1941 is
2282 1886 2499 1939 Maximi
2538 1901 2816 1944 sermones
2840 1886 2901 1942 51
2935 1888 3291 1957 homiliasque
3320 1888 3406 1951 70,
3436 1896 3496 1942 ut
3523 1904 3591 1943 ex
3620 1904 3718 1942 nu-

448 1980 611 2032 meris
639 1979 704 2032 ad
734 1994 1013 2033 sermones
1040 1981 1131 2048 qui
1172 1990 1461 2049 supersunt
1490 1987 1544 2034 et
1572 1981 1636 2033 ad
1667 1980 1912 2035 homilias
1957 1980 2202 2047 ascriptis
2248 1980 2444 2049 liquet;
2475 1989 2531 2034 at
2559 1980 2626 2035 ab
2648 1997 2809 2046 saeva,
2841 1984 3024 2037 nescio
3052 1982 3225 2050 cujus,
3276 1996 3449 2051 eaque
3504 1983 3721 2037 indocta

446 2084 628 2135 manu,
661 2070 841 2124 multis
869 2069 993 2125 inde
1021 2072 1218 2133 avulsis
1265 2071 1627 2139 detractisque
1656 2070 1814 2135 foliis,
1846 2057 2188 2127 commisSum
2220 2081 2320 2139 est,
2372 2082 2431 2128 ut
2469 2089 2557 2129 res
2576 2074 2847 2139 ,litteraria
2895 2074 3107 2144 publica
3146 2089 3353 2143 magna:
3381 2076 3721 2130 homiliarum

445 2158 759 2213 earumdem
785 2174 1203 2228 sermonumque
1233 2161 1401 2229 partis
1423 2160 1687 2228 jacturam
1717 2160 1935 2215 faceret.
1966 2161 2121 2216 Initio
2149 2161 2350 2219 codicis
2391 2164 2507 2219 haec
2548 2171 2725 2219 exstat
2762 2164 2939 2218 rubris
2967 2164 3366 2241 characteribus
3388 2167 3585 2235 scripta
3607 2168 3722 2235 epi-

444 2251 646 2318 graphe
671 2268 685 2301 :
718 2249 783 2303 In
806 2252 998 2304 Christi
1026 2254 1253 2305 nomine.
1284 2254 1467 2306 Amen.
1494 2252 1741 2307 Homiliw
1761 2254 1930 2305 sancti
1952 2251 2174 2306 Maximi
2202 2256 2433 2324 episcopi
2459 2254 2818 2309 Taurinensis.
2850 2255 2906 2309 In
2938 2264 3181 2310 extremo
3203 2257 3330 2311 folio
3360 2257 3438 2311 sic
3457 2256 3716 2310 habetur:

446 2341 634 2409 Accipe
662 2349 983 2412 congestum,
1012 2342 1151 2412 quod
1179 2350 1233 2393 tu
1253 2342 1428 2408 petisti
1451 2342 1677 2395 libellum
1702 2341 1940 2406 Maximi,
1976 2340 2212 2408 Taurini,
2235 2360 2364 2414 quas
2388 2345 2669 2413 scripserat
2695 2345 2962 2413 homilias,
2996 2354 3051 2398 ut
3098 2345 3242 2417 legas
3318 2385 3332 2399 .
3380 2346 3424 2398 Α.
3505 2385 3519 2398 .
3601 2384 3615 2398 .
3700 2384 3715 2398 .

446 2430 750 2496 monac/tus,
785 2431 923 2500 quod
971 2430 1548 2501 transcripsitWaldus
1626 2471 1637 2483 .
1720 2472 1733 2484 .
1814 2470 1826 2482 .
1909 2472 1921 2484 .
2002 2472 2013 2484 .
2094 2473 2108 2486 .
2192 2472 2205 2486 .
2285 2471 2298 2484 .
2381 2472 2394 2486 .
2472 2473 2487 2485 .
2569 2474 2584 2487 .
2663 2474 2677 2488 .
2756 2473 2769 2486 .
2851 2474 2866 2486 .
2945 2474 2958 2486 .
3040 2474 3052 2487 .
3135 2474 3149 2489 .
3228 2475 3241 2487 .
3321 2474 3334 2489 .
3415 2476 3428 2489 .
3507 2474 3523 2490 .
3603 2476 3620 2492 .
3698 2475 3717 2491 .

762 2618 2301 2670 .armarionostrum..........

450 2746 464 2759 .
555 2748 569 2761 .
647 2747 663 2762 .
738 2746 754 2763 .
830 2708 1154 2779 reliquasque
1174 2707 1472 2760 rescribam.
1502 2705 1801 2776 Imperante
1820 2707 2062 2759 dominus
2091 2714 2266 2761 noster
2293 2706 2593 2763 Lotharius.
2644 2706 2866 2775 Spectat
2912 2707 2955 2761 is
2984 2706 3145 2774 igitur
3166 2706 3333 2761 codex
3364 2705 3431 2759 ad
3459 2707 3716 2760 saeculum

444 2794 702 2851 Ecclesia:
722 2813 943 2861 nonum,
976 2798 1060 2851 vel
1088 2812 1353 2851 summum
1382 2796 1447 2850 ad
1475 2796 1759 2851 decimum.
1789 2796 1922 2851 Nam
1951 2797 2135 2853 forma:
2163 2799 2535 2854 characterum
2554 2799 2713 2868 plane
2741 2798 3109 2853 demonstrant
3138 2800 3308 2866 ipsum
3338 2814 3445 2852 non
3476 2813 3595 2853 esse
3625 2813 3715 2853 re-

444 2888 762 2943 centiorem.
787 2888 985 2942 Verum
1012 2889 1109 2943 sub
1138 2887 1394 2941 Lotbario
1422 2902 1490 2941 ne
1518 2887 1815 2942 [Ludovici
1855 2886 1932 2940 Pii
1963 2886 2093 2955 ﬁlio,
2125 2891 2215 2958 qui
2246 2905 2388 2945 anno
2432 2889 2556 2954 8-H,
2590 2905 2659 2943 an
2685 2889 2785 2944 sub
2814 2889 2984 2944 altero
3009 2890 3099 2959 qui
3126 2906 3209 2944 an.
3247 2889 3350 2942 947
3378 2889 3582 2960 potitus
3610 2889 3714 2943 im-

443 2976 597 3045 perio
617 2984 719 3041 est,
749 2977 1080 3045 perscriptus
1109 2976 1153 3029 is
1177 2975 1349 3029 codex
1372 2975 1550 3039 fuerit,
1582 2991 1689 3030 non
1718 2975 1850 3030 satis
1878 2985 2107 3031 constat.

512 3065 633 3122 Jatn
682 3083 814 3125 vero
862 3083 983 3123 cum
1010 3068 1205 3122 horum
1231 3067 1475 3122 codicum
1503 3073 1733 3134 quatuor
1763 3068 1982 3135 insignis
2011 3077 2249 3123 vetustas
2277 3069 2363 3132 sit,
2395 3074 2451 3122 et
2480 3068 2532 3122 in
2566 3068 2818 3133 bomiliis,
2852 3076 2985 3131 etc.,
3027 3067 3243 3123 Maximi
3272 3070 3477 3123 auctori
3504 3085 3604 3124 suo
3624 3084 3713 3123 as-

443 3160 711 3215 cribendis
739 3160 873 3214 mira
898 3159 1213 3225 consensio;
1256 3174 1365 3213 non
1394 3165 1508 3212 erat
1537 3159 1780 3228 proiecto
1832 3174 1928 3213 cur
1974 3159 2273 3214 dubitarem
2326 3159 2582 3228 opuscula
2612 3159 2854 3227 quaedam
2884 3158 3119 3211 botulum
3151 3159 3313 3225 edita,
3345 3174 3465 3227 qua:
3494 3158 3711 3213 Maximi

440 3249 683 3319 ejusdem
731 3250 787 3303 in
826 3250 1100 3305 codicibus
1136 3249 1238 3304 illis
1266 3248 1578 3319 prmferrent
1623 3264 1838 3315 nomen,
1867 3251 1964 3319 ipsi
1994 3264 2113 3305 esse
2147 3249 2379 3306 Maximo
2408 3250 2776 3319 adjudicanda.
2810 3250 2869 3303 In
2890 3250 3079 3304 horum
3109 3258 3234 3304 sunt
3261 3265 3485 3305 numero
3510 3250 3719 3321 egregii

439 3348 705 3397 tractatus
732 3341 796 3394 de
826 3340 1091 3411 Baptismo
1112 3349 1241 3406 tres,
1266 3357 1403 3411 quos
1425 3341 1671 3409 equidem
1692 3349 1815 3411 post
1834 3342 2082 3400 homilias
2102 3349 2158 3396 et
2183 3357 2458 3397 sermones
2480 3342 2580 3414 (uti
2608 3343 2899 3413 specimen,
2951 3340 3286 3397 Maximianae
3319 3358 3427 3396 non
3449 3342 3713 3399 doctrinae

439 3432 633 3497 solum,
665 3432 759 3487 sed
789 3433 951 3487 etiam
980 3435 1185 3502 peritia:
1207 3435 1406 3489 rituum
1437 3434 1732 3504 sacrorum)
1764 3434 1920 3489 dabo.

509 3525 576 3579 Χ.
619 3525 925 3595 Subalpinis
948 3527 1097 3583 hisce
1117 3528 1502 3582 annumerandi
1523 3536 1647 3583 sunt
1672 3526 2035 3583 Vcrcellenses
2064 3529 2296 3595 codices,
2326 3532 2556 3598 quorum
2577 3534 2684 3581 tres
2707 3524 3108 3580 accuratissima
3155 3523 3428 3590 diligentia
3475 3524 3711 3579 versavit

433 3618 806 3688 pervolvitque
828 3620 1139 3673 canonicus.
1174 3617 1296 3672 Ant.
1332 3617 1521 3673 Franc.
1552 3618 1771 3681 Frisius,
1805 3618 1965 3687 cujus.
1982 3626 2065 3675 est
2090 3626 2217 3673 ante
2237 3635 2267 3673 a
2296 3620 2451 3674 nobis
2479 3634 2599 3673 cum
2627 3617 2785 3671 laude
2807 3615 2947 3670 facta
2975 3614 3451 3679 commemoratio;
3480 3631 3711 3684 qumque

435 3710 489 3764 in
519 3710 583 3763 iis
609 3710 964 3779 deprehendit
984 3717 1172 3764 notata
1200 3708 1381 3777 digna,
1413 3709 1688 3763 mandavit
1711 3710 1919 3774 litteris,
1945 3694 2157 3779 egitque
2179 3712 2385 3777 sedulo,
2420 3719 2477 3765 ut
2499 3710 2693 3765 eorum
2728 3724 2815 3762 me
2835 3707 3148 3778 participem
3190 3706 3408 3761 faceret.
3444 3706 3600 3762 Prior
3624 3716 3712 3763 est

435 3800 628 3855 horum
650 3800 983 3855 homiliarius
997 3800 1169 3856 codex
1186 3816 1334 3853 num.
1363 3798 1429 3852 66
1459 3798 1671 3853 in-folio
1692 3802 1925 3854 maximo
1945 3802 2122 3856 saeculi
2144 3818 2236 3867 xu,
2263 3803 2351 3857 vel
2372 3818 2481 3867 xm,
2502 3801 2556 3855 in
2586 3799 2850 3854 tabulario
2879 3798 3202 3853 cathedralis
3231 3799 3470 3853 ecclesia:
3497 3800 3711 3868 integer

434 3899 678 3947 servatus
724 3906 846 3946 cum
875 3892 1012 3955 aliis,
1043 3904 1271 3961 quorum
1300 3902 1382 3944 est
1410 3890 1606 3944 ibidem
1647 3890 1867 3958 insignis
1894 3893 2070 3960 copia.
2092 3892 2149 3947 In
2171 3909 2236 3948 eo
2265 3894 2449 3948 codice
2469 3892 2687 3947 homilia
2718 3891 2806 3946 illa
2830 3890 3025 3959 legitur
3044 3891 3212 3945 sancti
3244 3892 3409 3945 nostri
3439 3893 3705 3961 prmsulis,

433 3999 552 4053 qua:
577 3993 658 4040 est
679 3986 931 4053 inscripta
953 3984 1016 4036 de
1043 3981 1396 4036 Mirabilibas.
1417 3980 1568 4035 Hanc
1596 3990 1719 4035 mox
1741 3990 2038 4051 sequuntur
2058 3983 2125 4037 de
2152 3992 2337 4039 sancto
2353 3982 2583 4038 Eusebio
2611 3981 2866 4051 episcopo
2895 3979 3219 4035 Vercellensi
3240 3996 3517 4037 sermones
3544 3983 3708 4051 quin-

428 4074 784 4147 que,duoque
805 4074 927 4128 inde
952 4087 1226 4129 sermones
1247 4070 1310 4126 de
1337 4072 1507 4126 sancti
1527 4069 1797 4124 Laurentii
1820 4073 2064 4142 martyris
2093 4071 2415 4126 Festivitate.

502 4161 660 4239 [xxn]
685 4162 835 4217 Alter
852 4161 1042 4225 codex,
1068 4162 1121 4215 in
1145 4162 1284 4216 serie
1295 4161 1715 4217 Vercellensium
1743 4162 1993 4216 tabularii
2020 4162 2590 4218 ecclesiaacatbedralis
2616 4171 2698 4217 est
2725 4162 2981 4231 septimus
3004 4178 3247 4226 numero,
3264 4165 3709 4222 membranaceus

427 4257 652 4329 perinde
680 4253 891 4310 iu—folio
921 4254 1157 4309 maximo
1183 4262 1497 4325 spectatque
1538 4252 1605 4306 ad
1633 4270 1686 4306 ιι
1729 4252 1997 4307 saeculum.
2044 4252 2213 4307 Unam
2244 4254 2288 4308 is
2309 4256 2547 4309 continet
2576 4254 2850 4309 homiliam
2876 4255 3049 4309 sancti
3076 4253 3293 4307 Maximi
3325 4254 3707 4324 prml'ercotem

430 4362 647 4414 nomen,
680 4346 831 4417 cujus
851 4346 965 4401 haec
993 4352 1075 4400 est
1096 4347 1372 4416 inscriptio
1397 4364 1409 4398 :
1438 4344 1506 4398 In
1535 4353 1718 4399 octava
1732 4343 1970 4409 Domini,
1998 4345 2050 4399 id
2070 4352 2171 4411 est,
2194 4345 2299 4399 kal.
2321 4345 2582 4399 Januarii.
2606 4345 2734 4399 Eam
2757 4343 3064 4418 Gymnicus,
3088 4345 3449 4415 deincepsque
3476 4346 3567 4400 alii
3587 4346 3710 4402 edi-

426 4440 641 4495 derunt.

496 4529 574 4583 De
601 4528 780 4591 tertio,
811 4527 863 4582 id
892 4540 993 4595 ego
1021 4526 1373 4582 animadverti
1400 4527 1525 4581 volo
1551 4544 1563 4578 :
1596 4524 2063 4580 membranaceum
2093 4539 2306 4595 quoque
2334 4524 2505 4592 ipsum
2530 4539 2665 4589 esse,
2690 4524 3067 4594 pertinereque
3088 4523 3155 4578 ad
3184 4523 3325 4578 idem
3351 4540 3404 4578 XI
3424 4525 3704 4589 smculuni.

425 4637 488 4679 ac
514 4622 764 4676 hoinilias
785 4621 1067 4689 complecti
1100 4618 1187 4684 18,
1209 4633 1362 4689 quas,
1394 4618 1494 4673 etsi
1513 4617 1719 4686 jamdiu
1741 4617 1882 4687 typis
1902 4616 2162 4684 vulgatas,
2196 4616 2239 4668 is
2268 4622 2446 4669 tamen
2477 4614 2648 4669 codex
2672 4612 2932 4682 majorem
2974 4614 3027 4667 in
3057 4614 3274 4669 modum
3303 4612 3589 4670 continuat
3616 4626 3705 4671 at-

423 4715 587 4770 tribui
616 4713 849 4767 Maximo
878 4718 1149 4781 oportere.

495 4806 585 4860 XI.
629 4805 773 4861 Idem
798 4821 896 4860 nos
923 4799 1124 4858 Frisius
1152 4802 1409 4858 certiores
1437 4802 1582 4864 fecit,
1616 4817 1693 4873 se,
1726 4810 1919 4870 prceter
1944 4799 2283 4868 Subalpinos,
2319 4797 2513 4853 vidisse
2559 4796 2693 4852 alios
2722 4796 3054 4852 homiliarios
3076 4796 3241 4851 libros
3266 4804 3497 4864 quatuor
3520 4796 3574 4850 in
3618 4797 3707 4850 bi-

420 4899 782 4969 bliopliylacio
811 4896 1050 4951 ecclesiae
1077 4893 1396 4949 cathedralis
1424 4893 1685 4959 Novariae,
1720 4907 1893 4961 exque
1919 4892 1982 4945 iis
2012 4890 2159 4944 velut
2182 4905 2213 4943 e
2233 4889 2468 4942 fontibus
2495 4888 2660 4940 multa
2682 4888 2943 4951 hausisse,
2970 4901 3089 4955 qua;
3110 4884 3477 4953 prospexisset
3501 4898 3709 4952 magno

422 4991 645 5047 editioni
674 4990 799 5044 huic
827 4996 1024 5043 nostra:
1050 4994 1370 5041 ornamento
1401 4995 1562 5053 atque
1588 4984 1803 5037 utilitati
1831 4982 1963 5036 fore.
1997 4978 2311 5049 Cujusmodi
2342 4986 2523 5032 autem
2551 4979 2603 5031 hi
2635 4978 2742 5031 sint
2762 4978 2993 5040 codices,
3018 4976 3203 5045 paucis
3233 4988 3519 5043 exponam.
3548 4972 3711 5029 Prior

422 5092 506 5139 est
532 5082 972 5137 tnembranaceus
1000 5078 1223 5142 in-lolio,
1248 5088 1435 5148 estque
1468 5079 1519 5131 in
1549 5079 1686 5132 serie
1715 5076 1961 5131 codicum
1991 5074 2105 5143 ejus
2134 5073 2375 5129 ecclesia:
2399 5072 2883 5141 manuscriptorum
2913 5086 3167 5124 numerus
3195 5070 3471 5139 septimus.
3508 5068 3709 5123 Conti-

425 5182 519 5231 net
539 5174 710 5229 sancti
738 5172 952 5226 Maximi
981 5171 1230 5226 homilias
1253 5170 1385 5224 duas
1413 5170 1693 5239 inscriptas
1708 5169 1771 5221 de
1792 5165 2059 5222 Communi
2081 5165 2424 5236 plurimorum
2444 5171 2747 5231 martyrum,
2780 5177 3003 5231 quarum
3025 5153 3240 5230 quidem
3270 5160 3465 5228 prioris
3492 5160 3602 5215 hoc
3622 5170 3713 5215 est

423 5265 633 5319 initium
664 5282 676 5316 :
710 5262 915 5317 Corona
934 5263 1287 5316 universorum
1317 5268 1602 5328 martyrum
1632 5258 1810 5330 fulget,
1844 5265 1982 5322 etc.;
2008 5258 2227 5310 alterius
2256 5270 2385 5309 vero
2409 5272 2421 5306 :
2445 5252 2688 5323 Sufﬁcere
2712 5252 2857 5306 nobis
2886 5252 3088 5305 deberet
3110 5252 3177 5303 ad
3198 5253 3485 5321 profectum
3507 5261 3713 5308 nostra

424 5356 627 5421 salutis,
656 5363 760 5409 etc.
786 5353 975 5408 Exstat
995 5361 1222 5420 utraque
1244 5353 1298 5405 in
1328 5351 1489 5404 variis
1510 5365 1636 5403 mss.
1670 5347 1964 5411 codicibus,
1996 5348 2087 5415 qui
2113 5347 2179 5400 ab
2209 5347 2313 5399 hoc
2342 5344 2661 5399 Vercellensi
2698 5342 3012 5409 quibusdam
3044 5341 3095 5393 in
3130 5340 3261 5393 locis
3284 5340 3615 5408 discrepant,
3650 5351 3713 5396 ut

423 5456 725 5519 opportune
748 5462 776 5499 a
804 5445 975 5507 nobis,
1004 5444 1131 5499 dum
1161 5452 1371 5513 tempus
1398 5441 1683 5505 monuerit,
1718 5439 2081 5492 annotabitur.
2108 5438 2255 5490 Alter
2276 5436 2467 5500 codex,
2492 5435 2930 5489 membranaceus
2962 5433 3088 5485 item
3112 5430 3328 5484 in-folio
3359 5431 3538 5484 saeculi
3562 5431 3713 5501 ejus—

418 5536 544 5593 dem
566 5552 658 5601 xu,
682 5549 845 5589 uuam
866 5533 1014 5588 illam
1031 5533 1305 5589 ltomiliam
1334 5531 1570 5595 exhibet,
1600 5529 1750 5597 cujus
1772 5543 1892 5583 esse
1918 5528 2129 5583 initium
2159 5527 2391 5582 diximus
2424 5545 2436 5578 :
2470 5526 2720 5594 Sufﬁcere
2743 5524 2889 5578 nobis
2919 5522 3143 5584 deberet,
3178 5529 3283 5574 etc.
3319 5519 3598 5575 Vetustior
3629 5530 3715 5577 est

421 5630 630 5697 tertius,
660 5626 1100 5683 membranaceus
1128 5624 1350 5695 perinde
1380 5621 1612 5685 inofolio,
1645 5622 1884 5688 signatus
1933 5635 2077 5674 num.
2110 5619 2178 5671 27
2227 5629 2280 5674 et
2312 5620 2600 5673 initialibus
2633 5617 2822 5671 litteris
2852 5616 3002 5669 vario
3046 5614 3232 5669 colore
3279 5613 3508 5682 pulchre
3537 5622 3712 5685 atque
