3898 6226
102 376 158 433 ἓῖ
1523 378 1641 431 PB}

1863 375 1905 431 ).
3329 381 3402 436 26

92 492 284 549 alfab-e
311 492 479 563 pictis
509 500 754 551 ornatus.
781 490 1023 545 Pertinet
1052 488 1195 545 enim
1220 486 1287 542 ad
1316 502 1369 542 ix
1390 488 1475 542 vel
1504 503 1770 541 summum
1802 487 1868 541 ad
1898 502 1931 539 x
1961 484 2214 540 Ecclesiae
2234 484 2506 539 saeculum.
2538 483 2587 538 is
2618 484 2829 538 nonnisi
2876 483 3094 539 Maximi
3138 485 3395 541 liomilias

93 583 473 655 orationesque
523 583 919 653 complectitur.
970 579 1239 649 Principio
1268 592 1360 633 eas
1389 577 1607 631 exhibet
1626 590 1744 645 quae
1771 574 1965 628 habitae
1994 574 2144 628 fuere
2173 582 2298 627 ante
2321 573 2537 628 Domini
2559 572 2925 639 Nativitatem,
2958 574 3152 629 deinde
3176 575 3389 629 illarum

93 675 273 743 plures
300 692 416 743 quae
446 684 582 731 sunt
620 676 688 730 de
714 674 931 743 reliquis
950 673 1217 744 mysteriis
1243 669 1547 725 Servatoris
1571 667 1771 722 Christi
1796 686 1809 733 ;
1857 683 1975 738 quae
2003 668 2218 737 quidem
2247 682 2455 730 omnes,
2492 668 2593 725 etsi
2615 666 2774 721 editae
2801 666 3034 721 antehac
3059 666 3291 734 fuerant,
3326 669 3393 723 il-

90 763 307 818 lustrari
350 774 545 820 tamen
584 764 785 819 codicis
809 762 1031 830 hujusce
1051 776 1157 831 ope
1184 759 1443 825 majorem
1473 759 1526 811 in
1549 757 1768 811 modum
1788 764 2032 826 possunt,
2065 756 2366 825 ascribique
2395 755 2626 812 Maximo
2650 756 2835 808 tutius.
2869 752 3004 809 Huic
3032 764 3115 809 est
3142 765 3386 826 quartus,

90 853 303 907 tametsi
334 868 438 907 non
467 861 637 908 aetate
667 852 919 923 (scriptus
940 864 1172 919 namque
1193 847 1291 901 fuit
1317 864 1369 900 xi
1391 846 1630 915 saeculo),
1660 854 1715 899 at
1746 862 1841 915 par
1888 856 2068 900 tamen
2119 845 2385 914 elegantia
2412 846 2742 915 picturarum
2769 852 2825 899 et
2870 846 3262 914 characterum,
3292 863 3382 902 ra—

91 942 343 1011 tioneque
366 943 709 999 cdlectionis
738 943 1078 997 homiliarum
1100 948 1591 1010 atquersermonum
1613 939 1773 1008 plane
1811 940 2017 994 similis.
2050 937 2144 992 Est
2172 939 2219 992 is
2238 952 2456 1007 quoque
2475 938 2923 993 membranaceus
2951 938 3183 1003 in-folio,
3210 940 3383 1009 pluri-

87 1046 343 1101 mumque
385 1034 545 1089 nobis
588 1033 657 1088 ad
684 1034 821 1088 hanc
849 1031 1141 1086 editionem
1170 1028 1471 1084 accuratius
1518 1027 1883 1082 adornandam
1923 1027 2103 1080 attulit
2152 1026 2272 1095 opis
2301 1032 2357 1081 et
2384 1024 2699 1093 adjumenti.
2734 1024 2908 1093 Atque
2938 1026 3050 1079 haec
3078 1026 3293 1096 quidem
3316 1028 3385 1083 de

86 1119 396 1189 Suhalpinis
418 1120 950 1187 Novariensibusque
970 1117 1248 1173 codicibus
1286 1115 1428 1170 dicta
1455 1122 1638 1169 sunto.
2384 1170 2388 1174 Α

155 1211 269 1264 XII.
311 1211 598 1279 Sequitur,
632 1219 692 1265 ut
718 1211 785 1264 de
811 1207 1136 1263 Florentinis
1166 1220 1339 1274 agam.
1366 1204 1494 1270 Quae
1524 1212 1703 1258 autem
1732 1218 1820 1256 me
1844 1204 2077 1272 primum
2106 1201 2378 1271 impulerit
2404 1215 2586 1266 causa,
2619 1201 2697 1255 uti
2724 1216 2812 1255 me
2838 1203 3016 1271 ipsum
3045 1202 3112 1256 ad
3142 1205 3244 1259 hos
3267 1220 3387 1275 pen-

88 1298 383 1352 volvendos
411 1297 741 1360 conferrem,
765 1297 1015 1351 brevibus
1044 1295 1272 1363 accipiat
1288 1294 1477 1358 lector,
1502 1293 1683 1347 velim.
1707 1291 1842 1346 Cum
1866 1292 2152 1346 Florentiae
2182 1307 2268 1345 an.
2296 1291 2436 1344 1778
2466 1308 2732 1359 versarer,
2764 1309 2893 1349 ecce
2912 1295 3063 1360 mihi,
3089 1295 3384 1363 quidquam

88 1389 194 1442 tale
234 1404 302 1443 ne
340 1388 649 1456 suspicanti
686 1387 921 1457 quidem,
954 1385 1175 1441 redditae
1204 1383 1425 1438 fuerunt
1451 1384 1643 1437 litterae
1673 1384 1829 1437 nonis
1858 1382 2128 1452 Aprilibus
2156 1382 2235 1435 Pii
2262 1383 2400 1436 sexti
2430 1382 2699 1452 pontificis
2726 1384 2945 1438 maximi
2969 1384 3121 1453 jussu
3140 1384 3378 1453 scriptae,

88 1479 278 1548 quibus
333 1479 625 1542 monebar,
677 1485 735 1531 ut
780 1491 917 1532 onus
963 1475 1385 1544 colligendorum
1430 1473 1605 1528 sancti
1660 1471 1878 1525 Maximi
1921 1471 2271 1526 Taurinensis
2298 1486 2523 1541 operum
2561 1472 3000 1541 edendorumque
3028 1475 3380 1542 susciperem.

88 1566 202 1623 Etsi
242 1584 510 1625 noveram
559 1569 677 1637 ipse
724 1582 835 1632 me,
867 1566 1024 1634 eique
1071 1566 1221 1621 oneri
1258 1562 1481 1618 ferendo
1510 1562 1772 1631 imparem
1793 1578 1902 1616 non
1933 1562 2290 1629 agnoscebam
2320 1560 2503 1625 modo,
2537 1561 2632 1615 sed
2660 1564 2821 1616 etiam
2844 1563 3167 1632 proﬁtebar;
3201 1561 3379 1634 [xxiii]

88 1676 205 1716 cmn
248 1670 434 1716 tamen
485 1660 646 1715 novis
692 1658 932 1728 epistolis
979 1656 1048 1711 ad
1104 1664 1313 1711 tantum
1358 1670 1496 1725 opus
1549 1653 1842 1707 ineundum
1872 1667 2112 1720 urgerer,
2164 1652 2309 1707 dicto
2338 1653 2554 1706 tandem
2585 1654 2826 1718 audiens,
2868 1669 3078 1708 mecum
3106 1654 3377 1721 cogitavi:

86 1765 189 1814 me,
220 1752 366 1821 quod
396 1766 582 1820 neque
610 1750 842 1817 ingenio,
876 1763 1051 1817 neque
1079 1746 1484 1810 exercitatione,
1513 1747 1615 1801 hoc
1635 1745 1928 1815 praesertim
1950 1745 2002 1798 in
2024 1758 2221 1808 genere
2250 1744 2568 1807 studiorum,
2594 1746 2806 1815 assequi
2840 1760 2998 1814 posse
3031 1746 3380 1810 confiderem,

86 1841 137 1895 id
163 1858 282 1897 esse
305 1843 546 1898 fortasse
573 1842 847 1909 diligentia
875 1848 1308 1895 consecuturum.
1353 1838 1539 1907 Itaque
1583 1853 1703 1893 cum
1746 1839 1926 1891 animo
1955 1838 2456 1907 circumspexrssem
2483 1852 2818 1906 quaecunque
2839 1836 2991 1905 operi
3020 1836 3192 1889 eidem
3219 1833 3379 1903 perﬁ-

85 1932 271 1988 ciendo
299 1933 616 1989 conducere
660 1946 820 2001 posse
848 1931 1178 1992 viderentur,
1210 1929 1583 1997 rationemque
1624 1928 1934 1996 cumprimis
1974 1927 2217 1981 codicum
2259 1934 2502 1980 veterum
2542 1927 3032 1995 manuscriptorum
3078 1924 3380 1979 habendam

85 2024 434 2094 iudicassem;
467 2038 704 2093 cumque
731 2022 1176 2086 considerassem,
1208 2021 1263 2073 in
1293 2035 1357 2074 ea
1394 2035 1481 2073 me
1528 2020 1685 2073 urbe'
1707 2018 1923 2086 degere,
1950 2018 2004 2071 in
2046 2032 2153 2087 qua
2190 2016 2445 2071 codicum
2480 2016 2750 2085 ejusmodi
2780 2016 2935 2084 copia
2964 2015 3186 2083 insignis
3215 2023 3380 2077 esset,

87 2132 307 2187 quorum
350 2120 483 2187 pars
533 2116 768 2169 maxima
796 2114 851 2168 in
876 2112 1236 2167 Laurentiana
1276 2111 1603 2165 bibliotheca
1632 2108 2038 2177 diligentissime
2084 2114 2422 2172 servaretur;
2454 2121 2574 2167 esse
2613 2107 2743 2159 mihi
2772 2107 2902 2160 vitio
2930 2106 3245 2161 vertendum
3274 2120 3380 2175 pu-

87 2207 214 2269 tavi,
244 2206 348 2259 nisi
376 2221 445 2260 eo
474 2219 567 2257 me
597 2203 758 2258 etiam
799 2201 1117 2266 conferrem,
1151 2200 1381 2267 indeque
1409 2196 1713 2269 praesidium
1749 2205 1992 2266 peterem
2019 2194 2278 2249 meditato
2323 2195 2473 2264 operi
2516 2206 2679 2263 atque
2726 2195 2972 2249 instituto
3017 2195 3189 2248 labori
3227 2210 3372 2249 meo.

86 2292 262 2363 Neque
287 2308 422 2349 vero
449 2301 560 2362 est,
593 2309 689 2348 cur
716 2292 804 2347 hic
830 2306 931 2361 ego
960 2291 1076 2360 ejus
1104 2290 1446 2345 bibliothecae
1475 2288 1671 2342 decora
1712 2287 1965 2356 persequi
1994 2285 2315 2341 celebrando
2344 2286 2535 2351 velim;
2567 2301 2689 2340 cum
2719 2271 2833 2340 hoc
2866 2284 3069 2354 jamdiu
3115 2285 3378 2355 perfuncti

88 2383 277 2439 fuerint
303 2401 534 2440 munere
564 2383 910 2439 eruditissimi
937 2382 1040 2436 viri
1068 2381 1424 2443 Mabillonius,
1455 2378 1905 2442 Montfauconius,
1951 2377 2292 2439 Pearsonius,
2334 2376 2576 2441 Vossius,
2611 2377 2951 2441 Lambecius,
2984 2378 3181 2446 aliique
3208 2394 3378 2448 prope

88 2476 521 2542 innumerabiles,
554 2490 787 2545 quorum
814 2481 939 2528 sunt
965 2472 1219 2526 mandata
1248 2471 1556 2526 testimonia
1577 2469 1851 2524 memoriae
1871 2468 2148 2524 hominum
2177 2467 2537 2537 sempiternae.
2570 2466 2685 2522 Hoc
2711 2468 2884 2522 dicam
2914 2469 3175 2538 perbreve
3208 2488 3220 2521 :
3253 2484 3375 2524 eam

88 2580 116 2617 a
143 2564 389 2621 Mediceis
416 2565 633 2634 magnis
662 2563 889 2618 Etruria:
908 2562 1150 2627 ducibus,
1182 2560 1467 2617 commodo
1495 2561 1573 2615 rei
1590 2561 1862 2615 litterariae
1886 2558 2130 2630 publicae,
2157 2575 2362 2631 summa
2384 2558 2723 2624 liberalitate,
2750 2560 2931 2615 multis
2950 2562 3122 2630 iisque
3152 2564 3361 2631 insigni-

89 2658 181 2711 bus
207 2658 472 2727 elegantia
501 2665 670 2725 atque
697 2664 963 2711 vetustate
993 2654 1265 2709 codicibus
1294 2653 1705 2722 locupletatam;
1728 2651 2087 2720 deincepsque
2113 2665 2145 2704 ε
2175 2650 2462 2705 Francisco
2490 2650 2529 2703 l.
2563 2649 2624 2703 P.
2663 2649 2724 2705 F.
2771 2651 3033 2719 Augusto,
3064 2655 3377 2709 accessione

90 2744 321 2799 codicum
347 2745 778 2809 Gaddianorum,
811 2758 948 2812 quos
987 2743 1074 2796 ille
1102 2740 1203 2795 sibi
1230 2753 1338 2795 acre
1364 2732 1567 2809 ingenti
1596 2756 1695 2796 suo
1721 2749 2031 2809 paraverat,
2056 2748 2300 2805 auctam;
2333 2755 2397 2795 ac
2424 2739 2724 2795 mirandum
2753 2741 2985 2810 denique
3015 2743 3065 2797 in
3096 2744 3314 2799 modum
3342 2761 3375 2799 a

91 2828 241 2887 Petro
270 2834 552 2903 Leopoldo
582 2832 871 2889 archiduce
900 2832 1128 2886 Austria:
1170 2844 1473 2901 magnoque
1519 2830 1747 2885 Etruriae
1775 2831 1911 2885 duce
1952 2829 2114 2903 fuisse
2143 2830 2538 2901 ampliﬁcatam,
2568 2833 2729 2888 illatis
2758 2834 2811 2887 in
2851 2849 2970 2887 eam
3010 2836 3247 2891 maximo
3276 2854 3371 2892 nu-

91 2938 233 2981 mero
260 2925 563 2991 codicibus,
596 2925 689 2994 qui
716 2925 944 2993 dispersi
972 2932 1098 2977 ante
1127 2923 1181 2977 in
1209 2922 1540 2993 quibusdam
1558 2923 1736 2977 minus
1758 2923 1901 2978 notis
1927 2922 2373 2995 bibliophylaciis,
2405 2926 2553 2980 velut
2582 2931 2634 2979 ln
2657 2924 2910 2994 tenebris,
2943 2928 3243 2985 latuissent.

156 3012 468 3081 Quanquam
498 3020 687 3067 autem
715 3012 881 3081 multa
923 3011 1072 3080 prius
1116 3011 1473 3079 collegeram,
1525 3026 1687 3080 quam
1734 3011 1801 3065 ad
1848 3011 2237 3081 pervolvendos
2298 3014 2686 3069 Laurentianos
2737 3017 2951 3072 codices
2999 3021 3369 3087 accessissem,

92 3119 277 3173 anceps
305 3113 489 3159 tamen
520 3102 699 3157 adhuc
727 3101 1013 3165 haerebam,
1046 3101 1279 3155 Maximo
1308 3117 1395 3167 ne,
1438 3117 1506 3155 an
1538 3102 1692 3155 alteri
1733 3102 1982 3171 cuiquam
2023 3102 2239 3157 Patrum
2283 3098 2518 3158 homiliae
2554 3105 2737 3175 plures
2783 3102 3171 3178 sermonesque
3208 3112 3372 3167 tribui

93 3193 364 3260 deberent;
392 3208 628 3262 quarum
654 3191 873 3261 quidem
896 3191 1240 3245 homiliarum
1278 3204 1615 3259 quorumque
1656 3207 1964 3247 sermonum
1998 3204 2123 3262 pars
2165 3194 2219 3247 in
2247 3194 2565 3262 quibusdam
2605 3195 2881 3253 codicibus
2911 3200 3108 3255 nullius
3136 3203 3376 3258 auctoris

92 3283 351 3355 praeferret
377 3300 602 3350 nomen,
633 3300 761 3355 pars
788 3278 1007 3338 Maximi
1036 3282 1296 3351 ejusdem,
1328 3298 1454 3352 pars
1484 3283 1728 3339 aliorum.
1763 3284 1867 3338 Sed
1897 3292 2249 3354 posteaquam
2277 3284 2415 3339 facta
2443 3285 2575 3339 mihi
2616 3286 2733 3354 ejus
2765 3287 3106 3345 bibliothecae
3127 3292 3372 3347 codicum

91 3372 422 3442 legendorum
448 3382 697 3446 potestas
722 3374 839 3439 fuit,
870 3388 1071 3442 eosque
1100 3373 1227 3445 (ope
1270 3374 1654 3428 accuratissimi
1708 3374 1897 3429 indicis
1944 3389 2154 3429 summo
2201 3373 2379 3429 studio
2414 3375 2679 3430 elaborati
2708 3377 3041 3448 perfectique
3071 3382 3139 3434 ab
3167 3382 3374 3449 Angclo

92 3462 245 3519 Maria
273 3464 537 3521 Bandinio
590 3466 706 3519 viro
750 3479 880 3519 sane
918 3464 1101 3527 docto,
1133 3464 1396 3517 canonico
1433 3462 1810 3517 Laurentianac
1834 3464 2065 3517 basilicae
2108 3464 2267 3530 eique
2304 3461 2646 3518 bibliothecae
2688 3467 2964 3536 praefecto)
2993 3470 3189 3538 reperi,
3219 3486 3373 3525 reco-

90 3553 256 3617 gnovi,
284 3555 521 3620 contuli;
556 3562 672 3607 tum
706 3552 891 3620 obtigit
920 3566 987 3605 ex
1016 3552 1300 3615 sententia,
1335 3560 1393 3605 ut
1419 3553 1693 3607 orationes
1723 3569 1831 3607 non
1877 3567 2047 3621 parvo
2083 3566 2307 3605 numero
2335 3552 2421 3607 vel
2450 3554 2571 3607 aliis
2595 3555 2881 3611 attributas
2907 3574 3091 3612 errore
3119 3558 3371 3615 librario-

90 3658 197 3697 rum
224 3647 563 3701 restituerem
592 3644 861 3710 Maximo;
888 3643 973 3698 vel
1002 3644 1179 3697 minus
1208 3652 1346 3707 tuto,
1373 3644 1575 3699 falsove
1604 3644 1820 3699 Maximi
1849 3644 2162 3713 inscriptum
2202 3642 2436 3698 ferentes
2477 3660 2675 3700 nomen
2716 3647 2771 3699 in
2814 3663 3039 3716 operum
3082 3648 3369 3708 dubiorum

92 3739 175 3784 aut
215 3736 501 3789 nothorum
549 3734 781 3789 classem
822 3731 1123 3802 rejicerem.
1156 3733 1292 3787 Sunt
1326 3748 1489 3802 porro
1519 3734 1575 3787 hi
1605 3734 1949 3788 Laurentiani
1978 3734 2191 3788 codices
2220 3733 2333 3788 fere
2360 3750 2549 3789 omnes
2578 3737 2885 3803 homiliarii,
2914 3739 3019 3794 hoc
3048 3748 3129 3793 est
3158 3754 3369 3798 sancto-

89 3834 193 3874 rum
235 3823 471 3877 humilia:
511 3825 803 3889 continent,
843 3839 957 3895 qua:
986 3824 1086 3893 legi
1125 3823 1358 3876 solebant
1386 3824 1440 3875 in
1474 3823 1779 3888 Dominicis,
1828 3824 1881 3875 in
1914 3821 2123 3888 Natali,
2166 3832 2216 3875 et
2245 3824 2299 3875 in
2343 3824 2489 3895 festis
2527 3834 2823 3879 sanctorum
2853 3830 3065 3897 propria
3105 3832 3369 3901 evangelia

88 3909 383 3977 habentium,
411 3922 460 3966 et
480 3917 537 3969 in
563 3911 847 3976 Paschate,
876 3919 925 3965 et
947 3912 1000 3964 in
1021 3910 1325 3966 Pentecoste
1357 3927 1472 3963 cum
1512 3909 1779 3981 ferialibus
1800 3910 2095 3964 earumdem
2118 3911 2215 3981 (α).
2250 3906 2379 3979 Legi
2414 3920 2593 3965 autem
2623 3913 2703 3967 hae
2733 3912 2951 3969 Patrum
2976 3917 3210 3972 homilia:
3236 3935 3369 3973 con-

88 4013 355 4059 sueverant
380 4006 620 4074 publice,
654 4004 899 4073 vertique
923 4005 1083 4058 etiam
1114 4004 1381 4059 interdum
1420 4005 1473 4058 in
1519 4004 1834 4073 popularem
1880 4020 2203 4070 sermonem,
2253 4022 2351 4075 quo
2400 4006 2608 4077 facilius
2654 4009 2825 4061 cuncti
2868 4008 3035 4080 [xxxv]
3084 4010 3369 4080 intelligere

86 4103 293 4160 possent,
324 4111 437 4165 quae
458 4096 760 4148 dicerentur
790 4092 887 4165 (b).
919 4094 1106 4161 Neque
1146 4109 1276 4148 vero
1319 4094 1717 4149 cathedralibus
1765 4097 2003 4149 ecclesiis
2031 4096 2202 4150 solum
2233 4096 2430 4151 saeculo
2468 4114 2520 4151 vr
2568 4106 2623 4151 et
2667 4113 2805 4167 seq.,
2839 4099 2933 4154 sed
2971 4102 3367 4170 parocliial‘ibus

90 4196 289 4252 quoque
316 4200 379 4239 ac
405 4185 761 4249 monasticis;
791 4185 919 4253 quin
948 4185 1110 4239 etiam
1141 4184 1333 4253 cuique
1356 4186 1642 4251 sacerdoti,
1673 4186 1727 4239 in
1753 4187 1957 4254 aliquot
1983 4186 2291 4254 regionibus
2319 4188 2510 4242 saltem
2532 4190 2615 4242 sui
2638 4198 2791 4243 erant
2816 4191 3105 4255 homiliarii
3128 4193 3364 4249 codices.

87 4276 153 4330 Ac
180 4277 241 4332 de
271 4278 668 4349 parochialibus
696 4277 911 4345 quidem
936 4278 1156 4331 illustris
1184 4286 1266 4331 est
1293 4277 1482 4347 synodi
1514 4277 1764 4332 Vasensis
1794 4294 1881 4331 an.
1909 4275 2008 4329 529
2037 4278 2323 4332 celebratae
2364 4279 2514 4334 locus
2542 4278 2636 4349 (c).
2670 4279 2746 4334 De
2775 4282 3086 4337 monasticis
3113 4285 3363 4353 exemplo

87 4370 228 4422 nobis
258 4386 361 4439 prae
390 4372 605 4426 ceteris
644 4370 748 4424 erit
793 4368 1133 4423 Florentinus
1170 4368 1379 4423 Sanctae
1419 4365 1627 4434 Crucis,
1660 4384 1801 4423 nunc
1852 4368 2245 4422 Laurentianus
2286 4368 2377 4422 ille
2424 4369 2616 4435 codex,
2648 4370 2740 4437 qui
2788 4370 3092 4437 aliquorum
3142 4371 3363 4427 Patrum

84 4458 312 4515 homilias
358 4479 449 4531 per
494 4471 666 4516 totum
706 4477 901 4513 annum
946 4460 1335 4529 complectitur,
1366 4467 1555 4527 estque
1591 4458 1905 4512 distributus
1945 4459 1996 4513 in
2034 4467 2217 4527 partes
2244 4457 2395 4523 duas,
2430 4474 2657 4526 quarum
2687 4459 2854 4527 priori
2883 4459 3000 4513 haec
3025 4470 3107 4514 est
3141 4461 3362 4530 praeﬁxa

85 4546 373 4619 inscriptio:
404 4551 570 4604 Lmen
602 4564 957 4604 sancrlssmle
989 4547 1299 4601 TRINITATIS
1324 4563 1390 4599 ne
1414 4546 1620 4611 Eneno,
1650 4564 1774 4617 pars
1800 4546 1847 4599 1.
1876 4546 2125 4600 Homilice
2157 4563 2191 4607 α
2227 4545 2503 4599 Dominica
2532 4536 2702 4616 prima
2743 4548 2805 4600 de
2836 4550 3070 4603 Adventu
3109 4567 3267 4622 usque
3294 4556 3364 4607 ad

84 4632 271 4691 Pascha
297 4639 744 4701 Resurrectionis,
774 4637 1021 4692 secundae
1049 4652 1178 4691 vero
1200 4637 1321 4690 haec
1350 4636 1519 4691 altera
1551 4655 1562 4689 :
1596 4635 1847 4690 Homilia:
1883 4654 1913 4688 a
1944 4636 2202 4689 Paschate
2229 4630 2642 4690 Resurrec'tionis
2671 4638 2739 4689 ad
2764 4638 3095 4694 Dominicam
3127 4646 3363 4699 ultimam

82 4734 186 4789 post
209 4724 576 4783 Pentecostem.
610 4726 769 4793 Quod
799 4727 867 4779 ad
895 4726 1226 4780 homiliarios
1256 4727 1420 4781 libros
1449 4726 1705 4795 cujusque
1744 4726 2035 4780 sacerdotis
2079 4726 2291 4792 attinet,
2332 4728 2464 4781 satis
2489 4728 2591 4782 erit
2620 4728 2919 4798 Capitulare
2961 4732 3220 4804 Ahytonis
3249 4739 3359 4805 epi-

85 4814 219 4882 scopi
246 4814 570 4881 Basiliensis,
604 4816 703 4884 qui
726 4830 870 4869 nono
899 4813 1151 4869 Ecclesiae
1180 4815 1373 4868 saeculo
1399 4816 1549 4880 vixit,
1582 4816 1863 4869 consulere
1894 4816 1992 4885 (d).
2026 4815 2138 4882 Age
2166 4832 2295 4870 vero
2324 4833 2447 4871 cum
2484 4824 2633 4871 tanta
2666 4834 2784 4873 esse
2810 4821 3055 4877 debuerit
3095 4825 3358 4891 ejusmodi

83 4902 305 4957 codicum
333 4908 518 4976 copia;
550 4904 689 4975 quid
717 4904 931 4958 tandem
960 4906 1155 4958 mirum
1183 4906 1448 4967 videatur,
1482 4905 1526 4957 si
1556 4920 1663 4959 non
1694 4919 1878 4958 omnes
1908 4920 1937 4956 a
1967 4905 2153 4973 peritis
2178 4902 2517 4973 calligraphis
2539 4909 2821 4977 perscripti
2841 4908 3059 4979 fuerint,
3092 4915 3356 4983 multique

87 4990 347 5048 inciderint
375 4998 425 5050 in
461 4996 843 5067 imperitorum
875 4995 1214 5048 librariorum
1240 5010 1447 5061 manus,
1478 4998 1691 5065 sintque
1718 4996 1852 5050 adeo
1878 4996 2191 5050 tuendorum
2219 4997 2733 5067 inscriptionumquc
2763 5002 3016 5058 falsarum
3039 5008 3218 5075 pleni?
3239 5008 3358 5062 Cae-

86 5088 241 5167 terum
265 5095 473 5142 exstant
492 5089 686 5157 plures
708 5088 921 5156 optimae
950 5094 1109 5144 notae.
1128 5086 1279 5155 cujus
1306 5088 1465 5156 plane
1486 5090 1697 5156 generis
1717 5096 1840 5142 sunt
1860 5106 1871 5141 :
1894 5089 1948 5141 l"
1966 5089 2452 5147 Sanctacruciensis
2477 5091 2586 5156 ille,
2612 5094 2765 5162 cujus
2784 5090 2869 5155 est
2886 5113 2915 5150 a
2938 5092 3091 5153 nobis
3108 5100 3354 5167 proxime

84 5165 207 5227 facta
226 5178 439 5245 mentio,
464 5188 808 5249 spectatque,
834 5179 1036 5248 judicio
1062 5181 1275 5250 quidem
1307 5198 1447 5245 meo,
1478 5182 1542 5235 ad
1572 5183 1913 5237 undecimum
1942 5183 2226 5247 saeculum;
2255 5180 2312 5233 2'
2344 5178 2396 5237 is'
2415 5185 2503 5251 qui
2534 5183 2786 5240 Ecclesiae
2815 5190 3045 5257 primum
3069 5165 3355 5248 lfeldensis

91 5267 195 5327 fuit.
219 5288 349 5328 nunc
378 5284 560 5329 autem
596 5276 741 5344 juris
776 5282 863 5332 est
899 5274 1271 5331 Laurentianae
1296 5278 1633 5331 bibliotheca:
1650 5294 1664 5343 ;
1696 5277 1758 5330 5ο
1790 5278 1895 5332 duo
1923 5276 2177 5332 Ecclesiae
2205 5276 2547 5345 Florentinae,
2579 5294 2717 5347 quos
2744 5279 2906 5335 fuisse
2932 5281 2999 5335 ad
3029 5298 3181 5336 usum
3202 5284 3354 5338 chori

147 5443 216 5529 (θα)
250 5448 439 5529 Confer
463 5453 657 5529 Capgii
692 5452 921 5508 Glossar.
952 5456 1134 5529 media;
1150 5448 1651 5529 et_in/nnw_Latini-
1754 5452 2065 5529 Moguntina
2091 5468 2177 5507 an.
2205 5452 2329 5519 847,
2353 5467 2469 5523 cap.
2494 5452 2546 5520 2,
2575 5468 2696 5523 pag.
2726 5454 2779 5521 8,
2814 5462 2942 5509 tom.
2975 5457 3019 5511 ν
3041 5458 3351 5513 eorumdem

90 5519 460 5595 tatis_a_d‘verb.
508 5519 882 5595 anhelamus,
933 5541 1053 5595 pag.
1109 5524 1247 5578 1095
1274 5519 1401 5579 edit.
1433 5523 1650 5579 Veneta:
1753 5519 2043 5595 Concilior.

90 5587 334 5662 an._lTZfS,
360 5599 489 5662 tom.
520 5593 608 5647 lu.
871 5587 877 5591 ’
933 5587 949 5595 ’
1005 5587 1029 5594 ⁷
1598 5661 1621 5662 η
1795 5592 1898 5662 ί(ε)
1938 5592 2069 5661 Cap.
2102 5592 2156 5657 2,
2194 5606 2315 5662 pag.
2350 5592 2507 5654 “05,
2538 5599 2667 5647 tom.
2702 5592 2745 5646 Il
2776 5594 3064 5650 Concilior.
3099 5592 3350 5654 editionis

150 5654 441 5734 (5)__Sjuod.
466 5662 697 5734 ﬂTuron.
748 5680 847 5734 an._
887 5663 1009 5731 813,
1042 5679 1161 5734 cap.
1208 5663 1296 5734 l7,
1334 5677 1455 5733 pag.
1490 5661 1644 5726 1025,
1754 5654 2013 5734 ejusdem.

91 5724 207 5785 tom.
230 5724 605 5791 WConcilior.
642 5733 771 5790 edit.
822 5724 1125 5790 Parislan.’
1147 5724 1311 5790 l7”:
1336 5724 1429 5788 ’ρι’
1453 5724 1642 5803 synod.
1784 5724 1801 5731 ⁷
1829 5731 1905 5783 (dl
1946 5730 2078 5799 Cap.
2104 5730 2153 5790 6.
2188 5742 2316 5786 tom.
2344 5730 2411 5785 ιν
2439 5730 2752 5797 Concilior.,
2785 5747 2906 5805 pag.
2947 5732 3097 5789 I241.
