3898 6226
537 365 604 421 ετ
1993 362 2374 420 ΡΜΡΛΤΙΟ.
3748 382 3815 434 28

536 485 754 549 paratos
782 476 1031 541 arbitror,
1053 473 1253 544 quique
1280 473 1334 528 in
1363 467 1555 527 litteris
1590 471 1882 528 initialibus
1912 476 2061 529 varia
2091 477 2412 533 emblemata
2439 478 2713 549 religionis
2741 482 3043 540 christiana:
3071 490 3283 558 egregie
3325 491 3466 560 picta
3507 495 3764 552 exhibent
3798 517 3811 552 ε

535 570 591 626 hi
621 568 833 624 codices
859 567 966 622 duo
994 567 1064 620 ad
1091 566 1469 621 bibliothecam
1507 565 1668 620 modo
1711 564 2124 620 Laurentianam
2165 571 2464 638 pertinent;
2493 573 2548 624 ι’
2580 574 2752 629 codex
2788 578 2966 631 saeculi
2997 595 3101 643 xiv,
3133 580 3186 633 in
3212 595 3322 648 quo
3351 592 3475 637 sunt
3495 585 3730 642 homilia:
3752 606 3815 644 ea

534 659 676 714 serie
705 673 880 727 eoque
907 657 1096 712 ordine
1123 656 1422 710 distributa:
1458 670 1566 748 quo
1597 665 1974 724 proponuntur
2002 659 2054 712 in
2094 657 2162 710 99
2191 661 2378 718 codice
2415 662 2626 718 Sancta:
2665 664 2852 720 Crucis
2881 667 2933 720 in
2961 666 3275 736 Jerusalem,
3302 673 3370 727 de
3396 689 3502 742 quo
3531 691 3614 730 me
3647 693 3817 748 supra

535 752 734 806 dixisse
762 751 999 804 memini.
1032 748 1109 803 De
1139 748 1486 811 Lucensibus,
1517 747 1693 815 deque
1721 751 2033 804 monasterii
2055 751 2237 806 Sancti
2259 750 2552 808 Salvatoris
2577 755 2773 810 Montis
2797 756 3021 814 Amiata:
3043 765 3427 820 monachorum
3455 769 3578 822 olim
3607 747 3823 826 Cister—

532 845 793 897 ctensium
823 843 876 896 in
907 857 1036 910 agro
1064 841 1287 896 Senensi
1316 840 1610 905 codicibus,
1634 857 1665 896 e
1693 841 1886 910 quibus
1917 845 2160 898 nonnihil
2189 854 2272 900 est
2298 846 2583 913 aliquando
2606 850 2818 904 luminis
2846 863 3132 908 consecuta
3159 866 3342 913 nostra
3363 861 3626 928 collectio,
3657 865 3819 919 alias.

603 931 738 986 XIII.
762 931 1008 1022 Postulat
1035 948 1178 987 nunc
1204 932 1343 986 ratio
1370 939 1430 986 ut
1457 931 1524 987 de
1553 933 1829 988 codicibus
1851 933 2109 990 Romanis
2137 952 2310 1005 agam.
2335 937 2452 992 Jam
2484 949 2540 992 ut
2562 941 2790 1009 primum
2815 943 3012 998 elatum
3041 945 3475 1022 divulgatnmque
3501 961 3600 1018 est,
3627 953 3822 1010 datum

529 1023 688 1078 nobis
716 1038 748 1077 a
777 1021 873 1078 l’io
901 1031 1057 1078 sexto
1085 1022 1338 1092 pontiﬁce
1371 1025 1611 1115 maximo
1636 1024 1715 1079 in
1762 1025 2028 1081 mandatis
2059 1026 2242 1092 fuisse,
2277 1039 2334 1083 ut
2381 1032 2615 1085 studium
2645 1049 2807 1088 omne
2855 1047 3114 1103 nostrmn,
3147 1021 3464 1113 omnemque
3493 1062 3722 1115 operam
3759 1050 3822 1102 ad

531 1115 870 1178 illustranda,
904 1115 1064 1183 inque
1089 1115 1266 1168 lucem
1296 1114 1562 1183 publicam
1602 1116 1894 1170 emittenda
1931 1118 2102 1171 sancti
2151 1118 2364 1172 Maximi
2413 1123 2670 1188 opuscula
2706 1124 3099 1193 conferremus;
3131 1128 3347 1187 diflicile
3373 1114 3684 1189 existimatu
3716 1146 3822 1196 est,

528 1221 692 1301 quam
720 1206 1549 1301 multi-pnestantes-eruditione
1575 1207 1795 1301 viri,_uti
1827 1224 1939 1263 rem
1962 1219 2024 1301 Aet
2051 1219 2200 1263 tanto
2243 1210 2506 1301 pontiﬁci"
2526 1224 2847 1282 pergratam,
2879 1227 2934 1272 et
2962 1221 3267 1279 christianae
3295 1228 3594 1296 reipubliee
3627 1231 3822 1301 impri-

528 1295 632 1349 mis
659 1295 844 1347 utilem
872 1293 1131 1359 facerent,
1163 1293 1231 1347 ad
1257 1293 1560 1348 afferendas
1588 1297 1743 1350 nobis
1765 1298 2038 1366 suppetias
2066 1301 2439 1367 conspirarint.
2473 1300 2549 1355 Ex
2579 1304 2819 1372 pluribus
2849 1307 3039 1364 Petrus
3068 1311 3314 1384 Aloysius
3340 1293 3598 1372 Calletius
3629 1293 3826 1374 ntona-

529 1389 662 1476 chus
689 1387 1066 1476 Benedictinus
1095 1388 1527 1476 congregationis
1566 1386 1874 1443 Casinensis
1893 1428 1907 1452 ,
1956 1407 2096 1445 nunc
2129 1391 2447 1462 Cyrenensis
2476 1396 2756 1464 episcopus
2787 1399 2977 1466 insigni
3007 1403 3322 1467 eruditione,
3352 1408 3643 1476 multisque
3671 1411 3828 1464 libris

528 1474 686 1529 editis
711 1475 907 1536 clarus.
941 1475 1344 1569 unus
1374 1475 1628 1537 maxime,
1660 1479 1815 1569 parii:
1844 1477 2162 1542 lectionibus,
2197 1496 2330 1548 quas
2357 1497 2387 1535 e
2416 1483 2688 1538 codicibus
2716 1488 3052 1544 bibliotheca:
3092 1493 3236 1564 [xxv]
3267 1495 3535 1552 Vaticana;
3555 1474 3828 1569 deprom-

529 1571 730 1635 pserat,
775 1578 838 1617 ac
867 1563 1209 1616 sermonibus
1237 1563 1464 1632 aliquot,
1496 1579 1634 1632 quos
1657 1565 1782 1618 inde
1823 1581 2030 1620 summo
2070 1569 2248 1623 studio
2293 1570 2673 1642 diligentiaque
2703 1573 3089 1644 descripserat,
3123 1563 3454 1638 incredibilili
3484 1603 3583 1640 nos
3612 1563 3700 1642 est
3728 1590 3827 1642 hn-

529 1656 805 1719 manitate,
829 1657 1106 1720 comitate,
1140 1655 1464 1708 liberalitate
1492 1665 1824 1711 muneratus.
1857 1657 1969 1712 Etsi
2001 1659 2049 1711 id
2086 1674 2253 1726 genus
2281 1660 2404 1714 doni
2437 1668 2542 1714 tam
2570 1664 2700 1717 mihi
2732 1666 2847 1720 usui
2879 1666 3058 1732 fuerit,
3079 1679 3135 1724 ut
3162 1683 3420 1740 quantum
3451 1691 3570 1730 eam
3601 1679 3676 1733 ob
3709 1695 3826 1733 rem

528 1744 831 1798 clarissimo
863 1745 1075 1813 przesuli
1107 1744 1332 1797 debeam
1358 1745 1688 1809 existimare,
1718 1747 1805 1800 vix
1839 1747 2017 1814 eloqui
2067 1757 2264 1809 autem,
2297 1764 2364 1803 ne
2392 1751 2481 1803 vix
2511 1753 2726 1819 quidem
2758 1757 2991 1823 possim;
3019 1774 3300 1828 superesse
3322 1771 3498 1818 tamen
3527 1767 3826 1836 quamplu-

529 1837 665 1891 rima
696 1836 1064 1904 intelligebam
1090 1851 1214 1890 cum
1247 1836 1301 1887 in
1342 1836 1669 1890 bibliotheca
1714 1836 1900 1890 eadem
1932 1836 2207 1900 Vaticana,
2239 1853 2342 1906 qua
2374 1848 2519 1894 certe
2548 1842 2692 1896 nulla
2721 1852 2801 1897 est
2829 1847 3116 1914 copiosior,
3151 1859 3260 1902 tum
3289 1852 3342 1904 in
3366 1854 3635 1909 tabulario
3666 1857 3822 1911 Basi-

528 1930 644 1985 lica:
673 1929 857 1984 Sancti
888 1928 1052 1992 Petri,
1084 1942 1205 1996 qua:
1233 1927 1337 1980 nisi
1366 1928 1601 1995 cognita,
1633 1928 1897 1996 planeque
1933 1938 2211 1996 perspecta
2261 1930 2458 1984 habere
2513 1946 2816 2000 curassem,
2861 1945 3110 2005 suscepto
3139 1947 3286 1993 certe
3315 1943 3466 2008 operi
3503 1959 3568 1999 ac
3597 1947 3824 2000 utilitati

527 2021 755 2090 publice
776 2021 1088 2075 defuissem.
1107 2021 1314 2087 Itaque,
1355 2034 1475 2072 cum
1506 2035 1536 2072 a
1558 2017 1652 2072 Pio
1685 2018 1747 2071 VI
1770 2017 2019 2087 pontiﬁce
2043 2020 2408 2088 impetrassem
2432 2028 2490 2072 ut
2519 2022 2646 2074 mihi
2673 2030 2959 2092 utrumque
2988 2026 3115 2080 illud
3138 2029 3455 2083 veneranda:
3484 2033 3826 2102 antiquitatis

527 2112 824 2166 sacrarium
845 2120 1078 2182 pateret,
1109 2125 1173 2164 ac
1203 2110 1454 2178 frequens
1484 2111 1711 2178 primum
1740 2108 1806 2160 ad
1835 2108 2146 2162 Vaticanam
2179 2125 2264 2162 me
2302 2108 2682 2164 bibliothecam
2707 2112 2954 2166 conferre
2983 2116 3290 2182 cmpissem,
3321 2116 3643 2187 codicesque
3671 2122 3730 2175 in
3761 2138 3821 2178 ea

529 2205 650 2272 plus
675 2207 893 2272 triginta
923 2207 1260 2260 bomiliarios
1284 2206 1625 2275 reperissem,
1655 2219 1882 2272 quorum
1907 2205 2229 2260 vetustiores
2257 2203 2321 2257 ad
2351 2203 2500 2257 initia
2531 2204 2712 2258 saeculi
2735 2208 2909 2259 octavi
2939 2205 3126 2260 referri
3157 2223 3315 2276 posse
3337 2209 3670 2275 viderentur.
3699 2226 3824 2269 sunt

528 2294 673 2347 enim
703 2292 962 2350 Romanis
990 2297 1392 2350 characteribus
1414 2293 1687 2364 quadratis
1712 2295 2011 2362 perscripti,
2043 2297 2319 2349 continere
2349 2311 2454 2348 non
2486 2297 2635 2364 potui
2669 2312 2754 2350 me
2779 2298 2909 2364 quin
2931 2313 3024 2352 eos
3045 2299 3236 2368 cupide
3265 2301 3518 2368 legerem,
3548 2303 3822 2372 simulque

529 2385 882 2454 inquirerem,
924 2394 1377 2454 congruerentne,
1410 2401 1478 2438 an
1508 2385 1703 2438 alicubi
1728 2385 1865 2438 alter
1893 2385 1960 2437 ab
1990 2384 2161 2438 altero
2212 2384 2562 2453 discreparet.
2594 2384 2730 2438 Sunt
2776 2385 2831 2439 hi
2869 2386 3083 2440 codices
3127 2389 3368 2457 plerique
3393 2405 3580 2444 omnes
3623 2391 3820 2458 integri

529 2474 750 2540 servati,
801 2490 1031 2544 quorum
1080 2489 1205 2544 pars
1249 2473 1378 2528 olim
1407 2473 1476 2529 ad
1503 2472 1756 2528 Sirletum
1782 2474 2040 2528 doctrinae
2084 2473 2240 2526 laude
2279 2473 2690 2526 celeberrimum
2729 2475 3058 2529 cardinalem
3088 2479 3414 2546 pertinebat,
3447 2481 3539 2548 qui
3562 2482 3746 2552 aliqua
3768 2487 3818 2538 in

527 2563 724 2621 iisdem
748 2564 1028 2619 annotavit
1047 2579 1144 2618 sua
1174 2577 1363 2627 manu;
1393 2578 1519 2632 pars
1548 2563 1614 2616 ad
1644 2563 1882 2629 reginam
1912 2560 2206 2615 Succorum
2235 2560 2561 2615 Christinam
2591 2577 2698 2615 non
2722 2562 3019 2616 litterarum
3053 2564 3245 2630 minus,
3273 2581 3433 2634 quam
3455 2570 3617 2638 regia:
3645 2571 3817 2642 digni-

531 2655 659 2709 tatis
685 2653 854 2722 gloria
877 2654 1306 2723 pmcellentem;
1347 2669 1472 2721 pars
1499 2652 1726 2721 denique
1751 2654 1816 2707 ad
1843 2654 2056 2707 Petrum
2086 2654 2424 2708 Cardinalem
2446 2657 2811 2710 Ottobonium.

601 2744 661 2798 In
691 2745 959 2798 tabulario
986 2744 1219 2798 basilica:
1263 2742 1447 2798 Sancti
1475 2742 1618 2798 Petri
1649 2745 1980 2800 bomiliarios
2028 2747 2155 2800 item
2186 2748 2398 2802 codices
2440 2757 2648 2815 septem
2680 2749 2787 2802 vidi
2809 2788 2824 2812 ,
2856 2750 3116 2818 pervolvi,
3149 2751 3376 2817 contuli,
3403 2753 3496 2820 qui
3540 2752 3814 2810 Vaticanis

530 2833 792 2904 adjtmcti,
825 2833 1042 2896 mirum,
1064 2849 1224 2902 quam
1247 2834 1566 2888 lectionibus
1587 2835 1932 2889 emendandis
1961 2838 2336 2902 conduxerint,
2363 2847 2728 2907 quantumque
2753 2841 3030 2894 attulerint
3057 2841 3485 2909 adjumentorum
3506 2860 3615 2900 non
3636 2846 3810 2902 solum

531 2924 599 2979 ad
625 2923 892 2987 homilias,
917 2939 1301 2992 sermonesque
1326 2926 1507 2994 plures
1536 2926 1701 2978 tutius
1750 2927 2066 2980 asserendos
2094 2927 2354 2990 Maximo;
2386 2928 2479 2982 sed
2508 2928 2574 2980 ad
2625 2943 2721 2983 eos
2748 2929 2910 2982 etiam
2940 2930 3294 2998 supplendos,
3320 2932 3364 2985 si
3393 2947 3498 2999 qua
3537 2947 3605 2986 ex
3653 2945 3806 3003 parte

531 3015 779 3072 diminuti
808 3015 921 3070 sive
947 3014 1001 3068 in
1030 3015 1210 3080 editis,
1243 3016 1356 3069 sive
1384 3016 1436 3068 in
1477 3016 1598 3069 aliis
1617 3031 1779 3069 manu
1799 3017 2034 3070 exaratis
2062 3017 2421 3070 voluminibus
2450 3016 2693 3081 fuissent,
2711 3016 3040 3084 indiligentia
3062 3017 3410 3073 inscientiave
3438 3020 3798 3076 librariorum.

533 3107 727 3163 Verum
756 3107 824 3162 de
855 3108 1124 3161 Vaticanis
1153 3123 1217 3161 ac
1243 3106 1310 3161 de
1333 3107 1565 3160 basilicae
1587 3106 1765 3160 Sancti
1789 3105 1932 3160 Petri
1963 3107 2234 3161 codicibus
2263 3109 2365 3161 hoc
2403 3107 2656 3162 eximium
2688 3107 2879 3161 addam
2914 3126 2926 3159 :
2959 3123 3053 3163 eos
3104 3116 3158 3162 et
3207 3109 3572 3166 emendatiore
3628 3120 3798 3176 textu.

531 3206 589 3254 et
615 3199 984 3254 characterem
1015 3199 1190 3253 nitore
1219 3206 1379 3267 atque
1408 3198 1699 3266 elegantia,
1731 3205 1785 3252 et
1817 3207 2082 3253 concentu
2113 3199 2350 3267 praeferri
2389 3200 2596 3253 ceteris
2624 3199 2871 3253 omnibus
2896 3207 3167 3267 oportere.
3199 3199 3400 3254 Eorum
3443 3216 3546 3270 ego
3574 3203 3802 3259 formam

530 3289 848 3356 describam,
897 3298 1216 3359 aetatemque
1264 3289 1511 3345 indicabo
1557 3293 1611 3346 in
1663 3293 1907 3349 codicum
1954 3294 2113 3358 serie,
2163 3309 2321 3362 quam
2365 3294 2457 3347 teri
2503 3293 2720 3347 incisam
2770 3293 2930 3361 paulo
2977 3301 3100 3361 post
3141 3294 3311 3349 oculis
3366 3295 3628 3350 lectorum
3675 3299 3800 3354 sub-

529 3382 723 3454 jiciam.

599 3474 735 3528 XIV.
778 3474 1051 3530 Vaticanis
1079 3474 1364 3542 adiungam
1394 3473 1808 3529 Lateranenses.
1836 3475 2038 3529 Hormn
2081 3475 2133 3528 in
2160 3475 2276 3543 ejus
2304 3475 2535 3530 basilica:
2583 3474 2847 3528 tabulario
2897 3474 3075 3528 inveni
3118 3483 3351 3543 quatuor
3379 3477 3599 3546 perinde
3621 3479 3796 3537 homi-

526 3568 731 3632 liarios,
761 3568 956 3624 Smculo
988 3567 1070 3637 (ut
1099 3567 1226 3620 mihi
1255 3566 1529 3636 persuasi)
1580 3583 1631 3619 xi
1662 3581 1920 3634 perquam
1961 3568 2218 3633 castigate
2258 3567 2489 3635 scriptos
2538 3565 2864 3634 dignosque,
2913 3564 3005 3632 qui
3035 3580 3174 3624 cum
3203 3565 3476 3622 Vaticanis
3503 3571 3802 3637 potioribus

526 3669 928 3731 comparentur.
958 3651 1094 3714 Sunt
1123 3659 1175 3712 hi
1204 3657 1419 3726 quidem
1450 3673 1637 3712 omnes
1658 3659 2052 3716 membranacei
2082 3657 2298 3713 in-folio
2329 3659 2584 3722 maximo,
2608 3658 3008 3712 characteribus
3036 3659 3168 3714 satis
3196 3660 3375 3714 nitidis
3405 3669 3565 3729 atque
3585 3665 3796 3732 elegan-

528 3753 672 3807 tibus
699 3751 928 3806 exarati.
959 3749 1016 3804 In
1050 3750 1243 3804 iisdem
1277 3757 1628 3802 numerantur
1663 3750 1975 3816 grandiores
2004 3750 2130 3814 duo,
2181 3751 2294 3818 qui,
2326 3758 2385 3803 ut
2431 3750 2530 3804 fert
2571 3751 2786 3818 pagina:
2824 3751 3008 3819 prima:
3052 3751 3348 3820 inscriptio,
3381 3755 3604 3825 confecti
3651 3755 3796 3810 fuere

527 3842 595 3895 ab
623 3839 1067 3893 Taurominitano
1097 3839 1355 3907 episcopo
1393 3836 1717 3892 Secundino.
1755 3837 1834 3891 Ex
1877 3839 1959 3892 his
2005 3837 2245 3906 quedam
2301 3839 2517 3892 Maximi
2572 3840 2742 3893 nostri
2769 3841 3029 3894 hactenus
3077 3841 3277 3896 inedita
3315 3843 3652 3915 deprompsi;
3703 3848 3794 3903 ho-

527 3946 752 4000 rumque
781 3930 1026 4002 praesidio
1055 3930 1299 4000 quzedain
1345 3929 1510 3985 etiam
1551 3945 1670 4000 qua:
1697 3931 1964 4000 publicata
1996 3931 2316 4000 jampridem
2359 3931 2594 3994 fuerant,
2629 3940 2721 3986 aut
2761 3933 2963 3988 ﬁrmius
3018 3937 3223 3990 asserui
3261 3939 3468 3992 auctori
3513 3955 3648 4011 suo,
3705 3949 3794 3995 aut

527 4023 826 4082 emendavi.

598 4115 713 4171 XV.
746 4115 1011 4172 Chisianaa
1032 4118 1369 4173 bibliotheca
1398 4119 1556 4190 (quae,
1588 4126 1648 4172 nt
1675 4125 1928 4172 testatum
1957 4116 2438 4187 pervulgatumque
2487 4124 2588 4180 est,
2619 4116 2892 4172 codicibus
2929 4133 3055 4173 mss.
3091 4119 3259 4186 iisque
3288 4121 3514 4188 egregiis
3542 4122 3793 4190 abundat)

529 4208 819 4264 homiliarii
848 4207 980 4261 mihi
1010 4206 1178 4280 [xxvr]
1209 4208 1412 4262 ostensi
1461 4208 1611 4262 fuere
1660 4215 1785 4268 tres,
1819 4221 2048 4274 quorum
2077 4205 2185 4258 duo
2215 4205 2392 4259 saeculi
2423 4212 2546 4258 sunt
2575 4221 2649 4268 xi,
2702 4206 2890 4259 tertius
2919 4216 3004 4258 κν.
3031 4206 3300 4265 Venerant
3328 4208 3380 4260 hi
3415 4209 3540 4261 olim
3571 4211 3624 4262 in
3655 4212 3792 4265 Ana-

531 4297 769 4370 gniensis
817 4297 1068 4354 Ecclesia:
1099 4306 1444 4367 potestatem.
1475 4296 1558 4351 Ex
1605 4297 1791 4351 iisdem
1822 4297 2088 4350 variantes
2117 4295 2320 4364 aliquot
2363 4295 2641 4361 lectiones,
2671 4303 2726 4349 et
2756 4296 2994 4350 nondum
3021 4297 3233 4364 vulgata
3277 4297 3517 4366 quaedam
3545 4305 3792 4369 opuscula

531 4390 702 4446 sancti
731 4388 946 4445 Maximi
969 4387 1316 4442 Taurinensis
1338 4388 1547 4457 excepi,
1579 4402 1699 4456 qnze
1730 4393 1852 4457 post
1882 4388 2038 4459 (dum
2067 4395 2282 4457 tempus
2311 4387 2602 4458 monuerit)
2632 4386 2921 4457 proferam.

601 4479 740 4536 XVI.
774 4479 868 4534 Est
893 4488 1151 4549 praeterea
1180 4479 1528 4532 Vallicellana
1567 4476 1670 4530 PP.
1704 4478 2136 4546 congregationis
2165 4476 2396 4532 Oratorii
2436 4478 2762 4533 bibliotheca
2785 4477 2940 4546 copia
2973 4494 3100 4532 mss.
3127 4478 3370 4533 codicum
3413 4479 3692 4549 insigniter
3719 4485 3793 4537 lo-

533 4572 738 4641 cuples.
772 4569 830 4622 In
861 4570 1052 4624 horum
1081 4584 1304 4621 numero
1334 4574 1460 4622 sunt
1486 4567 1880 4620 membranacei
1911 4565 2218 4634 quindecim
2266 4568 2413 4631 sarti,
2443 4569 2678 4636 tectique
2719 4568 2914 4620 servati
2957 4568 3144 4636 probe,
3188 4583 3415 4636 quormn
3444 4585 3569 4638 pars
3597 4571 3662 4624 ad
3708 4589 3792 4638 xn,

533 4679 660 4734 pars
689 4662 755 4716 ad
785 4678 874 4716 xm
904 4662 1156 4716 saeculum
1193 4661 1444 4729 pertinet.
1488 4657 1772 4714 Orationes
1820 4659 1872 4712 in
1903 4659 2004 4724 his,
2039 4657 2253 4712 Maximi
2282 4659 2497 4712 nomine
2527 4658 2832 4726 inscriptas,
2877 4657 3264 4727 quinquaginta
3293 4657 3642 4728 deprehendi,
3669 4675 3794 4729 quas

534 4775 656 4813 cum
686 4754 935 4824 exemplo
963 4755 1132 4808 sancti
1172 4753 1426 4808 antistitis
1450 4767 1692 4822 operum,
1727 4765 1833 4820 quo
1868 4751 1944 4804 uti
1971 4748 2232 4814 solebam,
2277 4749 2499 4802 contuli.
2531 4748 2802 4813 Quantum
2833 4756 3013 4800 autem
3066 4746 3190 4800 inde
3240 4748 3573 4817 perceperim
3605 4749 3796 4804 fructus

534 4855 590 4902 et
619 4845 1046 4906 commodorum,
1082 4842 1306 4909 intelligi
1337 4857 1404 4896 ex
1435 4841 1631 4894 nostris
1653 4839 2110 4894 admonitionibus
2136 4839 2362 4908 poterit,
2387 4853 2505 4906 quae
2534 4838 2768 4891 homiliis
2787 4837 3231 4905 sermonibusque
3258 4847 3606 4907 praevertunt,
3631 4855 3794 4910 exque

535 4933 1090 4989 animadversionibus
1116 4945 1250 5000 quas
1281 4931 1486 5000 pagina:
1512 4929 1624 4984 fere
1644 4931 1836 4998 cuique
1858 4929 2048 4997 subjici
2079 4929 2278 4982 curavi.
2317 4926 2606 4996 Cujusnam
2637 4936 2814 4981 autem
2845 4928 3058 4982 codices
3082 4929 3155 4990 illi
3185 4930 3292 4982 sint
3319 4931 3728 4985 existimationis
3748 4943 3794 4985 et

533 5027 714 5100 pretii,
743 5042 810 5082 ex
831 5025 1051 5095 Josephi
1080 5024 1380 5078 Blanchinii
1411 5024 1540 5078 clar.
1573 5023 1673 5077 virl
1695 5019 2095 5077 commentariis
2118 5019 2392 5088 cognosci,
2420 5033 2581 5086 quam
2611 5035 2676 5072 ex
2708 5019 2812 5072 ulla
2834 5034 2953 5074 mea
2980 5019 3289 5074 laudatione
3309 5021 3470 5074 malo.
3503 5020 3636 5076 Sunt
3659 5024 3790 5076 enim

535 5121 690 5186 tanti,
723 5127 781 5174 ut
824 5120 1070 5174 oratione
1099 5124 1280 5172 nostra
1312 5131 1420 5170 non
1450 5123 1660 5184 egeant.
1691 5114 1901 5170 Interea
1931 5117 2034 5169 hoc
2060 5128 2180 5168 esse
2209 5121 2462 5168 testatum
2495 5114 2651 5167 velim
2679 5131 2690 5165 :
2723 5113 2862 5183 patri
2894 5112 3100 5168 Simoni
3130 5113 3196 5168 de
3223 5113 3490 5180 Magistris
3515 5129 3792 5182 congrega-

537 5213 700 5268 tionis
718 5209 952 5265 Oratorii
990 5209 1172 5277 Sancti
1196 5207 1426 5278 Philippi
1457 5207 1792 5278 presbytero,
1825 5206 1969 5274 quod
1991 5205 2121 5258 mihi
2152 5218 2248 5258 eos
2275 5203 2488 5257 codices
2509 5201 2807 5257 conferenti
2837 5201 3066 5256 adfuerit
3086 5202 3281 5266 studio,
3314 5203 3589 5272 diligentia
3617 5220 3790 5272 opera-

535 5316 643 5374 que
671 5301 919 5356 diuturna
941 5314 1056 5362 sua,
1089 5298 1209 5368 plus
1236 5298 1405 5352 multo
1431 5298 1627 5352 debere
1655 5311 1759 5358 me,
1783 5311 1942 5364 quam
1967 5295 2188 5363 exsequi
2219 5293 2396 5347 verbis
2424 5293 2642 5362 possim.

607 5389 768 5447 XVII.
802 5374 878 5445 De
906 5391 1180 5446 codicibus
1205 5390 1544 5444 bibliotheca:
1568 5388 1778 5442 Sancta:
1797 5386 1983 5442 Crucis
2005 5387 2055 5441 in
2082 5385 2398 5448 Jerusalem,
2430 5399 2550 5438 cum
2574 5399 2732 5453 supra
2747 5382 2994 5448 dixerim,
3029 5384 3185 5439 mitto
3213 5381 3498 5447 disserere,
3524 5399 3600 5442 ne
3629 5395 3788 5440 actum

535 5497 717 5554 agam:
739 5483 816 5537 De
843 5483 1248 5547 Columnarum,
1272 5480 1564 5546 Comitum,
1598 5480 2051 5544 Barberiniorum,
2087 5478 2415 5533 Albanorum
2446 5476 2810 5540 bibliothecis,
2835 5477 2886 5532 id
2918 5491 3083 5531 unum
3109 5476 3584 5532 commemorabo:
3617 5475 3680 5530 ad
3712 5491 3792 5530 eas

539 5573 758 5643 quidem
785 5573 978 5628 adiisse
1007 5587 1115 5636 me,
1148 5573 1500 5642 perlustrasse
1529 5572 1698 5625 oculis
1727 5570 1942 5625 codices
1963 5569 2172 5624 illarum
2202 5583 2407 5630 omnes,
2436 5567 2488 5619 in
2523 5567 2716 5634 quibus
2745 5566 2948 5633 aliquid
2978 5573 3119 5621 esset
3149 5563 3215 5618 ad
3244 5563 3535 5617 Maximum
3564 5573 3790 5618 nostrum

539 5668 835 5740 pertinens,
861 5669 991 5722 nihil
1015 5676 1192 5720 tamen
1215 5666 1498 5737 reperisse,
1530 5664 1673 5732 quod
1704 5681 1808 5719 non
1835 5666 2014 5718 tritum
2045 5663 2311 5716 editorum
2337 5661 2672 5730 superiorum
2700 5675 2968 5720 sermone,
2995 5666 3087 5713 aut
3109 5674 3216 5713 non
3241 5655 3617 5726 pervulgatum
3645 5663 3789 5711 esset.

541 5758 599 5814 In
627 5755 977 5816 Casanate‘nsi
1023 5754 1351 5811 bibliotheca
1383 5755 1713 5808 bomiliarios
1743 5772 1806 5808 co
1827 5756 1954 5808 lices
1985 5752 2424 5807 membranaceos
2465 5749 2678 5805 in-folio
2710 5751 2943 5804 maximo
2974 5750 3081 5804 vidi
3133 5749 3268 5804 duos
3289 5747 3521 5817 eleganti
3555 5762 3617 5804 ac
3640 5745 3795 5803 nitido
