3898 6226
100 386 165 444 99
1583 387 1963 445 ΡΒᾸΞῈΑΤΙΟ.
3335 397 3405 448 50

94 500 403 555 charactere
427 497 691 553 Romano
722 498 967 569 scriptos,
1003 512 1206 567 eosque
1236 505 1322 554 sat
1342 506 1584 566 veteres;
1607 509 1856 570 spectant
1876 501 2020 557 enim
2050 501 2119 555 ad
2145 516 2197 556 xi
2226 500 2481 556 Ecclesia:
2501 502 2776 558 smeulum.
2802 501 2881 558 Ex
2911 503 2977 560 iis
3014 503 3140 573 quid
3168 520 3398 574 accepe-

91 591 211 656 rim,
247 589 300 642 in
323 588 810 643 admonitionibus
835 588 1239 643 demonstrabo.

156 680 341 734 XVIII.
376 681 557 733 Auxit
587 680 850 748 majorem
881 679 932 732 in
977 679 1194 732 modum
1225 676 1683 748 ampliﬁcavitque
1712 680 2087 735 collectionem
2113 680 2256 734 hanc
2288 689 2528 734 nostram
2551 680 2634 736 vir
2667 680 3124 736 eminentissimus
3154 682 3210 736 S.
3239 682 3302 735 Β.
3329 681 3390 734 Ε.

89 769 542 825 bibliothecarius
565 769 856 825 cardinalis
881 768 948 823 de
970 768 1185 822 Zelada.
1219 767 1268 822 Is
1288 769 1733 832 instructissima,
1759 769 2229 838 refertissimaaque
2249 768 2616 823 selectissimis
2636 768 2786 823 libris
2809 769 3146 825 bibliothecae
3174 772 3396 840 privatae

88 879 193 920 sua:
219 865 468 919 codicem
495 882 528 918 x
549 865 736 919 saeculi
763 864 1231 917 membranaceum
1265 862 1471 918 in-folio
1501 877 1728 930 magno,
1756 863 1857 916 sibi
1892 863 2035 918 dono
2063 877 2093 916 a
2121 863 2395 917 canonicis
2422 860 2747 916 cathedralis
2773 863 3020 917 ecclesia:
3045 862 3396 918 Urbevetanm

88 954 289 1019 datum,
325 969 438 1007 non
464 954 646 1009 solum
678 954 888 1008 ostendi
912 954 1062 1018 mihi,
1091 969 1275 1006 verum
1310 956 1474 1007 etiam
1504 953 1736 1024 (gratum
1764 951 2276 1018 beneﬁcentissimo,
2313 955 2624 1022 optimeque
2651 953 2719 1006 de
2764 968 2824 1008 se
2868 954 3064 1009 merito
3093 952 3189 1007 Pio
3237 960 3394 1008 sexto

89 1039 324 1108 pontiﬁci
353 1043 605 1097 maximo
634 1041 895 1111 facturus)
926 1038 1270 1096 commodari
1282 1043 1465 1110 jussit,
1490 1050 1549 1096 ut
1571 1043 1699 1096 dum
1729 1049 1871 1097 esset
1893 1044 2081 1110 otium,
2107 1044 2369 1098 arbitratu
2395 1059 2518 1099 meo
2539 1043 2787 1099 conferre
2808 1045 2983 1113 ipsum
3005 1060 3125 1099 cum
3144 1044 3395 1113 exemplo

89 1144 307 1197 operum
340 1129 589 1195 Maximi,
612 1145 721 1198 quo
744 1132 820 1184 uti
841 1144 1246 1197 consueveram,
1277 1126 1513 1200 possem.
1550 1131 1722 1200 Hujus
1742 1133 2081 1202 duorumque
2110 1135 2338 1188 aliorum
2359 1135 2623 1199 codicum,
2659 1151 2888 1205 quorum
2917 1144 2999 1190 est
3036 1146 3167 1190 mtas
3197 1134 3394 1190 saeculo

88 1220 294 1274 decimo
323 1229 531 1290 quarto
563 1222 854 1290 antiquior,
878 1235 1124 1289 quosque
1148 1221 1283 1276 item
1302 1221 1433 1276 mihi
1462 1221 1752 1277 commodo
1779 1222 2074 1276 liberaliter
2109 1221 2250 1276 idem
2280 1223 2738 1278 eminentissimus
2765 1226 3052 1279 cardinalis
3080 1224 3255 1288 dedit;
3289 1224 3390 1277 ho-

88 1327 224 1378 rum,
251 1315 502 1384 inquam,
537 1317 784 1371 codicum
808 1317 1074 1386 praesidio,
1097 1332 1215 1385 quin
1243 1317 1382 1371 facta
1410 1317 1536 1371 huic
1557 1315 1788 1370 editioni
1818 1315 1979 1370 fuerit
2009 1317 2270 1378 accessio,
2291 1324 2614 1384 opportune,
2641 1317 2967 1387 actempori
2997 1317 3393 1371 admonitiones

87 1400 583 1474 annotationesque
615 1415 811 1461 nostra:
842 1408 1144 1473 docebunt;
1179 1409 1368 1481 [xxvul
1408 1408 1680 1476 simulque
1709 1408 1977 1476 eﬁicient,
2010 1417 2071 1464 ut
2098 1410 2325 1478 quisque
2350 1416 2658 1478 pernoscat,
2690 1426 2852 1478 quam
2885 1411 3029 1465 idem
3050 1412 3134 1464 vir
3149 1427 3390 1466 summus

89 1501 233 1547 arcte
256 1511 354 1549 nos
382 1496 488 1549 sibi
513 1497 775 1552 beneﬁcio
808 1501 958 1553 t'anto
986 1499 1305 1553 devinxerit.
1732 1547 1740 1551 _

159 1585 296 1638 XIX.
340 1585 664 1643 Postremus
692 1598 809 1643 esto
847 1589 1016 1643 codex
1061 1591 1149 1642 ille
1179 1591 1269 1659 qui
1300 1589 1686 1658 Strigoniensis
1714 1589 1971 1644 Ecclesia:
2001 1589 2128 1644 olim
2158 1597 2303 1654 erat;
2333 1590 2532 1658 quique
2570 1607 2678 1644 non
2708 1589 2906 1644 multos
2937 1599 3060 1644 ante
3089 1590 3188 1643 hos
3218 1606 3388 1645 annos

87 1676 140 1728 in
167 1674 444 1731 Francisci
476 1677 741 1733 Carrariae
770 1680 1082 1748 amplissimi
1112 1680 1514 1747 doctissimique
1541 1681 1803 1748 praesulis,
1835 1681 1928 1748 qui
1956 1688 2038 1734 est
2066 1696 2201 1734 sacr.
2237 1694 2487 1747 congreg.
2514 1682 2722 1734 concilii
2756 1697 2784 1734 a
2806 1679 3042 1734 Secretis
3067 1689 3386 1748 potestatem

88 1767 248 1821 venit.
293 1766 337 1818 E
368 1769 702 1822 membranis
749 1778 961 1825 constat
1007 1771 1166 1840 plane
1208 1771 1466 1824 candidis.
1528 1769 1850 1824 Litterarum
1898 1771 2207 1823 charactere
2245 1770 2379 1823 mire
2419 1770 2588 1823 nitido
2618 1777 2780 1836 atque
2811 1769 3062 1835 eleganti,
3096 1770 3246 1823 initio
3278 1769 3388 1824 fore

90 1859 265 1912 seculi
297 1859 560 1916 Ecclesia:
604 1864 740 1918 sexti
789 1879 854 1917 ac
897 1863 1092 1917 decimi
1139 1863 1371 1932 scriptus
1419 1862 1542 1927 fuit;
1577 1870 1738 1929 atque
1766 1876 1796 1914 a
1823 1861 2030 1916 Joan’ne
2059 1861 2390 1916 Boccardino
2421 1861 2732 1915 Florentino
2762 1861 2879 1915 cive
2909 1869 3131 1914 ornatus
3159 1862 3384 1932 picturis

87 1948 295 2001 rubenti
345 1949 520 2002 minio
569 1949 820 2018 fulvoque
866 1966 1000 2004 auro
1049 1952 1263 2018 egregie
1305 1952 1563 2015 variatis,
1597 1951 2128 2020 exprimentibusque
2174 1952 2440 2019 pnecipua
2478 1951 2780 2004 christiana:
2809 1951 3080 2017 religionis
3111 1953 3383 2023 mysteria.

87 2033 198 2088 1.1m
227 2050 359 2090 vero
412 2036 536 2104 ejus
581 2037 803 2105 pictoris
849 2039 1176 2106 singularem
1225 2038 1389 2094 fuisse
1437 2039 1540 2093 hoc
1583 2041 1636 2092 in
1666 2053 1865 2107 genere
1894 2038 2221 2103 facultatem,
2256 2055 2362 2092 non
2393 2040 2439 2093 is
2469 2040 2639 2093 solum
2671 2039 2862 2103 codex,
2894 2040 2986 2093 sed
3014 2041 3195 2108 plures
3223 2043 3383 2094 etiam

86 2127 417 2183 bibliothecae
451 2128 829 2182 Laurentianus
859 2130 1202 2194 Florentium,
1238 2133 1484 2202 librique,
1531 2149 1667 2203 quos
1703 2134 1952 2189 chorales
1996 2139 2206 2196 vocant,
2253 2132 2720 2203 Benedictinorum
2757 2133 2930 2186 sancti
2971 2131 3113 2185 Petri
3152 2131 3383 2188 Perusia)

86 2218 476 2274 demonstrant.
525 2221 708 2276 Redeo
751 2223 816 2275 ad
856 2221 1234 2276 Carrarianum
1266 2225 1505 2279 codicem
1533 2241 1642 2293 quo
1674 2226 1994 2278 Brevian’um
2025 2223 2332 2276 continetur
2359 2221 2612 2276 Ecclesiae
2641 2222 3042 2288 Strigoniensis.
3095 2221 3229 2275 Eum
3261 2240 3382 2278 cum

88 2313 485 2380 pervolverem,
522 2315 684 2368 incidi
715 2316 766 2368 in
798 2316 1045 2370 homilias
1073 2317 1246 2370 sancti
1275 2316 1488 2370 Maximi
1521 2319 1740 2372 omnino
1769 2325 1994 2385 septem,
2027 2330 2145 2382 qum
2175 2313 2470 2382 cujusmodi
2501 2315 2626 2380 sint,
2653 2331 2892 2384 quasque
2920 2318 3176 2370 variantes
3206 2317 3382 2370 lectio-

86 2415 177 2454 nes
205 2403 499 2455 exhibeant
525 2442 538 2466 ,
573 2405 682 2457 suis
713 2412 797 2457 est
826 2404 959 2458 locis
1006 2406 1326 2472 tempestive
1385 2420 1414 2457 a
1463 2405 1620 2459 nobis
1649 2403 2104 2457 animadversum.
2139 2404 2312 2470 Atque
2341 2404 2426 2457 hic
2456 2418 2574 2471 ego,
2608 2412 2668 2461 ut
2695 2419 2794 2473 par
2825 2413 2986 2469 esset,
3020 2413 3184 2473 utque
3215 2406 3382 2461 debes

87 2507 234 2557 rem,
285 2493 352 2548 de
402 2495 590 2550 multis
639 2495 955 2562 magnisque
999 2495 1278 2549 beneﬁciis
1325 2511 1354 2548 a
1401 2494 1690 2550 Francisco
1733 2493 1983 2549 Carraria
2035 2495 2262 2564 praesule
2309 2493 2361 2546 in
2409 2509 2497 2548 me
2525 2494 2753 2558 collatis,
2785 2494 2960 2563 deque
2989 2494 3107 2562 ejus
3135 2496 3380 2551 laudibus

91 2585 303 2651 copiose
331 2584 572 2638 dicerem
601 2626 616 2650 ,
646 2585 745 2638 nisi
777 2584 1016 2652 ejusdem
1047 2584 1307 2640 modestia
1338 2584 1648 2653 impedirer,
1681 2598 1745 2638 ac
1773 2584 1875 2637 nisi
1905 2599 2010 2637 una
2040 2598 2274 2647 vererer,
2308 2598 2375 2636 ne
2404 2597 2524 2636 cum
2554 2584 2688 2636 tanti
2718 2583 2815 2637 viri
2844 2583 3172 2654 ampliﬁcare
3199 2585 3379 2650 velim.

88 2671 316 2725 minuam
348 2673 534 2741 potius
563 2673 808 2740 gloriam.
851 2671 970 2726 Jam
999 2672 1066 2725 de
1097 2671 1354 2726 Romanis
1382 2672 1658 2726 codicibus
1687 2679 1787 2736 est,
1821 2679 1880 2725 ut
1902 2672 2154 2735 arbitror,
2187 2671 2387 2725 dictum
2417 2672 2566 2726 satis.

155 2760 266 2814 XX.
308 2762 464 2816 Nunc
510 2761 830 2831 progrediar
877 2762 1125 2829 longius,
1176 2761 1353 2830 deque
1401 2761 1466 2816 iis
1514 2775 1695 2829 agam,
1747 2762 1840 2828 qui
1889 2761 1942 2814 in
1991 2759 2331 2814 bibliothecis
2361 2760 2706 2815 tabulariisve
2736 2764 3185 2818 monasteriorum
3213 2773 3377 2835 atque

87 2855 287 2908 urbium
333 2864 556 2910 exstant
603 2854 893 2925 pontilicim
947 2853 1185 2908 ditionis.
1248 2853 1519 2922 Principio
1568 2852 1990 2906 vetustissimum
2038 2851 2422 2909 monasterium
2470 2850 2823 2916 Sublacense,
2857 2867 2888 2907 e
2915 2853 3208 2920 codicibus,
3242 2871 3376 2924 quos

89 2959 200 2998 esse
245 2946 344 3013 ipsi
393 2947 638 3014 reliquos
683 2959 840 3013 passa
889 2951 971 2999 est
1019 2947 1156 2998 edax
1204 2943 1535 3012 antiquitas,
1591 2942 1850 2995 nonnulla
1901 2941 2057 2996 nobis
2098 2940 2496 3009 suppeditavit,
2548 2956 2667 3010 quae
2695 2943 2872 3011 qualia
2903 2945 3029 3010 sint,
3058 2959 3298 3014 quasque
3322 2947 3375 3002 in

94 3033 375 3088 editionem
425 3035 572 3088 hanc
619 3049 841 3104 operum
886 3033 1057 3089 sancti
1105 3032 1324 3086 Maximi
1370 3032 1650 3086 intulerint
1691 3031 1970 3095 utilitates,
1998 3031 2052 3084 in
2083 3030 2538 3087 admonitionibus
2567 3046 2855 3100 exponam,
2880 3042 2938 3087 ut
2968 3036 3105 3089 ratio
3134 3037 3372 3104 postula-

88 3124 252 3187 verit,
283 3124 595 3193 diligenter.
639 3124 714 3178 De
743 3123 1014 3179 Farfensis
1042 3123 1218 3193 prisca
1245 3124 1374 3177 item
1402 3129 1673 3177 vetustate
1703 3122 1914 3186 nobilis,
1947 3128 2133 3188 totque
2164 3136 2268 3174 non
2291 3121 2623 3190 privatorum
2646 3123 2828 3188 modo,
2860 3125 2953 3178 sed
2984 3127 3371 3195 imperatorum

91 3215 241 3268 etiam
264 3254 280 3281 ,
307 3225 470 3285 atque
501 3215 818 3286 pontiﬁcum
863 3230 1114 3270 sermone
1140 3213 1498 3284 percelebrati
1547 3211 1862 3265 monasterii
1891 3209 2166 3264 codicibus
2197 3225 2304 3263 non
2330 3211 2500 3263 multo
2530 3210 2740 3278 longior
2767 3223 2953 3269 nostra
2982 3216 3239 3286 deinceps
3270 3232 3368 3274 erit

91 3309 272 3363 oratio.
330 3309 566 3363 Exstant
613 3309 668 3362 in
714 3307 872 3376 hujus
920 3307 1211 3372 tabulario,
1260 3305 1408 3375 quod
1453 3304 1778 3360 Muratorius
1821 3303 2020 3371 aliique
2065 3302 2363 3357 doctissimi
2411 3302 2513 3356 viri
2559 3307 2840 3373 permagni
2870 3309 3063 3362 merito
3087 3309 3367 3376 fecerunt;

90 3410 322 3466 exstant,
375 3404 598 3473 inquam
629 3444 643 3469 ,
699 3404 750 3456 in
800 3402 963 3471 hujus
1009 3402 1277 3456 tabulario
1301 3441 1315 3465 .
1367 3409 1564 3471 prater
1589 3409 1837 3466 caeteros,
1868 3399 2162 3454 homiliarii
2187 3399 2294 3454 duo
2323 3400 2625 3454 litterarum
2654 3400 3057 3455 characteribus
3085 3405 3367 3470 Romanis,

92 3490 348 3559 diligentia
377 3493 662 3560 singulari,
692 3492 978 3560 elegantia,
1013 3493 1187 3546 nitore
1211 3491 1416 3561 scrip-ti.
1459 3490 1571 3545 llos
1596 3491 2052 3546 eminentissimus
2079 3491 2160 3544 vir
2188 3488 2245 3543 S.
2277 3489 2342 3544 Β.
2376 3489 2436 3543 Ε.
2469 3490 2756 3545 cardinalis
2786 3491 3163 3553 Tamburinius
3191 3496 3368 3555 saeculi

91 3596 200 3635 esse
242 3598 293 3636 xl
334 3583 640 3651 judicavit,
691 3585 779 3637 cui
825 3583 969 3638 nulla
1014 3591 1099 3637 est
1143 3598 1301 3638 causa
1329 3624 1344 3648 ,
1392 3599 1488 3638 cur
1519 3599 1624 3637 non
1673 3584 2022 3638 vehementer
2050 3582 2330 3636 assentiar.
2372 3580 2430 3634 In
2461 3582 2647 3636 iisdem
2674 3584 2923 3638 homilias
2949 3587 3121 3640 sancti
3150 3587 3365 3647 Maximi

90 3687 269 3728 nomen
298 3676 650 3745 prail'erentes
677 3675 1085 3744 quatuordecim
1117 3675 1336 3741 offendi,
1368 3691 1502 3745 quas
1533 3677 1672 3747 typis
1695 3675 1901 3745 jamdiu
1932 3690 2158 3729 excusas
2185 3689 2248 3729 ac
2272 3674 2570 3743 publicatas
2600 3674 2832 3731 Maximo
2861 3685 3009 3732 certe
3039 3679 3138 3747 ipsi
3169 3682 3363 3737 ascribi

90 3771 352 3831 oportere,
403 3766 573 3821 eflicit
621 3774 784 3834 atque
831 3764 1115 3820 conﬁrmat
1163 3774 1270 3819 tam
1318 3767 1601 3820 illustrium
1647 3771 2120 3819 monumentorum
2166 3771 2408 3818 vetustas
2439 3770 2494 3818 et
2537 3765 2850 3820 auctoritas.
2895 3765 2972 3821 Ac
2999 3767 3066 3821 de
3097 3768 3363 3828 Farl‘ensis

90 3851 291 3918 quidem
317 3854 639 3909 monasterii
663 3853 959 3918 codicibus,
1007 3853 1182 3922 deque
1208 3856 1444 3910 homiiiis
1471 3855 1689 3910 Maximi
1730 3870 1849 3925 qua:
1877 3855 1981 3909 illis
2000 3854 2561 3922 comprehenduntur,
2602 3855 2753 3910 alias.
2797 3856 3206 3914 Beneventanos
3231 3862 3364 3918 vidit

88 3939 371 4012 Stephanus
407 3945 609 4014 Borgia
647 3945 842 4015 praesul
883 3960 1004 4000 cum
1030 3944 1288 4014 dignitate
1310 3989 1325 4013 ,
1378 3955 1492 4000 tum
1521 3960 1714 4014 magno
1745 3946 1981 4014 ingenio,
2030 3959 2223 4013 magno
2252 3945 2429 3999 studio
2459 3946 2652 3999 artium
2684 3947 3029 4016 optimarum,
3063 3964 3126 4005 ac
3155 3952 3362 4009 liberali

86 4029 330 4104 dignaque
376 4036 600 4091 homine
649 4035 816 4089 nobili
863 4035 1142 4101 doctrina,
1191 4029 1601 4105 eruditidneque
1642 4034 1885 4109 [xxvm]
1931 4043 2225 4105 prtestans;
2275 4035 2507 4104 indeque
2534 4037 2701 4091 multa
2731 4041 3014 4108 expressit,
3046 4057 3362 4113 mecumque

92 4122 312 4188 (summa
354 4125 432 4180 Pii
462 4129 604 4182 sexti
635 4127 853 4181 Maximi
895 4127 1383 4197 sapientissimique
1425 4128 1697 4196 pontiﬁcis
1742 4127 2041 4198 voluntate)
2091 4128 2545 4183 communicavit:
2578 4145 2696 4199 qua:
2725 4133 2910 4200 quanti
2940 4135 3080 4201 sint,
3113 4136 3360 4192 admoni-

91 4212 244 4269 tiones
271 4218 394 4287 ipsa:
422 4227 627 4273 nostra:
656 4219 1142 4289 annotationesque
1168 4220 1423 4290 pandent,
1457 4219 1550 4273 sed
1581 4227 1842 4289 tempore.

151 4302 276 4358 XXI.
317 4307 498 4377 Longe
524 4309 738 4364 caeteris
785 4311 1239 4364 monasteriorum
1286 4309 1600 4371 tabulariis,
1653 4316 1710 4361 ut
1757 4308 2111 4377 amplitudine
2150 4308 2291 4372 loci,
2334 4308 2406 4362 ita
2443 4310 2782 4379 praestantia,
2816 4312 3083 4382 copiaque
3109 4313 3356 4372 codicum

87 4397 333 4452 antecedit
359 4399 487 4455 illud
512 4442 528 4466 ,
580 4398 730 4469 quod
776 4399 828 4453 in
879 4400 1130 4455 emnobio
1180 4407 1262 4454 est
1307 4397 1619 4465 Casinensi;
1651 4415 1759 4469 quo
1789 4414 1858 4453 ex
1883 4398 2132 4454 emnobio
2162 4398 2475 4467 praeclaram
2505 4398 2768 4466 originem
2788 4439 2802 4464 ,
2838 4401 3128 4469 nobileque
3155 4419 3354 4459 nomen

86 4488 330 4556 pmipua
374 4491 730 4558 congregatio
773 4491 1160 4546 monachorum
1209 4490 1682 4545 Benedictin'orum
1725 4490 1895 4544 duxit.
1957 4488 2123 4558 Cujus
2150 4489 2368 4557 quidem
2395 4488 2591 4544 decora
2614 4529 2628 4554 ,
2663 4504 2731 4543 ne
2761 4489 3003 4558 pluribus
3031 4508 3349 4564 persequar,

88 4586 232 4638 quam
258 4584 310 4631 et
336 4579 516 4642 velim,
549 4587 609 4634 et
635 4595 764 4634 vero
793 4580 1017 4650 possim,
1048 4579 1287 4634 deterret
1312 4595 1400 4638 me
1429 4581 1606 4648 magni
1649 4580 1884 4634 nominis
1911 4581 2231 4648 scriptorum
2269 4577 2560 4634 Christiani
2589 4577 2759 4649 Lupi,
2784 4579 3008 4636 Joannis
3037 4582 3351 4656 Mabillonii,

86 4660 321 4719 Bernardi
365 4667 776 4733 Montl'auconi,
819 4669 1154 4737 aliorumque
1194 4669 1522 4725 existimatio
1572 4677 1736 4738 atque
1785 4669 2070 4724 celebritas
2096 4709 2109 4734 ,
2158 4669 2250 4737 qui
2298 4683 2360 4722 ea
2396 4669 2473 4722 sic
2502 4669 2750 4724 oratione
2790 4671 3141 4740 illustrarunt,
3176 4683 3233 4728 ut
3260 4678 3351 4744 qui

87 4767 278 4809 rursum
305 4758 370 4813 de
391 4759 456 4813 iis
483 4775 652 4830 agere
682 4761 992 4827 instituerit,
1024 4761 1070 4816 is
1092 4769 1288 4830 spartae
1310 4761 1525 4830 egregie
1544 4769 1824 4816 exornata:
1855 4776 1961 4815 non
1989 4768 2099 4813 tam
2128 4758 2422 4829 quidquam
2452 4757 2648 4814 addere
2677 4770 3115 4817 ornamentorum
3143 4804 3156 4828 ,
3187 4780 3359 4833 quam.

85 4844 344 4904 detrahere
390 4852 528 4908 velle
581 4851 850 4907 videatur.
903 4853 1090 4922 Itaque
1133 4853 1197 4908 iis
1243 4860 1452 4907 tantum
1500 4852 1778 4907 codicibus
1824 4851 1940 4919 ejus
1987 4851 2237 4905 tabularii
2281 4858 2567 4905 contentus
2596 4866 2711 4914 ero,
2747 4853 2799 4905 in
2830 4854 3024 4922 quibus
3053 4855 3121 4909 sit
3150 4856 3350 4925 aliquid

84 4938 214 5004 quod
258 4941 320 4994 ad
365 4945 712 5012 augendam,
758 4943 1230 5014 ampliﬁcandam,
1280 4943 1661 5014 perficiendam
1704 4942 1996 4998 editionem
2047 4956 2273 5011 operum
2316 4940 2534 4994 Maximi
2569 4941 2830 4996 conferat.
2889 4942 3124 5000 Primum
3168 4955 3359 5004 autem.

85 5033 296 5088 omnium
323 5036 424 5091 hoc
461 5039 645 5092 sciant
683 5036 935 5104 lectores,
969 5037 1094 5092 volo
1118 5055 1133 5092 :
1159 5036 1470 5106 praefectum
1501 5035 1549 5089 ei
1584 5034 1848 5089 tabulario
1878 5032 1940 5086 P.
1971 5032 2034 5086 Π.
2057 5031 2334 5086 Placidum
2361 5031 2694 5087 Federicium
2725 5034 2908 5104 inclyti
2939 5037 3140 5093 ordinis
3166 5038 3356 5096 Sancti

86 5117 330 5180 Benedicti
372 5129 701 5183 monachum
747 5129 1016 5198 exquisita
1056 5129 1360 5184 eruditione
1382 5169 1397 5193 ,
1429 5127 1795 5196 singularique
1823 5126 2022 5180 critica:
2051 5125 2180 5180 artis
2204 5125 2397 5195 peritia
2419 5125 2848 5196 praecellentem,
2882 5130 3063 5182 statim
3091 5138 3253 5200 atque
3281 5147 3348 5189 ex

89 5210 333 5282 Stephano
373 5218 568 5288 Borgia
619 5222 846 5290 prmsule
867 5262 882 5287 ,
932 5235 1092 5290 quem
1140 5235 1353 5276 rursum
1381 5221 1602 5276 honoris
1631 5234 1793 5275 causa
1824 5220 2064 5284 nomino,
2097 5219 2389 5288 intellexit,
2418 5234 2537 5274 esse
2567 5217 2664 5272 Pio
2694 5231 2848 5276 sexto
2877 5220 3167 5280 Christiani
3199 5228 3344 5285 orbis

89 5302 298 5359 universi
325 5310 563 5376 pontifici
605 5310 958 5366 vehementer
1003 5311 1190 5376 cordi,
1239 5319 1299 5365 ut
1325 5297 1558 5381 humilia:
1586 5325 1973 5378 sermonesque
2013 5310 2182 5364 sancti
2217 5309 2433 5364 Maximi
2463 5311 2701 5380 episcopi
2733 5310 3078 5370 Taurinensis
3107 5318 3348 5375 studiose

88 5394 456 5468 Colligerentur,
508 5405 675 5471 inque
721 5403 990 5473 publicam
1038 5404 1212 5458 lucem
1261 5418 1472 5458 rursum
1522 5402 1921 5466 emitterentur,
1969 5416 2127 5471 quam
2182 5398 2298 5456 ﬂeri
2324 5387 2583 5470 castigate
2613 5410 2824 5471 posset;
2859 5383 2992 5458 nihil
3021 5415 3128 5460 tam
3157 5408 3347 5466 habuit

88 5487 236 5552 pensi,
261 5505 413 5559 quam
443 5502 500 5548 ut
528 5495 677 5550 omni
707 5494 1000 5562 diligentia,
1035 5495 1236 5560 labore,
1265 5509 1430 5564 opera
1453 5534 1467 5559 ,
1493 5491 1708 5547 codices
1735 5491 1969 5547 creditos
1999 5507 2140 5546 cum
2171 5491 2400 5562 ﬁdeique
2428 5508 2538 5547 suae
2561 5493 2950 5562 pervolutaret,
2986 5504 3149 5567 atque
3178 5515 3245 5554 ex
3275 5503 3344 5557 iis

87 5583 134 5629 ει
157 5577 375 5648 pluribus
417 5602 644 5642 numero
673 5594 729 5642 et
763 5593 1034 5642 vetustate
1065 5587 1477 5656 integritateque
1523 5584 1823 5651 insignibus
1849 5585 2016 5638 multa
2045 5593 2334 5654 promeret,
2369 5600 2540 5655 eaque
2570 5584 2840 5654 pontiﬁcis
2861 5588 3102 5656 ejusdem
3133 5595 3342 5650 nomini

88 5679 142 5720 ac
166 5670 410 5740 majestati
437 5675 618 5732 dicata
642 5716 657 5742 ,
708 5676 938 5731 Romam
985 5676 1102 5730 usui
1151 5677 1308 5731 nobis
1347 5675 1527 5730 futura
1573 5675 1985 5730 transmitteret.
2030 5675 2155 5730 Hmc
2199 5677 2286 5731 ubi
2315 5675 2521 5731 reddita
2553 5674 2793 5746 pontifici
2826 5677 2972 5734 fuere
2997 5718 3010 5742 ,
3062 5683 3213 5750 isque
3241 5700 3342 5754 pro

93 5755 343 5829 “Fictilia,
372 5766 815 5837 pcrspicaciaque
845 5780 1050 5821 summa
1080 5782 1176 5823 sua
1207 5766 1612 5832 anituadvertit,
1643 5779 1869 5836 magnas
1901 5765 2074 5820 inesse
2106 5763 2489 5823 Casinensibus
2515 5768 2878 5824 monumentis
2903 5773 3337 5840 opportunitates
