3898 6226
492 334 555 391 st
1568 376 1571 377 κ
1844 403 1847 405 ν
1948 335 2332 392 ρΜῑΡΑΤιο.
3150 312 3155 315 ⁷
3711 345 3779 401 δέ

491 459 549 505 et
597 450 665 504 ad
710 451 963 520 opuscula
1009 451 1253 519 quaedam
1299 450 1616 506 vindicanda
1658 458 1819 521 atque
1864 450 2230 505 conﬁrmanda
2281 449 2543 514 Maximo;
2587 455 2642 501 et
2688 447 2753 500 ad
2785 446 3159 501 collectionem
3206 449 3342 502 hanc
3383 458 3626 504 nostram
3668 470 3771 508 non

492 539 858 594 exornandam
886 539 1066 604 modo,
1099 540 1193 594 sed
1223 539 1385 594 etiam
1415 540 1741 608 augendam;
1765 549 1829 594 ut
1853 540 2015 611 quam
2045 541 2280 610 primum
2310 554 2548 609 possem,
2590 546 2751 605 atque
2782 538 2987 601 liceret,
3017 536 3267 591 Casinum
3297 548 3557 607 peterem,
3595 557 3766 612 eoque

489 630 797 699 exemplum
846 646 1067 701 operum
1112 632 1283 686 sancti
1328 632 1568 700 ejusdem
1616 631 1963 688 Taurinensis
1991 633 2254 704 prmsulis,
2305 646 2412 699 quo
2435 630 2511 684 uti
2546 644 2953 693 consueveram,
2984 645 3192 684 mecum
3224 640 3581 700 asportarem,
3614 642 3772 704 atque

489 720 618 774 illud
664 736 786 776 cum
832 721 949 788 ejus
992 722 1241 776 tabularii
1268 722 1565 795 codicibus
1606 733 1859 778 accurate
1904 722 2211 777 conferrem
2236 764 2250 788 ,
2305 720 2608 790 imperavit.
2654 716 2814 771 Parui
2843 716 3092 785 equidem
3123 728 3181 771 ut
3205 720 3454 789 principi,
3488 732 3773 791 promptus

490 818 651 879 atque
680 812 876 878 alacer,
910 821 968 866 ut
993 828 1091 882 pro
1116 812 1350 867 Maximo
1382 814 1694 883 imperanti,
1724 815 1920 869 libens.
1962 813 2041 868 Ad
2082 812 2363 867 Casinates
2392 826 2512 863 cum
2539 808 2802 864 venissem
2821 848 2835 872 ,
2869 807 3156 874 omniaque
3184 811 3630 877 pervestigassem
3657 827 3775 881 quae

489 903 735 957 instituto
775 903 889 972 jam
932 906 1084 974 operi
1131 905 1433 960 conducere
1474 921 1636 975 posse
1684 906 2013 971 viderentur,
2056 920 2118 958 ac
2147 919 2240 958 eos
2269 902 2481 957 codices
2510 899 2870 969 seposuissem
2899 912 3037 965 quos
3059 911 3445 968 prospexeram
3476 902 3607 955 mihi
3636 918 3775 972 saepe

488 1005 554 1046 ac
575 993 801 1046 multum
822 1007 889 1047 ex
921 1009 1019 1047 usu
1041 993 1178 1059 fore,
1210 1008 1594 1064 rogassemque
1617 1011 1779 1064 porro
1804 997 2098 1051 monachos
2119 1003 2177 1049 ut
2198 995 2297 1063 ipsi
2328 993 2456 1046 mihi
2480 990 2698 1045 eosdem
2729 989 2944 1044 codices
2978 988 3045 1041 ad
3073 990 3374 1058 exemplum
3402 992 3546 1057 quod
3576 993 3773 1047 attule-

489 1098 603 1137 ram
649 1083 866 1149 exigere
911 1084 1139 1150 volenti,
1190 1083 1381 1140 adesse
1426 1101 1494 1141 ne
1537 1099 1919 1153 gravarentur;
1972 1085 2128 1138 facile
2172 1085 2311 1154 (qua:
2340 1084 2549 1137 illorum
2592 1095 2718 1149 erga
2749 1095 2834 1133 me
2863 1080 3245 1133 benevolentia
3284 1081 3619 1149 comitasque
3653 1081 3770 1151 fuit)

490 1173 815 1242 impetravi,
864 1182 922 1228 ut
968 1169 1151 1244 plures
1194 1175 1287 1243 qui
1334 1175 1485 1230 hisce
1534 1175 1723 1230 studiis
1769 1175 2170 1229 delectarentur
2217 1180 2504 1240 essentque
2546 1170 2598 1223 in
2629 1168 2848 1222 Patrum
2878 1168 3136 1237 operibus
3162 1167 3527 1238 doctrinisque
3551 1173 3771 1236 versati,

490 1259 681 1331 [xxix]
714 1276 863 1315 suam
906 1263 1060 1316 nobis
1089 1278 1311 1333 operam
1341 1263 1743 1333 pollicerentur.
1767 1263 1826 1317 In
1854 1264 2043 1318 borum
2085 1261 2183 1315 fuit
2217 1276 2441 1316 numero
2472 1260 2533 1313 P.
2564 1261 2627 1313 D.
2658 1257 2914 1313 Claudius
2944 1257 3285 1314 Trevisanius
3313 1260 3610 1314 monachus
3637 1275 3775 1330 pra:-

486 1354 639 1404 stans
678 1349 917 1403 historia:
961 1349 1433 1419 doctrinarumque
1483 1352 1966 1406 ecclesiasticarum
2014 1349 2286 1404 facultate.
2348 1349 2515 1417 Hujus
2541 1347 2915 1415 sodaliumque
2947 1348 3177 1418 (aberat
3215 1357 3394 1402 autem
3426 1348 3777 1422 Federicius)

488 1440 811 1509 adjumentis
856 1457 977 1497 cum
1030 1457 1099 1497 ex
1149 1444 1519 1513 manuscripto
1567 1445 1815 1514 exemplo
1844 1459 1964 1499 meo
1991 1452 2102 1497 tres
2129 1451 2431 1511 quatuorve
2460 1443 2678 1497 codices
2706 1457 2815 1497 uno
2843 1452 3087 1511 tempore
3112 1445 3539 1509 aestimarentur;
3571 1451 3779 1496 tantum

489 1529 613 1584 inde
641 1529 758 1597 cepi
788 1529 1037 1584 utilitatis
1060 1572 1075 1595 ,
1126 1540 1184 1585 ut
1232 1533 1483 1587 homilias
1531 1548 1914 1601 sermonesque
1961 1536 2272 1602 sexaginta,
2313 1550 2418 1588 non
2450 1533 2611 1587 modo
2642 1535 2771 1587 satis
2806 1542 2925 1588 tuto
2956 1534 3190 1588 tribuere
3215 1534 3467 1598 Maximo,
3496 1536 3589 1589 sed
3619 1536 3779 1589 etiam

487 1634 628 1673 nova
656 1621 969 1674 variantium
1012 1622 1167 1677 bonae
1204 1624 1371 1693 frugis
1412 1625 1701 1680 lectionum
1728 1627 1847 1681 luce
1877 1626 2142 1680 illustrare
2169 1642 2256 1681 me
2284 1625 2545 1693 majorem
2577 1626 2628 1678 in
2659 1625 2876 1679 modum
2905 1640 3066 1694 posse
3094 1624 3446 1681 confiderem.
3502 1625 3619 1679 Hoc
3648 1640 3779 1679 vero

488 1711 543 1766 in
569 1711 758 1766 iisdem
809 1713 1088 1770 codicibus
1135 1717 1415 1775 notatione
1452 1718 1613 1787 plane
1640 1718 1854 1786 dignum
1884 1719 2236 1773 animadverti
2261 1737 2273 1770 :
2307 1734 2400 1772 eos
2429 1718 2747 1787 plerumque
2777 1718 2848 1771 ita
2880 1732 3178 1786 congruere
3207 1733 3329 1771 cum
3360 1717 3651 1780 Vaticanis,
3690 1718 3779 1770 vix

488 1811 549 1857 ut
577 1804 630 1870 in
658 1803 722 1858 iis
764 1802 1059 1874 quidquam
1105 1807 1436 1877 deprehendi
1485 1818 1648 1879 queat
1675 1810 1952 1865 dissimile.
1994 1810 2126 1871 Illud
2158 1811 2463 1872 notabilius,
2495 1809 2640 1878 quod
2671 1807 2889 1862 bomilia
2921 1808 2984 1861 de
3012 1808 3329 1879 Evangelica
3376 1808 3697 1869 Piscatione,
3731 1814 3784 1859 et

488 1904 714 1965 quartus
761 1911 825 1950 ao
870 1900 1299 1967 septuagesimus
1349 1917 1525 1957 sermo
1550 1942 1565 1965 ,
1595 1904 1685 1970 qui
1732 1910 1815 1955 est
1842 1900 1904 1954 de
1935 1899 2122 1956 Natali
2164 1903 2331 1955 sancti
2371 1900 2665 1964 Laurentii,
2690 1914 2813 1953 cum
2842 1899 3037 1953 ascribi
3063 1898 3316 1962 Maximo,
3339 1899 3451 1951 nisi
3477 1899 3591 1953 sola
3625 1898 3786 1951 unius

489 1987 691 2041 codicis
740 1986 1116 2044 Laurentianaa
1158 1990 1407 2047 Mediceae
1434 1993 1768 2048 bibliotheca:
1798 1994 2105 2063 epigraphe,
2138 1992 2454 2061 nequirent;
2488 2000 2599 2046 tum
2628 1992 2977 2061 inscriptione
3004 1992 3205 2046 codicis
3234 1991 3453 2045 alterius
3476 1989 3788 2044 Casinensis

489 2077 706 2147 optione
737 2086 877 2133 noun
905 2079 1104 2135 factum
1133 2090 1233 2145 est,
1261 2091 1368 2137 uta
1393 2086 1545 2139 nobis
1571 2086 1743 2139 eidem
1771 2094 1955 2140 sancto
1976 2088 2202 2140 antistiti
2234 2085 2470 2141 firmiore
2499 2087 2901 2141 asseveratione
2927 2085 3368 2140 attribuerentur.
3433 2083 3568 2138 Nolo
3600 2090 3785 2136 autem

490 2169 773 2238 quisquam
821 2171 1065 2239 miretur,
1098 2189 1374 2232 sermones
1420 2176 1640 2243 aliquot,
1690 2177 1861 2245 quiin
1888 2177 2205 2245 quibusdam
2232 2173 2539 2232 Casinensis
2566 2178 2798 2232 emnobii
2835 2176 3108 2231 codicibus
3137 2176 3381 2245 inscripti
3409 2184 3586 2230 essent
3613 2178 3789 2231 sancti

492 2261 712 2315 Maximi
761 2265 1011 2329 nomine,
1064 2266 1293 2335 rejectos
1338 2282 1368 2319 a
1397 2267 1551 2321 nobis
1578 2267 1740 2322 fuisse
1770 2270 1822 2323 in
1852 2270 2222 2338 appendicem.
2256 2269 2387 2323 Nam
2418 2286 2539 2324 cum
2566 2271 2634 2325 ab
2664 2269 2910 2324 oratione
2939 2284 3002 2323 ac
3026 2268 3167 2339 ston
3198 2268 3414 2322 Maximi
3444 2267 3603 2335 longe
3633 2266 3788 2334 ipsos

493 2352 689 2405 abesse
719 2354 1079 2421 perspicerem
1104 2395 1118 2419 ,
1170 2354 1560 2424 adjungendam
1609 2360 1982 2413 auctoritatem
2032 2375 2094 2414 ac
2122 2359 2282 2414 tidem
2305 2354 2377 2414 iis
2405 2360 2682 2415 codicibus
2712 2375 2817 2413 non
2848 2360 3050 2429 putavi,
3083 2374 3221 2427 quos
3247 2359 3443 2413 scirem
3471 2357 3534 2411 iis
3564 2367 3785 2425 tempo—

494 2442 644 2496 ribus
669 2442 849 2497 vfuisse
892 2445 1234 2513 perscriptas,
1264 2446 1457 2513 quibus
1482 2447 1612 2499 nihil
1640 2447 1850 2525 vigebat
1878 2448 2056 2502 minus
2083 2462 2245 2515 quam
2277 2448 2477 2502 critica:
2506 2447 2641 2500 artis
2662 2447 2876 2516 peritia.
2918 2446 3105 2515 Neque
3131 2461 3262 2501 vero
3292 2446 3396 2499 illae
3424 2444 3619 2507 solum,
3649 2457 3793 2512 quas

496 2537 744 2609 proxime
790 2540 1245 2603 commemoravi,
1289 2542 1342 2595 in
1389 2548 1625 2596 nostram
1656 2558 1879 2612 operum
1908 2543 2126 2598 Maximi
2155 2545 2529 2600 collectionem
2559 2560 2626 2599 ex
2655 2545 3075 2613 congregatione
3103 2542 3493 2597 monachorum
3523 2539 3795 2593 Casinen-

502 2625 643 2679 sium
672 2635 1056 2695 permanarunt
1086 2628 1371 2694 utilitates;
1405 2631 1568 2685 immo
1596 2637 1767 2685 auctm
1793 2632 1894 2685 illa:
1923 2634 2139 2700 quidem
2168 2643 2545 2703 protensznque
2591 2634 2739 2689 fuere
2767 2636 2927 2688 latius
2956 2649 3081 2689 cura
3112 2633 3497 2701 diligentiaque
3526 2646 3793 2686 reveren-

500 2713 707 2769 dissimi
740 2713 798 2767 P.
830 2715 893 2768 D.
928 2716 1184 2771 Dominici
1215 2716 1447 2781 Favillze,
1478 2721 1569 2788 qui
1599 2728 1724 2775 tunc
1754 2719 1869 2787 ejus
1897 2724 2326 2792 congregationis
2361 2725 2527 2778 abbas
2555 2726 2821 2792 generalis
2850 2733 2984 2779 erat.
3044 2724 3095 2782 Is
3123 2726 3264 2779 enim
3290 2765 3303 2789 ,
3336 2739 3458 2779 cum
3488 2738 3552 2777 ex
3582 2722 3733 2777 edito
3762 2741 3793 2777 a

501 2804 795 2861 Muratorio
819 2805 894 2877 (a)
924 2808 1101 2861 saeculi
1123 2825 1154 2861 x
1175 2807 1346 2863 indice
1368 2810 1703 2867 bibliothecm
1724 2815 1924 2882 antiqui
1949 2831 2080 2872 sane
2106 2832 2168 2870 ac
2188 2817 2415 2871 celebris
2438 2815 2749 2872 monasterii
2771 2818 3049 2873 Bobiensis
3075 2816 3257 2872 Sancti
3278 2815 3594 2871 Columbani
3620 2816 3797 2884 (quod

502 2898 889 2952 monasterium
918 2897 971 2949 in
1002 2912 1067 2953 eo
1096 2905 1267 2953 tractu
1296 2907 1378 2953 est
1402 2900 1624 2955 ducatus
1653 2902 2086 2971 Mediolanensis,
2118 2907 2210 2974 qui
2239 2915 2363 2960 ante
2390 2908 2553 2962 hosce
2582 2925 2689 2963 non
2720 2909 2916 2963 multos
2945 2924 3116 2963 annos
3158 2909 3210 2962 in
3239 2908 3499 2963 ditionem
3528 2905 3800 2961 Sardinia:

502 2992 645 3061 regis
674 2992 839 3059 venit)
868 3030 883 3055 ,
916 2993 961 3046 is
985 3033 999 3058 ,
1048 2994 1265 3062 inquam
1287 3036 1300 3059 ,
1352 3011 1473 3050 cum
1518 3012 1586 3051 ex
1613 3013 1680 3053 eo
1721 2998 1895 3054 indice
1923 3011 2212 3069 cognosset
2240 3003 2291 3056 in
2320 3004 2634 3057 monasterii
2662 3004 2902 3073 ejusdem
2931 3003 3255 3059 bibliotheca
3286 3003 3498 3059 codices
3523 3002 3799 3072 quosdam

503 3083 666 3139 fuisse
711 3086 905 3153 quibus
954 3087 1208 3155 opuscula
1259 3090 1431 3143 sancti
1480 3091 1649 3144 nostri
1681 3090 1984 3146 Taurinatis
2033 3095 2269 3163 episcopi
2312 3095 2741 3157 continerentur,
2774 3096 2954 3149 abbati
2984 3094 3237 3150 Bobiensi
3278 3094 3570 3156 mandavit,
3622 3102 3687 3146 ut
3726 3093 3800 3147 de

504 3176 779 3232 codicibus
820 3177 1007 3232 iisdem
1053 3187 1402 3247 cognosceret
1448 3190 1503 3235 et
1550 3181 1618 3234 ad
1663 3196 1721 3236 se
1769 3183 2011 3238 referret.
2075 3184 2253 3240 Gessit
2300 3186 2344 3239 is
2395 3187 2651 3241 continuo
2682 3186 3158 3250 Favillze'morem,
3189 3185 3283 3239 sed
3312 3202 3435 3240 cum
3465 3185 3798 3253 inquirendo

505 3266 723 3323 codices
773 3278 878 3322 nOn
921 3270 1242 3337 reperisset,
1293 3280 1457 3340 atque
1501 3272 1555 3325 in
1602 3288 1721 3326 eam
1768 3274 1992 3342 proinde
2041 3278 2359 3331 sententiam
2408 3278 2673 3341 venisset,
2707 3285 2765 3330 ut
2795 3277 2879 3330 vel
2909 3292 3004 3331 eos
3033 3278 3248 3346 penitus
3275 3278 3518 3345 periisse,
3549 3276 3635 3329 vel
3669 3275 3802 3329 inde

506 3356 747 3413 sublatos
768 3398 782 3422 ,
827 3358 1040 3428 alioque
1069 3368 1371 3428 asportatos
1396 3400 1412 3424 ,
1465 3363 1518 3416 in
1549 3363 1730 3417 abdito
1759 3365 2013 3433 quopiam
2041 3374 2134 3419 aut
2164 3367 2433 3421 tabulario
2463 3376 2554 3421 aut
2583 3367 3021 3438 bibliophylacio,
3054 3368 3199 3422 velut
3230 3369 3282 3421 in
3316 3368 3574 3429 tenebris,
3605 3365 3805 3434 jacere

508 3449 847 3513 existimarit,
876 3441 1129 3505 Favillatn
1161 3453 1331 3519 ipsum
1354 3452 1458 3521 per
1487 3453 1693 3507 litteras
1722 3456 2008 3510 certiorem
2038 3456 2163 3510 fecit
2186 3496 2200 3521 ,
2252 3457 2447 3512 frustra
2478 3457 2724 3512 codicum
2755 3458 3065 3512 eorumdem
3111 3442 3593 3527 perquirendorum
3624 3456 3698 3509 ab
3739 3473 3806 3508 se

508 3540 727 3608 suisque
773 3540 937 3595 fuisse
986 3541 1222 3595 laborem
1268 3552 1594 3611 susceptum.
1656 3543 1769 3598 Hoc
1814 3553 1991 3599 autem
2040 3546 2178 3600 scire
2224 3562 2283 3600 se
2311 3565 2321 3598 :
2355 3548 2408 3600 in
2440 3547 2504 3600 iis
2527 3588 2541 3612 ,
2593 3547 2683 3615 qui
2715 3547 2890 3599 adhuc
2919 3548 2974 3600 in
2999 3547 3330 3600 monasterio
3361 3562 3460 3600 suo
3490 3553 3804 3607 exstarent,

508 3633 781 3689 codicibus
810 3644 1084 3689 sermones
1110 3650 1229 3689 esse
1252 3636 1505 3691 inventos
1530 3644 1653 3690 octo
1682 3636 1851 3690 sancti
1870 3636 2097 3711 Maximi
2126 3638 2409 3705 insignitos
2439 3638 2674 3701 nomine,
2707 3650 2843 3704 quos
2871 3636 3103 3690 exscribi
3127 3676 3140 3699 ,
3171 3636 3305 3704 ipse,
3352 3635 3693 3702 Romamque
3726 3637 3806 3688 ait

513 3740 609 3781 nos
637 3724 776 3777 mitti
805 3726 1028 3778 curavit.
1072 3724 1177 3779 Sed
1203 3726 1393 3779 horum
1421 3726 1639 3793 quidem
1667 3741 1997 3791 sermonum,
2030 3742 2151 3780 cum
2182 3727 2374 3780 redditi
2419 3724 2595 3798 [xxx]
2630 3726 2784 3780 nobis
2810 3726 3038 3779 fuissent
3078 3726 3334 3793 quinque,
3370 3726 3468 3777 hos
3493 3724 3707 3791 jamdiu
3738 3726 3803 3779 in

513 3817 684 3871 lucem
715 3815 877 3870 fuisse
925 3817 1164 3885 prolatos
1209 3817 1693 3886 deprehendimus;
1726 3826 1954 3872 caeteros
1977 3856 1991 3879 ,
2041 3833 2269 3885 quorum
2301 3825 2382 3871 est
2413 3817 2560 3886 prior
2589 3826 2650 3869 de
2680 3814 2969 3869 Natittitate
2998 3814 3229 3880 Domini,
3260 3815 3399 3868 alter
3422 3830 3485 3868 ac
3513 3814 3710 3868 tertius
3738 3816 3809 3867 de

512 3904 775 3961 Laudibus
805 3906 966 3959 beata:
994 3905 1183 3959 Maria:
1224 3906 1473 3977 Virginis,
1506 3906 1651 3973 quod
1673 3907 1742 3959 ob
1769 3906 2067 3960 siccitatem
2105 3906 2567 3973 humilitatemque
2592 3904 2856 3959 orationis
2898 3904 3098 3970 indigni
3127 3912 3344 3958 oratore
3394 3912 3542 3957 tanto
3584 3914 3802 3965 essent,

514 3996 801 4066 rejecimus
849 3996 901 4048 in
949 3996 1299 4065 appendicem
1349 4011 1575 4064 operum
1622 3996 1946 4065 spuriorum.
1990 3995 2165 4063 Atque
2194 3998 2308 4050 hinc
2333 3996 2399 4049 de
2430 3994 2786 4048 Bobiensibus
2815 3992 3089 4047 codicibus
3116 3992 3255 4046 dicta
3287 4000 3467 4054 sunto,
3501 3990 3567 4045 de
3595 3994 3811 4061 quibus

514 4104 673 4158 agere
699 4093 1157 4161 prmtermisissem
1185 4131 1199 4155 ,
1245 4092 1347 4146 nisi
1376 4092 1763 4146 monachorum
1790 4089 2163 4145 Casinensium
2193 4091 2246 4143 in
2279 4091 2415 4143 hanc
2453 4088 2744 4143 editionem
2773 4087 2963 4140 merita
2992 4084 3304 4148 praedicanti
3335 4085 3467 4137 mihi
3495 4084 3548 4137 in
3580 4099 3809 4140 mento-

515 4182 649 4235 riam
678 4199 721 4235 rt
746 4182 981 4237 jiissent.

586 4291 742 4347 XXII.
788 4293 915 4349 Post
941 4294 1153 4359 codices
1181 4293 1499 4349 Casinenses
1530 4295 1767 4364 postulat
1796 4294 1952 4359 ratio,
1985 4304 2044 4347 ut
2074 4294 2310 4362 reliquos
2337 4308 2660 4361 memorem,
2688 4292 2777 4361 qui
2810 4291 2865 4345 in
2894 4289 3235 4345 bibliothecis
3263 4287 3602 4357 Neapolitani
3633 4294 3803 4358 regni

515 4393 815 4450 servantur,
865 4386 1126 4453 nobisque
1175 4385 1371 4453 aliquid
1420 4386 1537 4454 opis
1584 4394 1742 4454 atque
1772 4384 2062 4453 adjnmenti
2090 4383 2157 4439 ad
2185 4383 2561 4439 collectionem
2591 4380 3076 4451 operumiMaximi
3104 4378 3471 4433 adornandam
3503 4376 3814 4447 perﬁcien-

516 4475 747 4545 damque
795 4476 1109 4529 attulerunt.
1171 4475 1411 4530 Olferunt
1455 4487 1635 4531 autem
1682 4493 1801 4531 sese
1852 4477 2006 4531 nobis
2052 4478 2233 4546 priore
2286 4478 2404 4532 loco
2453 4477 2486 4530 ii
2516 4492 2653 4545 quos
2682 4476 2736 4529 in
2763 4474 3089 4529 bibliotheca
3119 4471 3316 4526 Montis
3341 4468 3537 4524 Oliveti
3565 4469 3813 4540 Neapoli

517 4564 720 4632 reperit
740 4562 973 4635 Angelus
1002 4562 1165 4616 Maria
1197 4564 1506 4629 Bandinius,
1539 4580 1702 4633 quem,
1728 4581 1814 4619 me
1838 4581 1996 4634 supra
2026 4566 2333 4619 nominasse
2362 4564 2601 4619 memini.
2644 4563 2782 4618 Sunt
2812 4563 2884 4617 illi
2916 4562 3133 4631 quidem
3166 4574 3385 4613 numero
3420 4568 3527 4613 tres
3553 4600 3567 4623 ,
3599 4560 3816 4614 iidem-

521 4670 622 4726 que
651 4655 957 4709 homiliarii.
1000 4653 1291 4708 Continent
1319 4656 1525 4724 aliquot
1555 4656 1827 4710 orationes
1855 4653 2089 4710 Maximo
2135 4658 2439 4713 attributas.
2492 4656 2691 4709 Harum
2720 4656 2974 4725 quinque,
3006 4652 3149 4720 quod
3176 4652 3388 4719 scripta:
3419 4651 3597 4705 minus
3625 4652 3817 4719 polite

518 4748 800 4813 minusque
827 4745 895 4798 ad
940 4742 1157 4798 Maximi
1188 4745 1382 4815 stylum
1435 4753 1573 4813 apta:
1611 4746 1754 4810 sint,
1804 4747 1856 4799 in
1906 4747 2133 4800 classem
2160 4747 2445 4815 rejecimus
2488 4748 2777 4802 nothorum
2803 4745 3202 4815 opusculorum.
3246 4742 3301 4795 ln
3330 4757 3516 4795 eorum
3547 4742 3817 4799 codicum

521 4853 629 4892 uno
656 4836 703 4889 is
731 4841 907 4889 exstat
936 4848 1130 4899 sermo,
1157 4835 1310 4902 cujus
1330 4835 1435 4889 hoc
1457 4843 1538 4888 est
1566 4835 1775 4888 initium
1801 4853 1813 4887 :
1846 4835 1999 4905 διερέ
2025 4838 2319 4889 intimamm
2350 4846 2424 4889 est
2452 4837 2658 4889 auribus
2682 4838 2881 4900 vestris,
2908 4837 3117 4904 fratres,
3152 4840 3256 4885 etc.
3323 4830 3419 4885 Est
3448 4832 3590 4886 idem
3619 4834 3820 4889 codex

521 4932 967 4986 membranaceus
1015 4930 1230 4984 in-folio
1280 4929 1532 4993 maximo,
1585 4930 1898 4984 charactere
1943 4930 2188 4985 Romano
2235 4937 2521 4994 exaratos,
2567 4930 2905 4998 pertinetque
2928 4928 2997 4981 ad
3028 4945 3079 4982 xi
3108 4926 3384 4981 steculum.
3428 4926 3608 4991 Quare
3640 4926 3821 4994 hujus

522 5024 649 5075 item
680 5022 915 5078 subsidio
946 5019 1149 5075 firmius
1179 5020 1398 5074 Maximi
1426 5020 1568 5073 idem
1597 5035 1775 5074 sermo
1803 5035 1924 5073 esse
1953 5020 2332 5074 constituetur.
2378 5019 2514 5073 Huic
2543 5020 2718 5088 primo
2748 5019 2921 5073 codici
2951 5018 3238 5088 persimilis
3267 5024 3352 5072 est
3380 5016 3534 5069 alter.
3580 5014 3820 5071 Tertius

522 5123 605 5169 est
630 5114 944 5168 chartaceus
974 5114 1025 5167 in
1056 5112 1186 5166 folio
1215 5113 1431 5178 minori,
1461 5127 1582 5166 saec.
1618 5126 1706 5165 xxv
1734 5111 2023 5174 recentior,
2055 5110 2142 5165 cui
2170 5119 2253 5165 est
2280 5125 2458 5165 sermo
2488 5111 2579 5164 ille
2610 5111 2842 5164 insertus
2868 5128 2880 5161 :
2908 5110 2970 5163 de
2998 5109 3229 5162 Adventu
3260 5108 3492 5170 Domini,
3522 5105 3613 5174 qui
3645 5107 3820 5162 initio

521 5204 601 5259 sic
628 5204 828 5258 habet:
866 5203 1105 5273 Propitia
1150 5202 1457 5267 Divinitate,
1511 5202 1709 5269 quique
1752 5201 1855 5254 etsi
1904 5201 1957 5253 in
2004 5200 2109 5254 hoc
2134 5201 2249 5269 ipso
2278 5201 2484 5265 codice,
2514 5200 2756 5265 Maximi,
2786 5202 2840 5254 in
2871 5202 2989 5256 aliis
3018 5209 3196 5253 tamen
3228 5199 3368 5253 haud
3400 5199 3603 5267 paucis,
3640 5198 3823 5256 editis

522 5296 840 5368 prmsertim,
886 5293 1151 5348 Ambrosii
1200 5308 1395 5347 nomen
1440 5290 1674 5361 praefert.
1719 5289 1834 5344 Utri
1877 5294 2057 5343 autem
2105 5291 2294 5343 horum
2340 5300 2648 5345 sanctorum
2704 5292 3005 5346 antistitum
3058 5291 3370 5345 tribuendus
3417 5291 3508 5351 sit.
3554 5290 3823 5357 judicent

524 5385 811 5454 sapientes.
874 5384 1131 5453 Equidem
1177 5399 1368 5439 vereor
1397 5397 1465 5437 ne
1492 5397 1713 5451 prorsus
1740 5382 1933 5434 neutri.
1976 5379 2081 5433 Sed
2140 5396 2207 5435 ne
2254 5381 2381 5452 quid
2412 5381 2587 5448 egisse
2616 5388 2818 5437 temere
2846 5374 3075 5447 viderer,
3102 5382 3155 5435 in
3196 5380 3390 5435 seriem
3417 5381 3592 5449 ipsum
3647 5379 3822 5435 intuli

526 5493 749 5549 operum
770 5476 985 5530 Maximi
1012 5476 1313 5531 dubiorum.

595 5589 817 5661 Neapoli
838 5589 1056 5661 perinde
1085 5588 1674 5657 in~Augustinianorum
1702 5564 1885 5638 Sancti
1907 5581 2129 5639 Joannis
2156 5581 2223 5638 de
2252 5582 2581 5639 Carbonaria
2613 5585 2805 5653 insigni
2827 5585 3151 5641 bibliotheca
3180 5581 3423 5638 codicem
3451 5582 3823 5641 membrana-

603 5708 679 5771 (α)
719 5707 868 5761 Τοιιι.
902 5704 966 5759 lll
996 5704 1301 5765 Antiquitat.
1333 5702 1487 5756 medii
1515 5700 1630 5767 avi,
1663 5711 1784 5768 pag.
1816 5696 1936 5749 819.
