3898 6226
98 397 166 452 57,
1571 373 1953 434 Pll/EFATlO.
3313 363 3380 420 δι

91 515 232 556 ccum
259 497 477 554 in-folio
508 499 701 556 medio
730 498 847 553 fere
893 494 1086 552 sccculo
1116 491 1276 548 tertio
1306 506 1370 546 ac
1418 489 1628 544 decimo
1675 492 1937 560 scriptum
1967 485 2257 542 Bandinius
2282 484 2423 539 idem
2452 485 2598 553 legit,
2633 484 2918 554 pluresque
2940 487 2993 541 iu
3016 500 3083 542 eo
3101 497 3382 539 sermones

89 597 261 642 sancto
282 587 528 643 Maximo
551 586 758 642 ascribi
782 583 1176 647 animadvertit,
1203 595 1340 648 quos
1367 579 1540 634 sancti
1570 579 1812 648 ejusdem
1835 578 2096 646 genuinos
2126 590 2244 629 esse
2270 573 2428 636 fetus,
2463 574 2688 628 aliorum
2718 573 2880 628 etiam
2927 588 3122 642 magno
3149 584 3385 628 numero

91 676 320 731 codicum
349 679 691 746 comprobat
721 674 988 743 efﬁcitque
1018 671 1326 727 consensio.
1360 669 1522 723 Multa
1542 684 1704 738 porro
1733 670 1816 722 vir
1845 668 2170 722 clarissimus
2192 666 2314 718 inde
2337 665 2546 730 extulit,
2570 678 2688 731 quae
2717 664 2932 732 quidem
2964 671 3020 718 ut
3069 679 3166 717 nos
3191 663 3259 716 ad
3305 660 3387 716 in-

92 767 314 822 stitutam
335 769 646 824 editionem
669 766 1038 822 illustrandam
1055 763 1310 832 juvarint,
1335 777 1401 815 ex
1422 760 1873 814 admonitionibus
1896 760 2089 826 cuique
2110 756 2342 810 homilim
2363 756 2704 822 sermonique
2724 754 2956 823 praeﬁxis
2979 754 3207 821 intelligi
3223 755 3384 824 plane

96 860 301 927 poterit.
339 859 478 912 lllud
517 861 735 912 interea
763 857 906 919 sciri,
940 854 1248 921 attendique
1277 853 1433 906 velim
1463 870 1473 902 :
1508 866 1813 905 sermonem
1839 852 1892 904 in
1923 866 1988 904 eo
2018 838 2202 903 codice
2231 848 2294 901 de
2348 845 2601 917 Operibus
2647 844 3017 899 misericordia:
3046 847 3381 914 inscriptum,

95 955 244 1014 atque
273 947 430 1000 initio
481 946 565 1000 sic
615 945 907 998 habentem
936 960 948 994 :
983 941 1196 1006 Videte,
1214 942 1423 1010 fratres,
1449 957 1605 1010 quare
1633 940 1928 992 charissimi
1950 939 2202 1000 dicimim',
2235 945 2364 1000 etc.,
2404 936 2586 998 eximi,
2619 951 2705 989 me
2728 934 2928 1004 judice,
2955 937 3294 1012 expunggique
3317 950 3386 990 ex

95 1038 211 1090 albo
226 1037 694 1091 Maximianorum
709 1049 932 1105 operum
953 1023 1224 1102 oportere.
1251 1031 1424 1098 Atque
1447 1031 1679 1098 expunxi
1702 1029 2213 1096 equideniyeumque
2237 1026 2290 1079 in
2317 1025 2664 1094 appendicem
2677 1026 2980 1093 spuriorum
2994 1025 3206 1078 immitti
3226 1024 3382 1093 jussi,

95 1143 203 1182 cum
217 1127 384 1181 multo
400 1129 588 1184 minus
601 1114 858 1195 graviter,
877 1125 1151 1191 eleganter
1169 1122 1495 1192 proprieque
1509 1121 1862 1190 perscriptum
1877 1133 2174 1181 cernerem,
2191 1133 2349 1186 quam
2374 1116 2510 1170 ferre
2531 1116 2748 1172 Maximi
2762 1116 2935 1170 oratio
2950 1130 3106 1184 posse
3117 1115 3381 1169 videatur.

158 1245 322 1317 [xxxi]
353 1237 546 1297 ΧΧίΠ.
586 1243 671 1296 Ad
701 1243 934 1296 Venetos
969 1239 1184 1294 codices
1224 1238 1404 1292 venio.
1440 1235 1632 1288 Mirum
1656 1249 1819 1302 quam
1848 1233 1904 1285 hi
1932 1231 2259 1285 contulerint
2287 1229 2353 1282 ad
2382 1229 2753 1283 collectionem
2800 1227 2941 1280 hanc
2986 1235 3225 1281 nostram
3266 1226 3387 1280 red-

97 1333 307 1386 dendam
339 1347 448 1385 non
481 1331 917 1386 emendatiorem
945 1328 1128 1392 modo,
1158 1327 1251 1380 sed
1297 1327 1459 1381 etiam
1508 1324 1821 1378 auctiorem.
1871 1321 2225 1376 Serenissima
2275 1320 2470 1388 quippe
2510 1319 2810 1388 respublica
2864 1319 3190 1373 Venetorum
3230 1317 3386 1371 simul

98 1437 246 1498 atque
274 1429 506 1496 accepit,
543 1442 670 1482 esse
705 1425 800 1480 Pio
829 1433 981 1479 sexto
1011 1424 1150 1492 patri
1180 1430 1392 1491 patrum
1420 1420 1770 1474 vehementer
1797 1434 1958 1481 curae,
1990 1425 2048 1470 ut
2077 1431 2233 1479 nova,
2259 1430 2448 1484 eaque,
2481 1422 2738 1495 quantum
2769 1422 2969 1484 posset,
3001 1415 3110 1468 suis
3140 1413 3388 1468 ouinibus

99 1521 324 1588 partibus
354 1534 419 1572 ac
450 1519 703 1572 numeris
731 1522 1004 1578 constans,
1036 1513 1382 1584 perfecteque
1411 1511 1654 1565 absoluta
1684 1510 1855 1564 sancti
1900 1507 2117 1561 Maximi
2161 1504 2507 1560 Taurinensis
2551 1504 2786 1573 episcopi
2832 1517 3056 1573 ,operum
3109 1509 3389 1570 pararetur

101 1610 282 1674 editio;
315 1610 763 1662 demonstratura
791 1622 1053 1661 summam
1083 1620 1234 1658 suam
1265 1617 1390 1671 erga
1421 1609 1626 1655 tantum
1651 1599 1957 1669 pontiﬁcem
1987 1597 2340 1660 voluntatem,
2372 1594 2709 1649 bibliothecae
2738 1594 2919 1648 Sancti
2937 1594 3110 1676 Marci
3134 1595 3388 1662 prmfecto

102 1701 146 1754 id
172 1700 364 1769 negotii
394 1700 570 1762 dedit,
602 1707 662 1753 ut
692 1699 929 1752 laborem
960 1709 1286 1764 operamque
1336 1707 1549 1746 omnem
1598 1692 1650 1743 in
1695 1688 2039 1756 exquirendis
2075 1685 2245 1739 sancti
2290 1684 2432 1738 illius
2477 1684 2716 1752 pmsulis
2759 1683 3011 1746 homiliis,
3053 1684 3389 1737 sermonibus

102 1791 416 1860 reliquisque
446 1790 730 1859 opusculis
756 1797 1014 1857 poneret;
1046 1801 1108 1839 ac
1137 1786 1181 1838 si
1211 1784 1338 1852 quid
1383 1785 1572 1836 horum
1616 1779 1907 1849 qumrendo
1947 1776 2296 1846 comperisset
2322 1781 2414 1828 aut
2444 1774 2677 1829 nondum
2701 1773 2993 1841 vulgatum,
3025 1781 3116 1827 aut
3159 1782 3388 1827 annota-

103 1882 237 1934 tione
266 1880 510 1947 dignum,
545 1880 599 1932 id
627 1886 877 1933 accurate
906 1876 1254 1940 describeret,
1284 1881 1338 1927 et
1368 1873 1432 1925 ad
1462 1887 1621 1940 quem
1651 1872 1766 1940 ipsa
1803 1871 2055 1938 jusserat,
2101 1868 2469 1934 magistratum
2507 1865 2758 1932 deferret.
2800 1865 2850 1920 Is
2888 1865 3187 1935 praefectus,
3223 1873 3280 1917 ut
3307 1873 3390 1919 est

102 1971 326 2022 eruditus
353 1969 679 2038 cumprimis
707 1983 769 2021 ac
796 1967 1038 2034 diligens,
1071 1980 1189 2019 cum
1219 1964 1352 2017 nihil
1381 1961 1815 2031 prmtermisisset
1852 1959 2160 2026 vigilantiae,
2194 1957 2482 2020 industri-.c,
2526 1955 2705 2021 studii,
2748 1971 2855 2024 quo
2884 1949 3210 2026 praecipienti
3241 1956 3389 2025 prin-

102 2056 197 2124 cipi
225 2056 656 2111 cumulatissime
686 2054 1040 2115 satisfaceret,
1085 2060 1232 2104 tanta
1263 2059 1344 2105 est
1375 2064 1499 2102 usus
1527 2049 1798 2110 felicitate,
1833 2055 1889 2103 ut
1926 2041 2202 2100 sermones
2245 2046 2509 2100 invenerit
2546 2062 2651 2100 non
2701 2046 2874 2101 adhuc
2915 2048 3215 2120 publicatos
3244 2054 3387 2112 tres;

104 2148 346 2215 pluraque
378 2149 432 2200 in
463 2146 749 2200 codicibus
778 2143 1233 2204 animadverterit,
1267 2156 1386 2210 quae
1425 2141 1682 2204 studiose,
1713 2139 2007 2205 ordineque
2045 2138 2236 2190 litteris
2281 2137 2566 2198 mandata,
2607 2138 2937 2206 magistratui
2969 2134 3389 2204 tradidit,cujus

105 2232 235 2299 iussu
257 2233 442 2287 eadem
475 2235 665 2288 omnia
694 2234 747 2286 in
778 2235 988 2287 thecam
1018 2232 1162 2284 illata
1191 2231 1491 2298 elegantem
1521 2243 1670 2289 sane,
1704 2237 2057 2294 ornatamque
2105 2227 2399 2293 insignibus
2427 2227 2735 2296 pontiﬁciis,
2779 2229 3004 2283 Romam
3033 2229 3099 2281 ad
3134 2229 3389 2282 eximium

104 2323 358 2378 lulianum
389 2326 711 2394 reipublicae
743 2325 958 2379 Venetm
987 2324 1129 2391 apud
1159 2323 1508 2392 apostolicam
1538 2321 1720 2374 sedem
1762 2321 1993 2388 legatum
2037 2319 2196 2374 missa
2225 2317 2458 2383 fuerunt,
2494 2320 2560 2372 ab
2599 2334 2771 2387 eoque
2798 2319 2981 2373 oblata
3008 2317 3270 2388 pontiﬁci,
3297 2317 3388 2387 qui

105 2414 280 2467 eadem
309 2415 527 2484 accepit
551 2416 714 2469 editis
743 2415 1014 2484 praeclaris
1042 2413 1251 2467 indiciis
1274 2415 1586 2479 magnisque
1621 2410 2100 2478 significationibus
2128 2409 2264 2476 grati
2292 2409 2475 2473 animi,
2506 2410 2694 2478 suique
2724 2409 2776 2462 iu
2806 2410 2975 2477 ipsam
3005 2408 3388 2476 rempublicam

106 2505 292 2558 amoris
320 2521 384 2559 ac
415 2507 661 2575 pietatis.
698 2505 851 2559 Prior
895 2513 1076 2558 autem
1115 2506 1329 2557 illorum
1369 2518 1680 2558 sermonum
1727 2503 1886 2555 trium
1928 2517 1993 2555 ex
2043 2502 2226 2556 codice
2276 2502 2440 2554 veteri
2487 2517 2587 2555 ms.
2639 2501 2973 2555 bibliotheca:
3009 2500 3192 2556 Sancti
3227 2499 3390 2557 Marci

105 2594 390 2661 exscriptus
420 2596 466 2649 is
497 2604 605 2660 est,
636 2596 788 2662 cujus
815 2595 918 2649 hoc
948 2603 1031 2648 est
1060 2595 1269 2648 initium
1304 2612 1316 2646 :
1348 2588 1487 2646 Ante
1508 2608 1702 2663 paucos
1733 2591 1861 2656 dies,
1886 2592 2083 2660 quique
2114 2597 2286 2660 exStat
2307 2593 2468 2644 etiam
2492 2592 2544 2645 in
2568 2591 2750 2646 codice
2780 2591 3112 2645 bibliothecae
3143 2590 3391 2644 Medicem

107 2681 469 2739 Laurentinum
502 2684 798 2752 inscriptus
845 2683 1062 2737 Maximi
1111 2683 1346 2744 nomine,
1390 2691 1449 2736 ut
1487 2698 1551 2736 ex
1601 2681 1777 2734 indice
1806 2679 2159 2743 Bandiniano,
2192 2688 2322 2732 tom.
2356 2680 2395 2743 ι,
2425 2694 2548 2748 pag.
2582 2679 2667 2745 8i,
2696 2680 2881 2751 liquet.
2928 2679 3001 2732 De
3037 2679 3257 2748 reliquis
3285 2679 3393 2733 alio

106 2765 232 2832 loco,
262 2771 574 2846 praesertim
617 2776 799 2824 autem
843 2771 895 2824 in
927 2770 1382 2824 admonitionibus
1411 2770 1631 2837 copiose
1659 2767 1852 2820 dicam.
1887 2764 2088 2819 Prmter
2129 2781 2408 2820 sermones
2436 2766 2716 2834 praefectus
2756 2767 2892 2821 idem
2937 2767 3184 2821 homilias
3218 2766 3393 2821 attulit

110 2855 247 2922 duas,
276 2873 395 2927 quae
424 2860 531 2913 etsi
563 2859 722 2913 edita:
752 2857 964 2922 fuerint,
999 2859 1243 2914 codicum
1273 2866 1450 2912 tamen
1483 2857 1812 2911 Venetorum
1843 2858 2196 2911 consensione
2225 2855 2300 2919 ﬁt,
2333 2865 2391 2910 ut
2421 2858 2583 2911 tutius
2611 2857 2844 2911 Maximo
2871 2859 3246 2912 attribuantur.
3293 2857 3396 2910 Va—

108 2949 286 3001 riantes
314 2950 570 3003 lectiones
600 2949 683 3002 vir
711 2949 1039 3004 clarissimus
1060 2949 1282 3013 addidit,
1307 2964 1440 3017 quas
1462 2948 1573 3000 suis
1604 2949 1734 3002 locis
1764 2955 2067 3017 opportune
2096 2948 2333 3001 inserere
2362 2964 2468 3002 non
2499 2951 2924 3016 pnetermittam.
2952 2949 3232 3003 Postremo
3255 2951 3395 3006 idem

111 3053 199 3092 nos
226 3042 486 3095 certiores
516 3040 669 3103 fecit,
702 3039 917 3094 codices
957 3055 1077 3093 esse
1121 3039 1296 3092 solum
1340 3039 1475 3092 duos
1510 3038 1563 3091 in
1597 3037 1799 3090 Veneta
1849 3037 2031 3090 Sancti
2076 3036 2240 3092 Marci
2286 3036 2629 3103 bibliotheca,
2663 3040 2753 3108 qui
2783 3053 3058 3093 sermones
3087 3042 3396 3097 contineant

111 3128 342 3195 Maximi;
374 3132 578 3185 horum
618 3144 740 3183 esse
769 3130 994 3182 alterum
1040 3129 1528 3190 mentbranaceum,
1565 3135 1808 3196 notatum
1854 3143 2078 3180 numero
2115 3128 2218 3181 155
2265 3136 2619 3198 spectareque
2648 3130 2714 3184 ad
2744 3147 2794 3184 xi
2829 3129 3078 3184 Ecclesia:
3107 3131 3394 3197 saeculum;

113 3219 238 3275 hunc
266 3223 494 3291 primam
526 3237 650 3277 esse
678 3220 887 3291 partem
918 3221 1205 3275 homiliarii
1231 3220 1499 3274 distributi
1533 3220 1584 3271 in
1615 3202 1853 3286 ingentia
1903 3220 2172 3273 volumina
2220 3220 2628 3274 membr-anacea
2677 3221 2782 3275 duo
2830 3220 3060 3286 infolio,
3102 3236 3220 3289 qua:
3263 3222 3398 3290 juris

111 3313 227 3364 olim
258 3313 466 3367 fuerant
499 3314 792 3368 cardinalis
824 3313 1172 3378 Bessarionis,
1224 3321 1453 3381 postque
1498 3311 1646 3365 fuere
1693 3311 1759 3364 ab
1808 3313 1998 3366 eodem
2027 3299 2292 3365 Icardinali
2332 3313 2494 3376 dono,
2528 3328 2646 3366 cum
2696 3313 2815 3366 aliis
2862 3313 3028 3382 ipsius
3076 3315 3243 3376 libris,
3273 3314 3397 3368 dam

114 3406 402 3474 reipubliczn
434 3407 799 3472 Venetorum;
833 3421 950 3460 esse
973 3406 1211 3460 codicem
1240 3405 1486 3458 eumdem
1513 3405 1643 3457 satis
1673 3405 1954 3458 emendate
1981 3405 2265 3472 scriptum;
2299 3405 2524 3457 alterum
2553 3404 2793 3458 codicem
2824 3398 3030 3474 partem
3061 3421 3181 3460 esse
3209 3422 3411 3460 secund

116 3494 224 3548 dam
265 3497 487 3561 alterius
532 3495 823 3549 homiliarii
860 3496 999 3559 libri,
1029 3495 1138 3563 qui,
1182 3510 1302 3548 cum
1335 3506 1578 3563 repertus
1609 3496 1660 3547 in
1687 3494 1800 3547 mde
1829 3495 2011 3548 Sancti
2043 3493 2204 3546 Marci
2246 3493 2402 3547 fuerit
2433 3494 2702 3548 immixtus
2747 3498 2988 3563 pauculis
3018 3498 3397 3567 voluminibus,

117 3599 222 3651 qua:
250 3585 540 3642 Petrarcha
575 3588 623 3641 ei
653 3587 894 3640 ecclesiae
924 3586 1170 3649 donarat,
1205 3586 1488 3639 translatus
1534 3586 1634 3638 fuit
1676 3585 1728 3637 iu
1777 3584 2172 3646 bibliothecam,
2217 3584 2562 3650 signatusque
2593 3599 2737 3636 num.
2777 3583 2910 3649 508;
2945 3599 3061 3638 esse
3091 3586 3233 3649 hunc
3263 3585 3389 3639 item

119 3675 578 3730 mendn-anaceum
608 3674 811 3730 in-folio
839 3675 1034 3730 sacculo
1060 3691 1132 3728 xu
1160 3682 1459 3738 exaratum,
1494 3675 1594 3728 etsi
1636 3689 1743 3728 non
1785 3683 1895 3727 tam
1929 3674 2207 3740 castigate,
2244 3690 2402 3742 quam
2447 3674 2564 3726 libri
2596 3675 2886 3743 postulant,
2919 3676 3011 3744 qui
3053 3676 3156 3743 legi
3187 3676 3401 3744 publice

120 3759 163 3812 in
192 3764 407 3816 ecclesia
443 3764 640 3836 [xxxuj
671 3765 922 3818 solerent.
953 3765 1030 3818 Ac
1049 3764 1115 3817 de
1136 3763 1356 3818 Venetis
1383 3764 1598 3833 quidem
1628 3765 1965 3819 bibliothecae
1993 3763 2174 3817 Sancti
2206 3764 2368 3818 Marci
2400 3764 2674 3818 codicibus
2703 3765 2817 3818 haec
2839 3766 3023 3833 paucis
3053 3765 3194 3820 dicta
3217 3773 3396 3821 sunto.

197 3853 392 3918 Restat,
430 3863 485 3907 ut
517 3855 587 3907 de
617 3854 874 3908 Patavino
914 3856 1253 3923 bibliotheca:
1283 3855 1666 3908 canonicorum
1688 3856 1931 3910 nonnihil
1961 3870 2273 3909 memorem.
2307 3854 2402 3907 Est
2423 3855 2467 3906 is
2488 3844 2753 3908 codex'xv
2782 3854 2980 3909 sméuli.
3013 3856 3304 3926 Descripsit
3331 3874 3398 3914 ex

124 3958 182 3994 eo
210 3944 537 3998 clarissimus
569 3945 711 3998 idem
743 3945 958 3998 Venetae
987 3944 1171 4000 Sancti
1202 3944 1365 3999 Marci
1394 3945 1732 4000 bibliotheca:
1781 3944 2063 4014 praefectus
2104 3958 2382 3998 sermones
2423 3944 2572 4007 duos,
2614 3957 2843 4010 quorum
2886 3943 3022 3998 alter
3053 3946 3238 4013 incipit
3272 3965 3283 3997 :
3316 3948 3399 4000 Ad

120 4037 448 4090 exhibendum
487 4048 672 4090 vestra:
699 4039 908 4092 caritati
937 4055 1243 4100 sermonem,
1289 4047 1417 4102 etc.,
1463 4052 1762 4106 magnaque
1809 4053 1933 4107 pars
1978 4035 2210 4091 refertur
2251 4037 2303 4088 in
2335 4033 2510 4088 ofﬁcio
2541 4035 2811 4088 communi
2848 4044 3141 4106 martyrum
3172 4035 3401 4094 Romani

125 4123 382 4192 Breviarii,
415 4129 550 4181 editi
581 4145 668 4181 an.
706 4128 843 4180 H78
875 4128 1110 4182 Venetiis
1140 4144 1170 4181 a
1199 4128 1474 4183 Jensonio.
1509 4125 1742 4184 Alterius
1773 4127 2243 4182 autem'sermonis
2269 4126 2370 4180 hoc
2399 4133 2480 4180 est
2509 4127 2718 4179 initium
2747 4144 2759 4180 :
2795 4126 2948 4181 Recte
2967 4138 3116 4199 atque
3144 4146 3206 4182 ex
3235 4129 3401 4186 debito

125 4211 355 4273 ticali-sia;
385 4216 648 4270 beatorum
678 4227 962 4286 martyrum
995 4216 1254 4270 celebrant
1276 4219 1521 4288 insigria.
1555 4218 1867 4287 Cujusmodi
1898 4227 2075 4271 autem
2105 4217 2158 4269 hi
2179 4231 2474 4281 sermones,
2501 4217 2791 4285 quantique
2814 4217 3042 4272 habendi
3071 4220 3194 4286 sint,
3222 4230 3402 4277 osten-

122 4306 231 4358 dam
263 4307 311 4360 in
342 4309 824 4373 admonitionibus,
848 4309 973 4362 dum
995 4316 1206 4379 tempus
1235 4313 1480 4379 ratioque
1510 4313 1797 4367 monuerit.

186 4417 330 4482 Quod
360 4421 424 4472 ad
455 4421 768 4475 Brixienses
796 4436 858 4474 ac
886 4421 1227 4476 Veronenses
1263 4423 1478 4476 codices
1516 4423 1728 4486 attinet,
1760 4423 1862 4476 hoc
1907 4431 2066 4476 breve
2094 4422 2265 4476 dicam
2293 4439 2305 4472 :
2339 4437 2368 4474 a
2398 4420 2604 4474 Joanne
2634 4420 2842 4476 Nannio
2873 4422 3247 4490 Brixiensium,
3281 4435 3334 4480 et
3371 4446 3400 4483 a

121 4505 313 4562 Joanne
350 4511 645 4565 Morosinio
676 4512 1086 4576 Veronensitun,
1117 4513 1375 4566 doctrinae
1416 4513 1839 4580 eruditionisque
1883 4511 2038 4566 laude
2079 4511 2530 4579 praestantissimis
2572 4498 2895 4565 antistitibus
2941 4527 3121 4566 curam
3163 4529 3401 4586 omnem,

123 4595 456 4664 diligentiam,
492 4616 715 4668 operam
751 4600 912 4654 fuisse
941 4610 1212 4665 navatam,
1241 4611 1298 4654 ut
1327 4601 1584 4672 quidquid
1614 4602 1664 4654 in
1696 4601 1970 4655 codicibus
2000 4616 2127 4655 mss.
2162 4615 2377 4653 suarum
2412 4600 2762 4654 ecclesiarum
2797 4609 2971 4654 exstat
2999 4603 3064 4655 ad
3105 4603 3398 4659 Maximum

126 4691 400 4754 pertinens,
429 4693 499 4744 ad
534 4707 628 4745 nos
660 4678 1006 4761 perferretur,
1040 4708 1146 4746 non
1175 4691 1337 4746 modo
1362 4702 1418 4746 ut
1445 4700 1653 4759 gratum
1688 4691 1784 4746 Pio
1811 4691 1977 4746 Sexto
2006 4690 2244 4760 pontifici
2268 4690 2525 4756 facerent,
2557 4706 2742 4745 verum
2774 4693 2933 4745 etiam
2967 4705 3023 4747 ut
3051 4696 3193 4764 quod
3226 4699 3400 4753 enite-

125 4790 296 4835 rentur
323 4799 383 4838 ac
415 4785 747 4848 laborarent,
781 4785 846 4838 ad
873 4787 1094 4852 gloriam
1122 4788 1293 4841 sancti
1325 4788 1566 4856 prmsulis
1605 4796 1890 4842 verterent.
1936 4789 2172 4842 Nannius
2222 4803 2498 4842 sermones
2538 4789 2740 4858 aliquot
2779 4798 2940 4858 atque
2981 4790 3251 4857 homilias,
3303 4809 3400 4847 va-

127 4873 416 4940 riantesque
446 4876 712 4929 lectiones
741 4877 955 4945 optima:
987 4887 1124 4932 noue
1154 4879 1318 4941 misit,
1351 4879 1417 4933 de
1447 4880 1638 4948 quibus
1667 4883 1775 4934 suis
1823 4882 1874 4933 in
1925 4881 2071 4941 locis,
2105 4880 2230 4934 dum
2260 4882 2398 4934 ratio
2437 4882 2630 4949 exiget,
2664 4882 2940 4936 disseram.
2984 4881 3303 4938 Morosinius
3333 4901 3397 4940 ex

127 4966 473 5018 vetustissimo
504 4967 586 5018 sui
619 4969 835 5035 capituli
867 4967 1052 5022 codice
1081 4969 1290 5036 signato
1321 4985 1466 5022 num.
1498 4971 1566 5020 litt
1605 4979 1665 5022 ut
1705 4969 2134 5024 describerentur
2163 4970 2430 5024 Lectiones
2460 4988 2554 5025 seu
2584 4971 2944 5042 Expositiones
2976 4973 3396 5044 Evangeliomm,

133 5063 281 5120 utque
303 5057 457 5110 nobis
489 5057 861 5122 redderentur,
881 5060 1058 5127 jussit.
1093 5059 1168 5113 Ac
1214 5060 1346 5113 mihi
1390 5061 1603 5128 quidem
1637 5053 1745 5115 veri
1777 5076 2031 5130 perquam
2063 5077 2179 5115 esse
2207 5063 2379 5115 simile
2413 5063 2640 5125 videtur,
2674 5064 2815 5117 hunc
2861 5064 3053 5117 librum
3097 5066 3241 5119 illum
3281 5084 3398 5124 esse

133 5144 331 5200 Maximi
360 5150 451 5216 qui
481 5149 544 5201 de
573 5148 826 5219 Capitulis
854 5150 1254 5222 Evangeliorum
1293 5152 1579 5220 inscriptus
1609 5159 1740 5218 erat,
1775 5157 1862 5222 qui
1894 5170 1922 5206 a
1953 5154 2250 5220 Gennadio,
2284 5156 2349 5208 ab
2380 5155 2617 5210 Honorio
2647 5156 3113 5223 Augustodunensi
3137 5167 3190 5211 et
3217 5177 3246 5214 a
3277 5161 3398 5217 Tri-

135 5240 316 5292 themio
343 5251 694 5305 memoratur,
726 5243 925 5312 quique
962 5243 1163 5311 jamdiu
1211 5260 1330 5298 cum
1382 5260 1480 5298 nos
1529 5246 1762 5310 latuerit,
1813 5247 2219 5300 existimabatur
2263 5246 2501 5300 funditus
2538 5249 2778 5315 periisse.
2811 5248 2889 5302 Ex
2919 5251 3109 5304 eodem
3140 5263 3400 5320 prteterea

132 5329 302 5385 aulico
329 5331 652 5388 Morosinius
682 5337 915 5390 exscribi
943 5337 1111 5390 voluit
1140 5345 1398 5392 tractatus
1438 5338 1592 5401 duos,
1623 5339 1715 5405 qui
1745 5339 1846 5391 etsi
1880 5339 2130 5408 anonymi
2173 5339 2298 5401 sint,
2339 5354 2446 5393 non
2492 5339 2688 5406 indigni
2733 5345 2908 5394 tamen
2939 5342 3124 5397 haberi
3154 5355 3398 5413 possunt,

135 5425 216 5490 qui
237 5435 416 5479 sancto
443 5428 541 5496 ipsi
573 5426 806 5482 Maximo
837 5429 1199 5495 ascribantur;
1226 5419 1388 5498 atque
1418 5438 1475 5482 ut
1514 5444 1608 5484 eos
1649 5436 1836 5485 sancto
1866 5430 2038 5483 eidem
2067 5431 2182 5483 viro
2212 5431 2534 5483 ascriberem
2579 5443 2766 5496 graves
2796 5447 2881 5485 me
2909 5447 3084 5487 causa}
3115 5450 3400 5502 permove-

136 5528 267 5570 runt.
310 5521 503 5576 Verum
538 5523 603 5576 de
650 5522 732 5576 his
761 5523 912 5576 alias.
947 5522 1061 5577 Hoc
1089 5539 1284 5578 moneo
1318 5541 1330 5575 :
1365 5524 1747 5593 opusculorum
1785 5521 2045 5590 ejusmodi
2091 5523 2323 5576 nondum
2369 5524 2634 5578 editorum
2667 5525 2992 5585 accessione.
3026 5526 3399 5583 collectionem

139 5609 265 5662 lianc
287 5624 519 5668 nostram
551 5617 719 5670 multo
748 5617 960 5669 caeteris
989 5614 1391 5686 locupletiorem
1422 5615 1954 5684 prmstantioremque
1987 5614 2235 5667 futuram.

203 5703 380 5762 XXIV.
405 5707 518 5763 3am
541 5726 671 5765 vero
700 5710 801 5765 etsi
830 5710 962 5764 satis
991 5708 1164 5775 ﬁrmo,
1190 5727 1295 5766 non
1328 5727 1434 5765 uno
1470 5718 1645 5762 tamen
1675 5710 1913 5763 contenti
1946 5708 2134 5762 fuimus
2159 5708 2405 5776 praesidio
2428 5708 2669 5762 codicum
2698 5707 3023 5761 Italicorum.
3056 5708 3402 5768 Germanicos

146 5799 292 5854 etiam
313 5801 554 5859 duximus
582 5805 789 5860 consuli
821 5811 982 5872 atque
1011 5805 1239 5862 conferri
1270 5812 1542 5873 oportere.
1577 5801 1760 5867 Itaque
1792 5816 1819 5852 a
1853 5797 1945 5852 Pio
1976 5801 2138 5852 Sexto
2171 5798 2422 5865 pontifice
2467 5797 2699 5850 maximo
2743 5796 2998 5860 scriptum
3031 5798 3264 5861 Josepho
3294 5800 3402 5856 Ga.
