3898 6226
522 335 591 387 2.2.
1979 337 2356 404 meum.
3743 345 3800 396 δι

524 446 745 510 rampio,
777 458 981 497 summa
1012 444 1316 501 eruditione
1344 457 1398 501 et
1427 450 1560 500 mira
1593 457 1756 500 totius
1785 447 2120 515 antiquitatis
2149 448 2631 516 comprehensione
2660 447 2965 509 excellenti,
2999 449 3252 516 episcopo
3281 447 3475 503 Montis
3509 450 3728 517 Falisci,
3753 461 3795 506 et

519 535 656 602 apud
689 534 1156 592 Vindobonensem
1186 536 1486 591 Czesaream
1514 539 1688 590 aulam
1713 538 2025 606 apostolicae
2055 538 2198 592 sedis
2228 539 2424 606 legato,
2448 537 2738 606 datumque
2766 538 2818 590 iu
2847 536 3114 589 mandatis
3148 537 3263 599 fuit.
3291 547 3352 590 ut
3379 552 3500 591 eam
3530 540 3636 594 sibi
3660 555 3797 608 spar-

520 635 624 676 tam
667 625 962 679 ornandam
991 628 1304 695 susciperet.
1334 627 1381 680 Is
1409 627 1635 694 principi
1665 635 1814 680 tanto
1843 628 2046 694 optime
2075 627 2142 680 de
2169 643 2228 682 se
2258 627 2451 680 merito
2490 626 2979 695 obtemperaturus,
3021 625 3215 679 evolvit
3242 627 3362 693 ipse
3394 640 3491 694 per
3518 640 3579 680 se
3610 628 3793 681 biblioo

517 717 684 769 thecae
726 716 976 784 Augustm
1003 719 1396 786 manuscriptos
1425 718 1666 782 codices;
1697 733 1926 787 cumque
1964 719 2170 771 nullum
2219 719 2509 787 reperisset
2536 718 2628 787 qui
2671 716 2978 770 Maximiani
3007 716 3295 784 quidquam
3329 718 3789 786 complecteretur.

515 807 581 858 ad
612 809 902 861 monachos
946 809 1149 862 ordinis
1189 808 1369 862 Sancti
1413 809 1684 863 Benedicti
1729 824 1849 863 sese
1888 810 2173 872 convertit,
2225 810 2587 878 prmsulesque
2631 809 3081 863 monasteriorum
3125 807 3552 876 Ratisponensis,
3601 807 3798 864 Gotvvi-

515 899 705 962 censis,
740 897 1133 964 Lambacensis,
1167 902 1455 968 Augichue
1501 900 1680 954 divitis
1709 900 1916 972 [xxxiii]
1965 900 2226 968 majorem
2256 903 2307 953 in
2338 899 2552 954 modum
2583 901 2826 954 hortatus
2846 906 2930 953 est
2957 908 3118 966 atque
3146 899 3418 964 excitavit,
3450 908 3509 952 ut
3539 901 3591 952 in
3623 908 3797 954 vetera

515 1004 640 1042 mss.
667 990 940 1045 volumina
969 992 1252 1057 insignium
1284 1007 1499 1045 suarum
1520 991 1965 1046 bibliothecarum
1989 991 2183 1057 inquiri
2209 990 2475 1056 juberent.
2509 989 2638 1058 Ejus
2658 990 3094 1044 exhortationum
3122 996 3273 1042 tanta
3293 990 3375 1043 vis
3395 989 3515 1053 fuit,
3541 998 3603 1044 ut
3630 991 3801 1043 exitus

517 1077 820 1144 nequiverit
841 1095 959 1134 esse
988 1081 1290 1134 secundior.
1325 1081 1457 1133 Nam
1485 1096 1697 1134 cursum
1723 1081 1790 1134 ad
1819 1081 1871 1135 id
1902 1097 2038 1151 opus
2065 1081 2308 1134 certatim
2331 1096 2360 1133 a
2391 1081 2667 1135 monachis
2695 1090 2771 1135 est
2808 1098 2820 1132 :
2851 1080 3074 1149 perfecti
3103 1081 3169 1134 ab
3200 1080 3385 1134 iisdem
3417 1080 3622 1134 indices
3646 1081 3795 1134 locu-

516 1165 797 1232 pletissimi
824 1167 1164 1222 homiliarum
1209 1185 1623 1238 sermonumque
1652 1171 1898 1237 Maximi;
1947 1171 2217 1224 variantes
2243 1186 2426 1238 eaeque
2457 1172 2729 1240 permagni
2770 1172 3063 1240 pendendae
3104 1173 3361 1225 lectiones
3388 1172 3799 1240 diligentissime

515 1260 880 1327 transcripta};
917 1259 1147 1314 indicata
1178 1261 1422 1315 codicum
1450 1270 1580 1314 mtas
1609 1271 1769 1329 atque
1799 1263 2127 1330 praestantia,
2161 1261 2213 1314 in
2250 1262 2441 1328 quibus
2483 1263 2738 1330 opuscula
2781 1271 3072 1326 exstarent,
3107 1262 3172 1315 ad
3201 1277 3319 1330 qua:
3352 1265 3522 1316 sancti
3565 1266 3798 1334 episc0pi

519 1360 664 1405 esset
694 1354 979 1422 ascriptum
1013 1370 1226 1408 nomen.
1262 1354 1334 1407 Ea
1370 1356 1544 1409 omnis
1590 1363 1668 1408 tot
1707 1357 2042 1425 egregiorum
2073 1363 2560 1418 monumentorum,
2594 1362 2704 1406 tam
2751 1351 3003 1419 frugifera
3043 1361 3256 1422 tamque
3302 1355 3576 1422 prmelara,
3611 1357 3679 1408 ad
3709 1371 3800 1409 nos

514 1453 595 1499 est
622 1462 651 1499 a
681 1449 1078 1516 sapientissimo
1118 1450 1346 1518 praesule
1389 1450 1699 1505 transmissa
1746 1451 2028 1516 collectio,
2077 1451 2162 1504 cui
2205 1460 2463 1518 quantum
2506 1447 2750 1510 debeam,
2797 1447 2900 1501 etsi
2929 1447 3132 1516 possim
3174 1448 3499 1514 cogitatione
3527 1447 3708 1513 collégt
3727 1462 3796 1510 re,

513 1540 732 1605 exsequi
762 1546 941 1592 tamen
971 1540 1146 1593 verbis
1175 1556 1281 1594 non
1313 1556 1550 1609 possum.

581 1625 744 1680 XXV.
786 1626 1175 1682 Percrebuerat
1197 1630 1408 1683 interim
1437 1629 1726 1683 multorum
1775 1643 2028 1683 sermone
2046 1668 2061 1693 ,
2097 1628 2238 1697 apud
2268 1628 2458 1695 Belgas
2486 1636 2700 1682 exstare
2725 1627 2866 1681 haud
2897 1643 3047 1682 raros
3075 1627 3290 1681 codices
3317 1629 3529 1694 generis
3557 1626 3796 1694 ejusdem

513 1718 563 1770 in
594 1719 931 1772 bibliothecis
961 1720 1255 1786 pnesertini
1285 1720 1759 1772 monasteriorum.
1790 1717 1892 1784 Qui
1913 1733 2033 1772 eam
2065 1719 2118 1771 in
2150 1732 2263 1770 rem
2293 1718 2606 1784 inquireret,
2631 1733 2790 1772 nemo
2813 1718 3158 1772 succurrebat
3186 1716 3362 1785 aptior
3388 1715 3593 1782 Ignatio
3633 1715 3797 1770 Busca

457 1862 464 1868 .
513 1811 822 1879 apostolica:
850 1810 990 1864 sedis
1034 1811 1233 1876 legato,
1267 1812 1566 1879 eodemque
1591 1811 1995 1879 archiepiscopo
2023 1808 2335 1864 Emesseno.
2371 1809 2448 1861 Ad
2477 1809 2621 1862 hunc
2648 1807 2888 1878 pontifex
2917 1809 3077 1863 scribi
3103 1808 3291 1876 jussit,
3318 1808 3394 1861 uti
3426 1816 3648 1861 strenue
3679 1823 3799 1876 age-

513 1905 614 1961 ret,
661 1897 876 1951 codices
926 1898 1015 1951 uhi
1061 1908 1243 1952 essent
1297 1901 1702 1967 pervestigaret,
1735 1899 2006 1952 nuntiaret
2043 1899 2293 1966 denique,
2324 1898 2620 1965 cujusmodi
2650 1908 2848 1964 essent,
2900 1915 3061 1967 quam
3105 1907 3335 1964 veteres,
3361 1913 3520 1966 quam
3551 1910 3800 1953 accurate

513 1989 718 2056 scripti,
751 1989 1074 2057 quibusnam
1101 1990 1154 2042 in
1178 1989 1310 2043 locis
1331 1990 1397 2042 ab
1421 1989 1579 2043 editis
1607 1990 1988 2056 discrepantes.
2018 1987 2140 2056 Egit
2168 1989 2257 2042 ille
2286 1987 2528 2055 impigre,
2563 1994 2620 2041 ut
2648 1987 2897 2041 debebat.
2927 1987 3069 2043 Viris
3091 1987 3280 2053 doctis,
3311 1988 3632 2055 quibuscum
3665 1989 3797 2040 ami-

519 2077 675 2131 citias
695 2077 972 2145 junxerat,
998 2077 1296 2142 mandavit,
1329 2088 1406 2142 ut,
1440 2079 1694 2145 quoniam
1743 2080 1857 2148 ipse
1885 2095 1982 2148 per
2008 2093 2086 2143 se,
2111 2089 2189 2134 tot
2219 2080 2361 2134 curis
2387 2080 2668 2143 distentus,
2695 2079 2746 2132 id
2771 2079 2970 2139 laboris
2991 2079 3255 2134 sustinere
3280 2095 3384 2133 non
3414 2087 3625 2147 posset,
3654 2095 3799 2132 suam

516 2167 591 2220 illi
613 2167 678 2221 ad
703 2181 823 2220 eam
852 2182 966 2220 rem
995 2182 1218 2235 operam
1247 2167 1570 2221 conferrent.
1603 2168 1737 2222 Cum
1774 2171 1828 2223 hi
1849 2170 2035 2224 sedulo
2065 2169 2334 2236 fecissent,
2368 2172 2418 2224 in
2449 2171 2655 2224 duabus
2684 2170 3023 2224 bibliothecis
3065 2171 3279 2226 codices
3322 2171 3546 2225 totidem
3579 2186 3798 2241 repere-

516 2265 661 2320 runt,
684 2272 911 2323 quarum
933 2256 1149 2323 quidem
1191 2255 1634 2309 bibliothecarum
1675 2273 1777 2310 una
1808 2259 2186 2312 canonicorum
2234 2259 2558 2326 regularium
2598 2257 3011 2313 Lovaniensium
3038 2258 3220 2313 Sancti
3258 2258 3474 2312 Martini
3499 2266 3599 2322 est,
3634 2259 3800 2312 altera

515 2349 904 2402 monachorum
927 2346 1363 2401 Cisterciensium
1393 2348 1623 2401 cmnobii
1646 2346 2114 2402 Camberonensis.
2150 2348 2206 2401 Id
2239 2349 2562 2415 ubi'legatus
2590 2351 2825 2414 rescivit,
2848 2350 3211 2419 perillustrein
3240 2349 3560 2403 canonicum
3591 2349 3800 2404 Vanden

518 2436 793 2492 velderum
822 2436 1160 2491 bibliotheca:
1181 2434 1502 2489 Lovaniensi
1527 2437 1853 2504 pnefectum,
1878 2437 2231 2504 eumdemque
2273 2437 2541 2491 facultatis
2569 2440 2886 2506 theologicae
2913 2440 3279 2494 doctissimum
3311 2439 3680 2509 professorem
3714 2458 3799 2495 ro-

520 2530 684 2597 gavit,
713 2537 772 2582 ut
793 2544 928 2597 quas
952 2525 1199 2581 homili'as
1228 2543 1468 2595 quosque
1497 2543 1772 2582 sermones
1811 2526 2025 2581 Maximi
2052 2530 2103 2582 in
2137 2529 2322 2582 iisdem
2351 2531 2626 2585 codicibus
2655 2531 3119 2601 deprehendisset,
3153 2533 3220 2586 ad
3250 2534 3495 2601 vulgatos
3541 2536 3797 2602 exigerat,

523 2627 841 2686 uetaretque
869 2618 1125 2687 quidquid
1155 2633 1262 2686 pra:
1283 2634 1342 2672 se
1369 2621 1502 2672 varii
1527 2635 1590 2673 ac
1616 2620 1811 2674 diversi
1840 2620 2061 2676 ferrent.
2096 2620 2273 2676 Gessit
2298 2624 2341 2677 is
2369 2624 2548 2692 legato
2589 2627 2800 2692 roganti
2848 2641 3073 2680 morem.
3107 2625 3365 2678 Homilias
3407 2625 3552 2693 ipsas
3587 2627 3799 2692 triginta

524 2727 643 2766 cum
674 2711 831 2766 editis
858 2709 1098 2766 Colonize
1126 2725 1214 2764 an.
1249 2710 1386 2765 1555
1407 2714 1652 2778 contulit,
1688 2712 1936 2782 quodque
1961 2714 2014 2767 in
2036 2714 2100 2768 iis
2130 2714 2350 2769 oﬂ‘endit
2377 2717 2670 2783 varietatis,
2704 2719 3105 2773 commentariis
3133 2717 3488 2785 consignavit,
3521 2716 3800 2784 eidemque

524 2804 696 2872 legato
719 2803 882 2869 dedit,
915 2803 1008 2872 qui
1029 2803 1387 2857 cunctandum
1415 2819 1520 2858 non
1552 2806 1775 2873 putavit,
1800 2807 1927 2873 quin
1959 2807 2182 2861 Romam
2213 2807 2278 2860 ad
2307 2808 2615 2877 pontificem
2660 2812 2916 2865 mitteret.
2947 2810 3049 2865 Eas
3075 2825 3174 2879 ego
3205 2811 3380 2865 varias
3410 2810 3676 2866 lectiones
3696 2812 3802 2865 suis

525 2897 656 2950 locis
685 2896 927 2962 ingerere
958 2909 1065 2948 non
1093 2895 1354 2947 omittam.
1408 2893 1606 2959 Quanti
1652 2910 1813 2964 porro
1840 2895 2067 2951 ducendi
2097 2897 2308 2953 codices
2339 2899 2411 2952 illi
2458 2900 2584 2963 sint,
2618 2915 2685 2954 ex
2736 2901 2912 2955 verbis
2941 2899 3347 2965 Vandevelderi,
3379 2915 3540 2970 quam
3571 2916 3638 2955 ex
3668 2903 3800 2956 meis

525 2987 773 3053 cognosci
796 2986 958 3039 malo.
995 3004 1012 3036 ι
1048 2983 1202 3039 Prior
1231 2985 1421 3048 codex,
1448 2985 1617 3052 inquit
1647 2985 1754 3049 ille,
1788 2984 1870 3040 est
1898 2985 1952 3039 in
1974 3001 2323 3056 pergameno,
2356 2988 2524 3042 forma
2550 3005 2713 3057 quam
2733 2989 2939 3045 in-folio
2963 2997 3176 3054 vocant,
3199 2990 3408 3045 duobus
3445 2991 3802 3046 voluminibus

525 3076 782 3132 exhibens
804 3075 1050 3129 homilias
1073 3075 1134 3127 de
1154 3074 1415 3144 Tempore,
1442 3084 1495 3128 et
1524 3076 1586 3128 de
1615 3074 1842 3141 Sanctis,
1876 3077 1928 3130 in
1949 3093 2172 3146 quarum
2199 3094 2422 3133 numero
2451 3080 2657 3148 aliquot
2676 3081 2820 3135 beati
2854 3081 3071 3135 Maximi
3097 3080 3329 3136 bomilim
3357 3091 3666 3137 occurrunt.
3695 3083 3800 3138 Hu-

527 3169 609 3239 ius
629 3169 832 3224 codicis
861 3168 1203 3235 introscripta
1228 3176 1352 3221 sunt
1385 3185 1397 3219 :
1433 3167 1539 3220 Iste
1567 3168 1694 3221 liber
1714 3170 1936 3238 pertinet
1964 3171 2034 3223 ad
2054 3171 2322 3226 librarium
2351 3175 2655 3228 monasterii
2684 3177 2995 3246 regularium
3027 3176 3207 3231 Sancti
3236 3175 3456 3231 Martini
3487 3177 3540 3230 in
3571 3176 3800 3232 Lovanio

526 3263 583 3314 in
631 3261 714 3313 die
769 3258 1077 3312 Gimstrwte.
1120 3258 1250 3312 Item
1286 3277 1297 3310 :
1337 3258 1500 3312 Istam
1543 3270 1739 3328 partem
1777 3262 2106 3316 homiliarum
2135 3263 2376 3318 habemus
2433 3283 2497 3318 ea:
2538 3266 2690 3320 domo
2723 3268 3065 3322 Florentiana
3113 3268 3543 3322 Daventrensium
3583 3273 3800 3341 fratrum

526 3351 576 3404 in
624 3352 877 3404 erertione
922 3350 1077 3420 hujus
1117 3349 1298 3402 domus
1347 3351 1486 3401 circa
1514 3367 1706 3402 annum
1732 3350 1941 3405 Domini
1973 3352 2128 3406 1454.
2161 3352 2265 3408 Sed
2311 3355 2468 3422 longe
2518 3358 2790 3424 antiquior
2817 3366 2900 3412 est
2928 3358 3128 3422 codex,
3162 3360 3306 3426 quod
3337 3374 3405 3412 ex
3432 3361 3802 3415 characterum

526 3441 692 3494 forma
723 3443 978 3510 apparet;
1012 3448 1065 3493 et
1085 3439 1228 3507 quod
1259 3441 1414 3493 nulla:
1443 3441 1699 3495 Bernardi
1723 3443 1951 3496 homilim
1979 3445 2085 3497 sint
2116 3446 2360 3511 insertaa;
2397 3449 2606 3500 tametsi
2635 3449 2754 3502 usui
2783 3449 3030 3503 lectionis
3061 3450 3113 3503 in
3145 3448 3351 3521 [xxxiv]
3375 3450 3688 3519 refectorio,
3720 3453 3799 3508 cui

526 3535 636 3587 lucc
653 3534 925 3587 volumina
966 3531 1341 3595 inservieruut,
1375 3533 1585 3601 egregie
1609 3535 2044 3589 accommodatae.
2077 3537 2272 3593 Omnes
2296 3539 2541 3594 videlicet
2568 3541 2832 3609 decerpta:
2857 3550 2983 3596 sunt
3011 3556 3080 3596 ex
3099 3543 3298 3596 sanctis
3318 3541 3523 3597 Joanne
3551 3544 3804 3611 episcopo

523 3621 1140 3691 Constantinopolitano,
1169 3621 1483 3687 Augustino,
1526 3622 1706 3677 Leone
1733 3639 1868 3693 papa
1891 3624 1942 3690 I,
1970 3624 2230 3694 Gregorio
2257 3629 2470 3696 Magno,
2504 3631 2667 3695 Beda,
2698 3631 2975 3702 Haymone
3006 3633 3446 3697 Alberstadiensi,
3493 3642 3548 3688 et
3592 3635 3803 3688 demum

526 3710 777 3766 Anselmo
806 3710 1200 3764 Cantuariensi.
1231 3710 1378 3764 Alter
1403 3712 1572 3765 codex
1594 3721 1678 3766 est
1705 3723 2055 3784 papyraceus,
2081 3718 2250 3772 nitido
2280 3720 2594 3775 charactere
2621 3732 2874 3775 exaratus
2901 3737 2931 3775 a
2967 3721 3131 3784 fratre
3164 3721 3369 3777 Joanne
3398 3724 3466 3777 de
3489 3723 3691 3777 Waqu
3720 3739 3800 3777 an.

522 3800 676 3863 1620,
711 3808 763 3853 ut
796 3798 863 3854 ad
884 3801 1087 3854 calcem
1108 3806 1343 3863 notatur,
1379 3800 1547 3854 forma
1574 3816 1733 3869 quam
1759 3812 1953 3857 vocant
1997 3804 2148 3858 in—8°.
2185 3807 2392 3864 Titulus
2430 3809 2678 3879 prtefixus
2704 3820 2786 3864 est
2818 3829 2830 3864 :
2867 3811 3144 3865 Sermones
3173 3811 3308 3865 beati
3338 3810 3566 3865 Maximi
3616 3811 3801 3866 Tauri-

519 3893 693 3943 nensis
715 3891 944 3960 episcopi
961 3906 1051 3942 an.
1089 3888 1222 3941 I620
1253 3898 1328 3943 est
1352 3889 1665 3944 bibliotheca
1693 3892 1915 3946 abbatiaz
1943 3893 2368 3952 Camberonensis
2400 3900 2598 3952 ordinis
2627 3897 2982 3952 Cisterciensis
3021 3900 3076 3952 in
3105 3898 3412 3954 Harmonia.
3449 3918 3468 3950 ι

588 3979 775 4036 XXVI.
818 3982 922 4036 Sed
954 3985 1057 4036 erit
1088 3981 1318 4035 fortasse
1338 3983 1429 4049 qui
1451 3983 1692 4048 miretur,
1721 3983 1848 4052 quid
1870 3986 1957 4052 sit,
1991 3987 2133 4054 quod
2161 4004 2280 4043 cum
2313 4002 2419 4044 tam
2448 3993 2674 4058 diligens
2694 4006 2725 4044 a
2751 4006 2835 4044 me
2871 3991 3010 4046 facta
3043 3990 3204 4046 fuerit
3231 3991 3557 4057 Italicorum,
3582 3989 3802 4046 Germa-

518 4073 779 4134 nicorum,
812 4072 1146 4140 Belgicorum
1178 4073 1424 4127 codicum
1451 4077 1802 4141 enumeratio,
1828 4085 1937 4130 tum
1965 4076 2285 4134 Gallicorum
2310 4099 2376 4136 ne
2399 4085 2587 4137 leviter
2607 4084 2822 4152 quidem
2845 4084 3174 4138 mentionem
3203 4082 3494 4151 injecerim.
3523 4083 3590 4136 At
3619 4084 3666 4137 is
3687 4098 3802 4138 cum

517 4168 711 4222 viderit
739 4181 899 4235 quam
926 4169 1096 4220 simus
1117 4175 1276 4220 caute
1304 4167 1650 4235 studioseque
1681 4168 1733 4222 in
1757 4171 1965 4224 caneris
1987 4174 2348 4238 recensendis,
2367 4175 2732 4244 expendendis
2752 4174 3214 4244 dijudicandisque
3233 4177 3453 4239 versati,
3480 4175 3523 4228 si
3553 4175 3800 4243 cognorit

521 4266 797 4322 prmterea,
825 4257 1151 4312 Gallicorum
1182 4259 1378 4311 seriem
1416 4259 1701 4327 variasque
1731 4260 2008 4327 lectiones,
2041 4264 2140 4317 etsi
2170 4264 2260 4318 diu
2283 4275 2638 4334 exspectatas,
2683 4267 2920 4322 nondum
2952 4275 3130 4321 tamen
3169 4266 3394 4335 perferri
3422 4267 3665 4335 potuisse
3696 4269 3802 4322 Ro-

522 4363 685 4412 mam,
722 4364 829 4403 non
858 4349 1017 4404 modo
1044 4348 1256 4402 desinet
1277 4349 1479 4409 mirari,
1513 4364 1701 4403 verum
1729 4351 1893 4404 etiam
1921 4367 2101 4407 secum
2131 4363 2354 4416 statuet,
2380 4357 2505 4410 dum
2527 4357 2594 4412 ad
2614 4374 2713 4412 nos
2733 4358 3094 4427 pervenerint,
3123 4372 3229 4411 non
3271 4371 3390 4411 esse
3433 4372 3518 4412 me
3547 4361 3800 4412 commis-

517 4452 719 4502 surum,
753 4446 811 4492 ut
839 4439 892 4491 in
921 4438 984 4491 iis
1007 4453 1222 4506 quoque
1249 4438 1612 4502 numerandis,
1644 4442 1991 4508 mstimandis,
2022 4453 2186 4514 utque
2216 4461 2314 4514 par
2351 4449 2472 4512 erit,
2505 4448 2843 4504 celebrandis
2869 4449 3106 4504 studium
3136 4448 3418 4517 quisquam
3452 4464 3658 4518 meum,
3689 4453 3802 4506 dili-

517 4527 862 4594 gentiamque
891 4526 1183 4580 desideret.
1211 4526 1574 4593 Quamobrem
1607 4538 1785 4583 autem
1811 4533 2232 4601 exspectandum
2262 4535 2461 4593 diutius
2488 4555 2593 4594 non
2616 4541 2993 4607 existimarim,
3019 4557 3083 4596 ea
3130 4541 3230 4595 fuit
3257 4541 3591 4611 potissimum
3622 4559 3800 4600 causa.

516 4616 662 4684 quod
691 4632 812 4671 cum
833 4617 1163 4686 divulgatum
1190 4618 1370 4685 fuerit,
1401 4619 1692 4688 perfectam
1711 4621 1918 4689 jamdiu
1948 4639 2012 4678 ac
2032 4627 2174 4695 typis
2201 4642 2456 4685 excusam
2496 4631 2872 4696 collectionem
2919 4633 3059 4689 hanc
3104 4642 3346 4689 nostram
3394 4651 3534 4698 esse,
3563 4637 3804 4705 plerique

519 4721 709 4760 omnes
730 4707 903 4760 emitti
926 4707 1094 4776 ipsam
1124 4707 1357 4776 denique
1385 4710 1438 4762 in
1467 4709 1732 4779 publicam
1762 4713 1932 4768 lucem
1964 4724 2298 4783 expeterent.

588 4795 798 4851 XXVII.
839 4795 900 4851 In
941 4797 1298 4866 diiudicandis
1337 4817 1502 4870 porro
1549 4810 1630 4856 tot
1670 4819 1797 4858 mss.
1831 4807 2105 4862 codicibus
2136 4809 2248 4864 hmo
2279 4821 2361 4865 est
2390 4813 2653 4883 principio
2675 4829 2705 4868 a
2726 4830 2813 4870 me
2843 4815 3101 4883 adhibita,
3130 4817 3325 4880 cautio,
3370 4825 3430 4871 ut
3478 4817 3800 4885 antiquiores

523 4890 821 4959 generatim
881 4889 1191 4958 praeferrem
1244 4893 1662 4960 recentioribus;
1729 4895 1956 4963 deinde,
2019 4906 2077 4952 ut
2131 4903 2523 4960 emendatiores
2567 4905 2741 4962 minus
2798 4907 3073 4975 castigatis
3124 4916 3538 4976 anteponerent,
3594 4909 3798 4963 etiarnsi

523 4988 699 5040 minus
746 4986 1128 5054 castigatorum
1182 4994 1327 5041 esset
1372 4996 1503 5042 tetas
1543 4991 1835 5058 vetustior;
1893 5001 2016 5061 post
2073 5003 2129 5048 ut
2175 4997 2240 5049 iis
2292 4997 2412 5066 plus
2465 4999 2776 5062 tribuerem,
2830 5015 2965 5070 quos
3021 5015 3089 5056 ex
3145 5001 3361 5070 optimis
3407 5000 3800 5069 exemplaribus

517 5076 818 5147 descriptos
876 5075 1043 5131 fuisse
1098 5089 1409 5148 cognoram.
1459 5079 1517 5134 Id
1570 5095 1700 5136 vero
1755 5090 1815 5136 ut
1865 5083 2235 5153 dignoscerem
2256 5127 2270 5150 .
2325 5090 2539 5157 regulas
2592 5093 2725 5146 mihi
2778 5092 3016 5148 subsidio
3063 5099 3174 5146 tres
3219 5093 3546 5161 comparavi.
3607 5092 3799 5148 Earum

518 5168 619 5223 fuit
657 5169 806 5237 prior
849 5168 1094 5224 codicum
1145 5170 1529 5238 plurimorum,
1583 5187 1879 5243 eorumque
1931 5178 2293 5246 antiquiorum
2360 5183 2895 5254 emendatiorumque
2952 5193 3280 5249 concentus;
3338 5185 3506 5239 altera
3564 5194 3799 5240 veterum

517 5267 990 5316 monumentorum
1060 5261 1491 5332 scriptorumque
1548 5267 1879 5333 auctoritas;
1934 5269 2094 5323 tertia
2162 5271 2540 5329 historicorum
2604 5277 2908 5345 criticaaque
2974 5276 3106 5330 artis
3156 5277 3447 5345 peritorum
3496 5277 3796 5332 consensio.

521 5353 618 5406 His
645 5365 747 5420 ego
774 5350 1037 5420 przesidiis
1064 5353 1320 5419 munitus,
1352 5354 1617 5422 permulta
1648 5356 1907 5426 Opuscula
1933 5358 2058 5426 jure
2081 5363 2288 5416 asserui
2335 5352 2588 5431 Maximo,
2631 5366 2731 5420 etsi
2762 5377 2942 5422 essent
2987 5367 3081 5436 qui
3127 5367 3362 5435 ipsorum
3402 5366 3578 5434 aliqua
3629 5367 3797 5422 eidem

519 5449 743 5512 accepta
773 5442 963 5498 referri
999 5452 1251 5514 oportere
1279 5454 1371 5501 aut
1398 5437 1785 5515 inliciarentur,
1817 5458 1909 5503 aut
1953 5451 2280 5507 dubitarent.
2310 5452 2469 5520 Quod
2495 5457 2542 5511 si
2585 5457 2870 5526 aliquando
2918 5458 3110 5512 horum
3141 5457 3271 5511 mihi
3319 5456 3692 5526 praesidiorum
3722 5455 3799 5510 vel

520 5534 700 5602 aliqua
726 5535 812 5589 vel
838 5550 978 5604 pene
998 5537 1180 5590 omnia
1207 5537 1510 5602 defuerunt,
1545 5541 1723 5597 induci
1749 5551 1926 5598 tamen
1957 5560 2064 5598 non
2096 5547 2266 5616 potui,
2299 5555 2357 5601 ut
2384 5558 2572 5606 sancto
2601 5552 2826 5605 antistiti
2857 5551 3208 5620 ahjudicanda
3235 5563 3354 5605 esse
3380 5549 3659 5615 ducerem,
3691 5563 3798 5619 qua:

522 5626 593 5680 ab
620 5626 737 5696 ipso
767 5625 931 5681 fuisse
952 5628 1151 5696 scripta
1172 5630 1298 5700 styli
1327 5645 1390 5685 ac
1417 5632 1682 5688 orationis
1711 5635 2026 5701 similitudo,
2060 5645 2114 5690 et
2134 5637 2413 5704 doctrinm,
2447 5649 2608 5709 atque
2632 5640 3024 5697 aflerendorum
3049 5641 3289 5697 locorum
3313 5653 3479 5696 sacrm
3513 5637 3797 5710 Scriptum

517 5711 845 5775 Maximiaua
869 5717 1026 5784 plane
1046 5719 1203 5784 ratio,
1226 5721 1488 5793 simulque
1509 5725 1664 5780 unius
1689 5725 1979 5783 alteriusve
2009 5725 2211 5784 codicis
2233 5729 2524 5786 auctoritas
2555 5731 2825 5788 suaderet.
2859 5730 3043 5801 Neque
3072 5746 3201 5786 vero
3229 5728 3373 5800 quod
3403 5728 3456 5785 in
3486 5728 3796 5799 quibusdam
