3898 6226
90 293 146 349 ω
1539 290 1920 347 PRIEFATIO.
3319 313 3388 366 ss

87 431 346 496 opusculis
377 430 670 497 humilior,
707 449 875 503 quam
907 435 954 487 in
985 435 1192 487 caeteris
1221 434 1288 486 sit
1319 434 1513 496 oratio,
1554 431 1754 486 idcirco
1795 432 1862 484 ab
1906 431 2100 485 iisdem
2149 431 2383 487 Maxima
2412 434 2744 490 ascribendis
2776 437 3040 497 deterreri
3070 443 3248 509 potui.
3272 440 3392 498 Non

85 519 216 573 enim
238 534 358 573 sum
388 523 641 586 nescius,
679 538 977 577 consuesse
1025 530 1273 584 sanctos,
1305 520 1424 589 ejus
1456 520 1754 589 praesertim
1802 521 1994 580 artatis,
2030 520 2297 574 antistites
2344 521 2654 577 sublimiore
2679 525 3119 596 elegantiareque
3147 530 3391 584 aratione

85 611 173 674 uti,
220 627 340 664 cum
373 614 529 668 nacti
563 614 849 668 auditores
879 614 1199 682 eloquentim
1242 613 1607 679 doctrinaeque
1644 611 2162 680 laude-praestantes
2209 621 2416 678 essent;
2467 613 2654 686 [xxxv]
2685 616 2970 671 humiliore
3012 627 3220 684 contra,
3264 637 3388 675 cuin

85 702 366 757 conciones
389 703 468 756 ad
494 704 819 774 imperitum
850 705 1034 770 vulgus
1068 705 1346 758 haberent.
1374 703 1680 756 Honoratus
1707 711 1853 757 certe
1893 705 1946 756 in
1987 704 2157 758 sancti
2182 702 2365 758 Hilarii
2395 704 2722 760 Arelatensis
2746 709 2985 778 episcopi
3014 711 3135 764 Vita
3163 730 3174 763 :
3210 712 3269 765 Si
3297 730 3389 782 pe-

85 794 310 855 ritorum.
346 795 551 861 inquit,
611 796 764 849 turba
795 798 1061 866 defuisset,
1095 797 1318 865 simplici
1361 811 1601 848 sermone
1629 795 1938 848 rusticorum
1988 796 2146 848 corda
2194 795 2482 860 nutriebat;
2531 805 2583 848 at
2613 797 2698 850 ubi
2728 799 3002 853 instructos
3035 806 3388 872 supervenisse

83 881 303 945 vidisset,
336 899 594 937 sermone
625 901 687 936 ac
712 886 849 938 vultu
878 889 1074 954 pariter
1102 888 1155 939 in
1177 887 1400 956 quadam
1418 887 1590 957 gratia
1607 887 1818 938 insolita
1849 886 2130 938 excitabat.
2161 887 2360 940 Verum
2383 888 2485 940 etsi
2507 903 2603 956 par
2625 891 2844 943 omnino
2867 893 2918 943 in
2941 894 3140 960 aliquot
3169 894 3384 948 Maximi

84 977 348 1042 opusculis
383 986 560 1048 atque
592 981 646 1035 in
678 980 798 1035 aliis
841 982 1081 1050 pluribus
1109 997 1228 1036 esse
1276 997 1380 1036 non
1424 982 1668 1036 videatur
1696 982 1994 1036 sublimitas
2023 984 2286 1037 sermonis
2331 990 2386 1036 et
2413 983 2697 1052 elegantia,
2725 985 2859 1039 adeo
2882 992 3056 1039 tamen
3087 993 3170 1040 est
3197 987 3383 1052 series,

83 1063 384 1127 collocatio,
419 1067 724 1122 verborum
761 1069 968 1132 ductus,
1003 1071 1506 1141 aﬂerendarumque
1538 1087 1703 1126 sacra:
1733 1071 2025 1140 Scriptura:
2071 1073 2314 1128 locorum
2364 1075 2502 1148 ratio
2547 1076 2755 1143 similis,
2788 1085 2848 1131 ut
2874 1076 3032 1132 facile
3060 1081 3112 1133 in
3144 1082 3385 1148 utrisque

84 1154 370 1212 Maximum
402 1168 700 1214 auctorem
724 1163 894 1230 passis
920 1178 1237 1230 agnoscere.

144 1244 256 1298 lam
296 1263 422 1302 vero
449 1251 496 1303 si
521 1265 633 1318 qua
666 1251 717 1305 in
742 1255 998 1321 opuscula
1028 1256 1246 1321 incurri,
1280 1271 1399 1324 qua:
1429 1271 1677 1310 sermone
1710 1264 1820 1309 tam
1847 1258 2070 1325 vulgari,
2096 1258 2303 1322 humili,
2329 1258 2560 1327 abjecta,
2587 1262 2858 1330 implicata
2880 1263 3074 1333 scripta
3101 1271 3304 1330 essent,
3324 1268 3381 1316 ut

79 1351 292 1402 prorsus
321 1340 549 1407 indigna
585 1340 818 1397 Maxima
847 1344 1174 1409 viderentur,
1200 1361 1271 1400 ea
1302 1346 1550 1414 equidem
1580 1347 1712 1400 nihil
1743 1348 1994 1403 litesitans
2023 1349 2205 1411 statui,
2256 1348 2407 1416 rejici
2437 1359 2690 1419 oportere
2731 1354 2783 1406 in
2827 1368 3109 1408 numerum
3157 1371 3384 1424 operum

79 1428 400 1494 spuriarum,
435 1446 754 1499 quanquam
785 1434 836 1486 in
866 1435 1072 1503 aliquot
1099 1436 1376 1490 codicibus
1407 1437 1658 1504 inscripta
1689 1446 1870 1491 essent
1899 1437 2113 1490 Maximi
2163 1439 2403 1506 ejusdem
2433 1441 2665 1516 nomine.
2719 1441 2834 1507 Qua
2879 1444 2932 1499 in
2989 1460 3049 1499 re
3077 1446 3383 1514 exemplum

81 1533 190 1570 sum
214 1520 457 1575 imitatus
487 1525 882 1578 monachorum
913 1528 1347 1594 congregationis
1379 1528 1737 1583 Benedictiua:
1763 1529 1946 1585 Sancti
1969 1532 2159 1598 Mauri,
2183 1534 2520 1602 aliorumque
2541 1537 2776 1591 virorum
2807 1539 2996 1608 peritia
3026 1539 3226 1594 critica:
3247 1555 3379 1595 artis

83 1608 382 1675 illustrium,
427 1615 525 1680 qui
562 1615 616 1667 in
666 1631 732 1670 ea
762 1617 1126 1681 elaborarant,
1156 1626 1215 1671 ut
1261 1634 1426 1688 opera
1456 1629 1762 1674 sanctorum
1804 1620 2021 1676 Patrum
2062 1632 2154 1678 aut
2183 1635 2545 1690 recenserem,
2578 1638 2670 1681 aut
2699 1630 2995 1696 vulgarent.
3029 1631 3106 1686 Ac
3127 1633 3379 1688 monachi

78 1700 284 1765 quidem
315 1701 510 1756 Sancti
545 1703 739 1768 Mauri,
770 1707 860 1775 qui
891 1707 1182 1761 editionem
1205 1709 1377 1763 sancti
1401 1709 1666 1763 Ambrosii
1689 1726 1911 1779 operum
1942 1722 2218 1780 curarunt,
2242 1731 2308 1769 eo
2338 1732 2446 1770 uno
2473 1719 2690 1772 nomine
2719 1719 2900 1788 plures
2928 1729 3116 1775 sancto
3140 1723 3238 1790 ipsi
3260 1723 3394 1776 Am-

79 1790 254 1844 brosio
278 1809 575 1851 sermones
597 1796 909 1851 adimendas
924 1797 1251 1865 judicarunt,
1284 1815 1580 1870 eorumque
1599 1809 1805 1870 partem
1830 1803 2148 1871 Augustino,
2172 1815 2379 1874 partem
2409 1805 2662 1872 Maximo,
2694 1818 2902 1878 partem
2928 1812 3160 1880 denique
3189 1813 3379 1866 horum

81 1888 266 1949 neutri,
295 1888 393 1941 sed
426 1895 516 1944 vel
559 1889 818 1957 Caesario,
846 1893 931 1946 vel
958 1895 1204 1950 obscuris
1249 1895 1567 1963 quibusdam
1598 1896 1947 1963 scriptoribus
1976 1897 2238 1964 sequioris
2265 1899 2364 1951 :evi
2405 1897 2788 1966 adjudicandos
2817 1917 2935 1955 esse
2965 1910 3285 1969 statuerunt,
3313 1905 3383 1959 de

79 1974 262 2041 quibus
289 1990 359 2029 ne
388 1976 563 2031 fando
594 1978 810 2047 quidem
842 1996 1075 2049 unquam
1106 1984 1399 2038 audissent.
1431 1983 1583 2050 Quod
1611 1984 1750 2037 idem
1777 1983 1971 2039 factum
2003 1984 2070 2038 ab
2102 1985 2166 2039 iis
2195 1985 2359 2040 fuisse
2389 1982 2650 2052 videmus,
2683 1989 2773 2057 qui
2803 2005 2940 2045 onus
2961 1991 3062 2045 sibi
3083 2007 3376 2048 secernen-

83 2063 264 2120 darum
295 2069 668 2134 genuinorum
692 2071 862 2125 sancti
883 2073 1164 2141 Augustini
1188 2091 1412 2143 operum
1434 2089 1464 2126 a
1495 2074 1692 2137 nothis,
1721 2090 2041 2143 rursumque
2068 2076 2129 2130 in'
2151 2075 2324 2131 lucem
2354 2078 2773 2133 emittendarum
2804 2091 3168 2150 susceperant.
3202 2082 3381 2152 Atque

87 2154 135 2207 hi
163 2172 290 2210 sane
321 2160 374 2211 in
411 2162 828 2216 accuratissima
872 2163 962 2217 illa
992 2180 1056 2219 ac
1097 2166 1522 2220 elaboratissima
1555 2165 1789 2218 editione
1816 2181 1930 2231 sua,
1982 2180 2176 2233 magno
2223 2183 2446 2221 numero
2474 2183 2768 2236 sermones,
2801 2173 2894 2238 qui
2923 2172 3048 2226 alim
3080 2172 3379 2240 Augustino

83 2246 316 2301 attributi
343 2247 604 2313 fuissent,
637 2251 710 2305 ob
745 2252 1003 2306 arationis
1033 2254 1540 2318 dissimilitudinem,
1573 2253 1852 2322 Augustini
1879 2269 1997 2308 esse
2021 2263 2304 2322 negarunt.
2335 2255 2914 2321 Quarumserinanuin
2941 2260 3150 2329 aliquos
3178 2261 3380 2318 idcirco

83 2351 353 2393 asseruere
385 2340 652 2406 Maximo,
673 2342 816 2410 quod
839 2359 946 2411 pra:
975 2358 1032 2397 se
1055 2344 1457 2397 similitudinem
1481 2344 1740 2397 orationis
1769 2358 1832 2396 ac
1861 2343 1983 2413 styli
2011 2336 2319 2396 Maximiani
2348 2342 2564 2409 ferrent,
2599 2351 2653 2398 et
2681 2345 2733 2399 in
2764 2347 3085 2413 quibusdam
3106 2349 3378 2407 codicibus

87 2423 290 2481 Maximi
312 2429 562 2498 ejusdem
598 2447 796 2485 nomen
836 2448 1022 2486 eorum
1055 2434 1221 2486 titulis
1246 2434 1559 2501 inscriptum
1591 2432 1874 2500 legeretur.
1909 2431 2046 2497 Quin
2087 2433 2246 2485 etiam
2280 2431 2468 2486 Petrus
2502 2440 2556 2486 et
2586 2432 2940 2504 Hieronymus
2971 2435 3243 2491 Ballarinii
3267 2437 3376 2494 fra-

87 2525 186 2573 tres
209 2522 318 2588 (qui
353 2531 434 2575 tot
456 2523 625 2576 editis
651 2523 876 2592 egregiis
903 2525 1052 2579 libris
1081 2541 1188 2578 non
1218 2525 1392 2577 minus
1421 2523 1602 2576 decori
1634 2523 1857 2576 Veronae
1887 2522 2070 2589 patria:
2095 2534 2224 2584 sum,
2251 2536 2410 2589 quam
2441 2522 2806 2576 emolumento
2834 2524 2910 2578 rei
2942 2524 3248 2580 christiana:
3275 2544 3369 2598 pu-

87 2611 225 2665 blica:
249 2611 488 2683 fuerunt)
517 2615 574 2666 in
604 2613 842 2668 editione
863 2631 1085 2683 operum
1115 2616 1285 2670 sancti
1318 2613 1512 2669 Leonis
1537 2612 1730 2680 Magni,
1753 2628 1913 2680 quam
1953 2627 2160 2665 summa
2189 2626 2283 2664 sua
2316 2619 2374 2664 ut
2401 2611 2693 2679 diligentia,
2721 2613 2792 2666 ita
2823 2614 2994 2681 gloria
3028 2633 3376 2686 curaverunt,

88 2700 320 2756 liamilias
349 2719 468 2768 sex,
504 2719 646 2772 quas
675 2713 860 2759 sancto
892 2705 1068 2760 eidem
1090 2706 1330 2776 pontiﬁci
1359 2706 1424 2758 ab
1445 2705 1739 2759 editoribus
1769 2705 1895 2758 alim
1923 2703 2086 2757 fuisse
2112 2703 2396 2756 attributas
2421 2713 2700 2769 noverant,
2733 2704 2876 2773 quod
2904 2707 3044 2776 Siyla
3074 2724 3192 2763 esse
3211 2708 3380 2780 plane

89 2791 400 2849 Maximiano
438 2798 679 2865 scriptas
711 2798 988 2862 vidissent,
1016 2799 1627 2864 animadvertissentque
1675 2796 1726 2848 in
1767 2795 2042 2849 codicibus
2083 2795 2289 2862 aliquot
2317 2811 2480 2848 manu
2508 2797 2742 2849 exaratis
2768 2796 2984 2852 Maximi
3012 2813 3105 2852 eas
3129 2800 3382 2869 praeferre

94 2898 308 2950 nomen;
337 2887 473 2940 nihil
525 2887 838 2942 hmsitantcs
868 2887 1100 2942 Maximo
1132 2889 1232 2957 ipsi
1257 2889 1624 2941 restituerunt.
1657 2884 1854 2938 Earum
1884 2883 2221 2937 homiliarum
2265 2883 2410 2953 prior
2439 2891 2521 2936 est
2550 2884 2612 2936 de
2638 2882 2960 2952 Epiphania,
2989 2901 3110 2953 quae
3141 2888 3330 2960 incipit
3361 2909 3374 2943 :

93 2971 149 3024 In
166 2975 272 3039 hac,
303 2977 663 3042 dilectissimi,
694 2977 1024 3043 celebritate;
1056 2979 1291 3033 secunda
1332 2994 1462 3032 vero
1492 2986 1545 3030 et
1574 2975 1730 3028 tertia
1751 2988 1785 3035 ,'
1803 2981 1857 3028 et
1886 2982 2074 3042 quarta
2113 2980 2235 3026 sunt
2264 2973 2328 3025 de
2357 2974 2551 3026 sanctis
2597 2974 2860 3042 Apostolis
2892 2973 3053 3029 Petro
3082 2986 3132 3029 et
3154 2977 3324 3035 Paulo
3352 2996 3372 3036 :

95 3073 366 3129 postremae
387 3067 634 3136 denique
662 3068 782 3122 dum
801 3069 865 3122 de
888 3068 1074 3122 Natali
1096 3070 1266 3122 sancti
1287 3067 1553 3120 Laurentii
1583 3067 1751 3119 levita:
1779 3074 1827 3118 et
1860 3067 2126 3135 martyris.

156 3155 329 3224 Longe
358 3174 525 3212 secus
556 3160 626 3214 de
663 3160 1002 3215 sermonibus
1031 3161 1240 3214 duobus
1271 3161 1342 3213 illi
1392 3158 1736 3216 statuendum
1778 3165 2120 3218 censuerunt,
2147 3169 2375 3224 quorum
2425 3162 2508 3208 est
2549 3170 2683 3208 unus
2711 3157 2776 3208 de
2822 3154 3113 3212 Nativitate
3143 3159 3375 3228 Domini,

91 3243 368 3314 incipitque
403 3268 415 3301 :
450 3248 799 3303 Exsultemus
835 3252 892 3304 in
941 3249 1158 3321 [xxxv]
1189 3249 1433 3313 Domino,
1491 3246 1830 3309 dilectissimi,
1882 3255 1929 3298 et
1978 3245 2201 3313 spiritali
2246 3244 2575 3313 jucunditate
2617 3245 2880 3310 lwtemur;
2913 3245 3051 3300 alter
3080 3255 3281 3316 autem,
3315 3253 3380 3307 de

95 3333 402 3406 Epiphania,
443 3343 541 3410 qui
575 3343 729 3397 initia
753 3344 831 3398 sic
869 3343 1030 3397 habet
1063 3361 1074 3394 :
1119 3343 1390 3396 Celebrato
1421 3340 1657 3412 proximo
1687 3341 1788 3404 die,
1826 3355 1923 3411 quo
1951 3341 2261 3392 intemerata
2283 3339 2576 3408 virginitas,
2611 3348 2714 3392 etc.
2749 3339 2880 3393 Nam
2911 3342 3011 3396 etsi
3035 3343 3086 3395 in
3109 3345 3380 3403 codicibus

95 3429 282 3497 aliquot
310 3431 495 3488 eﬂ'erri
517 3436 624 3488 hos
647 3435 723 3488 illi
753 3435 1046 3490 cernebant
1075 3433 1290 3488 Maximi
1315 3435 1552 3497 nomine,
1586 3448 1706 3486 cum
1737 3439 1916 3484 tamen
1947 3430 2077 3482 nihil
2120 3429 2265 3497 ipsas
2287 3443 2397 3496 pra:
2426 3443 2485 3480 se
2530 3428 2867 3482 Maximiana:
2897 3432 3161 3486 arationis
3214 3434 3376 3500 ferre,

94 3519 324 3588 stylaque
344 3523 506 3591 plane
536 3539 661 3578 esse
685 3522 1004 3589 Leonianos,
1039 3525 1198 3592 idque
1229 3524 1347 3578 aliis
1375 3522 1647 3578 codicibus
1675 3519 1997 3583 conﬁrmari,
2032 3518 2418 3587 perspicerent,
2452 3517 2732 3587 ademptas
2761 3518 3014 3587 Maxima,
3041 3539 3137 3578 eos
3159 3525 3213 3580 in
3242 3525 3379 3581 Leo-

98 3612 361 3667 nianorum
391 3630 711 3669 sermonum
734 3615 927 3670 seriem
957 3615 1274 3668 retulerunt.

162 3701 275 3757 llaec
298 3721 424 3760 vero
444 3708 492 3760 si
518 3715 793 3760 tantarum
817 3707 1054 3761 virorum
1087 3706 1184 3759 fuit
1211 3707 1263 3758 in
1293 3702 1648 3773 dijudicandis
1677 3701 1929 3771 operibus
1969 3698 2185 3753 Patrum
2217 3699 2387 3766 iisque
2426 3713 2454 3751 a
2495 3699 2691 3768 spuriis
2721 3705 3066 3758 secernendis
3089 3707 3246 3771 ratio,
3281 3724 3378 3762 cur

98 3794 294 3848 domum
325 3812 353 3849 a
383 3813 471 3852 me
498 3799 748 3866 neglecta
771 3797 974 3860 fuisset,
1017 3813 1138 3852 cum
1168 3797 1463 3867 prmsertim
1485 3809 1781 3859 cernerem,
1813 3809 2062 3861 magnam
2095 3793 2218 3846 inde
2245 3793 2510 3846 invectam
2551 3807 2670 3846 esse
2701 3794 2751 3847 in
2784 3809 2897 3847 rem
2929 3794 3242 3853 litterariam
3274 3818 3378 3870 pu-

97 3885 272 3940 blicam
295 3899 502 3957 partem
536 3889 988 3944 commodorum?
1014 3890 1198 3959 Itaque
1221 3902 1320 3955 ego
1352 3889 1414 3952 is,
1446 3887 1536 3956 qui
1568 3887 1840 3940 homiliam
1870 3886 1931 3939 de
1954 3883 2120 3938 Manu
2144 3885 2296 3937 arida
2318 3902 2348 3937 a
2379 3883 2604 3938 Domino
2636 3896 2816 3938 curata
2836 3887 2915 3956 (ut
2944 3886 3102 3942 Luca:
3132 3890 3204 3956 in)
3228 3893 3378 3962 cujus

99 3973 194 4028 hoc
218 3985 293 4031 est
321 3978 532 4033 initium
565 3996 578 4030 :
599 3977 891 4048 Diligenter
918 3978 1122 4031 audisse
1147 3978 1322 4040 credo,
1339 3977 1669 4045 alteramque
1699 3975 1751 4028 in
1769 3973 2043 4042 Evangelii
2067 3973 2229 4028 Marci
2253 3974 2429 4028 locum
2455 3991 2467 4025 :
2493 3973 2620 4026 Cum
2643 3977 3073 4030 turbteirruerent
3098 3979 3150 4030 in
3171 3978 3373 4047 Iesum,

99 4081 205 4131 qua}
233 4068 410 4138 incipit
442 4089 456 4122 :
488 4071 731 4125 Christus
759 4070 813 4122 in
837 4069 1079 4122 humanis
1108 4069 1304 4121 actibus
1327 4069 1500 4121 divina
1533 4068 1749 4138 gessisse
1789 4068 2057 4138 mysteria,
2087 4075 2215 4132 etc..,
2247 4063 2409 4121 Petro
2436 4064 2774 4136 Chrysologo
2805 4068 2873 4122 ab
2915 4069 3181 4137 aliquibus
3211 4074 3376 4129 tribui

101 4152 348 4221 vidissem,
389 4168 583 4216 contra
617 4165 778 4226 atque
807 4165 862 4214 et
891 4159 1086 4222 oratio,
1116 4173 1234 4228 qua:
1275 4158 1498 4212 omnino
1523 4157 1844 4212 Maximiana
1875 4157 1924 4210 in
1953 4157 2142 4210 iisdem
2168 4164 2265 4223 est,
2299 4165 2353 4211 et
2381 4158 2597 4212 codices
2636 4159 2843 4229 antiqui
2872 4162 3162 4229 postulent,
3196 4162 3377 4220 facere

100 4242 256 4295 minus
279 4260 380 4297 nan
411 4246 590 4314 potui,
621 4247 750 4314 quin
784 4255 1064 4315 utramque
1093 4245 1307 4302 Maximi
1332 4247 1550 4301 nomine
1579 4247 1889 4315 inscriptam
1910 4244 2156 4300 ederem.
2186 4244 2340 4312 Quod
2362 4246 2501 4301 idem
2533 4249 2586 4301 in
2607 4248 2726 4302 aliis
2755 4249 2896 4303 haud
2926 4253 3112 4319 paucis
3140 4254 3375 4310 homiliis

98 4333 523 4402 sermonibusque
558 4335 891 4403 publicandis
920 4336 992 4389 ita
1016 4337 1261 4405 prmstiti,
1295 4344 1354 4390 ut
1397 4337 1656 4406 majorem
1681 4339 1731 4390 in
1763 4338 1980 4392 modum
2007 4339 2262 4402 caverim,
2286 4353 2354 4392 ne
2383 4339 2511 4407 quid
2543 4339 2708 4393 alieni
2735 4339 2971 4396 Maximo
2997 4345 3369 4415 attribuerem,

100 4436 220 4476 neve
247 4426 535 4494 quidquam
586 4425 803 4481 Maximi
848 4436 1129 4498 acceptum
1159 4429 1250 4482 alii
1279 4430 1528 4497 cuiquam
1561 4430 1836 4494 referrem,
1872 4430 2082 4483 etiamsi
2115 4429 2294 4498 plures
2338 4430 2554 4484 codices
2593 4446 2748 4485 secus
2782 4447 3008 4500 poscere
3038 4435 3370 4493 viderentur.

99 4510 223 4575 Quid
246 4517 380 4569 enim
409 4532 506 4572 eos
533 4517 754 4572 codices
775 4534 1036 4583 morarer,
1060 4520 1114 4573 in
1143 4535 1281 4588 quos
1297 4521 1580 4574 oscitantia
1604 4521 1941 4590 imperitiave
1973 4520 2311 4574 librariorum
2343 4520 2600 4588 opuscula
2626 4518 2845 4575 Patrum
2874 4523 3036 4576 etiam
3064 4523 3374 4582 Graecorum

101 4604 259 4658 intulit
285 4609 545 4678 inscripta
573 4607 882 4663 Latinarum
921 4610 1262 4664 nominibus?
1285 4609 1543 4678 Exemplo
1582 4611 1690 4664 sint
1718 4610 2008 4664 conciones
2028 4609 2147 4662 duas
2175 4623 2402 4676 quarum
2431 4601 2517 4663 est
2551 4625 2656 4662 una
2685 4609 2750 4661 de
2778 4607 3123 4681 Confessione
3143 4617 3368 4682 peccati,

97 4710 241 4762 quam
267 4700 430 4753 codex
460 4699 852 4754 Vallicellanus
876 4701 1020 4754 velut
1054 4716 1084 4754 a
1133 4701 1364 4755 Maximo
1410 4702 1664 4770 scriptam
1714 4701 1952 4762 exhibet,
1985 4715 2211 4768 qumque
2241 4715 2271 4752 a
2310 4698 2571 4768 Gyinnico
2603 4708 2724 4768 post
2753 4700 3109 4757 Maximianas
3139 4704 3373 4761 refertur

103 4798 208 4850 pag.
237 4784 351 4851 557,
382 4804 444 4843 ac
473 4789 518 4842 si
557 4786 742 4844 Graece
772 4787 934 4844 fuerit
957 4791 1256 4858 composita
1286 4805 1316 4843 a
1357 4790 1568 4845 Joanne
1598 4790 2005 4860 Chrysastama.
2039 4789 2230 4843 Exstat
2279 4791 2391 4842 lima
2422 4789 2584 4842 etiam
2628 4790 2680 4842 in
2712 4791 2918 4859 aliquot
2946 4809 3168 4861 operum
3199 4799 3370 4851 sancti

101 4869 297 4930 Joannis
321 4876 698 4950 Chrysostomi
728 4879 1070 4944 editionibus,
1099 4894 1327 4948 quarum
1351 4888 1433 4934 est
1461 4896 1564 4934 una
1596 4878 1912 4933 Parisiensis
1939 4894 2080 4933 anno
2115 4877 2281 4943 1556,
2315 4886 2444 4931 tam.
2479 4877 2516 4943 l,
2554 4894 2682 4931 cura
2714 4877 2945 4949 Philippi
2986 4883 3224 4936 Montani
3265 4885 3370 4938 Ar-

104 4969 444 5025 menterieusis
471 4969 751 5041 perfecta;
777 4971 946 5026 altera
984 4971 1114 5024 item
1145 4969 1462 5025 Parisiensis
1491 4979 1666 5039 cmpta
1697 4979 1858 5040 atque
1894 4971 2137 5023 absoluta
2170 4985 2312 5026 anno
2344 4967 2471 5021 1581
2509 4971 2649 5039 typis
2674 4969 2888 5024 Henrici
2920 4971 3147 5027 Thierrii
3175 4990 3237 5028 ac
3265 4974 3369 5030 Se-

104 5051 306 5112 bastianl
331 5059 550 5116 Nivellii
576 5061 896 5131 sumptibus,
931 5069 1064 5117 tom.
1098 5061 1139 5129 l,
1171 5062 1274 5116 col.
1309 5059 1414 5115 989
1443 5069 1498 5116 et
1522 5060 1640 5125 990,
1673 5070 1777 5115 etc.
1810 5061 2010 5115 Verum
2049 5061 2100 5114 id
2130 5062 2407 5116 concianis
2436 5074 2604 5128 genus
2632 5077 2754 5116 cum
2783 5064 3113 5131 posteriores
3143 5082 3368 5135 operum

105 5147 255 5202 sancti
273 5146 486 5208 Joannis
510 5151 891 5223 Chrysostomi
914 5147 1150 5208 editores
1181 5153 1313 5206 nihil
1361 5152 1507 5207 olere
1535 5152 1997 5222 Chrysastomiani
2026 5152 2354 5214 censuerint,
2407 5152 2724 5208 omiserunt.
2758 5152 2941 5208 Altera
2971 5162 3055 5209 est
3081 5158 3272 5211 concio
3303 5159 3369 5212 de

105 5237 253 5291 Am
277 5243 443 5308 dicite,
477 5261 579 5300 seu
627 5245 693 5298 de
745 5261 805 5300 eo
852 5245 988 5315 quod
1016 5247 1263 5316 scriptum
1291 5254 1366 5298 est
1407 5247 1463 5299 in
1495 5243 1776 5315 Evangelia
1808 5261 1825 5298 :
1880 5240 2164 5313 Cujusdam
2210 5244 2383 5328 divitis
2433 5246 2627 5313 {ructus
2656 5244 2834 5298 uberes
2861 5263 2986 5317 ager
3016 5249 3206 5301 attulit.
3251 5249 3372 5307 Fuit

107 5326 203 5382 hac
226 5345 256 5384 ι
277 5330 466 5392 Ruﬁno
487 5337 560 5392 de
577 5334 768 5392 Gnaeo
798 5353 850 5390 in
873 5335 1123 5390 Latinum
1154 5352 1432 5399 conversa;
1466 5343 1748 5404 exstatque
1771 5343 1902 5388 tam.
1928 5333 1986 5386 Ill
2019 5348 2242 5402 operum
2268 5326 2448 5387 Basilii
2477 5333 2667 5400 Magni,
2686 5351 2814 5404 pag.
2851 5336 2954 5389 722
2979 5346 3032 5392 et
3061 5353 3211 5408 seqq.
3239 5341 3370 5396 edit.

108 5410 255 5472 Paris.
284 5437 367 5476 an.
395 5424 552 5480 I712.
587 5425 765 5495 Atque
794 5427 933 5479 hanc
978 5426 1215 5496 quidem,
1249 5441 1364 5494 qua:
1394 5425 1576 5479 Basilii
1623 5432 1724 5486 est,
1760 5425 1812 5476 in
1842 5422 2160 5492 quibusdam
2211 5424 2488 5478 codicibus
2534 5424 2850 5491 Ambrosio,
2895 5429 2945 5480 in
2976 5429 3095 5481 aliis
3138 5429 3370 5486 Maxima

108 5502 333 5564 tributam
361 5512 497 5582 lego.
523 5516 810 5571 Sexcentas
839 5524 965 5569 sunt
989 5517 1201 5584 generis
1223 5514 1478 5582 ejusdem,
1510 5529 1629 5584 qua“:
1658 5514 1814 5583 plane
1861 5513 2230 5567 demonstrant
2259 5530 2419 5583 quam
2448 5515 2516 5570 sit
2556 5530 2742 5582 parum
2774 5517 3212 5586 inscriptionibus
3237 5535 3367 5575 mss.

109 5596 325 5655 codicum
351 5606 658 5674 scquiorum
691 5613 998 5673 temporum
1029 5604 1320 5668 ﬁdcnfuzu,
1353 5605 1451 5659 nisi
1479 5603 1545 5658 ad
1576 5603 1792 5659 easdem
1820 5602 2217 5658 conlirmandas
2253 5611 2576 5658 concurrant
2598 5605 2772 5672 aliqua
2796 5608 2986 5662 saltem
3009 5623 3218 5676 eorum,
3246 5623 3372 5678 qua:

108 5699 248 5760 supra
274 5697 679 5751 cuiiimemoravi
710 5695 983 5766 przcsidia.
