3898 6226
546 344 615 399 '59
1982 342 2369 399 PREFATIO.
3770 341 3836 396 ιο

614 458 849 513 XXVIII.
900 458 1015 525 Quo
1060 473 1222 527 porro
1252 458 1463 520 ordine,
1522 471 1735 526 quaque
1789 458 1929 513 serie
1956 458 2317 523 bomiliarum,
2359 471 2663 524 sermonum
2704 465 3131 527 caeterorumque
3185 456 3567 527 opusculorum
3605 454 3833 511 Maximi

545 552 659 608 haec
686 561 866 607 nostra
903 553 972 605 sit
1011 551 1215 619 digesta
1270 556 1431 619 atque
1486 550 1723 618 perlecta
1776 549 2045 614 collectio,
2079 549 2359 617 explicabo
2414 548 2582 601 brevi.
2631 546 2816 601 Priore
2871 548 2991 602 loco
3047 548 3291 602 homilias
3345 546 3545 615 protuli
3602 541 3833 617 [xxxvii]

548 645 854 698 distributas
906 644 957 696 in
1006 643 1203 697 classes
1249 647 1380 695 tres.
1446 639 1645 692 Harum
1691 646 1815 693 sunt
1864 638 2040 707 primo
2088 638 2207 692 loco
2253 652 2371 705 quae
2404 637 2465 690 de
2522 636 2785 703 Tempore,
2840 644 2950 690 tum
3000 652 3118 705 quae
3160 636 3223 688 de
3254 636 3487 699 Sanctis,
3538 644 3661 703 post
3712 652 3833 703 quae

549 738 608 789 de
638 736 871 789 Diversis
909 736 1176 803 inscriptae
1223 741 1367 785 sunt.
1413 730 1489 784 De
1518 731 1767 800 Tempore
1810 728 1913 783 dici
1961 730 2276 799 plerumque
2307 728 2482 781 solent
2526 741 2601 779 ea;
2629 740 2747 793 quze
2774 727 2967 779 habita:
3004 725 3153 781 fuere
3196 724 3487 788 mobilibus,
3520 732 3581 777 ut
3607 735 3831 785 vocant,

544 831 730 885 diebus
759 831 943 895 festis;
973 830 1037 882 de
1069 828 1278 882 Sanctis
1309 832 1512 889 autem,
1553 839 1671 893 qua:
1699 824 1766 878 de
1796 823 2039 877 laudibus
2079 821 2283 888 aliquot
2324 816 2643 873 sanctorum'
2663 826 2956 887 martyrum
2986 816 3421 871 confessorumve
3444 815 3682 868 recitatae
3716 812 3835 868 fue-

544 927 669 974 runt
698 933 884 973 eorum
913 916 1139 971 solemni
1170 914 1337 967 natali
1358 914 1444 967 die
1468 931 1481 979 ;
1514 915 1578 966 de
1607 910 1839 964 Diversis
1866 908 2098 973 tandem,
2123 922 2242 975 qua:
2265 907 2331 960 ad
2359 907 2536 961 locum
2563 906 2796 974 aliquem
2827 920 3098 959 sacrarum
3128 903 3526 972 Scripturarum
3555 903 3834 958 illustran-

542 1011 667 1064 dum
698 1009 986 1079 pertinent.
1019 1005 1155 1063 Post.
1177 1004 1445 1069 bomilias,
1478 1002 1880 1057 distribuendos
1906 1002 2034 1055 item
2069 1013 2346 1053 sermones
2376 1000 2427 1051 in
2464 997 2683 1051 totidem
2714 998 2910 1051 classes
2940 995 3139 1065 putavi,
3171 1009 3400 1063 quarum
3441 994 3629 1050 iisdem
3659 994 3835 1049 titulis

545 1101 794 1168 insignita
823 1105 965 1152 esset
1010 1095 1250 1165 partitio.
1286 1092 1642 1147 Homiliarum
1698 1106 1830 1145 vero
1879 1098 2042 1157 atque
2090 1103 2398 1142 sermonum
2427 1088 2531 1141 hoc
2558 1102 2676 1141 esse
2722 1086 3006 1141 discrimen
3045 1084 3419 1138 animadvertit
3449 1084 3503 1138 in
3552 1084 3833 1139 Clossario

542 1188 773 1259 Cangius
804 1207 816 1239 :
857 1205 874 1238 (
911 1186 1192 1251 Homilias,
1227 1184 1426 1253 inquit,
1452 1182 1617 1236 fuisse
1648 1180 1937 1233 familiares
1962 1179 2295 1242 collationes,
2328 1193 2447 1245 qua:
2476 1193 2503 1231 a
2534 1178 2846 1247 praesulibus
2877 1176 3211 1230 habebantur
3239 1175 3294 1229 in
3321 1174 3525 1229 rudibus
3553 1178 3747 1241 sacris,
3784 1176 3833 1229 in

541 1282 736 1347 quibus
765 1287 817 1333 et
849 1278 1254 1345 interrogabant
1281 1274 1559 1344 populum,
1608 1280 1661 1325 et
1710 1272 2178 1339 interrogabantur
2205 1286 2233 1322 a
2267 1270 2466 1339 p0pulo
2498 1288 2509 1323 :
2556 1270 2629 1322 ita
2660 1270 2802 1323 enim
2848 1270 3041 1341 ὁμιλίας
3074 1284 3103 1321 a
3142 1270 3271 1339 λόγῳ
3302 1269 3577 1335 distinguit
3606 1267 3833 1321 Pbotius

544 1373 596 1426 in
627 1370 873 1426 biblioth.
905 1368 1027 1423 cod.
1062 1368 1184 1419 172.
1226 1386 1244 1419 ι
1278 1366 1409 1420 Nam
1433 1382 1555 1422 cum
1585 1356 2073 1420 sermo'liaberetur
2113 1380 2213 1419 nec
2253 1364 2680 1431 interrogabatur
2708 1372 2891 1418 orator
2920 1379 2949 1416 a
2989 1363 3220 1433 populo,
3252 1378 3426 1431 neque
3454 1363 3719 1431 populum
3754 1363 3832 1414 in-

542 1466 869 1533 terrogabat.
904 1463 1189 1516 Tractatus
1217 1462 1507 1531 populares
1533 1478 1563 1515 a
1596 1460 1797 1515 Latinis
1827 1460 2074 1514 Patribus
2100 1458 2205 1513 dici
2234 1474 2522 1513 consuesse
2553 1475 2665 1522 eos,
2697 1460 2786 1527 qui
2836 1474 2865 1511 a
2894 1458 3093 1513 Graecis
3134 1458 3367 1513 bomilia:
3396 1457 3829 1527 appellabantur.

544 1559 684 1612 idem
715 1564 797 1610 est
822 1554 1058 1621 Cangius
1080 1562 1289 1617 auctor,
1323 1553 1414 1621 qui
1437 1560 1680 1607 sanctum
1710 1552 2063 1619 Augustinum
2108 1558 2298 1604 testem
2328 1552 2474 1603 citat.
2501 1550 2781 1617 Augustini
2811 1560 2989 1604 autem
3019 1552 3160 1604 hunc
3190 1549 3343 1603 affert
3380 1564 3445 1603 ex
3475 1548 3748 1617 prommio
3781 1546 3829 1601 in

543 1652 674 1720 psal.
708 1666 865 1704 cxvni
887 1650 1065 1703 locum
1097 1664 1108 1696 :
1141 1645 1319 1699 Statui
1347 1660 1439 1713 per
1474 1659 1736 1696 sermones
1758 1642 1811 1695 id
1833 1657 2007 1711 agere,
2032 1642 2117 1711 qui
2144 1642 2477 1711 proferuntur
2498 1642 2551 1692 in
2572 1640 2792 1709 populis,
2818 1656 2941 1709 quos
2973 1639 3139 1693 Graeci
3161 1640 3355 1712 ὁμιλίας
3387 1646 3587 1691 vocant.
3622 1637 3693 1689 At
3720 1635 3830 1703 jam

544 1743 667 1797 inde
697 1742 761 1796 ab
785 1742 963 1808 aliquo
996 1748 1240 1806 tempore
1270 1735 1421 1788 vocis
1451 1734 1646 1805 ὁμιλίας
1677 1732 1879 1786 variata
1908 1739 1991 1785 est
2012 1732 2181 1785 notio.
2215 1730 2365 1783 Nunc
2394 1730 2534 1782 enim
2579 1746 2672 1783 eas
2701 1745 2955 1784 vocamus
2996 1731 3099 1784 hoc
3140 1728 3355 1783 nomine
3403 1728 3679 1781 orationes
3712 1740 3831 1795 quae

544 1834 865 1903 explanandi
898 1829 1123 1897 alicujus
1152 1828 1257 1880 loci
1287 1825 1582 1892 evangelici
1610 1838 1770 1877 causa
1799 1824 2117 1891 conscriptae
2146 1821 2361 1874 fuerint.
2394 1820 2585 1873 Curavi
2629 1836 2791 1889 porro
2822 1830 2879 1873 ut
2916 1821 3254 1875 sermonibus
3283 1826 3541 1873 tractatus
3568 1818 3831 1872 succede-

545 1931 667 1978 rent
698 1931 807 1975 tres
836 1922 899 1976 de
928 1918 1217 1988 Baptismo,
1250 1931 1388 1984 quos
1414 1930 1532 1969 esse
1564 1914 1795 1967 Maximo
1827 1912 2191 1977 ascribeudos,
2223 1912 2421 1966 evincit
2460 1912 2703 1966 codicum
2744 1912 3144 1981 subalpinorum
3176 1912 3481 1966 consensio.
3514 1911 3831 1978 Sequuntur

546 2030 706 2084 porro
734 2019 995 2066 tractatus
1024 2010 1130 2063 duo
1166 2008 1259 2075 qui
1289 2022 1320 2061 e
1349 2006 1536 2061 codice
1566 2005 1859 2059 Veronensi
1888 2004 2191 2072 deprompti
2240 2012 2381 2067 sunt,
2414 2018 2748 2071 quorumque
2796 2005 2930 2058 alter
2959 2012 3139 2057 contra
3180 2004 3451 2074 Paganos,
3482 2004 3617 2056 alter
3644 2011 3832 2056 contra

542 2106 759 2159 Judteos
794 2103 1121 2157 inscribitur.
1154 2098 1361 2151 Nullius
1406 2098 1480 2149 illi
1527 2096 1804 2163 scriptoris
1845 2109 2040 2147 nomen
2083 2094 2413 2161 praeferunt;
2460 2103 2826 2149 verumtamen
2854 2096 3107 2161 quoniam
3150 2102 3203 2148 et
3231 2094 3354 2164 styli
3403 2108 3590 2147 eorum
3622 2093 3769 2145 ratio
3801 2108 3827 2144 a

547 2188 869 2256 Maximiana
898 2215 1003 2253 non
1036 2198 1324 2264 discrepat,
1376 2199 1429 2246 et
1458 2208 1523 2247 ex
1554 2207 1620 2246 eo
1655 2184 1927 2245 volumine
1966 2191 2221 2260 exscripti
2250 2197 2375 2245 sunt
2403 2206 2510 2259 quo
2546 2190 2651 2243 alia
2680 2190 2853 2243 sancti
2891 2188 3129 2257 episcopi
3171 2188 3426 2256 opuscula
3458 2188 3827 2245 continentur.

545 2295 771 2373 egissem
794 2294 1034 2361 profecto
1065 2290 1454 2359 imprudenter,
1485 2288 1530 2341 si
1560 2303 1654 2340 eos
1678 2302 1745 2340 ex
1775 2286 1913 2340 serie
1935 2300 2159 2354 Operum
2190 2284 2405 2339 Maximi
2436 2283 2818 2353 expungendos
2848 2284 3254 2337 existimassem.
3290 2281 3382 2334 llis
3403 2282 3616 2335 demum
3646 2281 3831 2334 addidi

549 2370 886 2453 Evangelicas
921 2382 1210 2445 Lectiones,
1258 2396 1353 2433 seu
1383 2378 1621 2447 Capitula
1652 2375 2074 2445 Evangeliorum,
2100 2390 2327 2443 quorum
2357 2374 2438 2444 (ut
2464 2389 2622 2443 supra
2654 2374 3027 2443 animadverti)
3059 2371 3385 2433 Gennadius,
3422 2370 3830 2435 recentioreque

548 2474 807 2527 memoria
840 2472 1167 2525 Tritbemius
1195 2470 1577 2523 meminerunt.
1612 2466 1875 2521 Non-sum
1906 2466 2139 2530 nescius,
2172 2464 2439 2519 Lectiones
2468 2466 2726 2533 ejusmodi
2756 2464 3098 2534 Evangelicas
3130 2465 3183 2517 in
3214 2463 3400 2517 codice
3421 2461 3713 2514 Veronensi
3745 2474 3831 2511 ne-

549 2579 655 2634 que
679 2563 914 2623 Maximi,
942 2578 1116 2631 neque
1149 2563 1369 2617 alterius
1405 2559 1717 2627 cujusquam
1750 2573 1943 2611 nomen
1988 2559 2257 2625 praeferre.
2292 2554 2398 2609 Sed
2434 2571 2498 2610 ea
2529 2556 2757 2609 nominis
2788 2554 3171 2622 pmtermissio
3202 2552 3337 2606 tanti
3366 2566 3474 2605 non
3504 2557 3606 2613 est,
3638 2549 3721 2602 uti
3753 2564 3830 2602 me

549 2670 576 2708 a
612 2653 877 2707 sententia
902 2654 1174 2707 deterrere
1206 2652 1392 2720 possit,
1423 2666 1582 2718 quam
1612 2658 1665 2703 et
1694 2649 2015 2716 conjecturae
2045 2663 2171 2701 sane
2199 2662 2406 2713 graves,
2440 2656 2495 2702 et
2523 2648 2807 2716 insignium
2837 2654 3105 2702 vetustate
3149 2644 3652 2708 existimationeque
3702 2636 3829 2692 scri-

552 2752 763 2811 ptorum
806 2741 1086 2797 conﬁrmet
1112 2742 1421 2795 auctoritas.
1456 2739 1586 2793 Cum
1630 2740 1773 2792 enim
1804 2738 2067 2807 permulta
2097 2746 2433 2804 argumenta,
2462 2754 2579 2807 qua:
2601 2740 2651 2791 in
2682 2739 2913 2792 homiliis
2942 2746 3102 2805 atque
3130 2734 3466 2793 sermonibus
3495 2732 3768 2785 illustrata
3796 2741 3820 2777 a

554 2832 783 2885 Maximo
822 2839 967 2897 sunt,
998 2847 1060 2886 ea
1089 2832 1197 2886 sint
1220 2831 1483 2893 oratione,
1536 2846 1599 2883 ac
1645 2830 1805 2899 stylo,
1841 2843 2010 2895 eaque
2060 2830 2267 2882 ratione
2293 2838 2541 2894 tractata,
2574 2843 2678 2899 qua
2711 2832 2761 2883 in
2802 2831 3123 2885 lectionibus
3152 2828 3342 2882 iisdem
3374 2832 3693 2889 tractantur,
3727 2835 3827 2875 non

550 2924 796 2991 equidem
822 2923 997 2987 video,
1040 2938 1136 2975 cur
1167 2923 1246 2974 ha:
1275 2936 1383 2974 non
1409 2920 1641 2973 debeant
1671 2920 1720 2973 ei
1758 2919 1975 2971 attribui
2006 2919 2211 2971 auctori
2241 2935 2269 2971 a
2296 2934 2402 2986 quo
2430 2922 2676 2975 homilias
2700 2920 2818 2974 illas
2847 2921 3074 2990 illosque
3104 2934 3380 2974 sermones
3405 2917 3566 2971 fuisse
3596 2910 3827 2986 perscri-

554 3023 676 3081 ptos
702 3021 935 3067 constat.
964 3011 1080 3065 Jam
1110 3026 1241 3065 vero
1270 3024 1413 3073 cum,
1437 3016 1575 3063 teste
1596 3008 1893 3073 Gennadio,
1928 3024 2061 3077 opus
2092 3006 2153 3061 de
2183 3008 2434 3079 Capitulis
2462 3010 2863 3081 Evangeliorum
2892 3012 3089 3066 editum
3116 3026 3146 3064 a
3176 3010 3407 3063 Maximo
3439 3007 3618 3071 fuerit,
3645 3018 3827 3073 eaeque

555 3099 822 3154 Lectiones
852 3102 924 3152 ita
953 3100 1060 3153 sint
1082 3106 1426 3166 comparatae,
1458 3106 1515 3151 ut
1544 3096 1759 3171 inscribi
1790 3105 1937 3149 recte
1966 3098 2030 3148 de
2058 3087 2309 3165 Capitulis
2338 3098 2741 3169 Evangeliorum
2763 3101 2987 3169 possint,
3020 3096 3261 3171 {xxxvm}
3289 3097 3417 3168 quid
3450 3106 3534 3153 est
3559 3097 3706 3167 quod
3739 3096 3827 3149 im
3870 3100 3875 3107 ’

554 3193 753 3263 pediat,
782 3193 910 3262 quin
940 3192 1207 3245 Lectiones
1239 3193 1365 3261 ipsa
1394 3192 1501 3244 sint
1521 3190 1724 3244 ecedem
1750 3205 1813 3243 ac
1842 3190 1929 3241 illa
1948 3205 1979 3243 a
2006 3189 2239 3243 Maximo
2262 3190 2403 3244 edita
2427 3192 2662 3261 Capitula
2685 3190 3088 3262 Evangeliorum
3116 3191 3139 3243 .’

623 3278 762 3334 Sunt
790 3283 902 3334 haec
932 3280 1216 3334 selectiora
1245 3279 1461 3332 Maximi
1491 3279 1768 3347 opuscula,
1801 3279 1994 3346 quibus
2032 3280 2302 3347 praicipue
2332 3290 2513 3334 nostra
2544 3282 2655 3334 hate
2684 3281 2952 3335 constabit
2972 3279 3239 3335 collectio.
3267 3277 3585 3346 Quanquam
3613 3289 3751 3333 vero
3778 3275 3824 3329 in

558 3368 665 3426 alia
693 3369 933 3437 quaedam
963 3370 1299 3433 incurrerim,
1332 3383 1451 3437 qua:
1480 3376 1629 3422 tanto
1658 3377 1879 3422 auctore
1928 3367 2143 3436 indigna
2182 3384 2287 3422 non
2318 3384 2437 3423 esse
2466 3370 2809 3433 viderentur;
2840 3370 3094 3437 quoniam
3125 3376 3303 3422 tamen
3332 3382 3441 3421 non
3470 3374 3627 3420 erant
3670 3365 3822 3419 nobis

556 3459 687 3514 satis
715 3458 895 3525 gravia
925 3465 1199 3512 momenta
1236 3458 1507 3510 rationum
1549 3458 1601 3511 in
1630 3464 1902 3525 promptu,
1936 3457 2127 3523 quibus
2157 3456 2460 3512 efﬁceretur
2502 3475 2565 3513 ea
2611 3459 2822 3513 nonnisi
2853 3476 2916 3513 ex
2959 3459 3191 3512 Maximo
3220 3458 3384 3511 fuisse
3412 3455 3677 3525 profecta,
3708 3454 3825 3510 haesi

554 3546 802 3613 equidem
846 3560 1083 3613 anceps;
1112 3558 1341 3610 cumque
1371 3544 1492 3597 inde
1518 3545 1649 3596 mihi
1694 3543 1761 3597 de
1792 3544 1855 3596 iis
1883 3552 2085 3596 temere
2126 3546 2464 3599 statuendum
2500 3564 2605 3601 nou
2647 3564 2766 3603 esse
2802 3548 3145 3616 judicassem,
3174 3546 3413 3601 continui
3444 3546 3515 3599 ita
3548 3562 3653 3611 me,
3688 3556 3825 3601 utea

552 3649 727 3703 neque
772 3633 1116 3698 afﬁrmarem,
1172 3647 1347 3701 neque
1393 3647 1644 3701 negarem
1692 3632 1908 3686 Maximi
1962 3633 2202 3701 ejusdem
2251 3651 2387 3701 esse,
2423 3637 2809 3707 rcjiceremque
2846 3638 3068 3708 proinde
3112 3639 3166 3692 in
3212 3637 3562 3706 appendicem
3611 3653 3825 3707 Opermn

558 3730 863 3784 dubiorum.

621 3819 689 3871 At
734 3818 877 3871 enim
924 3832 1044 3871 cum
1089 3816 1256 3869 multa
1302 3824 1575 3869 obstarent
1618 3817 1903 3884 quominus
1952 3817 2260 3885 extorqueri
2332 3833 2399 3872 ex
2455 3833 2540 3872 me
2600 3827 2781 3887 posset
2828 3829 2887 3872 ut
2929 3820 3179 3873 bomilias
3213 3818 3468 3886 quasdam
3519 3828 3680 3888 atque
3725 3833 3825 3875 ser-

555 3925 741 3964 mones
772 3917 863 3961 aut
913 3909 964 3960 in
1010 3906 1199 3971 certis,
1232 3914 1325 3959 aut
1372 3907 1421 3958 in
1454 3906 1629 3959 dubiis
1670 3904 1883 3959 Maximi
1933 3907 2204 3975 opusculis
2246 3908 2517 3960 numerari
2561 3916 2813 3975 oportere
2842 3907 3152 3967 arbitrarer,
3204 3921 3296 3959 eas
3344 3906 3591 3960 homilias
3638 3922 3825 3975 eosque
3878 3918 3879 3921 ‘

552 4016 833 4057 sermones
877 4001 929 4053 in
960 3998 1309 4067 appendicem
1340 3998 1563 4050 alteram
1600 3998 1780 4061 retuli,
1813 4012 1932 4064 qurc
1972 4005 2054 4050 est
2082 3997 2374 4063 spuriorum
2405 4014 2633 4064 aperum.
2680 3997 2861 4064 Neque
2894 4012 3037 4059 vero,
3070 3996 3196 4063 quin
3225 3996 3275 4047 id
3307 3994 3556 4060 facerem,
3588 4012 3821 4051 Commo-

553 4106 679 4147 vere
706 4107 793 4145 me
821 4092 997 4160 potuit
1024 4094 1107 4147 vel
1136 4089 1379 4142 codicum
1412 4087 1768 4155 quorumdam
1800 4088 2103 4151 celebritas,
2136 4089 2221 4142 vel
2250 4089 2529 4141 doctorum
2561 4088 2763 4154 aliquot
2799 4089 3033 4140 virorum
3064 4088 3266 4155 opinio,
3297 4088 3511 4141 Maximi
3542 4103 3635 4143 eas
3664 4087 3823 4143 homi-

552 4186 651 4239 lias
672 4198 870 4251 eosque
900 4196 1177 4237 sermones
1204 4195 1322 4233 esse
1348 4178 1789 4242 aientium.Quas
1819 4187 1997 4232 autem
2027 4180 2094 4233 ob
2124 4194 2315 4233 causas
2343 4180 2424 4231 liis
2450 4180 2695 4231 assentiri
2725 4178 3051 4245 nequiverim
3073 4218 3085 4239 ,
3118 4193 3240 4231 cum
3270 4180 3400 4232 satis
3430 4181 3480 4244 in
3523 4180 3823 4247 przcl‘atione

552 4277 619 4329 ad
645 4277 867 4329 alteram
899 4275 1042 4327 illam
1074 4272 1423 4341 appendicem
1455 4271 1779 4339 explicatum
1804 4271 1892 4332 sit,
1926 4286 2031 4324 non
2063 4279 2143 4324 est
2174 4287 2268 4325 cur
2298 4286 2415 4325 esse
2443 4286 2651 4323 rursum
2682 4270 3058 4339 explicandum
3084 4279 3287 4338 putem.

622 4366 740 4421 Jam
771 4366 1028 4434 opuscula
1061 4364 1276 4417 Maximi
1327 4363 1564 4416 nondum
1596 4362 1736 4415 edita
1767 4361 1960 4430 quibus
1988 4376 2053 4416 ex
2083 4362 2357 4415 codicibus
2400 4362 2719 4430 acceperim,
2753 4376 2913 4429 supra
2959 4362 3137 4416 docui.
3170 4361 3319 4418 Nunc
3347 4362 3412 4415 de
3451 4362 3656 4431 jamdiu
3681 4362 3823 4419 editis

552 4460 744 4521 dicam,
778 4472 1044 4526 quamque
1074 4459 1126 4510 in
1157 4457 1221 4510 iis
1251 4471 1461 4509 rursum
1493 4455 1825 4524 publicandis
1871 4454 2156 4509 lectionem
2186 4465 2402 4509 secutus
2450 4455 2638 4509 fuerim
2658 4496 2671 4519 ,
2702 4455 2966 4509 indicabo.
2999 4457 3183 4523 Itaque
3213 4456 3353 4525 quod
3385 4458 3451 4512 ad
3483 4459 3731 4514 liomilias
3767 4456 3821 4510 ’ῐ4

555 4568 585 4605 a
613 4551 873 4619 Gytnnico
902 4550 1152 4618 primum,
1178 4558 1293 4602 tum
1321 4564 1350 4600 a
1379 4546 1652 4601 Galesinio
1682 4547 1923 4615 volgatas
1952 4549 2163 4611 attinet,
2211 4550 2344 4603 sciat
2383 4550 2606 4617 quisque
2634 4550 2813 4614 velim,
2859 4550 2934 4603 sic
2964 4566 3048 4603 me
3070 4549 3311 4619 Gymnici
3341 4547 3585 4615 ejusdem
3616 4547 3818 4605 lectioni

555 4641 858 4703 adhaesisse,
890 4648 946 4693 ut
976 4641 1101 4708 ejus.
1123 4648 1303 4692 tamen
1336 4637 1590 4691 nonnulla
1618 4646 1710 4690 aut
1739 4639 2118 4706 suppleverim,
2152 4648 2242 4691 aut
2272 4640 2622 4702 emendarim,
2655 4640 3033 4707 exegerimque
3073 4639 3137 4692 ad
3169 4640 3536 4707 probatiorum
3570 4656 3701 4693 mss.
3742 4653 3817 4690 co-

555 4728 736 4785 dicum
789 4731 966 4783 tidem.
999 4728 1055 4781 In
1105 4728 1329 4795 reliquis
1355 4727 1636 4793 vulgandis
1663 4729 1909 4796 exempla
1959 4743 2086 4781 sum-
2106 4738 2321 4781 secutus
2362 4730 2653 4783 editionum
2704 4729 3082 4784 Parisiensium
3113 4745 3335 4799 operum
3367 4732 3536 4785 sancti
3568 4728 3817 4786 Ambrosii

556 4837 746 4876 annor.
780 4820 917 4873 1569
946 4828 999 4875 et
1032 4820 1187 4883 1690,
1222 4820 1617 4873 Anecdotorum
1647 4819 1921 4872 Muratorii
1955 4835 2040 4873 an.
2078 4819 2233 4885 1715,
2266 4831 2319 4875 et
2349 4821 2527 4877 Μυειεί
2559 4823 2724 4880 Italici
2758 4823 3118 4877 Mabilloniani
3149 4839 3234 4876 an.
3272 4823 3425 4875 l72-l.

628 4914 939 4967 Extremum
967 4923 1066 4977 est,
1092 4923 1149 4966 ut
1180 4915 1409 4967 lectores
1436 4928 1684 4965 moneam
1718 4931 1729 4964 :
1754 4912 2012 4981 quidquid
2041 4915 2093 4967 in
2114 4914 2216 4967 hac
2246 4923 2424 4967 nostra
2446 4914 2681 4968 editione
2712 4916 2864 4969 bona:
2894 4916 3073 4983 frugis,
3102 4915 3451 4982 pmclarique
3471 4923 3569 4981 est,
3598 4914 3650 4969 id
3670 4927 3817 4987 quan-

558 5016 669 5059 tum
697 5012 955 5069 quantum
986 5004 1402 5073 prospicientite,
1434 5003 1721 5069 vigilantia:
1747 5004 2231 5073 niunilicentizeque
2257 5003 2335 5058 Pii
2361 5004 2507 5058 Sexti
2532 5006 2716 5073 optimi
2740 5006 3223 5074 sapientissimique
3253 5002 3520 5075 pontiﬁcis
3557 5015 3815 5075 acceptum

558 5108 679 5147 esse
706 5092 1065 5145 referendum.
1113 5089 1248 5145 Cum
1279 5092 1421 5144 enim
1463 5091 1594 5143 nihil
1635 5092 1683 5144 ei
1724 5093 1891 5159 magis
1922 5094 1990 5145 sit
2015 5093 2183 5159 cordi,
2214 5108 2373 5161 quam
2406 5102 2461 5146 ut
2492 5096 2670 5147 omnia
2714 5102 2886 5163 paret,
2916 5110 3033 5163 quae
3062 5096 3129 5148 ad
3172 5096 3481 5161 religionem
3512 5095 3816 5149 catholicam

558 5184 979 5253 propagandam,
1015 5182 1413 5243 illustrandam,
1464 5180 1883 5235 conﬁrmandam
1936 5182 2180 5237 conferre
2229 5184 2516 5251 plurimum
2539 5199 2695 5252 posse
2738 5185 3055 5250 videantur;
3105 5198 3331 5252 cumque
3378 5185 3538 5253 plane
3568 5182 3813 5251 cognorit,

555 5282 813 5342 quantum
846 5274 1098 5339 operibus
1128 5272 1298 5326 sancti
1338 5272 1551 5341 Maximi
1583 5272 1649 5325 ad
1678 5288 1795 5325 eam
1826 5288 1938 5325 rem
1970 5274 2387 5341 opportunitatis
2418 5273 2581 5340 insit;
2616 5291 2720 5329 non
2750 5290 2856 5329 aere
2879 5276 3051 5329 solum
3082 5289 3373 5343 permagno
3396 5291 3524 5336 suo,
3558 5276 3653 5330 sed
3689 5267 3814 5329 omni

557 5364 723 5417 etiam
752 5363 1132 5422 sollicitudine,
1166 5363 1462 5429 diligentia,
1494 5363 1691 5425 studio,
1726 5371 1784 5414 ut
1826 5364 2059 5430 undique
2088 5364 2483 5430 colligerentur,
2529 5364 2957 5430 emendarentur,
3009 5366 3417 5429 illustrarentur,
3455 5370 3596 5434 typis
3624 5359 3813 5432 magni-

559 5451 659 5507 ﬁce
683 5440 1095 5515 excuderentur,
1130 5453 1510 5521 prodirentque
1533 5453 1583 5506 in
1611 5454 1875 5521 publicam
1908 5454 2097 5517 lucem,
2128 5456 2351 5507 curavit.
2387 5454 2555 5519 Quem
2586 5456 2799 5523 quidem
2830 5457 3135 5525 pontiﬁcem
3165 5459 3549 5510 sanctissimum
3572 5458 3813 5511 dominum

557 5552 791 5598 nostrum
821 5542 959 5597 Deus
994 5553 1196 5596 creator
1225 5546 1451 5596 omnium
1501 5552 1761 5596 conservet
1802 5544 2083 5611 longwtmm
2126 5544 2193 5595 ad
2236 5553 2529 5597 sanctarum
2574 5545 2683 5614 ejus
2715 5543 3063 5598 Ecclesiarum
3108 5554 3157 5597 et
3189 5544 3492 5598 orthodoxa:
3518 5545 3645 5611 ﬁdei
3683 5544 3814 5604 stabi-

560 5635 754 5688 litatem
800 5636 898 5703 (α).

628 5723 707 5793 (a)
738 5724 987 5793 Episcopi
1021 5724 1204 5779 insulae
1233 5724 1392 5794 Cypri
1423 5725 1577 5794 epist.
1624 5724 1688 5778 ad
1720 5733 1961 5778 sanctum
2010 5723 2348 5779 Theodorum
2388 5739 2601 5793 papam.
2649 5740 2765 5790 qua:
2810 5733 2983 5778 exstat
3025 5725 3074 5778 in
3115 5714 3259 5778 Actis
3289 5721 3492 5777 Concil.
3528 5720 3711 5773 Later.
3737 5712 3815 5770 sub
