3898 6226
94 294 145 345 ιι
1507 289 1633 344 PRA

1807 289 1892 344 ιο.
2947 347 2952 352 ο
3272 277 3346 334 ss

3021 397 3330 415 Ἢ

1500 508 1740 584 PARS
1815 508 1913 584 II.

331 641 488 715 Qua:
512 649 605 701 est
638 640 713 703 de
739 639 1025 703 doctrina
1051 639 1346 709 Maximi,
1384 638 1570 716 deque
1602 639 1837 698 steteris
1871 638 1943 698 de
1973 637 2195 716 quibus
2227 654 2346 696 esse
2379 653 2492 696 nos
2519 637 2589 697 in
2623 633 3080 712 Prolegomenis

1367 724 1621 776 acturos
1644 716 2070 794 promisimus.

159 833 360 906 [xxxix]
390 835 434 888 l.
468 835 545 892 Ac
571 834 640 890 de
671 843 854 890 nostra
882 835 1094 905 quidem
1119 833 1495 904 opusculorum
1525 831 1740 886 Maximi
1775 833 2112 899 collectione,
2147 833 2214 887 de
2249 832 2496 888 subsidiis
2521 847 2641 903 qua:
2680 832 2835 887 nobis
2863 831 2979 901 ejus
3003 828 3340 902 perﬁcienda

93 938 237 978 causa
275 925 607 993 paravimus,
643 925 816 994 deque
856 927 1043 981 ordine
1083 940 1243 993 quem
1269 925 1326 979 in
1355 939 1417 979 ea
1444 923 1772 993 disponenda
1802 932 1964 995 atque
1992 923 2299 980 adornanda
2327 925 2498 980 secuti
2527 939 2728 990 sumus,
2760 924 3040 980 hactenus.
3072 923 3259 980 Restat
3285 931 3347 978 ut

96 1017 151 1073 de
175 1019 338 1072 sancti
366 1018 612 1086 ejusdem
648 1018 883 1087 episcopi
917 1017 1161 1072 doctrina
1190 1016 1364 1087 deque
1391 1016 1598 1072 caeteris
1636 1028 1789 1083 agam
1806 1054 1822 1079 ,
1854 1015 1922 1070 de
1948 1012 2142 1084 quibus
2179 1030 2266 1070 me
2294 1015 2348 1069 in
2374 1015 2768 1086 prolegomenis
2791 1015 3053 1070 dicturum
3081 1014 3349 1085 promisc-

96 1125 210 1163 ram.
257 1109 390 1176 Qum
422 1118 603 1164 autem
633 1110 771 1164 tanti
815 1110 914 1163 viri
945 1109 1185 1164 doctrina
1214 1110 1406 1174 tuerit,
1436 1124 1597 1178 quam
1622 1108 1914 1174 excellens,
1945 1123 2104 1178 quam
2133 1107 2416 1178 exquisita,
2445 1124 2604 1179 quam
2634 1117 2759 1178 apte
2787 1107 2855 1162 ad
2882 1122 3034 1161 sacra
3061 1105 3251 1171 Biblia,
3277 1103 3344 1162 ad

98 1203 420 1256 traditionem
441 1243 456 1268 ,
500 1201 569 1256 ad
596 1201 848 1260 Ecclesiae
875 1201 1088 1256 decreta
1107 1239 1121 1265 ,
1152 1217 1312 1271 quam
1339 1201 1588 1256 distincte
1616 1214 1884 1270 quamque
1912 1202 2175 1272 explicate
2203 1201 2270 1256 ab
2297 1216 2364 1256 eo
2390 1201 2641 1257 adversus
2663 1203 2922 1273 profanas
2961 1198 3356 1254 sententiarum

100 1308 349 1363 torumque
395 1294 653 1347 novitates
682 1292 991 1361 proposita,
1022 1306 1088 1344 ex
1117 1290 1233 1360 ejus
1260 1290 1512 1357 bomiliis,
1542 1289 1881 1344 sermonibus
1920 1289 2249 1360 reliquisque
2273 1289 2544 1359 opusculis
2569 1289 2818 1358 cognosci
2847 1288 2982 1343 adeo
3011 1285 3347 1357 perspicique

102 1392 272 1451 potest,
306 1383 440 1437 nihil
471 1391 534 1436 ut
560 1381 628 1436 ad
656 1397 775 1436 eam
804 1380 1172 1436 illustrandam
1201 1387 1386 1434 nostra
1416 1380 1486 1435 sit
1515 1395 1651 1449 opus
1679 1382 1944 1436 oratione.
1985 1383 2104 1449 Quo
2132 1397 2262 1438 sane
2306 1384 2477 1452 magis
2503 1382 2757 1447 admiror,
2786 1383 3087 1442 hominem,
3118 1381 3211 1451 qui
3237 1395 3348 1436 non

104 1472 330 1527 adversus
360 1473 648 1527 haereticos
677 1486 742 1526 ex
769 1471 1013 1526 instituto
1042 1470 1308 1533 scribere,
1340 1470 1434 1525 sed
1477 1469 1545 1525 de
1585 1471 1812 1526 colenda
1847 1473 2079 1539 virtute,
2106 1488 2171 1528 ac
2213 1475 2415 1544 pietate
2460 1475 2732 1528 orationes
2759 1474 2825 1528 ad
2852 1472 3110 1543 populum
3146 1473 3347 1528 habere

106 1563 396 1619 instituisset
412 1603 428 1627 ,
464 1571 574 1617 tam
603 1568 855 1617 accurate
881 1560 950 1615 de
977 1560 1375 1614 sublimioribus
1402 1559 1717 1614 orthodoxa:
1755 1561 2029 1629 religionis
2068 1564 2368 1632 mysteriis,
2398 1570 2508 1616 tam
2533 1577 2718 1632 presse
2744 1571 2932 1617 contra
2973 1563 3190 1617 iuventa
3217 1577 3344 1632 per-

103 1669 336 1723 versaque
376 1655 633 1722 dogmata
661 1653 1058 1715 hzereticornm,
1092 1658 1201 1704 tam
1230 1649 1298 1704 ad
1325 1648 1729 1718 intelligentiam
1759 1650 1928 1720 plebis
1966 1666 2127 1722 quam
2171 1650 2431 1714 docebat,
2480 1651 2882 1707 accommodate
2909 1651 3252 1716 disseruisse,
3290 1660 3349 1706 ut

102 1746 212 1799 nihil
237 1745 529 1800 desiderari
557 1759 716 1813 supra
752 1758 912 1813 posse
936 1741 1200 1796 videatur.

160 1832 213 1886 Il.
243 1834 356 1888 lam
385 1833 456 1888 de
484 1833 743 1904 mysterio
769 1831 1047 1886 Trinitatis
1074 1831 1151 1884 sic
1183 1829 1271 1883 ille
1295 1829 1436 1897 agit,
1461 1836 1521 1882 ut
1558 1843 1866 1898 quanquam
1892 1830 2108 1886 brevius
2135 1831 2304 1886 multo
2331 1846 2492 1899 quam
2519 1830 2872 1896 Athanasius,
2897 1831 3161 1898 Hilarius,
3193 1833 3345 1889 Basi-

106 1925 207 1987 lius,
237 1925 564 1992 Augustinus
605 1923 801 1990 aliique
829 1919 1015 1975 Patres
1045 1917 1559 1973 Antitriuitariorum
1587 1925 2003 1986 oppugnatores,
2027 1926 2083 1973 at
2107 1933 2262 1986 mque
2296 1925 2474 1972 tamen
2515 1918 2685 1973 solide
2713 1927 3066 1988 accurateque
3091 1919 3345 1991 disputet.

108 2015 217 2069 Nam
243 2031 494 2070 sermone
522 2013 610 2080 48,
642 2015 734 2083 qui
764 2021 844 2068 est
872 2012 896 2066 1
931 2013 994 2068 de
1032 2010 1353 2073 Pentecoste,
1381 2021 1503 2077 pag.
1537 2007 1677 2061 525:
1706 2005 1966 2072 Quorum,
1999 2009 2199 2077 inquit,
2231 2009 2453 2062 indivisa
2481 2017 2603 2062 sunt
2628 2025 2862 2073 munera,
2888 2018 2964 2064 est
3000 2012 3170 2081 utique
3206 2013 3348 2067 insc-

108 2117 264 2172 parata
292 2107 577 2160 Dirinitas.
604 2103 754 2168 Quod
773 2121 891 2158 vero
920 2103 1210 2174 ingreditur
1232 2100 1464 2172 Spiritus
1490 2100 1545 2152 in
1564 2115 1696 2169 quos
1715 2099 1914 2152 habitat
1936 2097 2189 2161 Christus,
2219 2116 2322 2155 non
2347 2100 2419 2152 eis
2447 2099 2516 2151 ad
2545 2098 2767 2152 Deitatis
2788 2101 2969 2154 crescit
2995 2109 3346 2171 augmentum,

109 2197 181 2247 sed
205 2197 266 2248 ad
292 2198 449 2266 ﬁdem
476 2198 685 2268 proﬁcit
711 2197 951 2250 unitatis.
985 2233 1000 2249 .
1029 2237 1041 2248 .
1071 2235 1083 2248 .
1110 2235 1125 2248 .
1157 2194 1288 2249 Hac
1314 2202 1409 2257 est,
1439 2199 1494 2244 ut
1521 2192 1796 2255 credimus,
1824 2191 2265 2261 incomprehenste
2289 2189 2604 2260 dispensatio
2635 2188 2922 2255 Trinitatis,
2949 2198 3005 2242 ut
3032 2207 3147 2245 cum
3168 2195 3348 2249 omnia

110 2286 236 2338 simul
261 2285 439 2350 Pater,
470 2295 522 2338 et
552 2285 741 2350 Filius,
772 2292 821 2339 et
851 2283 1080 2355 Spiritus
1109 2293 1318 2339 sanctus
1345 2285 1575 2355 ejusdem
1623 2281 1848 2336 Deitatis
1898 2280 2082 2349 effectu
2128 2277 2541 2347 inseparabiliter
2579 2287 2883 2349 operentur;
2910 2281 3146 2351 quaedam
3176 2292 3347 2340 tamen

111 2374 369 2441 specialiter
398 2391 432 2426 a
459 2374 684 2444 singulis
716 2372 1024 2426 tribuantur.
1053 2411 1066 2424 .
1094 2410 1107 2424 .
1140 2411 1154 2424 .
1185 2371 1323 2443 quod
1348 2381 1565 2442 prastat
1596 2371 1844 2441 Spiritus,
1889 2375 2100 2439 prtcstat
2138 2376 2188 2421 et
2214 2367 2392 2433 Pater,
2423 2369 2507 2438 qui
2539 2366 2830 2439 (Spiritus)
2863 2378 3020 2424 totum
3047 2387 3159 2426 cum
3185 2372 3352 2430 Patre

111 2463 264 2528 habet;
290 2467 376 2536 qui
408 2475 548 2520 totus
577 2481 780 2535 semper
807 2481 840 2518 a
867 2463 1030 2518 Patre
1055 2463 1314 2534 procedit;
1341 2474 1390 2517 et
1431 2463 1566 2535 quod
1592 2471 1807 2533 praestat
1835 2476 1952 2514 cum
1989 2459 2146 2513 Patre
2187 2458 2434 2529 Spiritus,
2467 2466 2681 2529 praestat
2725 2469 2775 2514 et
2803 2460 2991 2526 Filius,
3017 2466 3259 2534 quoniam
3287 2467 3351 2522 de

113 2552 262 2606 eodem
287 2554 449 2608 Patre
475 2561 634 2607 natus
661 2561 739 2607 est
767 2551 959 2619 Filius,
989 2570 1021 2605 a
1047 2571 1144 2624 quo
1171 2554 1400 2621 procedit
1427 2562 1477 2608 et
1507 2552 1752 2623 Spiritus.
1786 2551 1872 2605 Ait
1906 2552 2042 2608 enim
2079 2549 2314 2605 Christus
2354 2567 2370 2603 :
2413 2549 2602 2605 Omnia
2651 2565 2769 2619 qua:
2815 2552 2976 2608 habet
3021 2552 3181 2610 Pater
3221 2573 3348 2612 mea

113 2652 232 2696 sunt.
271 2643 328 2698 Si
367 2645 550 2698 omnia
585 2658 700 2714 quae
741 2642 895 2696 habet
921 2641 1103 2706 Pater,
1147 2641 1274 2696 Filii
1302 2651 1454 2707 sunt,
1485 2658 1606 2712 ergo
1633 2647 1683 2694 et
1709 2639 1846 2711 quod
1874 2639 2105 2709 Spiritus
2133 2638 2317 2704 habet,
2347 2654 2463 2692 cum
2491 2636 2653 2692 Patre
2690 2647 2743 2692 et
2778 2637 2920 2698 Filio
2946 2657 3210 2697 commune
3250 2653 3347 2700 eu.

116 2731 171 2785 Et
194 2734 296 2788 ideo
315 2749 536 2803 quorum
563 2734 617 2786 in
648 2733 857 2787 nomine
879 2731 1022 2786 nulla
1052 2732 1232 2786 divisio
1260 2739 1356 2797 est,
1384 2747 1488 2784 una
1510 2745 1688 2786 eorum
1713 2730 1766 2783 in
1794 2730 1936 2784 omni
1958 2728 2273 2799 operatione,
2299 2736 2348 2782 et
2370 2728 2605 2783 voluntas
2626 2729 2879 2783 credenda
2904 2741 2998 2796 est,
3025 2743 3074 2785 et
3101 2743 3347 2803 potestas.

117 2819 189 2874 Sic
215 2823 360 2893 igitur
389 2823 444 2876 in
475 2824 586 2876 suis
615 2821 855 2891 ﬁdelibus
888 2821 1111 2877 cmlcstia
1139 2820 1368 2876 Trinitas
1388 2823 1589 2893 peragit
1616 2828 1972 2884 sacramenta,
2001 2829 2058 2872 ut
2083 2820 2311 2891 quamvis
2331 2820 2552 2873 discreta
2578 2819 2803 2876 rideatur
2828 2824 3074 2892 operatio,
3098 2825 3350 2882 indiscre-

116 2921 204 2964 tum
230 2923 392 2967 tamen
433 2912 686 2983 probetur
712 2910 828 2986 [ιι]
858 2913 1180 2983 mysterium.
1216 2911 1334 2967 Una
1361 2913 1534 2975 itaque
1563 2909 1705 2964 Filio
1733 2927 1795 2963 ac
1823 2910 2044 2980 Spiritui
2087 2919 2266 2964 sancto
2309 2926 2425 2962 cum
2450 2909 2612 2962 Patre
2637 2918 2712 2962 est
2745 2909 2937 2975 Deitas,
2969 2916 3090 2984 quia
3128 2917 3263 2969 sicut
3289 2918 3353 2973 de

117 3001 206 3056 Deo
233 3007 372 3058 nasci
397 3023 506 3060 non
535 3004 720 3074 potuit,
752 3004 854 3058 nisi
880 3001 1056 3068 Deus,
1102 3005 1177 3056 ita
1205 3001 1417 3055 dubium
1456 3017 1558 3054 non
1597 3010 1672 3054 est
1711 3016 1821 3054 esse
1860 2999 2045 3063 Deum,
2089 2999 2175 3070 qui
2212 2998 2439 3068 procedit
2467 3015 2500 3051 a
2527 2996 2657 3054 Deo.
2690 2998 2922 3063 Qualiter
2950 3012 3120 3056 autem
3155 3003 3219 3058 ab
3247 3022 3354 3061 uno

115 3095 362 3166 eodemque
383 3095 570 3159 Patre,
600 3103 650 3148 et
678 3091 869 3157 Filius,
899 3092 1154 3164 quierat,
1187 3101 1340 3145 natus
1378 3092 1480 3153 sit;
1510 3099 1559 3143 et
1598 3090 1844 3158 Spiritus,
1878 3089 1966 3156 qui
1994 3097 2145 3143 natus
2176 3105 2280 3142 non
2323 3098 2430 3154 est,
2475 3091 2750 3158 procedat,
2796 3092 2898 3144 nisi
2939 3093 3038 3146 soli
3078 3092 3355 3151 Divinitati

114 3192 271 3236 natum
296 3193 390 3249 est,
416 3199 537 3256 qua
572 3191 630 3234 ut
654 3191 728 3236 est
757 3182 892 3247 sola,
928 3198 984 3235 se
1021 3182 1182 3235 novit.
1206 3178 1374 3234 Nemo
1402 3178 1568 3242 enim,
1597 3180 1731 3232 sicut
1769 3177 1955 3230 tectum
1974 3186 2071 3242 est,
2103 3176 2254 3230 novit
2280 3174 2512 3243 Patrem,
2542 3178 2643 3234 nisi
2672 3177 2852 3233 Filius.
2887 3177 3038 3242 Quod
3064 3198 3186 3252 ergo
3217 3187 3357 3240 novit

115 3272 154 3325 Γ
157 3277 281 3340 ilius,
311 3277 451 3330 novit
472 3281 524 3327 et
553 3273 799 3344 Spiritus,
831 3274 912 3325 cui
939 3288 1052 3324 cum
1086 3269 1245 3336 Filio,
1275 3277 1323 3323 et
1353 3267 1514 3322 Patre
1531 3284 1691 3322 unum
1719 3284 1922 3332 nomen,
1953 3283 2016 3320 ac
2042 3283 2147 3319 una
2175 3275 2249 3320 est
2279 3265 2474 3320 Deitas.
2501 3266 2702 3322 Eodem
2723 3276 2968 3338 spectant
2993 3282 3114 3338 qua:
3139 3284 3358 3329 sanctus

115 3366 217 3434 ipse
243 3367 467 3421 antistes
495 3366 834 3435 persequitur
861 3378 1026 3418 serui.
1058 3362 1144 3429 5-1,
1175 3363 1268 3432 qui
1293 3369 1380 3418 est
1407 3363 1470 3417 de
1491 3361 1794 3417 Pentecoste
1821 3360 1879 3427 4,
1903 3373 2025 3430 pag.
2052 3358 2173 3423 550,
2198 3374 2305 3428 quo
2330 3359 2447 3413 loco
2467 3358 2684 3425 Filium,
2707 3359 3070 3429 Spiritumque
3089 3372 3357 3422 sanctum.

110 3461 255 3522 atque
281 3454 416 3508 adeo
448 3452 667 3505 Patrem
701 3451 981 3505 indiscreta
1014 3451 1282 3521 majestate
1303 3467 1522 3522 regnare
1547 3450 1762 3514 scribit;
1793 3457 1849 3503 et
1875 3463 2037 3503 serm.
2070 3445 2154 3514 59.,
2187 3449 2249 3502 de
2275 3446 2574 3503 Pentecoste
2602 3448 2654 3515 5,
2684 3462 2805 3518 pag.
2838 3448 2960 3514 532,
2987 3451 3077 3505 ubi
3104 3470 3116 3505 :
3150 3452 3352 3522 Mutua,

119 3543 293 3610 inquit,
315 3545 535 3598 inuicem
555 3560 613 3598 se
637 3543 963 3596 attestatione
999 3542 1379 3612 prwnuntiant,
1421 3548 1477 3594 ut
1504 3556 1662 3594 unum
1685 3556 1814 3605 esse,
1841 3555 2002 3592 unum
2029 3537 2170 3603 velle,
2199 3547 2250 3592 et
2290 3555 2448 3592 unum
2473 3555 2671 3609 semper
2694 3555 2851 3609 posse
2873 3542 3170 3597 credantur.
3201 3585 3215 3598 .
3241 3582 3255 3599 .
3289 3585 3303 3599 .
3335 3586 3350 3600 .

113 3633 229 3687 Hac
251 3635 443 3690 idcirco
473 3643 773 3688 sanctarum
797 3633 1191 3703 Scripturarum
1217 3632 1526 3685 testimoniis
1558 3630 1848 3692 edocemur,
1886 3638 1942 3682 ut
1975 3643 2324 3698 personarum
2361 3627 2507 3682 nobis
2538 3628 2820 3684 indiscreta
2848 3632 3053 3703 quidem
3079 3635 3352 3703 maiestas,

112 3730 192 3782 sed
217 3729 462 3784 distincta
493 3729 794 3798 proprietas
823 3727 1088 3780 reveletur.
1123 3721 1264 3778 Nam
1303 3733 1552 3794 quantum
1581 3723 1649 3775 ad
1681 3721 1899 3775 Deitatis
1928 3722 2146 3791 pertinet
2187 3722 2458 3784 unitatem,
2497 3722 2552 3773 in
2593 3720 2742 3775 uerbo
2771 3720 2950 3776 Patris
2979 3740 3260 3779 consensus
3284 3737 3362 3790 est

113 3812 346 3883 Spiritus,
377 3827 424 3870 et
455 3819 510 3870 in
534 3831 768 3870 sermone
791 3813 1019 3884 Spiritus
1049 3813 1286 3865 voluntas
1306 3818 1382 3865 est
1414 3809 1614 3864 Patris.
1661 3809 1788 3874 Quis
1821 3811 1956 3862 enim
1995 3809 2248 3879 Spiritum
2277 3816 2529 3875 sanctum,
2563 3811 2665 3863 nisi
2703 3813 2837 3881 forte
2864 3823 2953 3864 aut
2978 3814 3164 3883 impius
3193 3815 3363 3871 hmre-

115 3909 248 3974 licus,
278 3919 364 3962 aut
391 3908 625 3980 perﬁdus
650 3906 866 3959 Judwus
895 3903 1099 3957 dubitat
1126 3919 1236 3957 esse
1266 3901 1427 3956 Deum
1440 3903 1576 3959 ?.....
1603 3898 1730 3964 Quis
1756 3900 1904 3954 illum
1931 3902 2005 3954 ita
2031 3902 2238 3954 demens
2266 3899 2485 3971 abnegat
2511 3899 2696 3965 Deum,
2729 3903 2780 3954 in
2811 3919 2957 3972 quem
2983 3902 3364 3971 blasphemasse

116 4001 180 4052 ita
203 4002 529 4070 estimpium,
560 4005 711 4066 atque
740 3997 1083 4066 mortiferum,
1114 4001 1171 4047 ut
1199 3992 1607 4062 blasphemantis
1650 3999 1913 4060 peccatum
1959 3991 2101 4043 nulla
2130 3991 2276 4042 venia
2313 3988 2682 4059 subsequatur?
2711 3985 2841 4055 Hic,
2872 3994 3104 4063 inquam,
3136 3994 3364 4064 Spiritus

119 4097 306 4143 sanctus
332 4087 617 4159 procedens
645 4102 676 4138 a
706 4083 887 4147 Patre,
920 4084 1203 4152 promissus
1230 4098 1264 4134 a
1289 4079 1430 4134 Filio
1455 4080 1592 4133 dona
1621 4079 1800 4150 gloriae
1826 4096 1933 4133 sua:
1961 4081 2015 4132 in
2042 4078 2300 4149 apostolos
2329 4076 2520 4131 Christi
2547 4089 2622 4132 est
2649 4079 2893 4150 dignatus
2921 4082 3216 4152 infundere,
3252 4093 3360 4143 etc.

122 4178 177 4232 Et
203 4195 353 4234 serm.
379 4178 470 4239 53,
504 4177 566 4228 de
595 4173 902 4228 Pentecoste
931 4171 982 4237 6,
1015 4185 1135 4241 pag.
1169 4169 1274 4225 535
1299 4189 1310 4222 :
1355 4169 1583 4240 Spiritus
1610 4181 1816 4223 sanctus
1839 4178 1915 4223 est
1939 4170 2187 4223 indiuisus
2217 4186 2248 4221 a
2276 4168 2454 4233 Patre,
2486 4178 2535 4222 et
2564 4169 2890 4240 inseparatus
2918 4188 2952 4224 a
2994 4170 3157 4236 Filio,
3182 4175 3364 4244 quibus

119 4272 291 4340 utique,
335 4273 468 4324 sicut
497 4282 661 4322 sacrm
688 4266 924 4320 lectionis
952 4263 1125 4334 ﬁdelis
1167 4279 1336 4316 sermo
1364 4277 1459 4314 nos
1502 4262 1707 4326 edocet,
1738 4278 1842 4315 non
1887 4270 1962 4314 est
2008 4262 2061 4314 in
2102 4261 2284 4313 uirtute
2327 4260 2608 4324 distantia,
2639 4269 2746 4315 etc.
2795 4262 2932 4314 Item
2969 4263 3033 4317 de
3071 4268 3243 4336 seipso
3289 4269 3364 4321 ait

123 4358 345 4414 Saluator
366 4378 384 4414 :
419 4358 530 4427 Ego
559 4372 678 4412 sum
708 4357 812 4419 via,
846 4355 1065 4419 veritas,
1095 4362 1150 4408 et
1174 4353 1304 4406 vita.
1349 4351 1462 4423 Ego
1502 4369 1615 4405 sum
1634 4392 1647 4414 ,
1681 4353 1875 4423 inquit,
1923 4354 2126 4405 veritas.
2157 4348 2219 4404 Si
2247 4367 2366 4420 ergo
2396 4349 2440 4401 F
2444 4352 2595 4415 ilius,
2641 4353 2727 4422 qui
2753 4355 2939 4406 veritas
2967 4362 3074 4421 est,
3107 4356 3364 4427 Spiritum

123 4449 287 4500 asserit
311 4465 425 4502 esse
453 4448 705 4507 veritatis,
738 4445 852 4514 quis
874 4444 1022 4497 illum
1051 4457 1242 4513 negare
1266 4442 1456 4508 poterit
1493 4440 1688 4506 Deum,
1730 4443 1831 4494 nisi
1871 4442 1958 4510 qui
1983 4442 2184 4494 veritati
2223 4440 2285 4492 de
2312 4441 2524 4493 veritate
2552 4457 2656 4494 non
2686 4441 2884 4495 credit?
2913 4442 3096 4514 Itaque
3135 4445 3363 4518 Spiritus

123 4553 252 4590 verus
279 4548 350 4591 est
384 4537 538 4598 Deus,
573 4552 723 4607 quem
747 4533 978 4588 Christus
1019 4541 1069 4585 et
1107 4547 1138 4584 a
1178 4531 1340 4585 Patre
1364 4531 1659 4601 procedere,
1702 4541 1750 4583 et
1770 4548 1803 4583 a
1830 4547 1883 4584 se
1912 4531 2212 4583 mittendum
2241 4531 2358 4598 pari
2384 4532 2709 4600 professione
2739 4541 2972 4587 testatur.
3007 4535 3169 4590 Mittit
3189 4549 3362 4593 autem

127 4625 210 4678 Dei
241 4625 405 4680 Filius
438 4626 696 4695 Spiritum
721 4622 898 4675 Patris
927 4623 1040 4686 sui;
1069 4622 1255 4685 mittit,
1306 4638 1410 4674 non
1439 4630 1583 4689 quast
1613 4620 1929 4674 obedientem
1955 4629 2227 4688 prarcepto,
2255 4619 2346 4671 sed
2373 4621 2614 4688 mysterio
2641 4622 3056 4678 concordantem.
3089 4624 3159 4678 Et
3181 4627 3245 4682 ob
3269 4629 3364 4685 hoc

126 4717 220 4781 ipse
243 4715 464 4786 Spiritus
492 4715 772 4786 procedens
800 4730 831 4765 a
855 4713 1014 4766 Patre
1036 4713 1264 4782 sequitur
1284 4713 1471 4764 missus
1500 4728 1531 4762 a
1557 4710 1716 4775 Filio,
1741 4728 1803 4763 ne
1827 4720 1914 4762 aut
1944 4710 2085 4763 aliud
2114 4725 2224 4762 esse
2262 4727 2414 4780 quam
2442 4711 2604 4765 Pater
2624 4721 2727 4777 est,
2773 4724 2861 4766 aut
2897 4717 3172 4787 quidquam
3201 4721 3362 4775 direr-

128 4819 227 4854 sum
252 4805 393 4870 velle,
421 4820 578 4875 quam
617 4803 720 4856 vult
758 4801 926 4855 Filius
945 4842 960 4866 ,
991 4801 1301 4854 crederetur.
1329 4799 1552 4869 Pr0pter
1589 4801 1725 4870 quod
1741 4841 1753 4864 ,
1782 4803 1998 4871 fratres,
2032 4803 2142 4854 sine
2169 4804 2496 4856 cunctatione
2522 4805 2789 4871 clarescit,
2833 4824 2992 4860 unam
3019 4827 3129 4864 esse
3165 4811 3360 4878 Patris,

129 4898 170 4938 et
205 4887 339 4954 Filii,
369 4901 420 4944 et
445 4890 677 4961 Spiritus
699 4890 864 4943 sancti
889 4889 1222 4942 voluntatem.
1256 4886 1362 4942 Sed
1390 4889 1586 4942 nimius
1612 4904 1806 4953 essem,
1837 4889 1879 4943 si
1908 4890 2084 4942 omnia
2127 4905 2246 4958 qua:
2275 4891 2340 4945 de
2381 4902 2578 4947 sanctae
2619 4893 2894 4952 Trinitatis
2928 4901 3182 4970 mysterio
3215 4919 3361 4959 com-

131 4979 299 5046 plexus
327 4983 538 5050 egregie
565 4981 826 5035 Maximus
854 4990 954 5045 est,
986 4983 1177 5038 vellem
1207 4981 1528 5035 describere.
1557 4981 1728 5034 Venio
1758 4981 1824 5034 ad
1853 4980 2238 5037 lncarnationis
2262 4985 2592 5054 mysterium.

191 5071 269 5125 lll.
299 5074 443 5130 Haud
472 5077 647 5129 minus
672 5084 922 5130 accurate
950 5073 1212 5130 Maximus
1239 5089 1398 5143 quam
1426 5072 1655 5143 Cyrillus
1684 5073 2094 5138 Alexandrinus,
2121 5090 2278 5143 quam
2323 5074 2430 5129 Leo
2453 5076 2672 5143 Magnus
2692 5117 2706 5142 ,
2734 5092 2892 5145 quam
2933 5081 3019 5133 alii
3063 5082 3153 5149 qui
3182 5085 3361 5138 medio

132 5161 299 5231 quinto
325 5167 520 5220 saeculo
553 5173 741 5219 contra
771 5165 1072 5220 Nestorium
1101 5174 1156 5220 et
1203 5163 1496 5234 Eutychem
1542 5163 1926 5217 haeresiarchas
1971 5180 2068 5233 pro
2114 5166 2362 5233 dogmate
2408 5167 2708 5230 orthodoxo
2754 5180 3084 5236 pugnarunt,
3127 5174 3359 5242 scripsit.

134 5247 328 5308 Factam
355 5257 496 5310 enim
525 5257 578 5310 in
605 5270 835 5326 persona
865 5256 1029 5311 divini
1055 5255 1236 5322 Verbi,
1265 5269 1361 5309 seu
1390 5253 1507 5307 Filii
1531 5251 1664 5325 [xu]
1692 5254 1946 5308 unionem
1968 5255 2192 5311 duarum
2219 5265 2550 5324 naturarum,
2581 5259 2770 5313 divina:
2797 5261 3000 5316 scilicet
3021 5272 3075 5317 et
3095 5265 3360 5333 humanae,

134 5452 302 5530 quoto
321 5447 548 5540 [Martingo
578 5463 664 5502 an.
693 5447 825 5535 βω,
853 5450 1051 5534 action.
1080 5448 1133 5516 2,
1164 5463 1285 5536 pag.
1321 5448 1439 5534 75},
1472 5448 1673 5538 tom-ll

1824 5451 2015 5532 icilior.
2046 5450 2176 5535 edit.
2200 5451 2375 5536 'Paris.
2409 5467 2501 5540 an:
2527 5452 2664 5540 liii
2690 5472 2701 5506 :
2737 5464 2801 5540 '0.
2820 5459 2904 5540 es:
2919 5479 2962 5520 ς,
2996 5458 3363 5540 b‘Anptovpyog

135 5519 224 5592 τςιν
239 5518 460 5572 ἁπάντων
497 5518 791 5587 διατηρήσοι
817 5523 1108 5595 μακραίωνα
1149 5518 1230 5575 ’ἑὸν
1260 5522 1496 5592 nausia/tow
1521 5523 1659 5590 ἡμῶν

130 5599 221 5651 της
237 5585 484 5655 ὀρόοόὀξου
513 5594 756 5648 πίστεως.

1826 5523 1959 5588 ότην,
1991 5523 2120 5586 πρὸς·
2149 5525 2405 5577 aiataiat-1
2439 5532 2533 5579 τῶν
2564 5525 2715 5598 ἁγίων
2744 5528 2898 5580 αὐτοῦ
2927 5518 3364 5594 Ἐκιληέιῶνίέαὶ

463 5675 734 5735 Panos“
784 5676 965 5738 ιλιι.
