3898 6226
130 318 192 370 85
1562 315 1669 369 ΡΠ.

1850 317 1943 370 Ἱο.
3323 307 3389 357 48

129 426 392 477 ascendere
419 439 476 477 se
495 421 628 476 dicit
658 421 855 488 Filius,
881 421 961 477 ubi
991 432 1109 477 ante
1122 423 1339 487 habitat,
1363 439 1514 494 quam
1535 423 1818 476 ascendat?
1842 422 1991 475 Dixit
2015 423 2151 475 enim
2181 422 2314 474 idem
2342 421 2634 474 Dominus:
2667 418 2834 472 Nemo
2862 417 3090 472 ascendit
3116 420 3166 471 in
3179 423 3387 481 cretum,

127 512 223 566 nisi
249 511 334 579 qui
362 510 640 564 descendit
670 511 738 565 de
759 512 904 576 ctela,
930 509 976 563 F
980 511 1098 565 ilius
1119 511 1361 575 hominis,
1387 511 1475 581 qui
1494 513 1548 563 in
1570 512 1692 564 creto
1718 519 1812 563 est.
1847 509 1909 565 Si
1945 527 2065 582 ergo
2094 527 2206 563 cum
2235 511 2496 564 descendit
2523 510 2788 574 Salvator,
2833 510 2887 562 in
2918 512 3042 562 caelo
3069 517 3182 572 est;
3231 507 3391 563 multo

126 603 274 656 etiam
308 603 502 674 magis,
527 604 840 674 priusquam
869 602 1131 667 ascendat,
1154 602 1210 656 in
1231 602 1354 656 cazla
1382 610 1478 654 est.
1513 600 1619 655 Sed
1658 600 1771 654 vide
1815 617 1880 653 ne
1921 602 2054 670 forte
2094 601 2163 654 ad
2198 600 2612 671 objurgationem
2638 597 2828 653 Mariae
2853 613 2953 652 vos:
2993 594 3096 651 ista
3117 598 3388 668 pertineat,

127 695 203 760 cui
229 695 380 763 paulo
401 704 528 748 ante
549 695 692 748 inter
710 693 944 763 sepulcra
971 694 1218 765 querenti
1249 693 1525 748 Dominum
1546 692 1736 746 dicitur
1757 707 1775 744 :
1801 685 1935 755 Quid
1964 692 2150 760 quieris
2179 693 2424 745 viventem
2450 706 2567 744 cum
2598 691 2834 752 mortuis,
2865 697 2969 743 etc.
2990 689 3014 742 ?
3036 687 3155 744 Non
3183 687 3390 741 discre-

126 792 247 853 pant
263 798 385 853 qua:
411 785 766 855 persequitur
792 784 976 850 bomil,
1002 783 1091 848 59,
1121 797 1242 853 pag.
1270 783 1388 848 490,
1421 791 1479 838 et
1506 783 1690 837 homil.
1724 782 1811 848 68,
1844 795 1967 852 pag.
2014 781 2137 848 217,
2170 797 2278 852 quo
2317 783 2371 836 in
2406 782 2529 836 loco
2551 781 2765 844 disserit
2793 781 2896 836 hoc
2931 779 3127 834 modo:
3155 777 3250 844 Tu,
3277 775 3392 832 Da—

125 872 764 942 mmademnevirginis
780 873 946 941 [actus
975 887 1029 925 es
1054 871 1304 936 Christus,
1337 873 1422 942 qui
1447 871 1547 924 Dei
1576 870 1676 924 vivi
1702 887 1755 924 es
1784 869 1832 921 F
1831 871 1956 924 ilius
1983 870 2340 939 sempiternus.
2372 869 2468 936 Tu,
2494 868 2736 936 Domine,
2761 869 2827 922 ab
2854 866 3142 922 hominibus
3168 876 3320 921 natus
3341 882 3392 919 es

123 965 286 1029 homo,
318 965 409 1033 qui
433 964 767 1035 incogitabili
788 962 1226 1033 majestate‘Dats
1255 946 1306 1017 es
1330 962 1470 1032 apud
1499 963 1682 1028 Deum,
1706 972 1812 1017 etc.
1844 962 2218 1017 Consentanea
2246 971 2372 1016 sunt
2405 976 2525 1035 qum
2563 962 2825 1019 Maximus
2853 959 3261 1031 comprehendit
3289 958 3391 1014 bo-

122 1057 228 1111 mil.
261 1054 351 1120 83,
374 1071 503 1126 pag.
533 1056 676 1122 270;
707 1067 762 1113 et
789 1072 1036 1114 sermone
1067 1059 1097 1110 7
1126 1058 1192 1112 de
1221 1057 1485 1123 Tempore,
1518 1071 1637 1125 pag.
1665 1055 1802 1121 M5;
1833 1071 1993 1110 scrm.
2039 1055 2125 1122 10,
2157 1071 2278 1126 pag.
2312 1056 2442 1120 421;
2485 1072 2648 1112 serm.
2691 1052 2778 1121 η,
2812 1071 2932 1126 pag.
2981 1054 3085 1107 427
3101 1073 3115 1119 ;
3147 1063 3202 1110 et
3229 1070 3390 1108 serui.

126 1145 205 1212 i6,
234 1161 358 1216 pag.
384 1146 516 1213 458,
543 1139 654 1202 etc.
682 1147 798 1206 lam
825 1164 894 1204 ex
918 1149 1124 1203 iis~tam
1151 1148 1379 1217 egregiis
1405 1149 1723 1204 testimoniis
1757 1148 2039 1218 perspicue
2079 1149 2253 1217 palam
2283 1157 2384 1213 est,
2429 1148 2716 1204 Maximum
2765 1149 2817 1202 in
2848 1164 2955 1202 uno
2985 1149 3196 1202 Christo
3242 1146 3389 1202 lateri

123 1244 334 1296 naturas
357 1237 519 1292 duas.
552 1237 712 1306 Quod
731 1239 944 1307 quidem
970 1237 1236 1306 majorem
1256 1221 1320 1292 in
1347 1237 1566 1293 modum
1581 1236 1891 1293 conﬁrmari
1926 1246 2104 1306 potest
2130 1239 2322 1293 illustri
2375 1239 2494 1294 loco
2535 1238 2630 1293 illo
2676 1239 2769 1306 qui
2815 1237 2998 1292 homil.
3028 1236 3114 1302 14,
3147 1250 3269 1305 pag.
3299 1234 3388 1298 it),

116 1325 445 1393 continetur,
499 1337 698 1399 estque
725 1327 1029 1396 hujnsmodi
1073 1345 1088 1380 :
1125 1326 1315 1397 Stupet
1338 1328 1511 1382 onmis
1547 1335 1782 1381 creatura
1827 1335 1937 1381 tam
1970 1327 2168 1398 grande
2203 1329 2529 1394 miraculum,
2566 1328 2701 1400 quod
2735 1343 2866 1383 usus
2893 1343 3126 1390 IDEMQUP.
3155 1335 3203 1381 et
3249 1326 3392 1382 Deus

119 1426 296 1487 regnat
325 1420 380 1471 in
407 1420 563 1481 calo,
590 1427 639 1473 et
665 1419 814 1473 Itonia
834 1419 1062 1474 nutritur
1091 1419 1143 1471 in
1172 1426 1330 1472 terra.
1358 1417 1540 1486 Neque
1565 1432 1695 1473 vero
1742 1417 1845 1472 hoc
1882 1418 2087 1493 solum,
2115 1433 2300 1473 verum
2342 1420 2508 1483 etiam
2554 1420 2623 1483 iis.
2661 1433 2779 1488 qua:
2824 1426 3039 1478 exstant
3067 1419 3251 1473 homil.
3298 1418 3384 1483 ΓΙ,

125 1522 243 1580 pag.
272 1508 342 1563 50
374 1529 388 1562 ε
418 1510 490 1564 Id
518 1527 724 1583 quoque
743 1526 856 1568 nos.
887 1512 1096 1581 fratres,
1125 1517 1234 1564 toto
1255 1508 1411 1563 corde
1449 1509 1721 1563 credamus
1761 1527 1773 1561 :
1811 1525 1963 1564 IPSUII
1997 1526 2206 1579 nempe,
2248 1512 2342 1563 etsi
2370 1518 2563 1564 nostch
2598 1517 2886 1565 camertem
2923 1516 3142 1572 naturae,
3167 1515 3396 1578 paterna

113 1612 286 1655 tamen
311 1604 508 1657 diuina
526 1602 834 1657 substantia:
860 1617 970 1655 esse
998 1601 1324 1671 corequalem.
1348 1599 1416 1654 Et
1444 1601 1627 1654 homil.
1662 1599 1746 1664 i9,
1763 1614 1883 1669 pag.
1914 1600 2006 1654 ὅδε
2025 1599 2154 1668 Quis
2181 1604 2444 1671 explicare
2462 1609 2613 1673 queat
2643 1618 2734 1655 cur
2760 1601 3055 1672 unigenitus
3079 1598 3176 1653 Dci
3205 1589 3395 1664 Filius,

120 1693 332 1745 cuicum
362 1691 534 1745 Patre
552 1700 606 1745 et
628 1690 827 1761 Spiritu
849 1700 1031 1744 sancta
1055 1706 1157 1744 una
1196 1705 1374 1752 noun
1420 1705 1598 1744 zsosu
1641 1706 1735 1744 ssr
1777 1707 2039 1747 mvmus
2062 1708 2236 1755 noue
2277 1707 2701 1764 cantamen-ru,
2744 1707 2933 1754 cmous
2981 1706 3123 1745 cxcu
3165 1706 3398 1753 msuous

121 1800 288 1838 vute
306 1801 378 1840 ιτ
400 1798 564 1838 posss
597 1798 713 1848 ss'r,
745 1797 989 1838 N061“!
1015 1790 1189 1836 tamen
1211 1781 1422 1853 dignari
1444 1782 1572 1836 adeo
1591 1781 1810 1836 valuerit
1830 1796 2100 1846 nuntia,
2129 1790 2204 1846 ut,
2232 1783 2366 1853 quod
2393 1799 2497 1840 non
2525 1781 2763 1849 habebat,
2793 1796 3076 1847 assensus,
3107 1789 3157 1834 et
3179 1795 3316 1844 QUOD
3345 1796 3395 1835 in

117 1889 178 1929 ει
205 1889 362 1940 ωτ,
393 1890 504 1928 non
534 1887 843 1937 υιιιττεηδ,
874 1887 1088 1927 omni
1131 1886 1238 1927 CUI
1283 1886 1496 1931 ΗΠΠΔΝΔ
1522 1885 1986 1924 INSEPARABILITEB
2035 1885 2172 1926 ΔΙ)Εο
2216 1885 2466 1924 ωλι-σωκ
2507 1881 2944 1936 οοκρυτηειειτ,
2971 1885 3038 1923 UT
3067 1868 3213 1923 DEUB
3240 1881 3394 1923 SIIUL

121 1979 274 2019 essz'r
298 1981 367 2020 ιτ
393 1977 563 2020 nouo.
595 1962 662 2018 Et
683 1963 866 2017 bomil.
893 1961 982 2029 29,
1018 1974 1142 2032 pag.
1173 1959 1280 2016 85:
1310 1960 1562 2032 Magnum
1581 1960 1676 2014 hac
1697 1960 2111 2034 tremendumque
2137 1961 2452 2029 mysterium»,
2485 1976 2602 2013 cum
2627 1975 2760 2013 unus
2789 1959 3022 2028 idemque
3056 1959 3394 2011 annuntiatur

119 2051 181 2104 de
208 2051 368 2106 Patre
387 2053 560 2118 Deus,
595 2060 644 2105 et
691 2052 840 2107 homo
878 2051 942 2106 de
972 2060 1172 2116 matre;
1211 2066 1348 2104 unus
1375 2049 1609 2120 idemque
1640 2048 1684 2102 F
1687 2049 1807 2103 ilius
1828 2048 2052 2119 femina,
2084 2059 2133 2103 et
2161 2048 2209 2101 F
2213 2049 2330 2102 ilius
2369 2050 2656 2119 majestatis
2672 2067 2692 2115 ;
2712 2066 2844 2104 unus
2877 2046 3106 2122 idemque
3132 2049 3392 2103 hominum

118 2143 366 2213 particeps
395 2151 447 2197 et
492 2141 752 2197 Dominus
780 2143 1195 2213 angelorum.....
1228 2139 1330 2194 Ille
1367 2140 1501 2211 fugit
1537 2139 1725 2213 ubera,
1771 2141 1855 2208 qui
1884 2140 2051 2208 pascit
2079 2140 2275 2204 omnia,
2307 2149 2356 2192 et
2380 2139 2750 2210 quiuniversis
2799 2139 3148 2198 animantibus
3194 2139 3396 2196 vivendi

115 2233 457 2287 substantiam
487 2241 714 2303 prcestat
731 2249 760 2288 e
786 2232 933 2297 casta,
966 2230 1031 2286 ab
1058 2232 1276 2285 salutem
1299 2231 1614 2293 terrestrium
1641 2237 1842 2284 terrena
1869 2229 2002 2283 lacte
2026 2231 2269 2284 nutritur.
2288 2228 2342 2288 Ν
2345 2231 2478 2284 ullus
2499 2248 2621 2301 ergo
2650 2229 2908 2302 ambigat;
2931 2239 3079 2296 nemo
3106 2216 3394 2296 cunctetur,
3420 2304 3422 2306 ν

115 2322 246 2392 quod
272 2321 513 2377 Christus
540 2324 601 2376 in
624 2331 776 2376 terra.
805 2321 1014 2393 degens,
1039 2320 1264 2392 fulgebat
1285 2320 1342 2374 in
1364 2319 1507 2385 caelo,
1539 2320 1661 2390 quia
1688 2320 1763 2372 sic
1786 2321 1920 2372 venit
1941 2318 2011 2372 ad
2037 2327 2220 2385 terras,
2245 2329 2301 2372 ut
2320 2335 2425 2374 non
2442 2320 2746 2393 relinqueret
2776 2319 2944 2394 [XLIV]
2975 2321 3153 2376 caelum
3203 2320 3269 2376 Et
3302 2322 3395 2376 lio-

119 2413 226 2466 mil.
257 2412 342 2475 77,
376 2426 505 2481 pag.
531 2409 648 2463 245
676 2411 742 2466 de
769 2409 930 2469 Petro
952 2424 1135 2478 agens,
1163 2410 1466 2465 ostendisse
1493 2410 1666 2479 ipsum
1699 2411 1774 2462 ait
1816 2429 1828 2464 :
1873 2409 1999 2476 ραω
2036 2421 2169 2465 esset
2205 2412 2260 2464 in
2301 2426 2400 2468 uno
2439 2428 2718 2476 soosuous
2760 2413 2860 2468 Dei
2897 2413 3038 2472 Filio
3063 2424 3111 2470 et
3149 2425 3397 2487 suscepta:

114 2501 283 2555 carnis
313 2502 474 2566 ratio,
494 2508 549 2553 et
591 2499 850 2557 naturalis
877 2499 1198 2569 privilegium
1236 2497 1481 2552 Deitatis.
1518 2499 1587 2554 Et
1626 2499 1813 2565 humi].
1847 2498 1936 2562 85,-
1968 2514 2097 2576 pag.
2150 2499 2255 2553 270
2288 2517 2300 2552 :
2351 2498 2502 2564 Quod
2540 2499 2774 2556 Christus
2795 2513 2870 2558 est
2890 2505 3078 2574 factus,
3101 2507 3189 2575 qui
3229 2494 3398 2561 Filius

113 2597 240 2652 erat,
268 2589 604 2658 dispensatio
627 2595 705 2641 est
731 2587 1094 2657 redemptionis
1134 2586 1408 2651 humanae;
1446 2587 1582 2656 quod
1620 2585 1874 2641 Dominus
1908 2596 2016 2650 est,
2049 2587 2114 2640 de
2145 2588 2701 2658 proprietatenalurat
2739 2597 2816 2644 est
2852 2600 2873 2644 ἔ
2909 2593 3091 2646 unicus
3115 2603 3287 2647 autem
3324 2597 3400 2648 vel

117 2678 421 2752 Unigenitus
452 2680 822 2743 annuntiatur,
854 2688 903 2731 et
919 2678 1167 2745 creditur,
1198 2679 1319 2750 quia
1338 2694 1471 2732 unus
1500 2679 1575 2731 ita
1602 2686 1681 2732 est
1709 2680 1924 2749 genitus,
1957 2694 2047 2732 nec
2075 2677 2311 2732 habet-in
2341 2680 2610 2734 nativitate
2645 2690 2951 2736 consortem.
2993 2681 3189 2739 Filium
3217 2685 3388 2747 audis,

115 2786 220 2824 non
243 2781 297 2822 ut
314 2771 469 2825 illum
499 2785 636 2823 sexu
664 2769 839 2838 aliqua
862 2766 1054 2820 editum
1081 2777 1250 2837 putes,
1279 2768 1373 2822 sed
1392 2776 1446 2823 ut
1464 2768 1645 2821 credas
1664 2768 2166 2846 incomprehensibili
2190 2768 2462 2840 majestate
2479 2769 2650 2825 Deum
2672 2773 2927 2842 prodiisse
2966 2773 3030 2827 de
3052 2773 3184 2841 Deo,
3215 2785 3271 2830 ut
3293 2778 3398 2847 ipse

117 2859 192 2911 ait
216 2874 234 2912 :
255 2856 371 2930 Ego
402 2875 436 2911 a
457 2857 633 2912 Patre
659 2857 812 2922 exiri,
841 2865 890 2910 et
918 2858 1032 2912 ueni
1060 2858 1114 2911 in
1143 2858 1290 2925 hunc,
1311 2857 1588 2913 mundum.
1623 2854 1724 2920 Qui
1760 2867 1912 2912 natus
1949 2867 2023 2912 est
2051 2856 2117 2915 de
2149 2858 2350 2929 Spiritu
2379 2870 2559 2916 sancta
2586 2877 2651 2916 ea:
2677 2861 2852 2916 Maria
2900 2865 3111 2936 virgine.
3145 2865 3400 2936 Spiritum

116 2958 351 3002 tantum
372 2950 558 3014 audis,
591 2957 649 3002 ut
670 2957 878 3018 partum
896 2948 1043 3003 illum
1070 2947 1358 3015 mirabilem
1386 2949 1539 3003 simul
1561 2957 1612 3003 et
1637 2947 2000 3019 inculpabilem
2032 2967 2436 3021 recognoscas...
2468 2951 2612 3009 Nam
2650 2971 2766 3009 cum
2804 2954 3138 3026 Unigenitum
3164 2957 3262 3013 Dei
3281 2961 3399 3029 ﬁeri

120 3036 376 3090 hominem
404 3037 789 3106 redemptionis
810 3046 1002 3091 nostra:
1038 3038 1316 3092 necessitas
1343 3038 1634 3108 ﬂagitaret,
1677 3038 1773 3093 hac
1801 3040 2085 3113 nativitatis
2116 3056 2224 3094 sum
2251 3041 2572 3112 privilegium
2600 3046 2827 3114 propria:
2853 3045 3156 3103 Divinitatis
3178 3051 3392 3116 invexit,

123 3136 179 3179 ut
203 3127 266 3180 de
293 3128 501 3199 virgine
537 3134 909 3182 nasceretur...
946 3126 1251 3196 Unigenitus
1288 3129 1450 3198 igitur
1477 3127 1574 3181 Dei
1596 3130 1876 3198 factusxest
1909 3128 1956 3181 ιδ’
1960 3130 2078 3184 ilius
2111 3130 2354 3195 hominis,
2385 3138 2440 3184 ut
2475 3133 2564 3203 qui
2582 3142 2784 3189 creator
2811 3137 2992 3191 mundi
3029 3147 3162 3204 erat,
3184 3140 3330 3209 ﬁeret
3352 3151 3400 3195 et

123 3217 431 3286 redemptor.
463 3217 541 3273 Et
571 3231 737 3271 serm.
772 3215 825 3282 8,
853 3230 976 3286 pag.
1005 3215 1111 3269 415
1142 3235 1156 3270 :
1184 3215 1278 3271 Ita
1312 3218 1566 3288 disposuit
1605 3217 1926 3274 Dominus...
1957 3228 2080 3275 ut...
2121 3222 2246 3276 certi
2285 3231 2454 3276 essent
2482 3223 2737 3291 homines,
2768 3227 2889 3297 quia
2921 3228 3033 3297 ipse
3059 3233 3194 3286 es'set
3231 3231 3279 3285 F
3282 3233 3402 3291 ilius

119 3306 235 3372 Dei,
259 3325 410 3378 quem
434 3310 590 3380 virgo
616 3317 904 3378 pepererat,
930 3307 1192 3365 Divinitas
1227 3308 1558 3381 agnoscebat,
1593 3317 1698 3365 etc.
1742 3309 1847 3364 Sed
1876 3299 2308 3368 adducendorum
2356 3312 2573 3376 Maximi
2612 3314 2854 3370 locorum
2898 3325 2981 3381 est
3028 3320 3242 3378 tandem
3275 3326 3402 3382 mihi

118 3400 392 3458 faciendus
413 3403 640 3469 modus,
665 3417 788 3457 cum
805 3409 869 3458 et
908 3402 1172 3458 inﬁnitum
1194 3418 1363 3474 prope
1387 3412 1534 3459 esset
1560 3404 1739 3459 omnia
1768 3406 2036 3474 persequi,
2084 3413 2143 3461 et
2186 3407 2404 3462 minime
2432 3410 2812 3471 necessarium.
2855 3411 2986 3466 Nam
3015 3429 3135 3485 qua:
3175 3418 3403 3476 adducta

122 3500 262 3558 sunt,
289 3494 735 3563 satissuperque
756 3493 1147 3560 demonstrant,
1179 3492 1253 3548 de
1277 3493 1534 3565 mysterio
1554 3493 1942 3549 Incarnationis
1969 3507 2129 3562 agere
2157 3505 2400 3551 sanctum
2431 3498 2764 3568 episcopum,
2805 3509 2865 3554 ut
2892 3503 3002 3570 agit
3027 3502 3138 3560 Leo
3161 3505 3400 3576 Magnus,

118 3587 283 3649 atque
311 3590 549 3649 egerunt
569 3579 763 3636 Patres
789 3581 1118 3655 synodorum
1145 3580 1434 3652 Ephesium
1456 3590 1512 3637 et
1538 3581 2006 3638 Chalcedonensis.
2035 3583 2136 3650 Qui
2160 3585 2304 3639 enim
2337 3601 2499 3641 unum
2532 3588 2863 3662 eamdemque
2883 3590 3075 3648 Filium
3106 3594 3200 3650 Dei
3226 3606 3404 3654 natum

115 3670 183 3724 ab
206 3681 400 3727 eterna
438 3688 508 3727 ea:
529 3674 702 3726 Patre
737 3671 847 3728 Deo
869 3674 984 3730 sine
1005 3673 1112 3729 ulla
1141 3674 1453 3729 ἐστιάὲιίοηῦ
1477 3676 1752 3746 principio,
1773 3685 1946 3730 ortum
1966 3677 2021 3729 in
2052 3685 2275 3746 tempore
2298 3693 2366 3730 ea:
2385 3674 2600 3750 virgine,
2630 3681 2846 3749 Scribit,
2878 3691 3040 3754 atque
3058 3703 3185 3742 eum
3211 3689 3405 3749 tatem;

116 3759 174 3812 in
197 3760 365 3828 prima
390 3760 676 3812 natiuitate
696 3770 875 3814 natum
902 3777 1013 3815 esse
1031 3759 1219 3828 Deum,
1249 3761 1302 3815 in
1322 3763 1554 3816 secunda
1582 3774 1906 3834 procreatum
1926 3764 2183 3820 hominem
2197 3783 2216 3831 ;
2246 3767 2686 3839 rursumque'qui
2705 3767 2936 3835 alﬁ'rmat
2963 3774 3019 3829 in
3046 3792 3154 3833 uno
3178 3780 3405 3836 eodem-

117 3863 222 3917 que
247 3850 468 3904 Christo
490 3857 551 3904 et
572 3849 950 3919 plenitudinem
969 3867 1087 3906 esse.
1107 3850 1434 3918 Divinitatis,
1464 3861 1519 3908 et
1541 3853 1770 3909 hominis
1797 3863 2061 3918 naturam,
2092 3854 2472 3929 Christumque
2495 3859 2673 3929 ipsum
2698 3862 2965 3934 privilegio
2992 3869 3253 3940 utriusque
3280 3872 3404 3926 gub-

115 3941 324 3995 διαιρέω
347 3941 657 4033 ροωίηυηι
684 3955 804 4033 ess_e
831 3941 1092 4008 ninnium,
1121 3941 1266 4025 quod
1293 3943 1544 3998 universa
1569 3945 1669 3999 sibi
1694 3944 1964 4013 subegerit
1991 3954 2085 4000 aut
2109 3949 2375 4003 creatione
2395 3955 2487 4002 aut
2512 3949 2881 4022 redemptione,
2914 3957 3272 4028 eumdemque
3313 3965 3402 4033 qui

125 4039 275 4122 natus
302 4031 368 4083 ab
401 4038 617 4122 (eterna
638 4047 704 4122 es:
741 4028 984 4122 Deo—est,
1014 4040 1194 4122 natum
1220 4049 1332 4087 esse
1362 4033 1417 4086 in
1449 4041 1680 4122 tempore
1716 4051 1780 4088 ex
1817 4037 2031 4105 femina,
2064 4052 2129 4092 ac
2155 4039 2571 4108 inseparabiliter
2587 4057 2789 4112 semper
2812 4035 2984 4120 ἕρματι
3008 4028 3404 4119 omnipotentem

123 4117 420 4182 Donum,
458 4118 809 4190 Unigenitum
839 4118 938 4173 Dei
977 4121 1070 4174 vivi
1098 4137 1403 4195 permanere
1448 4117 1587 4192 apud
1621 4122 1870 4190 Patrem,
1912 4141 1944 4179 a
1975 4141 2077 4197 quo
2105 4144 2196 4196 per
2216 4127 2549 4183 indiscretum
2585 4117 2877 4196 divinitatis
2903 4117 3246 4194 substantiam
3274 4157 3407 4196 nun-

121 4227 272 4282 quam
295 4221 376 4266 est
403 4219 723 4282 separatus;
751 4212 844 4280 qui
872 4211 1089 4279 quidem
1107 4211 1274 4267 Filius
1301 4215 1589 4284 perfectam
1619 4215 1669 4268 in
1702 4223 1943 4284 tempore
1971 4217 2250 4288 susceperit
2273 4218 2678 4285 humanitatem;
2713 4221 2757 4276 is
2783 4221 3015 4296 denique
3038 4228 3134 4296 qui
3159 4237 3404 4298 testatur,

115 4301 676 4392 IIIEIM‘OIIIDdeleIf
703 4299 974 4392 Christum
1003 4316 1078 4392 ex
1104 4303 1309 4381 girgine
1337 4313 1517 4364 natum
1548 4323 1661 4360 esse
1687 4307 1960 4374 hominem,
1991 4312 2079 4382 qui
2119 4312 2438 4382 incogitabili
2459 4314 2731 4384 majestate
2757 4314 2990 4371 Deusest
3016 4321 3157 4391 apud
3199 4321 3364 4378 Deum
3379 4344 3402 4392 ,-

116 4395 163 4438 et
182 4383 228 4438 Ρ
229 4387 378 4440 ilium
403 4388 588 4458 ipsum
619 4384 738 4482 Dei,
767 4387 850 4440 cui
870 4403 985 4442 cum
1012 4388 1176 4444 Patre
1264 4393 1465 4462 Spiritu
1494 4404 1677 4450 sancto
1700 4412 1802 4449 una
1831 4404 1982 4467 atque
1997 4399 2183 4456 eadem
2206 4409 2283 4453 est
2311 4383 2605 4470 Divinitas,
2642 4404 2880 4476 idemque
2906 4408 3033 4463 velle
3051 4383 3104 4465 et
3129 4430 3299 4482 posse,
3331 4383 3404 4475 ita

120 4486 349 4578 nostram
772 4486 1040 4578 naturam:
1064 4489 1121 4535 ut
1147 4482 1282 4553 quod
1303 4487 1358 4536 in
1373 4501 1432 4537 se
1451 4495 1564 4538 erat
1590 4503 1694 4539 non
1720 4487 1980 4542 dimittens
2002 4489 2229 4544 divinam
2257 4509 2372 4545 cum
2393 4493 2618 4549 humana
2645 4506 2834 4551 natura
2860 4477 3167 4558 mirabiliter
3194 4477 3404 4578 cap-ula-

119 4565 714 4661 inseparabiliter,
737 4577 794 4620 ut
811 4569 966 4661 simul
998 4568 1134 4625 Deus
1153 4573 1240 4633 sit.
1263 4581 1316 4627 et
1335 4573 1508 4639 homo,
1534 4576 1699 4644 sitque
1737 4575 1785 4628 F
1788 4577 1911 4631 ilius
1952 4580 2176 4650 feminas,
2211 4591 2261 4634 et
2289 4579 2336 4633 F
2340 4582 2460 4637 ilius
2506 4587 2835 4657 majestatis;
2875 4590 2987 4657 qui,
3020 4565 3266 4661 inquam;
3288 4565 3403 4654 hinc

117 4656 420 4747 conﬁtetur,
462 4659 513 4713 is
542 4673 840 4728 personam
867 4658 1064 4717 Christi
1095 4679 1256 4719 unam
1294 4665 1571 4722 confessus
1619 4667 1778 4722 fuerit
1804 4685 2024 4725 necesse
2071 4682 2173 4737 est.
2207 4673 2261 4728 in
2289 4690 2395 4743 qua
2423 4656 2839 4747 inseparabiliter
2877 4656 3404 4745 naturm‘subsistant

119 4745 404 4840 meantime
431 4748 911 4840 impermixtaaque
938 4750 1076 4840 dum,
1102 4753 1281 4808 divina
1310 4756 1516 4811 scilicet
1541 4766 1597 4813 et
1625 4759 1879 4814 humana.
1911 4761 2044 4816 Nam
2091 4764 2136 4817 si
2166 4780 2411 4833 persona:
2456 4745 2786 4835 ﬁngerentur
2809 4773 2927 4827 dum
2950 4814 2966 4840 ,
3016 4792 3123 4831 non
3167 4795 3305 4835 unus
3351 4791 3405 4838 ct

277 4837 448 4933 Filius
478 4845 638 4896 esset
664 4836 858 4933 Dei,-et
882 4839 1030 4933 [xu]
1053 4841 1467 4914 Filiusvirginis,
1495 4847 1592 4902 sed
1618 4860 1798 4904 essent
1825 4849 1917 4905 lilii
1938 4852 2064 4919 duo,
2087 4855 2231 4922 quod
2251 4854 2469 4911 Maximi
2491 4858 2728 4927 dogmati
2757 4836 3035 4932 repugnat.
3061 4866 3196 4933 Quid
3224 4836 3402 4930 autem

117 4925 407 4980 desiderari
433 4941 615 5022 supra
646 4929 821 4995 potuit
848 4930 918 4984 ad
944 4934 1262 4989 evertendas
1285 4936 1519 4992 bmreses
1547 4939 1776 4995 NeStorii
1820 4950 1873 4996 et
1911 4942 2185 5014 Eutychis.
2217 4961 2445 5014 quorum
2474 4925 2613 5004 alter
2660 4925 2919 5022 personas
2946 4925 3161 5017 duaswin
3186 4925 3400 5021 Christo

530 5020 700 5128 ‘alter
743 5027 1152 5128 naturamppst
1188 5026 1474 5128 unitionem
1508 5032 1702 5084 unam?
1749 5030 1998 5114 Proiecto
2034 5037 2126 5106 qui
2174 5039 2290 5092 haec
2335 5038 2551 5095 Maximi
2598 5020 2728 5115 pata
2768 5061 2890 5101 cum
2932 5030 3175 5106 doctrina
3219 5053 3403 5128 Cyrilli

121 5109 466 5205 “cuncti-ini
587 5111 763 5166 sancti
781 5109 1079 5205 -leestini
1103 5111 1400 5193 [adversus
1426 5116 1792 5185 Nestor-ianos,
1837 5111 2069 5193 cumque
2116 5119 2344 5195 epistola
2372 5129 2543 5183 sancti
2571 5109 2767 5188 Leonis
2795 5133 2972 5205 Magni
3000 5139 3067 5193 ad
3092 5109 3406 5203 Flavianum

116 5209 300 5256 multa
327 5199 928 5298 Eutychen-conferet,
959 5203 1006 5256 is
1031 5211 1181 5258 certe
1205 5207 1518 5276 comperiet,
1547 5211 1842 5266 sententias
1872 5211 2089 5268 Maximi
2115 5214 2363 5284 ejusdem
2387 5213 2692 5287 Cyrillianis
2730 5199 3128 5298 Leonianisque
3171 5230 3243 5286 ita
3267 5199 3402 5289 cui;

119 5298 302 5351 Emere
321 5301 490 5360 atque
517 5293 599 5347 ita
628 5292 830 5348 similes
855 5305 995 5362 esse,
1027 5303 1088 5350 ut
1115 5312 1274 5351 ovum
1300 5308 1534 5370 nequeat
1557 5316 1661 5355 ovo
1689 5316 1810 5356 esse
1835 5303 2079 5358 similius.

183 5378 268 5477 iV.
306 5381 455 5477 Quid
490 5381 874 5477 si__Maximus,
912 5385 1079 5477 Deum
1107 5386 1204 5442 Dei
1233 5387 1427 5444 Filium
1456 5405 1523 5445 ex
1552 5391 1718 5477 Maria
1738 5389 1963 5460 Virgine
1998 5409 2117 5449 esse
2146 5404 2351 5463 natum,
2385 5397 2629 5469 adeoque
2666 5411 2893 5459 matrem
2941 5408 3114 5477 ipsam
3141 5426 3264 5468 esse
3307 5416 3401 5471 Dei

119 5465 403 5573 aldi-mags,
429 5471 679 5527 funditus
698 5483 905 5529 evertat
929 5475 1239 5532 hmreticum
1263 5479 1458 5549 dogma
1492 5467 1948 5549 Nesto‘riauorum,
1979 5485 2222 5541 eamdem
2257 5490 2517 5555 Θεοτὸκον,
2541 5465 2648 5546 Dei
2691 5465 3010 5565 genitricem,
3043 5515 3166 5556 esse
3197 5465 3400 5573 nega—nt

121 5559 284 5618 tium!
499 5568 726 5640 quidem
756 5577 812 5622 et
839 5566 1185 5624 manifestum
1220 5585 1289 5627 ex
1333 5573 1504 5627 sancti
1550 5574 1810 5643 episcopi,
1859 5590 1977 5643 qua:
2003 5593 2166 5646 supra
2207 5578 2603 5652 descripsimus,
2638 5559 2960 5645 testimoniis
2995 5559 3107 5659 est;
3141 5603 3195 5649 et
3223 5559 3312 5651 tle't
3340 5559 3404 5656 iis

121 5671 236 5725 in:
260 5675 386 5718 mox
424 5660 774 5734 proferemus
801 5659 1077 5720 illustrius.
1106 5659 1183 5718 Ac
1208 5676 1458 5718 sermone
1482 5663 1698 5733 quidem
1725 5662 1809 5732 56,
1842 5679 1961 5735 pag.
1997 5665 2100 5720 49?.
2124 5685 2136 5722 :
2167 5668 2321 5740 Eum,
2366 5670 2561 5745 inquit,
2591 5691 2656 5732 ex
2682 5673 2857 5734 Maria
2895 5679 3092 5747 virgine
3119 5685 3327 5739 secund'
