3898 6226
557 333 623 388 47
1990 332 2159 390 ΓῘΗΞΙ

2293 339 2368 393 ΙΟ.
3744 330 3799 384 53

559 459 769 500 carnem
797 451 972 496 natum
1002 459 1130 509 esse,
1161 453 1207 496 et
1235 446 1516 498 secundum
1552 444 1885 498 Divinitatem
1913 449 2226 515 processisse
2254 448 2318 500 ex
2342 447 2436 499 Dei
2470 445 2647 501 lintris
2669 463 2774 500 ore.
2803 444 2870 500 Et
2897 459 3057 500 serm.
3085 444 3173 509 47,
3191 458 3311 515 pag.
3337 442 3444 497 495
3462 460 3615 516 seqq.
3647 464 3659 499 :
3690 447 3804 512 Quis

556 534 751 590 dubitet
784 535 1120 603 ine/fabiliter
1155 551 1270 588 eum
1305 534 1352 587 F
1356 536 1503 589 ilium
1532 536 1661 601 Dei,
1696 535 1987 608 Filiumque
2013 554 2123 590 esse
2153 539 2394 603 hominis,
2420 541 2503 609 qui
2526 540 2689 607 potuit
2717 546 2767 590 et
2808 546 3020 592 mortem
3059 540 3273 607 perpeti,
3304 547 3386 605 et,
3418 550 3582 593 morte
3604 539 3803 595 devicta.

559 628 883 696 sanetipsum
912 629 1159 679 suscitare
1183 627 1246 679 de
1276 627 1471 681 tumulo
1493 626 1592 697 (a).
1624 626 1764 680 Nam
1788 637 2021 697 suscepta
2043 645 2199 682 carne
2220 629 2282 682 de
2303 631 2515 699 virgine,
2540 645 2604 681 ne
2630 644 2781 698 quam
2808 628 2859 679 in
2882 627 2987 696 ﬁde
3007 636 3199 681 nostra
3218 629 3559 697 confessionis
3588 629 3802 681 nebulam

559 728 870 789 pateremur,
896 728 999 771 toto
1028 717 1411 787 praedicationis
1432 733 1539 771 sua:
1564 728 1787 787 tempore
1809 733 1985 772 verum
2010 734 2069 772 δε
2092 735 2401 773 nevaueu
2432 718 2604 781 Deos,
2639 732 2951 771 pannorum
2992 732 3329 770 osreunensr
3368 727 3417 769 et
3446 734 3802 773 Μωδεεῖ-μη..

564 811 650 864 Ita
680 827 806 863 sane
833 809 1411 879 incomprehensibiliter
1438 826 1560 862 caro
1589 810 1644 861 in
1666 808 1797 869 Deo.
1821 819 1868 861 et
1896 811 1951 861 in
1973 827 2131 862 carne
2158 808 2317 873 Deus,
2348 821 2404 862 ut
2432 825 2590 879 neque
2617 806 2781 861 Deum
2800 810 2863 861 ab
2891 810 3095 861 homine
3126 810 3299 877 passio
3329 819 3634 877 separaret,
3665 824 3806 878 neque

561 919 652 972 per
677 903 931 956 hominem
957 901 1094 955 Deus
1124 902 1360 953 humanis
1388 900 1713 969 passionibus
1740 900 2048 970 subjaceret.
2082 901 2231 963 Quod
2253 917 2366 953 vero
2395 899 2735 952 annuntiatur
2769 897 2817 950 F
2820 899 2939 952 ilius
2986 898 3078 951 Dei
3122 913 3292 951 uaros
3326 913 3392 951 ne
3422 912 3652 961 νικαυιε,
3682 908 3807 950 tonis

563 997 617 1048 in
651 995 898 1047 miraculo
927 1010 1031 1047 non
1051 993 1197 1045 debet
1226 993 1449 1044 humana
1471 993 1723 1059 ﬂuctuare
1745 994 2027 1063 fragilitas,
2044 994 2169 1063 quia
2198 999 2463 1063 stupenda:
2504 992 2621 1044 huic
2649 992 2867 1045 novitati
2905 990 3091 1055 Deum,
3140 991 3220 1044 cui
3241 1006 3390 1043 omne
3419 1007 3547 1059 opus
3586 988 3808 1059 possibile

566 1096 661 1147 est.
693 1080 999 1154 conﬁtemur
1028 1092 1404 1136 auctorem.....
1440 1082 1614 1135 Voluit
1643 1084 1893 1154 uirginem
1931 1099 2143 1151 parere,
2178 1092 2227 1136 et
2261 1083 2647 1136 obumbratione
2677 1081 2789 1149 maj
2808 1081 2964 1133 statis
2992 1082 3135 1151 ejus,
3173 1080 3314 1133 nullo
3353 1081 3573 1150 virginei
3620 1079 3810 1151 pudosz

567 1177 777 1235 dmnno,
810 1171 1042 1226 Christus
1071 1174 1317 1241 processit
1358 1188 1426 1225 e1:
1461 1172 1701 1225 Maria...
1748 1172 1854 1227 Sed
1894 1175 2116 1243 fortasse
2130 1174 2362 1243 perﬁdus
2404 1174 2654 1238 occurrit,
2698 1179 2747 1225 et
2772 1172 2897 1225 dicit
2925 1188 2943 1224 :
2966 1170 3135 1225 Nemo
3165 1188 3387 1241 unquam
3424 1173 3499 1225 ita
3541 1179 3618 1224 est
3653 1184 3808 1224 natus.

577 1266 748 1321 Nemo
778 1282 972 1331 revera,
1006 1266 1128 1335 quia
1157 1265 1369 1330 nullius,
1402 1272 1589 1334 pra‘ter
1619 1266 1775 1332 hanc,
1797 1280 1919 1319 caro
1956 1266 2102 1317 unita
2131 1282 2246 1317 cum
2264 1265 2373 1319 Deo
2401 1274 2565 1319 est....
2598 1264 2908 1318 Mirabiliter
2937 1272 3090 1317 natus
3128 1271 3201 1315 est
3248 1262 3500 1326 Christus,
3525 1267 3577 1316 et
3601 1263 3811 1318 obstina-

570 1361 707 1413 tione
734 1357 932 1428 perﬁda
953 1372 1056 1409 non
1077 1354 1247 1409 credis
1270 1353 1476 1407 Deum?
1502 1351 1654 1418 Quod
1684 1356 1973 1424 prtecipuus
2004 1355 2354 1425 apostolorum
2381 1355 2754 1422 redemptorem
2793 1354 3022 1407 omnium
3060 1351 3256 1405 Filium
3293 1352 3389 1406 Dei
3420 1353 3519 1406 viri
3565 1352 3707 1414 dicit,
3737 1369 3813 1421 pa-

574 1462 739 1504 terna:
758 1452 813 1504 in
839 1467 899 1504 eo
927 1447 1153 1502 Deitatis
1167 1447 1517 1501 substantiam
1548 1448 1850 1516 conﬁtetur;
1878 1450 2014 1518 quod
2051 1462 2266 1501 ευιιυειι
2304 1446 2561 1499 Christum
2591 1446 2911 1515 pronuntiat,
2943 1460 3175 1498 urens:
3204 1445 3374 1497 inesse
3396 1445 3631 1513 corporis
3651 1443 3814 1496 asserit

572 1547 853 1599 ceritatem.
888 1543 979 1597 Sic
1002 1559 1178 1596 revera
1208 1542 1532 1595 beatissimus
1561 1541 1750 1595 Petrus
1780 1558 2061 1605 υτιωιουε
2094 1542 2146 1594 in
2178 1539 2380 1595 Christo
2410 1548 2648 1592 naturam
2680 1537 2753 1609 (b)
2784 1535 2875 1591 sub
2907 1552 3013 1589 una
3034 1552 3108 1589 est
3142 1535 3487 1605 appellatione
3514 1536 3814 1604 complens,

568 1647 623 1690 ut
646 1635 921 1704 ineffabilis
943 1634 1173 1705 mysterii
1192 1642 1572 1687 sacramentum
1593 1633 1889 1687 brevissimo
1917 1650 2149 1687 sermone
2170 1628 2424 1697 delibans,
2456 1647 2628 1693 usque
2664 1646 2933 1685 GEIIINA'I'A
2972 1644 3279 1688 ωνιυειιετ,
3321 1641 3493 1689 neque
3516 1639 3677 1679 omn
3705 1639 3814 1679 cos-

575 1744 851 1783 rusnener
875 1727 966 1797 (ε).
1006 1725 1073 1779 Ut
1094 1736 1265 1777 autem
1293 1726 1496 1794 plenius
1525 1725 1922 1785 adverteremus,
1947 1726 2002 1777 in
2031 1723 2301 1778 Saluatore
2330 1740 2487 1793 neque
2510 1740 2542 1774 a
2578 1723 2680 1774 Deo
2704 1721 2977 1784 hominem,
3010 1734 3169 1788 neque
3217 1716 3382 1770 Deum
3411 1716 3476 1769 ab
3502 1716 3713 1770 homine
3746 1731 3815 1769 se-

570 1814 882 1884 parandum,
915 1815 988 1864 ait
1024 1811 1426 1881 gloriosissimus
1464 1812 1712 1879 magister
1740 1811 1862 1879 ﬁdei
1892 1810 2092 1863 Paulus
2132 1811 2394 1879 apostolus
2429 1827 2446 1863 :
2484 1809 2630 1862 Misit
2664 1808 2803 1862 Deus
2843 1806 3039 1861 Filium
3084 1823 3232 1860 suum
3261 1807 3452 1875 factum
3488 1820 3555 1859 ea:
3592 1806 3815 1863 muliere.

575 1904 769 1972 factum
791 1899 890 1965 sub
920 1900 1046 1968 lege.
1080 1897 1208 1951 Non
1227 1900 1402 1969 utique
1430 1900 1599 1968 factus
1618 1909 1695 1952 est
1722 1899 1893 1953 Filius
1915 1899 2033 1966 Dei,
2055 1908 2111 1952 ut
2131 1902 2442 1963 mitteretur;
2464 1900 2555 1953 sed
2588 1900 2656 1952 ad
2686 1900 2742 1953 id
2770 1898 2904 1969 quod
2922 1900 3107 1951 missus
3148 1907 3240 1961 est,
3273 1895 3441 1970 [XLVI]
3472 1895 3649 1951 Filius
3676 1899 3818 1967 factus

574 2002 650 2045 est
674 1992 919 2043 hominis.
944 1988 1104 2043 Salva
1124 1988 1261 2040 enim
1282 1988 1472 2042 divina:
1495 1991 1807 2057 proprietate
1836 1990 1914 2058 (ά)
1944 2000 2163 2054 naturw,
2196 2000 2434 2044 naturam
2456 1992 2510 2043 in
2530 2006 2585 2042 se
2611 1988 2833 2057 suscepit
2864 1988 3165 2053 humanam,
3204 2004 3307 2041 non
3337 1989 3478 2058 facta
3508 1988 3817 2057 confusione,

575 2083 669 2135 sed
694 2082 928 2134 unitione
956 2079 1185 2149 perfecta
1217 2078 1311 2147 (e).
1341 2074 1541 2131 Confer
1567 2092 1687 2145 qua:
1706 2086 2017 2146 sequuntur,
2048 2093 2167 2147 qua:
2196 2087 2251 2133 et
2276 2080 2351 2134 rei
2370 2088 2565 2133 nostrze
2592 2078 2945 2146 institutoque
2974 2076 3298 2139 conducunt,
3322 2083 3376 2129 et
3403 2082 3527 2130 sunt
3548 2090 3578 2128 a
3607 2075 3819 2130 Maximo

576 2166 771 2220 tradita
803 2173 964 2233 atque
990 2162 1277 2232 explanata
1306 2162 1538 2231 egregie.
1572 2163 1833 2217 Sermone
1862 2172 2039 2218 autem
2062 2164 2148 2228 4'5,
2179 2179 2300 2233 pag.
2326 2164 2418 2217 5H
2458 2183 2469 2217 :
2502 2164 2607 2218 Per
2633 2166 2748 2230 hoc,
2781 2165 2971 2233 inquit,
3006 2164 3415 2217 sacratissimum
3452 2163 3820 2217 Incarnationis

578 2256 879 2326 mysterium
898 2256 974 2307 ita
999 2255 1053 2307 in
1076 2269 1239 2307 unum
1267 2252 1566 2315 Dominum,
1592 2270 1833 2315 UNAIIQUE
1863 2270 2131 2307 pensousu
2164 2255 2230 2325 (f)
2263 2272 2396 2333 (τωρ
2425 2272 2702 2319 cosvmir,
2729 2263 2778 2309 et
2806 2272 3036 2319 VERBUI,
3065 2264 3122 2308 ut
3147 2265 3195 2309 et
3223 2254 3365 2309 Deus
3392 2264 3665 2325 putaretur
3692 2267 3821 2309 natas

576 2365 605 2400 e
647 2348 859 2418 femina,
884 2355 933 2398 et
954 2347 1106 2399 homo
1126 2344 1368 2397 credatur
1409 2344 1600 2397 uenisse
1628 2344 1689 2396 de
1726 2344 1869 2407 caelo,
1894 2345 2169 2396 secundum
2215 2346 2347 2415 quod
2382 2346 2455 2398 ait
2485 2345 2739 2399 Dominus
2787 2362 2805 2398 :
2846 2345 3014 2399 Nemo
3049 2346 3280 2398 ascendit
3307 2346 3361 2399 in
3384 2348 3585 2411 caelum,
3612 2346 3718 2400 nisi
3755 2346 3822 2415 qui

579 2439 842 2492 descendit
862 2437 925 2491 de
945 2435 1144 2500 caelo,F
1148 2436 1270 2488 ilius
1297 2434 1538 2498 hominis,
1570 2435 1657 2504 qui
1680 2445 1754 2486 est
1783 2434 1835 2486 in
1864 2434 2101 2487 calo"...
2126 2432 2257 2486 Erat
2284 2433 2452 2488 Filius
2484 2436 2704 2488 hominis
2734 2446 2783 2490 et
2808 2435 2978 2489 Filius
3008 2434 3123 2487 Dei.
3155 2434 3263 2489 Nec
3288 2450 3571 2504 possumus
3598 2449 3820 2490 seorsum

577 2537 671 2583 aut
699 2528 956 2582 hominem
986 2527 1101 2579 sine
1126 2522 1256 2587 Deo,
1281 2532 1374 2577 aut
1411 2521 1578 2575 Deum
1597 2525 1708 2575 sine
1735 2523 1939 2574 homine
1971 2522 2224 2591 confiteri.
2260 2520 2450 2577 Nonne
2478 2523 2673 2575 ridetur
2695 2523 2872 2575 caelum
2915 2522 3298 2576 transcendisse
3325 2523 3497 2588 homo,
3547 2522 3756 2593 quando
3782 2524 3821 2575 is

577 2630 723 2674 utero
744 2619 960 2689 virginis
987 2618 1163 2670 unitas
1181 2625 1258 2669 est
1278 2614 1376 2667 Dei
1415 2612 1599 2667 Verbo.
1634 2612 1697 2666 Et
1724 2627 1884 2666 serm.
1917 2612 2003 2677 46,
2033 2626 2153 2682 pag.
2189 2611 2290 2665 520
2322 2631 2334 2664 :
2372 2612 2501 2678 Qute
2524 2623 2602 2666 est
2622 2613 2778 2682 hujus
2817 2611 3148 2682 profunditas
3180 2613 3512 2675 sacramenti,
3546 2629 3706 2683 quam
3747 2615 3822 2666 int-

576 2708 947 2783 perscrutabile
981 2707 1171 2760 divinat
1198 2705 1512 2775 operationis
1549 2721 1812 2767 arcanum,
1856 2705 1989 2775 quod
2010 2706 2055 2757 is
2093 2706 2177 2774 qui
2206 2714 2325 2757 ante
2353 2706 2543 2758 scecula
2574 2706 2793 2774 prodivit
2820 2721 2851 2756 a
2882 2703 3060 2766 Patre,
3106 2703 3195 2756 ille
3221 2704 3307 2773 qni
3335 2704 3389 2755 in
3424 2704 3533 2773 ﬁne
3556 2694 3819 2774 tentpoms

585 2799 833 2870 processit
860 2812 926 2850 ea:
950 2796 1172 2866 femina,
1202 2810 1337 2846 unus
1370 2795 1538 2864 factus
1572 2802 1646 2845 est
1690 2792 1860 2857 Deus;
1896 2804 2046 2862 atque
2077 2795 2172 2846 hoc
2198 2794 2333 2857 ideo,
2364 2804 2419 2846 ut
2444 2811 2557 2846 cum
2588 2804 2723 2847 esset
2754 2793 3057 2863 Unigenitus
3085 2792 3336 2846 indiuisus
3363 2809 3395 2845 a
3426 2791 3611 2859 Patre,
3642 2792 3822 2845 haberet

584 2893 735 2945 homo
763 2891 817 2941 in
843 2887 1119 2957 Unigenito
1163 2884 1261 2939 Dei
1283 2893 1501 2953 paterna
1529 2899 1641 2935 cum
1668 2884 2056 2937 immortalitate
2101 2886 2431 2937 consortium.
2478 2883 2542 2936 Et
2578 2898 2737 2937 serm.
2793 2882 2875 2947 55,
2911 2897 3029 2951 pag.
3077 2881 3179 2937 555
3211 2901 3221 2935 :
3257 2882 3439 2935 Tenuit
3478 2899 3577 2937 suo
3608 2886 3761 2937 Pater
3784 2885 3823 2935 in

582 2980 725 3033 Filio
750 2992 961 3033 canina:
991 2989 1329 3030 suosunus:
1359 2974 1615 3032 virtutem,
1664 2973 2228 3052 qiiatenus,_majestate
2274 2974 2473 3026 virtutis
2512 2975 2624 3042 ejus
2662 2990 2970 3028 venenum
3025 2988 3298 3027 rennuens
3348 2988 3488 3027 usust
3525 2989 3824 3035 nonnenon

582 3073 862 3127 Culuswu
894 3085 961 3122 ετ
988 3083 1055 3121 υτ
1088 3066 1239 3119 Deun
1270 3079 1618 3129 concremer,
1650 3080 1716 3117 ετ
1752 3080 1817 3117 υτ
1843 3052 2074 3119 nomnen
2098 3056 2157 3118 es

2293 3083 2358 3119 ιτ.
2382 3067 2462 3118 An
2492 3084 2594 3119 non
2623 3066 2710 3119 ille
2731 3064 2829 3118 Dei
2868 3064 3037 3119 Filius
3064 3066 3261 3119 videtur
3296 3082 3407 3120 esse
3435 3077 3732 3138 conceptus,
3759 3067 3823 3119 ubi

578 3162 781 3218 carnali
803 3169 1032 3213 cessante
1053 3159 1299 3228 germine,
1326 3162 1372 3207 et
1402 3156 1552 3207 homo
1574 3154 1798 3207 creditur
1825 3157 2050 3225 virgineo
2080 3157 2327 3225 formatus
2357 3158 2410 3209 in
2440 3166 2602 3217 utero,
2634 3166 2682 3209 et
2712 3157 2855 3211 Deus
2904 3171 3002 3211 NON
3042 3173 3339 3211 uomrnun
3364 3144 3516 3221 esse,
3564 3174 3652 3221 QUI
3682 3172 3824 3213 unus

586 3254 718 3309 uss?
747 3250 1003 3305 Mirabilis
1024 3258 1203 3319 partus
1226 3258 1418 3299 nutus
1445 3246 1671 3297 intactw.
1705 3242 1771 3295 Et
1797 3258 1957 3296 serui.
1991 3243 2077 3307 61,
2109 3256 2228 3312 pag.
2262 3242 2383 3306 55$,
2416 3245 2504 3297 ubi
2532 3245 2598 3298 de
2628 3243 2713 3297 die
2739 3243 2900 3296 natali
2929 3243 3099 3296 sancti
3140 3242 3363 3296 Joannis
3391 3242 3650 3312 Baptista:
3683 3246 3825 3300 disse.

584 3362 709 3401 rens
743 3363 755 3397 :
789 3344 903 3408 Cui,
936 3343 1125 3410 inquit,
1158 3341 1293 3393 tanti
1331 3339 1540 3393 honoris
1569 3336 1757 3389 collata
1786 3346 1862 3387 est
1893 3335 2078 3404 gloria,
2108 3343 2163 3385 ut
2190 3335 2446 3387 nativitati
2476 3336 2584 3403 ejus
2614 3336 2730 3401 ipsa
2754 3332 2853 3388 De:
2876 3349 3124 3388 ceuirmx
3156 3335 3441 3397 interesset,
3466 3336 3682 3406 ejusque
3705 3338 3823 3405 priu-

579 3441 770 3509 cipium
808 3438 974 3490 latens
1002 3437 1055 3488 in
1078 3444 1221 3487 utero
1268 3432 1447 3486 mundi
1487 3430 1727 3484 conditor
1767 3446 1861 3481 sua
1906 3430 2179 3497 prresentia
2220 3428 2502 3481 dedicaret.
2548 3428 2614 3481 Et
2642 3444 2805 3482 serm.
2849 3430 2935 3493 62,
2967 3443 3089 3498 pag.
3118 3426 3218 3480 558
3252 3446 3265 3479 :
3297 3426 3534 3481 Christus
3575 3443 3703 3482 tuen
3731 3440 3821 3481 uss

590 3528 831 3591 Verbum,
856 3537 904 3581 et
924 3543 1046 3580 caro
1073 3540 1206 3577 unus
1234 3534 1310 3578 est
1338 3522 1611 3587 Dominus,
1636 3529 1789 3589 atque
1826 3535 1956 3571 unus
1976 3518 2207 3588 idemque
2248 3529 2489 3583 wternus,
2522 3528 2571 3572 et
2602 3536 2760 3572 novus
2802 3518 2877 3589 (g)
2912 3528 3021 3583 est;
3057 3528 3281 3573 aeternus
3304 3534 3336 3569 a
3366 3516 3493 3579 Deo,
3529 3534 3690 3571 novus
3716 3534 3747 3569 a
3772 3520 3823 3585 fe.

578 3624 741 3675 mina.
778 3619 857 3672 Ibi
882 3596 1469 3687 incomprehensibiliter
1492 3615 1695 3684 genitus
1724 3611 1785 3664 ab
1822 3612 2067 3682 ingenito.
2101 3612 2179 3664 hic
2200 3612 2506 3666 mirabiliter
2534 3622 2683 3666 natus
2704 3630 2737 3665 a
2766 3613 2992 3683 uirgine;
3014 3612 3083 3665 ibi
3117 3621 3333 3682 paterna
3359 3612 3639 3681 majestate
3658 3609 3819 3666 editus.

581 3716 662 3767 hic
686 3714 895 3783 spiritus
921 3710 1223 3780 Operatione
1252 3711 1541 3780 formatus;
1570 3707 1663 3758 tibi
1701 3704 1917 3771 simplex
1948 3706 2001 3756 in
2042 3702 2283 3757 Genitore
2324 3713 2509 3757 natura
2555 3711 2651 3767 est,
2682 3704 2765 3756 hic
2804 3719 2997 3759 GEllNA
3029 3719 3080 3756 tu
3123 3702 3461 3770 Redemptore
3481 3701 3818 3754 substantia...

586 3802 647 3857 Si
672 3819 855 3856 novum
888 3801 965 3870 (h)
998 3800 1095 3869 fuit
1131 3798 1268 3869 quod
1295 3797 1435 3851 Deus
1464 3805 1540 3849 est
1570 3805 1721 3848 natus
1750 3795 1801 3846 in
1839 3796 2002 3851 terris.
2040 3795 2198 3847 multo
2218 3796 2384 3864 magis
2412 3805 2487 3847 est
2516 3810 2699 3847 norum
2725 3794 2861 3863 quod
2899 3794 3050 3847 homo
3074 3802 3253 3864 regnet
3279 3795 3332 3846 in
3374 3792 3517 3855 caelo,
3548 3798 3658 3846 etc.
3690 3788 3819 3846 Nam.

580 3904 641 3949 ut
667 3910 827 3949 serm.
863 3893 979 3957 107,
1013 3905 1133 3960 pag.
1161 3888 1282 3954 669,
1315 3888 1501 3943 scribit
1526 3905 1538 3939 :
1572 3885 1961 3940 Consideranda
1990 3896 2065 3937 est
2090 3887 2141 3937 in
2174 3903 2275 3938 uno
2299 3886 2573 3953 eodemque
2602 3884 2941 3954 Redemptore
2965 3894 3139 3938 nostro
3179 3885 3439 3953 disjuncta
3475 3884 3493 3949 (
3519 3882 3628 3938 hoc
3656 3890 3736 3937 est
3756 3880 3818 3930 d5-

580 3985 793 4053 stincta)
820 3984 880 4052 (i)
914 3983 1144 4053 Operatio
1173 3980 1459 4033 divinitatis
1480 3986 1529 4031 et
1551 3977 1916 4037 humanitatis;
1948 3986 2097 4043 atque
2126 3977 2431 4028 omnimodis
2460 3976 2789 4029 detestandae
2823 3993 2970 4030 error
2999 3974 3316 4046 Eutychetis,
3341 3977 3425 4046 qui
3460 3992 3623 4028 unam
3651 3982 3821 4027 tantum

584 4079 640 4130 in
670 4075 875 4129 Christo
916 4074 1267 4144 dogmatizare
1299 4070 1567 4140 prcesumit
1596 4068 1962 4136 operationem.
1990 4065 2053 4118 In
2092 4068 2340 4120 alterutra
2372 4070 2507 4121 enim
2529 4079 2696 4137 parte,
2728 4069 2804 4121 vel
2842 4071 2926 4139 qui
2964 4070 3130 4122 solum
3161 4068 3415 4122 hominem
3448 4070 3612 4138 fuisse
3639 4067 3821 4121 dixerit.

586 4164 805 4236 gloriam
836 4161 1039 4232 negabit
1072 4159 1392 4221 conditoris;
1426 4156 1504 4209 uel
1557 4157 1642 4225 qui
1689 4156 1851 4207 solum
1899 4154 2083 4219 Deum,
2142 4155 2343 4224 negabit
2401 4158 2807 4212 misericordiam
2850 4158 3224 4225 Redemptoris.
3258 4156 3447 4230 [XLVII]
3489 4156 3558 4211 Ει
3604 4165 3755 4213 tract.
3778 4152 3819 4211 ‘2.

583 4257 646 4307 de
685 4253 970 4321 Baptismo,
1003 4264 1124 4319 pag.
1163 4246 1301 4300 715:
1338 4246 1466 4301 Ηατε
1508 4255 1583 4299 est
1623 4244 2034 4299 Christianorum
2076 4246 2443 4299 catholicorum
2486 4248 2646 4316 ﬁdes,
2698 4260 2753 4302 ut
2798 4252 3098 4317 credamus,
3150 4270 3244 4307 nos
3286 4268 3401 4304 cum
3454 4251 3573 4315 hac,
3642 4252 3693 4305 in
3743 4262 3821 4317 qua

585 4363 722 4399 nunc
747 4361 939 4408 sumus,
972 4343 1149 4394 anima
1169 4353 1469 4407 resurgere,
1500 4336 1742 4389 habentes
1777 4337 2022 4389 idoneum
2052 4338 2240 4406 futura:
2287 4349 2476 4393 nostra:
2514 4342 2906 4394 resurrectionis
2950 4343 3239 4412 exemplum
3274 4341 3559 4395 Dominum
3618 4350 3821 4395 nostrum

604 4439 827 4491 Verbum
856 4435 1062 4496 Patris,
1096 4431 1317 4501 quicum
1341 4430 1409 4482 sit
1437 4427 1598 4491 Deus,
1639 4438 1686 4480 et
1728 4427 1829 4480 Dei
1882 4426 2071 4491 Filius,
2114 4445 2199 4481 seu
2265 4429 2502 4495 Verbum,
2544 4442 2590 4484 et
2638 4433 2918 4486 secundum
2964 4434 3307 4487 substantiam
3363 4435 3654 4487 dirinitatis
3699 4430 3823 4485 Patri

590 4536 872 4583 cowternus
908 4533 955 4577 et
985 4518 1471 4581 consubstantialis;
1520 4516 1635 4570 ideo
1682 4525 1884 4569 natura:
1928 4526 2121 4569 nostra:
2144 4521 2362 4586 suscepit
2401 4520 2677 4584 hominem,
2695 4522 2851 4589 juxta
2879 4538 3028 4591 quem
3055 4538 3121 4575 ne
3150 4538 3357 4577 VlBGINE
3387 4536 3535 4576 masc:
3555 4563 3570 4587 ,
3595 4532 3645 4577 et
3671 4530 3820 4591 postea

596 4619 705 4688 puti
725 4626 771 4670 et
796 4615 925 4669 mori
953 4612 1128 4676 voluit,
1152 4620 1201 4663 et
1221 4611 1304 4661 die
1318 4607 1478 4661 tertia
1500 4622 1787 4675 resurgere,
1814 4606 1927 4657 etin
1956 4604 2134 4657 castum
2146 4608 2372 4659 ascendit
2398 4608 2489 4677 (j),
2513 4617 2568 4661 ut
2590 4626 2681 4663 nos
2702 4610 2769 4662 ad
2799 4627 2938 4680 spem
2957 4612 3343 4663 resurrectionis
3367 4612 3691 4664 accenderet.
3712 4608 3819 4662 Sunt

594 4711 678 4764 liis
708 4704 917 4765 similia,
949 4715 1067 4768 qua:
1096 4697 1431 4766 persequitur
1461 4703 1691 4747 tractatu
1719 4692 1770 4755 ὅ,
1816 4704 1995 4745 contra
2024 4692 2256 4755 Juda‘os,
2289 4709 2409 4763 pag.
2446 4694 2546 4749 739
2575 4706 2622 4749 et
2658 4698 2722 4751 de
2749 4698 3002 4766 Capitulis
3030 4695 3389 4767 Evangelior.,
3420 4710 3546 4765 pag.
3583 4696 3703 4751 759.
3734 4696 3820 4761 Age

2422 4848 2542 4915 500,
2576 4859 2631 4903 et
2652 4865 2811 4904 serm.
2856 4849 2942 4915 42,

2266 4864 2386 4971 pag.
2422 4864 2542 4915 ouo,
2576 4864 2631 4903 et
2652 4865 2811 4904 serm.
2856 4864 2942 4915 4:,
2977 4864 3113 4972 pag.
3145 4864 3265 4913 aus,
3315 4864 3371 4902 et
3394 4864 3559 4968 sesqn.
3603 4864 3690 4911 se,

2307 4920 2665 5058 Iu’fbﬁi‘g‘
2682 4918 3098 5043 s‘aﬁicbiagieobi,
3143 4928 3754 5057 spissi?melii’mden‘i),a

661 4868 735 4935 (ιι)
779 4857 1273 4935 Eodemureeidupt
1309 4870 1447 4935 .qna}
1497 4848 2095 4935 sei'ibit~saiictus_l.eo
2142 4850 2162 4902 ι
2266 4864 2386 4935 pag.

2373 4960 2411 5057 ἔ)
2443 4960 2853 5043 Confer‘sadcii
2881 4960 3098 5043 oLeonis,
3143 4989 3298 5057 epist.
3342 4960 3612 5052 eaimden'i’,
3638 4960 3754 5053 t4,:ap.
3781 4981 3820 5043 3,

589 4920 747 4991 serui.
781 4934 867 4996 ‘20,
896 4932 958 4983 de
985 4928 1161 4981 Natio.
1197 4920 1386 4996 Christi
1416 4923 1466 4987 1,
1509 4935 1631 4991 pag.
1661 4920 1745 4981 45,
1782 4929 1926 4996 tom.
1964 4920 1977 4970 I
2009 4934 2158 4996 oper.

591 4990 716 5061 edit.
739 4990 892 5055 lloin.
911 5015 994 5052 an.
1016 4996 1151 5048 1755
1171 5013 1181 5047 :
1201 5024 1272 5032 —
1286 4990 1520 5060 Deusque
1540 5008 1687 5043 verus
1702 4999 1751 5042 et
1772 4991 1921 5042 homo
1946 5005 2095 5061 verus
2107 4990 2161 5061 in

3027 4864 3113 4918 ag.
3145 4848 3265 4913 509,
3315 4858 3371 4902 et
3394 4861 3559 4918 serto.
3603 4846 3690 4911 44,
3720 4856 3816 4918 pag.

588 5058 838 5129 unitatem
866 5068 1073 5121 Domini
1098 5058 1507 5141 temperatumut
1536 5061 1668 5141 quod
1703 5061 1892 5113 nostris
1924 5058 2163 5141 remediis

596 5142 917 5213 congruebat,
960 5150 1089 5189 unus
1123 5129 1270 5200 atque
1294 5133 1425 5185 idem
1456 5129 1555 5182 Dei
1581 5131 1938 5198 hominumque
1967 5129 2164 5213 media-

595 5197 756 5275 tor,vet
780 5197 914 5262 mori"
930 5214 1097 5275 posset
1120 5197 1394 5275 extrudet
1414 5216 1676 5275 resurgere
1680 5208 1867 5275 posset
1892 5215 1955 5250 ex
1977 5197 2157 5251 altera.

668 5268 742 5348 (b)
773 5278 827 5331 S.
865 5268 991 5333 Leo.
1020 5274 1175 5348 epist.
1208 5270 1296 5348 ‘25,
1319 5270 1415 5348 Hal.
1447 5268 1531 5331 Ἡ,
1564 5268 1646 5321 ad
1679 5268 2008 5327 Flavianum,
2042 5282 2157 5334 cap.

597 5349 631 5403 5
658 5338 829 5414 sit”,
860 5354 987 5397 tom.
1023 5338 1081 5399 ll,
1118 5356 1233 5408 pag.
1270 5338 1374 5414 iiii
1406 5353 1555 5406 seqq.

665 5406 825 5486 (cf
862 5406 1167 5486 Leo,_ibnt.,
1193 5406 1317 5478 cap.
1346 5409 1581 5486 ‘2_seqq.,
1621 5406 1838 5486 pagi-8
1868 5420 2017 5473 seqq,

691 5475 744 5553 tl)
779 5484 907 5536 Vide
936 5483 1094 5535 etiam
1128 5475 1367 5533 sanctum
1394 5478 1648 5540 Leonem,
1694 5476 1840 5539 ibid.,
1871 5490 1991 5543 cap.
2025 5475 2077 5536 ὅ,
2108 5489 2160 5543 p.

595 5555 699 5613 119
724 5569 839 5613 seq.

668 5613 899 5695 (ε)νίᾱο
934 5629 1187 5687 prtum-ea
1237 5624 1474 5669 sanctum
1526 5616 1829 5675 Maximum,
1864 5629 2025 5669 serm.
2071 5613 2158 5679 '58,

2265 5072 2386 5127 pag.
2412 5058 2511 5109 H9
2540 5074 2691 5126 seqq.

2337 5124 2413 5198 (g)
2443 5127 2501 5198 ξ.
2533 5124 2842 5198 Ιλεὸ,ίίι)ἱ‹1.,
2870 5143 3000 5198 cap.
3028 5129 3078 5189 ιι,
3114 5141 3235 5198 pag.
3276 5124 3585 5198 l_9.l._lililto
3630 5129 3819 5198 sancto;

2267 5187 2406 5249 run'i'
2430 5194 2610 5265 Cyrilli
2650 5187 3008 5251 Alexandrini
3033 5187 3151 5257 ,ἐι
3185 5187 3495 5255 ὈωΙεδιὶιιῂ
3535 5209 3625 5265 ac
3660 5187 3819 5265 synodi

2269 5262 2557 5346 Eplliesi‘nm'
2580 5266 2725 5346 loca,
2746 5281 2813 5346 ne
2840 5266 2938 5318 siin
2974 5266 3025 5318 in
3049 5280 3106 5319 re
3137 5280 3243 5319 non
3276 5263 3583 5317 necessaria
3615 5262 3815 5330 longior.

2340 5336 2415 5403 (lt)
2447 5334 2500 5386 S.
2539 5334 2668 5395 Leo,
2696 5335 2820 5387 illld.
3872 5384 3873 5407 η

2326 5404 2565 5484 .(i)_Vide
2594 5412 2834 5457 annotat.
2869 5402 2936 5456 ad
2966 5416 3087 5472 pag.
3117 5402 3210 5455 671
3248 5416 3400 5469 seqq.
3436 5399 3663 5467 hujusce
3683 5395 3818 5455 colle-

2267 5483 2518 5613 ωῧῗεὲ.
2558 5541 2685 5607 Leo,
2718 5542 2867 5609 ibid.,
2900 5557 3020 5611 cap.
3056 5539 3104 5603 5,
3139 5555 3259 5610 ρης.
3300 5538 3393 5592 lib
3449 5553 3562 5609 εστι-
