3898 6226
557 326 618 384 Si
1990 335 2095 390 PR.

2253 338 2367 393 no.
3088 301 3090 306 ’
3735 344 3792 399 se

559 441 696 497 Deus
718 460 828 497 esse
855 447 1042 500 diuinis
1068 443 1338 502 rlrtutibus
1366 449 1615 511 creditur;
1650 464 1735 502 in
1767 465 1833 502 ετ
1864 465 2004 503 nouo
2036 466 2171 514 esse,
2208 467 2628 506 HPIBUITATIBUS
2660 467 3011 510 utcxoscuux
3041 467 3279 510 uumms.
3319 451 3383 509 Et
3411 456 3526 506 hinc
3563 462 3637 508 est
3666 459 3791 523 quod

557 532 792 587 Christus
829 551 894 588 υτ
929 551 1068 591 ηυιιο
1098 552 1304 604 escarr,
1334 551 1384 590 et
1412 539 1692 592 esurientes
1721 540 1885 609 pascit
1912 548 1968 591 ut
1995 539 2158 592 Deus.
2191 539 2328 593 Hinc
2357 541 2493 608 quod
2520 542 2771 611 fatigatur
2796 539 2999 609 itinere,
3031 551 3079 596 et
3107 544 3304 597 claudis
3350 544 3583 596 uirtutem
3617 542 3790 596 tribuit

550 622 869 677 ambulandi.
897 625 1034 678 ﬂinc
1061 629 1198 696 quod
1229 632 1404 682 oculos
1427 647 1546 685 suos
1573 632 1723 685 laxat
1763 633 1817 684 in
1843 629 2121 702 lacrymas,
2172 647 2220 685 et
2250 633 2556 687 mirabiliter
2583 636 2732 688 cteois
2765 637 3015 706 reformat
3065 646 3344 706 aspectum.
3373 635 3506 688 Hinc
3534 635 3670 705 quod
3705 649 3788 701 ap—

549 719 924 789 propinquante
954 729 1118 774 morte
1145 721 1402 785 tn'statur,
1438 733 1486 774 et
1533 732 1790 776 mortuum
1828 723 2096 777 Lazarum
2143 725 2357 778 suscitat
2398 725 2464 778 de
2511 725 2764 795 sepulcro.
2796 724 2928 780 Hac
2965 728 3166 790 omnia,
3208 729 3414 796 fratres,
3458 723 3708 778 Conditor
3736 740 3789 776 ac

553 809 862 878 Redemptor
889 820 1084 875 noster,
1114 821 1172 863 ut
1212 811 1345 865 Deus
1372 822 1423 865 et
1451 814 1601 873 homo
1630 816 1758 885 agit,
1796 831 1897 869 non
1923 831 2044 878 ours
2075 831 2226 870 nus
2263 831 2368 869 nu
2395 831 2648 871 nxscuaut
2685 830 2996 871 ncessms
3022 833 3166 882 ηπ,
3195 817 3284 871 sed
3312 818 3430 886 quia
3459 815 3560 867 tale
3587 815 3639 866 in
3671 814 3788 868 calo

545 907 593 951 ct
615 901 668 952 in
699 902 849 954 terris
878 902 1035 955 coluit
1055 918 1273 972 regnare
1301 905 1616 972 mysterium.
1644 904 1845 960 Eodem
1869 916 2113 976 spectant
2133 922 2250 974 qum
2275 907 2584 976 complexus
2611 916 2694 961 est
2716 907 2938 961 humilia
2967 906 3085 970 £08,
3113 920 3232 975 pag.
3263 904 3403 957 357:
3429 903 3564 967 Quid
3581 905 3785 965 mir-uin,

544 991 778 1054 fratres?
806 992 992 1059 inquit.
1027 991 1262 1046 Christus
1290 995 1425 1046 venit
1452 995 1711 1064 suscipere
1731 996 2061 1065 inﬁrmitates
2089 1005 2294 1049 nostras
2331 1004 2378 1049 et
2404 1010 2528 1049 suas
2558 995 2703 1050 nobis
2743 997 2977 1065 conferre
3009 995 3251 1054 uirtutes;
3291 993 3516 1045 humana
3544 1007 3787 1060 quarrere,

542 1086 794 1145 prtettare
813 1081 1024 1145 dicina;
1063 1083 1298 1151 accipere
1328 1080 1572 1149 injurias,
1608 1083 1826 1136 reddere
1851 1085 2166 1154 dignitates;
2197 1088 2332 1154 ferre
2360 1085 2538 1144 tcdia,
2570 1085 2763 1153 referre
2789 1084 3154 1136 sanitates.....
3185 1079 3529 1135 Christus.....
3559 1080 3665 1132 nisi
3699 1081 3788 1131 im-

540 1171 726 1236 plesset
755 1175 929 1226 carnis
955 1175 1210 1240 ordinem,
1243 1179 1413 1231 carnis
1442 1179 1497 1230 in
1523 1178 1617 1231 illo
1644 1187 1776 1232 esset
1806 1181 1970 1233 otiosa
1999 1181 2269 1249 susceptio.
2305 1178 2558 1233 Sustinuit
2587 1193 2708 1247 ergo
2736 1177 2829 1229 has
2855 1175 3203 1238 necessitates,
3235 1183 3290 1228 ut
3325 1189 3468 1231 IOIO
3496 1186 3668 1227 mus
3699 1172 3786 1222 hu-

542 1261 710 1315 manis
737 1265 1124 1320 necessitatibus
1153 1282 1515 1323 rnomauruu.
1547 1268 1662 1322 Jam
1691 1286 1822 1325 vero
1849 1284 2097 1324 sermone
2124 1268 2222 1333 42,
2253 1283 2376 1338 pag.
2404 1267 2527 1333 509,
2557 1268 2802 1322 ethnicos
2837 1266 3118 1321 refellens.
3159 1265 3250 1333 qui
3285 1263 3519 1332 obiicere
3553 1262 3788 1318 solerent

543 1350 785 1406 timuisse
812 1352 1084 1411 Christum
1113 1375 1126 1411 :
1161 1356 1372 1424 Timuit,
1403 1359 1594 1428 inquit,
1626 1359 1880 1422 Christus,
1913 1360 2004 1414 sed
2029 1368 2085 1411 ut
2105 1359 2284 1412 timere
2304 1367 2391 1410 aut
2419 1358 2583 1422 vellet,
2612 1367 2703 1410 aut
2723 1365 2914 1426 posset,
2940 1356 3006 1409 de
3031 1357 3196 1410 nostri
3219 1355 3348 1408 illud
3373 1353 3600 1422 corporis
3628 1352 3779 1420 inﬁr-

537 1439 714 1494 mitate
736 1445 980 1516 suscepit.
1023 1443 1156 1501 Inde
1183 1449 1321 1502 enim
1347 1451 1540 1516 timuit,
1567 1450 1705 1504 unde
1743 1458 1790 1503 et
1818 1450 2047 1514 esuriait,
2075 1449 2212 1502 unde
2244 1450 2406 1502 tristis
2434 1456 2568 1512 erat,
2596 1448 2734 1501 unde
2770 1447 3032 1511 dormivit,
3060 1446 3199 1500 unde
3224 1446 3414 1508 doluit,
3442 1443 3578 1496 unde
3617 1443 3776 1509 ﬂeuit.

538 1528 676 1594 Quid
707 1535 802 1589 hoc
832 1539 908 1590 rei
934 1539 1050 1591 est.’
1100 1538 1254 1594 Vides
1283 1540 1547 1596 Christum
1574 1544 1832 1596 timentem
1872 1544 2023 1606 mori,
2063 1553 2114 1596 et
2139 1561 2240 1596 non
2280 1543 2471 1614 aspicis
2498 1558 2613 1596 eum
2644 1543 2939 1612 triumphali
2967 1558 3122 1595 manu
3150 1542 3364 1611 captiva:
3393 1541 3572 1592 mortis
3610 1539 3780 1606 spolio

535 1619 926 1675 detrahentem?
961 1622 1171 1689 Quotus
1209 1636 1387 1682 autem
1429 1629 1655 1697 quisque
1688 1637 1790 1694 est,
1821 1631 1911 1698 qui
1937 1644 2009 1685 ex
2035 1630 2295 1684 hactenus
2334 1629 2509 1684 allatis
2536 1628 2756 1684 Maximi
2787 1631 2953 1684 nostri
2983 1631 3115 1684 locis
3153 1645 3258 1682 non
3280 1629 3436 1697 plane
3476 1628 3787 1696 perspiciat,

532 1725 788 1777 quorsum
831 1715 1200 1782 accipiendum
1248 1719 1318 1772 sit
1345 1723 1402 1774 τὸ
1433 1720 1629 1772 esurire
1655 1735 1710 1772 se
1735 1719 1944 1782 simulat
1969 1734 1998 1771 a
2039 1729 2226 1774 sancto
2253 1720 2506 1789 episcopo
2547 1735 2796 1774 sermone
2827 1719 2892 1772 l5
2915 1759 2929 1786 ,
2969 1734 3090 1789 pag.
3124 1719 3260 1784 654,
3290 1727 3597 1787 usurpatum
3627 1719 3640 1770 ε
3677 1717 3784 1770 Non

537 1801 679 1852 enim
704 1802 791 1856 hic
811 1809 864 1858 ri
889 1805 1101 1858 simulat
1127 1807 1320 1860 eodem
1349 1816 1508 1876 atque
1533 1811 1592 1862 τὸ
1613 1810 1763 1878 ﬁngit
1792 1807 2098 1863 revolvitur.
2125 1808 2242 1874 Quo
2265 1825 2493 1876 namque
2521 1809 2683 1864 modo
2709 1811 2952 1864 Christus
2977 1809 3213 1863 tinxisset
3233 1808 3436 1862 esurire
3461 1822 3538 1871 se,
3568 1806 3783 1860 Maximi

532 1887 747 1955 quidem
777 1894 1068 1958 sententia,
1111 1896 1154 1947 si
1195 1893 1456 1949 Maximus
1486 1897 1600 1962 ipse
1629 1907 1814 1964 aperte
1841 1897 2017 1961 docet,
2050 1906 2159 1951 tam
2191 1915 2294 1951 non
2339 1895 2558 1951 finxisse
2592 1897 2893 1960 Christum,
2925 1906 2985 1951 ut
3013 1914 3070 1952 re
3099 1915 3227 1952 sane
3254 1913 3379 1952 vera
3408 1897 3638 1950 esuriem
3670 1910 3786 1967 per-

534 1993 720 2046 pessus
747 1979 925 2046 luerit,
959 1983 1098 2038 haud
1131 1984 1207 2058 [1.]
1237 2001 1392 2039 secus
1423 2001 1485 2039 ac
1514 1986 1873 2040 lassitudinem
1902 1997 2059 2054 atque
2113 1988 2440 2043 mterorcm?
2475 1986 2590 2052 Qua
2620 1987 2831 2056 quidem
2863 1989 2929 2042 de
2959 2002 3017 2042 re
3044 1987 3290 2052 conferri,
3321 2003 3440 2056 qua:
3468 1987 3631 2056 paulo
3665 1997 3786 2041 ante

531 2070 806 2140 descripsi,
843 2075 1149 2128 testimonia
1178 2076 1395 2132 Maximi
1421 2078 1661 2147 ejusdem
1689 2097 1958 2151 cuperem.
1992 2084 2084 2137 llis
2113 2097 2290 2138 autem
2319 2083 2578 2137 accedunt
2605 2098 2723 2152 qua:
2750 2099 2876 2137 mox
2906 2082 3116 2148 addam,
3157 2098 3381 2152 qumque
3409 2083 3472 2137 ad
3503 2081 3786 2137 veritatem

530 2162 690 2229 plane
717 2163 1060 2232 persuadent,
1088 2181 1216 2221 vere
1254 2167 1387 2232 tunc,
1421 2169 1629 2238 aliaque
1657 2173 1869 2238 generis
1895 2173 2160 2240 ejusdem,
2191 2189 2295 2243 qua
2324 2174 2618 2235 hominem,
2662 2173 2946 2242 pertulisse
2973 2171 3264 2228 Christum.
3294 2173 3554 2228 Sermone
3591 2172 3699 2238 58,
3734 2176 3787 2226 de

534 2251 799 2322 Tempore,
831 2269 951 2322 pag.
987 2254 1088 2309 500
1114 2274 1125 2308 :
1164 2256 1432 2327 Nunquid,
1463 2260 1632 2327 inquit
1661 2261 1936 2325 Maximus,
1969 2265 2163 2332 frustra
2188 2266 2358 2334 vagire
2388 2261 2674 2334 (Christus)
2703 2266 2756 2318 in
2788 2253 3120 2319 cunis-soluit
3135 2265 3222 2317 ?...
3258 2261 3503 2334 Nunquid
3523 2262 3786 2314 incassum

531 2344 822 2409 ﬂevit?.....
852 2343 1104 2415 Nunquid
1130 2348 1293 2400 otiose
1321 2357 1526 2417 potatus
1553 2360 1730 2416 aceto,
1763 2352 1959 2405 cibatus
1985 2363 2062 2406 est
2090 2351 2353 2422 felle?....I
2389 2352 2641 2424 Nunquid
2669 2355 2842 2407 inanis
2868 2355 2980 2423 ejus
3006 2363 3083 2407 est
3107 2354 3432 2423 passio
3461 2349 3531 2404 Et
3556 2351 3682 2404 ideo
3709 2368 3785 2422 qm

529 2433 876 2488 crassitudine
900 2436 1133 2489 carnalis
1159 2437 1378 2506 ingenii,
1416 2439 1676 2506 passionis
1701 2439 1810 2508 ejus
1841 2443 2083 2509 mysteria
2111 2443 2540 2511 comprehendere
2579 2459 2684 2496 non
2711 2442 2979 2505 valemus;
3007 2457 3373 2496 cunnum-nu
3404 2453 3590 2493 ποτε
3624 2455 3783 2494 nam.

528 2541 646 2588 qua;
691 2541 1009 2612 ruethrrr,
1042 2541 1339 2583 TENEAIUS.
1369 2527 1438 2582 Et
1465 2545 1624 2584 serm.
1656 2530 1744 2595 4'5,
1772 2526 1891 2601 pag.
1923 2531 2024 2584 512
2049 2551 2061 2584 :
2090 2533 2221 2586 Erat
2249 2534 2403 2586 simul
2436 2536 2490 2586 in
2521 2531 2729 2586 Christo
2759 2541 2806 2585 et
2834 2535 3099 2602 regnantis
3128 2532 3434 2593 dominatio,
3470 2537 3518 2583 et
3546 2530 3782 2581 ministe-

528 2615 662 2666 rium
685 2616 971 2668 servientis.
1007 2613 1151 2668 Nam
1170 2632 1287 2669 cum
1313 2618 1368 2670 in
1397 2619 1568 2688 forma
1591 2618 1690 2673 Dei
1717 2629 1868 2685 esset,
1889 2630 1943 2674 ut
1972 2621 2116 2674 docet
2150 2621 2348 2675 Paulus
2378 2622 2664 2692 apostolus,
2699 2623 2922 2692 formant
2948 2622 3117 2675 induit
3140 2621 3413 2674 servitutis.
3446 2617 3579 2670 Erat
3609 2634 3788 2670 revera

527 2705 577 2754 in
605 2705 775 2773 forma
805 2702 905 2756 Dei
931 2703 1186 2766 Christus,
1216 2721 1331 2758 cum
1359 2723 1548 2778 aquam
1575 2708 1627 2761 in
1657 2711 1774 2762 vina
1801 2710 2060 2772 vertendo,
2093 2718 2452 2763 creaturarum
2480 2727 2534 2763 sc
2561 2727 2670 2763 esse
2694 2708 2975 2763 Dominum
3003 2708 3377 2762 reuelabat.....
3410 2705 3477 2759 In
3498 2707 3676 2775 fomsa
3707 2719 3782 2756 au-

527 2802 628 2843 tem
652 2793 784 2844 servi
813 2801 944 2859 erat,
973 2811 1088 2847 cum
1109 2796 1315 2850 itineris
1341 2799 1648 2870 fatigatione
1667 2801 1906 2866 lassatus,
1943 2803 2096 2854 veluti
2126 2805 2444 2871 requiescens
2470 2818 2624 2870 super
2649 2818 2705 2855 os
2730 2803 2867 2870 putei
2893 2799 3117 2854 sedebat.
3146 2797 3397 2852 Formam
3422 2797 3552 2850 servi
3573 2796 3782 2865 agebat,

523 2902 638 2939 cum
666 2888 721 2939 in
749 2904 862 2940 eum
900 2889 1212 2943 insultantes
1249 2892 1398 2961 impii
1421 2893 1763 2946 sordidissimi
1790 2897 1896 2948 oris
1924 2897 2004 2947 sui
2031 2903 2354 2964 sputamenta
2382 2895 2712 2964 projicerent.
2764 2893 2913 2946 Servi
2953 2894 3178 2962 formam
3216 2895 3527 2957 susceperat,
3557 2901 3687 2940 eum
3718 2888 3783 2954 fa-

525 2976 654 3028 ciem
685 2991 851 3039 suam,
886 2993 1039 3046 quam
1067 2979 1256 3032 intueri
1289 2979 1610 3034 credentibus
1633 2984 1810 3050 pavori
1831 2991 1960 3044 erat,
1990 2999 2020 3033 a
2043 2982 2230 3050 palmis
2259 2983 2307 3034 et
2336 2981 2518 3034 ictibus
2545 2980 2828 3034 ludentium
2853 2995 2956 3032 non
2989 2979 3167 3041 vertit;
3197 2985 3244 3029 et
3275 2975 3407 3046 quod
3428 2975 3521 3036 his,
3555 2973 3651 3042 qui
3676 2986 3784 3026 cere

523 3071 640 3115 sunt
671 3063 822 3124 serui,
855 3067 1053 3134 perpeti
1077 3074 1187 3119 erat
1222 3069 1591 3136 turpissimum,
1621 3071 1778 3121 etiam
1802 3071 2042 3138 scapulas
2072 3086 2212 3134 suas,
2242 3070 2420 3137 quibus
2447 3079 2628 3124 nostra
2657 3076 2864 3124 venerat
2901 3074 3108 3137 peccata
3137 3075 3363 3136 portare,
3403 3063 3783 3117 rerberantiunt

522 3150 756 3204 manibus
798 3151 1204 3205 inclinauit......
1240 3153 1442 3224 Itaque,
1473 3158 1684 3226 fratres,
1718 3173 1831 3209 cum
1858 3175 1992 3210 unus
2020 3160 2252 3229 idemque
2279 3159 2375 3211 Dei
2414 3158 2460 3210 F
2465 3159 2583 3212 ilius
2612 3160 2747 3212 mira
2776 3159 2973 3228 fecerit,
3005 3173 3206 3210 unum
3240 3169 3570 3209 remum”
3597 3170 3614 3215 ;
3651 3170 3782 3205 unus

519 3237 753 3308 idemque
779 3249 891 3292 erat
915 3249 964 3294 et
992 3257 1182 3306 servus,
1207 3252 1256 3295 et
1285 3242 1557 3297 Dominus.
1595 3245 1776 3298 Totum
1801 3246 1955 3306 enim,
1987 3254 2041 3297 ut
2077 3247 2345 3310 Dominus,
2377 3257 2613 3318 poterat;
2643 3257 2692 3300 et
2717 3255 2877 3301 totum
2904 3245 3212 3315 patiebatur,
3242 3253 3297 3296 ut
3327 3259 3512 3298 servus.
3547 3241 3672 3295 Huc
3703 3257 3782 3296 ro-

520 3329 700 3383 eidunt
727 3344 845 3398 quae
875 3332 1013 3386 idem
1042 3332 1200 3386 docet
1223 3332 1482 3387 Maximus
1508 3349 1753 3388 sermone
1784 3335 1869 3398 57,
1903 3335 1964 3387 de
1990 3335 2253 3405 Tempore,
2286 3350 2403 3405 pag.
2441 3335 2545 3387 495
2571 3351 2684 3403 seq.
2725 3354 2736 3386 :
2765 3334 3033 3401 Susccpta,
3068 3332 3259 3400 inquit,
3286 3348 3442 3384 carne
3463 3330 3526 3382 de
3552 3331 3781 3399 virgine,

517 3436 580 3474 ne
608 3439 763 3491 quam
788 3425 842 3476 in
884 3441 1004 3479 rtus
1033 3441 1250 3481 nosne
1281 3442 1640 3481 counssmms
1667 3443 1908 3482 NEBULAI
1939 3445 2274 3493 mruusuuu,
2303 3437 2409 3482 toto
2431 3428 2817 3496 prtedicationis
2856 3441 2964 3478 sure
2995 3435 3219 3494 tempore
3247 3438 3413 3477 rerum
3444 3434 3499 3474 se
3517 3420 3783 3472 rerelabat

518 3514 701 3575 Deum,
732 3528 1046 3570 reurecruu
1075 3532 1417 3571 osreuuenn
1449 3534 1516 3571 ετ
1547 3533 1799 3572 noutueu.
1832 3517 2040 3571 FLEBAT
2069 3521 2272 3588 quippe,
2303 3527 2357 3570 ut
2387 3527 2564 3572 nostro
2593 3517 2770 3570 dolore
2817 3530 3082 3580 umneus;
3125 3514 3217 3568 sed
3243 3521 3296 3566 ut
3343 3528 3435 3567 sua
3463 3511 3659 3563 uirtute
3689 3529 3781 3577 pa-

518 3612 629 3657 tens
659 3606 932 3657 miseratus
962 3622 1213 3660 cwcorum
1242 3606 1496 3670 tenebras,
1536 3609 1653 3660 huic
1683 3614 1899 3659 necdum
1926 3609 2175 3676 formatos
2206 3607 2425 3677 faciebat
2465 3607 2660 3670 oculos,
2688 3607 2766 3660 illi
2791 3604 3039 3659 reddebat
3067 3605 3288 3656 amissos
3317 3617 3334 3655 :
3363 3601 3618 3670 navigans
3660 3615 3779 3651 cum

510 3695 774 3765 discipulis
797 3698 906 3750 suis
934 3709 1102 3752 δοκιηο
1125 3713 1333 3752 nonanus
1358 3713 1660 3751 υοιιιιιεωιτ
1689 3714 1740 3750 ιη
1768 3712 1942 3750 ruens
1966 3714 1980 3761 ;
2011 3698 2100 3749 sed
2132 3699 2348 3750 conscia:
2367 3697 2658 3765 majestatis
2683 3695 2898 3763 imperio
2927 3693 3303 3763 insurgentium
3331 3691 3574 3759 ﬂuctuum
3609 3689 3780 3740 moles

510 3789 832 3858 minacesque
851 3799 1025 3842 uentos
1053 3807 1237 3843 serena
1268 3792 1500 3859 protinus
1530 3789 1899 3859 tranquillitate
1927 3791 2346 3858 compescuit.....
2386 3788 2452 3842 Ut
2483 3785 2622 3839 Filio
2656 3785 2877 3838 hominis
2906 3784 3269 3854 ingerebantur
3297 3779 3554 3839 convicia;
3583 3776 3689 3830 sed
3724 3787 3776 3830 ut

507 3879 691 3944 ignara
717 3879 1010 3932 mortalitas
1030 3879 1352 3932 inostensam
1381 3880 1623 3932 credendi
1649 3879 1867 3932 disceret
1892 3882 2174 3943 veritatem,
2197 3881 2342 3949 quasi
2363 3881 2573 3931 unicum
2608 3876 2654 3928 F
2659 3878 2804 3929 ilium
2825 3893 2970 3929 suum
3002 3875 3162 3927 Pater
3182 3870 3531 3942 alloquebatur
3558 3885 3587 3920 e
3617 3869 3770 3922 calo.

507 3963 569 4017 Si
605 3980 730 4037 ergo
760 3965 948 4030 credis,
979 3981 1009 4020 ο
1039 3966 1216 4031 homo,
1245 3967 1460 4037 indigna
1489 3983 1602 4037 qua:
1629 3968 1838 4036 pertulit
1856 3966 2116 4031 Christus,
2154 3985 2242 4020 cur
2269 3984 2370 4020 non
2399 3968 2564 4036 magis
2607 3966 2775 4018 credis
2813 3961 3053 4017 miranda
3092 3977 3204 4034 qttte
3241 3958 3513 4030 prazstitit.’
3540 3956 3597 4011 Si
3634 3973 3772 4027 ergo

504 4067 605 4105 non
636 4054 849 4122 frustra,
875 4070 980 4107 non
1009 4055 1188 4117 otiose,
1214 4071 1318 4108 non
1355 4057 1633 4119 incassum,
1663 4073 1764 4109 non
1794 4058 2018 4108 inaniter
2039 4059 2191 4127 vagiit
2225 4059 2275 4109 in
2305 4059 2471 4121 cunis,
2507 4057 2665 4124 ﬂeuit,
2702 4064 2907 4124 potatus
2955 4061 3099 4108 aceto
3146 4051 3385 4106 Christus
3414 4062 3603 4103 revera
3639 4047 3765 4111 fuit,

505 4149 640 4196 teste
669 4142 922 4205 Maximo,
949 4143 1247 4212 eodemque
1274 4143 1472 4198 fatente
1497 4159 1558 4197 ea
1588 4152 1882 4198 St'ntrectw
1900 4145 2021 4213 ﬁdei
2049 4145 2347 4198 credulitate
2376 4145 2650 4206 credenda,
2683 4160 2778 4199 cur
2805 4158 2908 4197 non
2941 4145 3086 4206 item,
3117 4141 3205 4194 illo
3234 4142 3349 4209 ipso
3378 4140 3534 4209 plane
3562 4152 3769 4192 assen-

504 4232 687 4296 tiente,
731 4233 1024 4286 tenendum
1062 4242 1218 4286 recta:
1257 4233 1381 4303 ﬁdei
1410 4233 1710 4286 credulitate
1738 4234 1859 4296 erit,
1891 4233 2144 4285 Christum
2172 4237 2434 4298 esuriisse,
2465 4248 2584 4286 cum
2613 4232 2830 4285 Maximi
2872 4232 3037 4300 ipsius
3075 4230 3145 4283 sit
3171 4229 3299 4283 satis
3342 4226 3627 4295 explora-ta
3663 4227 3682 4296 (
3710 4235 3768 4279 ut

500 4340 659 4393 supra
680 4334 761 4379 est
785 4325 900 4394 ejus
921 4325 1099 4380 verbis
1127 4326 1552 4380 demonstratum
1584 4324 1679 4398 [ιι]
1703 4327 1988 4388 sententia,
2019 4342 2280 4379 mwrorem
2309 4326 2525 4390 Christi,
2557 4333 2718 4391 atque
2743 4325 2877 4378 adeo
2907 4323 3108 4392 fletum,
3152 4321 3340 4375 eodem
3386 4317 3570 4373 haberi
3612 4318 3764 4381 loco,

499 4424 660 4484 atque
682 4419 910 4471 esuriem
940 4418 1239 4486 oportere?
1269 4416 1520 4483 Rursum,
1549 4433 1614 4469 an
1647 4431 1775 4480 non,
1800 4417 2251 4484 defatigationem,
2285 4433 2376 4470 seu
2406 4414 2768 4470 lassitudinem
2792 4413 2990 4469 Christi
3017 4413 3206 4467 eodem
3237 4425 3355 4465 esse
3384 4423 3642 4472 numero,
3674 4415 3764 4461 at-

497 4522 600 4576 que
622 4508 872 4572 esuriem,
904 4515 963 4561 ut
988 4509 1150 4577 paulo
1180 4516 1304 4561 ante
1326 4508 1573 4574 vidimus,
1605 4506 1868 4561 afﬁrmat?
1896 4505 2030 4571 Quid
2061 4510 2162 4561 erit
2187 4509 2361 4575 igitur,
2393 4507 2536 4576 quod
2563 4507 2821 4576 suspicari
2848 4507 2966 4574 quis
2995 4506 3198 4575 possit,
3246 4510 3464 4557 auctore
3491 4499 3761 4566 Maximo,

495 4599 841 4667 defatigatum
873 4616 938 4654 ex
969 4601 1159 4654 itinere
1186 4599 1346 4654 fuisse
1376 4615 1563 4654 revera
1591 4599 1889 4662 Christum;
1921 4600 2242 4654 esurientem
2271 4608 2447 4654 autem
2475 4615 2579 4654 non
2611 4613 2795 4653 revera
2815 4633 2829 4661 ,
2871 4597 2965 4652 sed
2990 4596 3237 4651 simulate
3268 4593 3466 4647 fuisse?
3493 4590 3638 4657 Quid
3662 4592 3687 4646 !
3714 4595 3766 4649 si

497 4689 726 4744 Maximo
756 4698 910 4753 teSte,
942 4687 1096 4757 ﬁebat
1122 4689 1374 4755 Christus,
1404 4697 1460 4742 ut
1479 4698 1654 4742 nostro
1685 4689 1861 4742 dolore
1887 4690 2140 4742 maerens?
2165 4686 2290 4749 Cur,
2322 4702 2451 4755 rogo
2471 4723 2486 4753 ,
2528 4688 2629 4743 nisi
2671 4695 2728 4740 ut
2766 4688 3044 4757 perfectum
3074 4701 3128 4737 se
3155 4681 3439 4737 ostenderet
3469 4680 3757 4744 hominem,

492 4797 554 4834 ne
574 4794 726 4849 quam
753 4779 805 4830 in
836 4778 939 4846 ﬁde
966 4786 1157 4831 nostra:
1178 4779 1515 4848 confessionis
1536 4778 1773 4831 nebulam
1797 4785 2083 4847 pateremur
2103 4777 2128 4825 ?
2156 4775 2221 4828 Et
2259 4776 2564 4830 existimare
2591 4777 2712 4845 quis
2738 4775 2936 4844 poterit
2980 4788 3097 4827 eam
3145 4770 3382 4826 nebulam
3425 4767 3591 4822 fuisse
3629 4769 3758 4839 με

492 4874 681 4921 nostra
709 4867 1019 4936 confessioni
1048 4865 1272 4920 offusam
1302 4865 1694 4933 obductamque
1722 4881 1752 4917 a
1781 4865 2027 4927 Maximo,
2059 4873 2116 4919 ut
2147 4865 2400 4928 simulate,
2433 4879 2538 4918 non
2566 4877 2712 4927 vere,
2743 4865 2982 4916 esuriisse
3009 4861 3276 4916 Christum
3317 4859 3564 4913 eumdem
3596 4857 3758 4914 ὤθο-

490 4967 606 5020 ret;
633 4971 662 5008 a
693 4954 941 5019 Maximo,
974 4955 1210 5022 inquam,
1241 4955 1330 5022 qui
1360 4955 1500 5008 idem
1539 4968 1657 5008 esse
1694 4960 1953 5006 statuerat
1981 4953 2048 5006 de
2077 4968 2291 5006 maerore
2331 4952 2545 5016 Christi,
2578 4967 2641 5004 ac
2668 4951 2734 5004 de
2762 4951 2929 5003 esurie
2952 4949 3326 5003 sentiendum?
3355 4944 3540 5011 Nobis,
3575 4947 3756 5015 inquit

491 5047 580 5100 ille
612 5046 712 5115 (ιι),
742 5046 879 5110 vicit,
911 5047 994 5116 qui
1024 5046 1265 5115 dignatus
1293 5055 1368 5099 est
1395 5046 1587 5099 esurire
1616 5062 1708 5114 pro
1736 5044 1914 5110 nobis;
1959 5051 2011 5098 et
2058 5044 2218 5113 paulo
2253 5051 2372 5112 post
2405 5062 2415 5093 ε
2451 5041 2703 5106 Christus,
2735 5050 2790 5093 ut
2818 5041 3069 5110 perditum
3097 5041 3455 5108 inﬁrmumque
3483 5037 3756 5091 hominem

489 5145 748 5193 reuocaret
793 5136 863 5190 ad
905 5136 1069 5190 Deum
1094 5174 1109 5198 ,
1161 5151 1413 5202 usuusu,
1463 5136 1835 5200 lassitudinem,
1866 5150 2151 5195 maerorem,
2185 5141 2232 5185 et
2262 5134 2432 5186 omnia
2462 5133 2518 5184 in
2545 5148 2600 5184 se
2628 5132 2837 5183 humani
2865 5131 3090 5198 corporis
3128 5129 3334 5195 inﬁrma
3360 5125 3608 5193 suscepit.
3634 5127 3752 5196 Age

490 5243 634 5294 vero,
660 5227 952 5298 perfectura
983 5225 1254 5280 hominem
1284 5240 1401 5280 esse
1428 5225 1716 5288 Christum,
1740 5239 1861 5278 cum
1889 5221 1990 5276 fide
2018 5231 2264 5276 constare
2292 5219 2552 5272 Maximus
2580 5217 2825 5281 affirmet,
2858 5231 3082 5284 cumque
3107 5230 3174 5269 ex
3199 5213 3444 5267 humanis
3470 5209 3750 5268 infit-inita

489 5321 630 5374 tibus
657 5316 772 5386 ejus
802 5316 1042 5384 dignosci
1071 5316 1459 5369 humanitatem
1488 5315 1835 5378 confiteatur;
1878 5328 2011 5381 quas
2040 5313 2250 5366 domum
2281 5309 2610 5378 inﬁrmitates
2639 5314 3021 5362 commemoret
3050 5306 3319 5359 videamus
3347 5320 3366 5357 :
3397 5303 3751 5373 Huiusmodi,

486 5407 656 5477 inquit
703 5409 897 5478 peregit
919 5407 974 5459 in
997 5416 1091 5458 sua
1112 5420 1265 5458 carne
1284 5405 1600 5473 mysterium,
1632 5413 1687 5457 ut
1718 5405 1848 5457 sicut
1871 5401 2009 5455 Deus
2035 5418 2145 5455 esse
2171 5401 2358 5452 divinis
2380 5400 2632 5466 mysteriis
2652 5398 2894 5462 creditur,
2921 5399 2995 5450 ita
3026 5405 3075 5448 et
3103 5396 3252 5449 homo
3286 5408 3394 5448 esse
3417 5394 3746 5462 inﬁrmitati-

488 5497 582 5551 bus
610 5499 944 5568 dignoscatur
971 5498 1230 5558 humanis.
1262 5495 1464 5560 Quibus
1493 5505 1690 5558 autem,
1722 5509 1932 5564 quaeso,
1965 5490 2399 5561 inﬁrmitatibus?
2429 5488 2683 5561 Adjungit
2717 5504 2842 5544 mox
2884 5487 3143 5541 Maximus
3173 5503 3185 5539 :
3220 5485 3288 5539 Et
3329 5485 3446 5538 hinc
3485 5493 3563 5539 est
3601 5484 3750 5559 quod

551 5679 626 5745 la)
670 5677 798 5732 Vide
829 5677 984 5745 hujus
1015 5676 1148 5745 per
1188 5691 1307 5746 pag.
1343 5692 1517 5729 xum.
