3898 6226
99 356 157 411 Ξῖ)
1498 340 1638 396 PM

1787 336 1874 392 τυ,
2900 314 2903 319 ’
3254 324 3326 379 55

99 470 370 525 Chrislusul
396 466 547 521 homo
576 463 758 517 esurit:
785 460 960 528 Quid?
990 457 1378 515 Simulatamne
1417 452 1637 507 esuriat:
1673 450 1957 521 quisquam
1982 445 2155 510 dicet,
2198 458 2318 500 eam
2363 456 2431 499 ex
2466 456 2573 513 qua
2603 437 3018 511 dignoscchatur
3063 450 3182 491 esse
3224 437 3326 494 lio-

97 562 271 616 minem
298 556 611 614 Christumi
639 556 710 609 At
734 553 977 610 simulata
1004 552 1050 605 si
1075 557 1238 612 esset,
1267 547 1396 617 quid
1420 552 1669 610 restaret,
1701 543 1801 597 nisi
1832 548 1891 594 ut
1926 538 2049 593 ﬁcta
2089 537 2217 592 item
2248 550 2313 591 ac
2337 535 2615 598 simulata,
2664 547 2777 589 non
2820 544 2968 597 vera,
3008 536 3158 584 esset
3197 542 3326 585 cen-

96 650 240 705 senda
258 650 306 705 in
331 648 544 703 Christo
567 644 921 700 humanitas?
948 638 1088 707 Quid
1128 646 1308 693 autem
1352 651 1471 692 esse
1496 642 1677 705 potest
1700 633 1805 689 hoc
1833 629 2101 700 Opinionis
2142 633 2386 682 monstro
2414 640 2535 681 cum
2563 622 2780 678 Maximi
2808 620 3051 676 doctrina
3078 632 3324 690 pugnan-

100 742 227 799 tiusl
249 740 422 795 Manet
448 740 630 807 igitur,
662 751 770 791 non
798 734 1078 792 simulasse
1105 730 1338 787 esuriem
1362 726 1656 789 Christum,
1680 724 1776 779 sed
1803 737 1931 777 vere
1956 720 2225 783 esuriissc,
2256 714 2490 771 Maximo
2515 730 2625 772 non
2656 712 3014 807 testeisolum,
3045 710 3328 767 sed-etiam

100 832 416 902 (indicatos-6
522 829 758 884 vindice.
788 826 963 895 Roges
985 840 1075 879 me
1098 839 1196 879 cur
1217 836 1348 890 ergo
1376 820 1637 875 Maximus
1663 816 1936 873 simulasse
1963 814 2234 871 Christum
2256 812 2499 867 esuriem
2536 808 2770 878 scripsit.
2802 806 2985 861 Dicam
3022 805 3272 902 h_revibus
3306 821 3321 857 :

100 896 147 974 ri
170 919 437 983 simulasse,
468 925 529 971 ut
556 931 627 972 ex
654 914 869 970 Maximi
896 912 1137 983 ejusdem
1162 911 1321 967 dictis
1341 912 1481 965 inter
1505 924 1563 965 se
1586 907 1796 963 collatis
1822 905 2163 976 perspicitur,
2191 903 2380 959 eodem
2401 901 2658 967 recidere,
2682 916 2747 957 ac
2766 899 3013 981 retulisse
3028 896 3325 963 Christum,

96 1021 179 1060 seu
197 1006 512 1073 expressisse
540 1006 596 1059 in
618 1018 695 1069 se,
727 1010 787 1058 ut
812 1002 1046 1065 homine,
1079 1000 1313 1055 esuriem
1335 1015 1441 1054 non
1466 997 1818 1061 necessitate,
1850 993 1946 1050 sed
1972 995 2270 1050 voluntate.
2300 993 2549 1049 Voluisse
2593 992 2736 1047 civim
2771 992 2984 1048 esurire
3022 989 3322 1048 Christum:

98 1111 205 1152 cum
228 1105 397 1149 tamen
426 1096 474 1150 si
504 1095 783 1157 noluisset,
809 1108 916 1147 non
935 1092 1231 1157 esuriisset,
1264 1092 1474 1145 etiamsi
1503 1089 1569 1144 ad
1593 1103 1765 1144 annos
1791 1094 2076 1143 sexcentos
2096 1086 2359 1155 jejunium
2380 1082 2743 1155 produxisset.
2785 1084 2962 1151 Quare
3000 1082 3144 1153 quod
3171 1079 3327 1136 Chri-

97 1198 197 1243 stus
219 1186 473 1251 esurierit,
502 1185 667 1241 fuisse
696 1185 788 1239 illc
814 1182 999 1241 scribit
1027 1202 1040 1236 :
1067 1200 1181 1238 non
1202 1182 1504 1255 fragilitatis
1521 1194 1799 1251 corporeet,
1828 1177 1921 1233 sed
1948 1176 2166 1231 caelestis
2213 1177 2397 1248 gratias
2431 1184 2829 1231 sacramentum;
2858 1174 2997 1242 Quin
3034 1174 3197 1242 etiam
3226 1169 3324 1225 ibi-

96 1281 197 1333 dent
218 1280 277 1333 de
298 1280 497 1335 Christo
516 1279 796 1344 disserens,
822 1291 1217 1344 νοωατλιιωι,
1246 1275 1436 1343 inquit,
1455 1271 1745 1345 perferebat
1771 1272 2005 1326 esuriem.
2034 1265 2220 1334 Quid?
2247 1268 2291 1322 si
2321 1268 2413 1323 illo
2436 1268 2553 1337 ipso
2576 1267 2631 1321 in
2654 1280 2903 1322 sermone
2923 1262 3019 1330 l5,
3041 1277 3165 1333 pag.
3203 1259 3327 1322 ιω,

96 1371 174 1424 ubi
199 1371 457 1424 simulasse
482 1368 715 1424 esuriem
743 1367 1014 1422 Christum
1038 1365 1188 1431 dicit,
1220 1372 1404 1435 aperte
1425 1364 1625 1419 indicet
1652 1362 1933 1425 Maximus,
1964 1361 2197 1418 voluisse
2212 1358 2490 1415 Christum
2512 1359 2685 1428 ipsum
2706 1358 2930 1421 esurire,
2958 1364 3017 1411 ut
3036 1353 3332 1422 diabolum,

98 1475 240 1530 quem
267 1460 460 1514 celarat
486 1458 912 1514 incarnationem
937 1471 1110 1521 suam,
1141 1454 1421 1511 confusum
1445 1469 1477 1508 a
1506 1467 1565 1517 se
1591 1459 2005 1522 superatumque
2030 1448 2368 1519 depelleret?
2398 1446 2468 1502 Ut
2489 1442 2768 1512 diabolum,
2792 1444 2993 1513 inquit,
3020 1458 3168 1513 quem
3188 1441 3330 1530 jeju-

100 1528 253 1605 nando
273 1550 382 1622 jam
407 1552 618 1613 uicerat,
647 1551 833 1602 iterum
860 1562 1152 1601 ESURIENDO
1166 1545 1429 1600 sollicitet.
1463 1542 1622 1613 Spem
1649 1542 1785 1597 enim
1812 1540 1893 1594 illi
1927 1536 2290 1610 congrediendi
2324 1554 2397 1591 ea:
2433 1536 2735 1606 inﬁmitate
2775 1534 2927 1607 famis
2954 1528 3329 1605 quodammodo

99 1639 274 1704 tribuit,
294 1646 345 1692 et
370 1638 490 1691 dum
512 1637 667 1691 veluti
688 1645 869 1691 contra
887 1636 1191 1691 imbecillem
1209 1634 1561 1705 congreditur,
1590 1632 1859 1702 gloriosius
1882 1638 2165 1702 superetur.
2191 1628 2321 1683 Ilaec
2344 1636 2425 1682 est
2450 1629 2587 1682 enim
2605 1644 2725 1681 vera
2744 1627 2974 1689 uictoria,
3000 1621 3115 1696 [Lit]
3136 1631 3193 1675 ut
3211 1623 3331 1693 quia

99 1728 247 1784 Adam
270 1731 625 1795 immortalem,
657 1730 936 1801 gloriosum
966 1729 1019 1782 et
1042 1728 1333 1799 epulantem
1366 1724 1714 1800 subverterat;
1745 1740 1879 1778 nunc
1916 1721 1981 1776 ab
2020 1722 2223 1777 homine
2246 1721 2484 1786 mortali,
2528 1720 2711 1775 humili
2739 1720 2815 1791 (a)
2845 1727 2996 1789 atque
3036 1728 3331 1770 ESURiEN‘l‘E

99 1817 325 1870 rincaatr.
356 1816 581 1871 Gemens
600 1818 737 1873 enim
755 1817 1063 1871 esurientem
1088 1814 1343 1880 diabolus,
1368 1814 1628 1868 hominem
1655 1820 1820 1882 putat,
1851 1812 2048 1864 dubitat
2071 1810 2392 1865 Saluatorem
2414 1850 2429 1876 ,
2470 1818 2520 1863 et
2538 1810 2661 1864 ideo
2700 1810 2811 1862 ait:
2843 1805 2903 1863 Si
2936 1804 3109 1860 Filius
3131 1804 3227 1857 Dei
3252 1821 3330 1867 es,

101 1906 171 1960 die
191 1906 341 1977 lapidi
369 1909 484 1962 huic
502 1916 558 1961 ut
578 1910 909 1978 fiatpanis...
940 1905 1329 1977 Suspicabatur,
1371 1909 1602 1977 inquam,
1645 1906 1813 1973 ipsum
1851 1917 1961 1958 esse
1997 1900 2275 1968 Christum,
2306 1918 2421 1956 cum
2447 1900 2823 1972 postulabatut
2842 1898 2912 1953 de
2940 1898 3113 1968 lapide
3145 1911 3335 1965 partem

102 1997 297 2063 faceret;
323 1998 410 2050 sed
432 1998 649 2066 putabat
670 1996 1021 2051 tantummodo
1040 1996 1206 2052 solum
1226 1995 1506 2059 hominem,
1531 2009 1644 2055 cum
1670 2006 2003 2048 EBUBIENTEI
2025 2006 2272 2045 VIDIBA'I'.
2297 1988 2540 2045 Salvator
2559 1997 2731 2042 autem
2752 1989 3027 2042 uersutiam
3053 1989 3164 2057 ejus
3200 1986 3334 2038 mira

102 2088 401 2156 responsione
426 2088 852 2141 condemnat.....
885 2086 1169 2157 Respondit
1189 2103 1311 2157 ergo
1331 2088 1409 2140 illi
1433 2102 1451 2139 :
1480 2083 1603 2139 Non
1625 2085 1679 2137 in
1700 2085 1809 2138 solo
1838 2100 1973 2153 pane
1994 2084 2114 2136 vivit
2139 2082 2310 2146 homo,
2352 2082 2443 2135 sed
2475 2084 2529 2135 in
2561 2083 2698 2135 omni
2741 2080 2891 2134 verbo
2930 2078 3057 2133 Dei.
3079 2077 3196 2133 Hoc
3234 2085 3331 2137 est,

102 2192 191 2228 non
224 2178 275 2230 in
309 2194 440 2247 pane
479 2187 713 2242 terreno,
756 2193 857 2230 non
896 2177 1154 2230 materiali
1204 2178 1319 2231 cibo
1342 2216 1357 2241 ,
1398 2192 1496 2247 quo
1523 2174 1690 2227 Adam
1726 2175 1946 2242 primum
1974 2173 2245 2243 decepisti,
2275 2172 2365 2226 sed
2384 2173 2449 2225 in
2463 2172 2617 2225 uerbo
2657 2171 2786 2236 Dei,
2826 2173 2882 2225 in
2918 2187 3021 2241 quo
3054 2178 3175 2223 sunt
3214 2170 3337 2222 vita:

103 2263 325 2317 alimenta
352 2265 590 2318 caelestis.
632 2264 855 2318 Verbum
885 2273 1058 2318 autem
1086 2264 1187 2318 Dei
1213 2264 1447 2319 Christus
1475 2273 1549 2317 est
1575 2263 1855 2322 Dominus,
1886 2270 1997 2317 etc.
2033 2262 2138 2317 Sed
2167 2262 2234 2316 de
2264 2276 2389 2316 vera
2426 2261 2624 2316 Christi
2660 2262 2841 2318 esnrie
2868 2266 2992 2331 post
3017 2261 3330 2316 diuturnum

104 2356 423 2425 quadraginta
451 2357 660 2411 dierum
693 2356 984 2425 jejunium,
1023 2357 1154 2411 satis
1180 2356 1379 2410 dictum
1410 2370 1478 2410 ex
1504 2354 1767 2409 sententia
1791 2354 2010 2406 Maximi
2038 2361 2140 2407 est.

163 2445 261 2498 ΥΠ.
297 2445 441 2501 Nunc
467 2446 535 2501 de
564 2448 773 2502 (ueteris
800 2446 1068 2517 mysteriis
1094 2444 1399 2500 Senatoris
1423 2444 1624 2498 Christi
1653 2457 1868 2513 pergam
1888 2456 2070 2509 agere.
2102 2441 2221 2496 Jam
2252 2450 2431 2496 natum
2462 2441 2637 2511 ipsum
2666 2455 2731 2495 ex
2758 2439 2947 2505 Maria,
2979 2440 3133 2509 cujus
3162 2438 3331 2508 erigi.

104 2538 221 2592 nalis
240 2537 391 2592 fuerit
415 2538 608 2606 gratia,
632 2553 858 2607 quaeque
884 2539 1035 2605 virgo
1064 2545 1189 2592 ante
1218 2537 1533 2607 partum,in‘
1555 2544 1712 2605 partu
1731 2551 1795 2591 ac
1819 2543 1940 2605 post
1970 2543 2181 2604 partum
2206 2533 2391 2600 fuerit,
2425 2534 2684 2589 Maximus
2710 2535 2909 2606 ubique
2932 2534 3212 2604 praedicat.
3244 2534 3335 2588 At-

105 2644 194 2697 que
215 2638 291 2683 est
316 2629 427 2696 ejus
456 2629 680 2683 illustris
706 2630 857 2683 locus
884 2628 951 2683 de
980 2628 1227 2695 originali
1255 2627 1431 2695 gratia
1455 2626 1631 2681 Maria:
1659 2627 1711 2679 in
1730 2625 1951 2679 homilia
1968 2622 2025 2688 v5,
2059 2636 2178 2693 pag.
2204 2622 2293 2676 t8.
2317 2624 2405 2679 Sic
2426 2632 2603 2678 autem
2624 2625 2675 2679 is
2693 2624 2842 2679 locus
2860 2624 3061 2679 habet:
3089 2623 3340 2678 Idoneum

107 2719 237 2786 plane
259 2717 422 2772 Maria
450 2717 657 2772 Christo
686 2715 1049 2775 habitaculum.
1083 2733 1186 2770 non
1214 2734 1306 2786 pro
1336 2716 1510 2769 habitu
1536 2716 1785 2785 corporis,
1808 2714 1898 2768 sed
1919 2730 2012 2782 pro
2036 2714 2205 2783 gratia
2231 2712 2493 2783 originali.
2520 2713 2587 2767 Et
2611 2715 2662 2768 in
2682 2715 2904 2770 humilia
2926 2713 3015 2781 45,
3044 2730 3166 2785 pag.
3200 2713 3338 2768 1'58:

108 2808 226 2870 Quin
250 2809 425 2876 potius,
457 2809 649 2878 inquit,
680 2810 847 2878 ipsam
872 2806 928 2864 Η
934 2809 1098 2862 ariam
1118 2825 1313 2862 manna
1340 2809 1581 2872 dixerint,
1612 2808 1733 2878 quia
1759 2813 1834 2867 est
1862 2805 2083 2867 subtilis,
2112 2806 2379 2874 splendida
2397 2848 2409 2869 ,
2440 2808 2611 2861 suavis
2638 2816 2688 2861 et
2716 2809 2887 2874 virgo;
2913 2824 3029 2879 qua:
3057 2807 3209 2862 veluti
3239 2824 3338 2861 (nec

104 2898 208 2949 litus
227 2898 417 2951 ueniens
445 2900 646 2953 cunctis
667 2897 1244 2969 Ecclesiarumpopulis
1264 2896 1431 2952 cibum
1453 2898 1733 2952 dulciorem
1752 2896 2157 2966 melledeﬂuarlt,
2182 2914 2328 2969 quem
2356 2899 2440 2969 qui
2457 2898 2620 2952 edere
2637 2906 2688 2952 et
2700 2900 3021 2954 manducare
3039 2901 3341 2972 neglexerit,

103 2991 243 3038 ritum
267 2989 318 3039 in
345 2991 617 3058 semetipso
646 2989 833 3043 habere
853 3005 955 3043 non
976 2990 1184 3059 poterit.
1208 2988 1284 3043 De
1312 2987 1493 3042 Maria:
1520 3003 1685 3057 porro
1709 2988 2017 3055 virginitate
2044 2987 2123 3042 sic
2146 2988 2331 3042 statuit
2358 2988 2578 3042 homilin
2608 2986 2658 3054 Β,
2684 3001 2806 3058 pag.
2832 2988 2899 3041 l7
2927 3003 3076 3059 seqq.
3106 3007 3120 3042 :
3152 2988 3340 3043 Ναϐαῖ-

106 3092 179 3130 tur
201 3078 327 3132 salus
348 3082 574 3133 omnium
595 3079 848 3145 Christus,
870 3096 1020 3151 quem
1046 3096 1217 3149 regem
1242 3081 1466 3149 gentium
1493 3078 1754 3149 propr
1768 3085 2055 3140 testantur;
2084 3080 2411 3131 nascitur'ea:
2448 3079 2674 3148 virgine,
2712 3080 2846 3132 sicut
2888 3077 3061 3134 Isaias
3090 3079 3343 3142 declarat,

104 3170 258 3233 piceus
276 3188 293 3223 :
310 3171 435 3226 Ecce
463 3175 606 3244 uirgo
634 3176 905 3245 concipiet,
934 3182 985 3227 et
1002 3175 1171 3244 pariet
1189 3173 1374 3243 ﬁlium,
1399 3181 1450 3226 et
1477 3172 1725 3225 uocabunt
1746 3187 1941 3227 nomen
1952 3173 2063 3241 ejus
2091 3170 2431 3237 Emmanuel,
2463 3172 2599 3245 quod
2628 3181 2706 3227 est
2736 3174 3131 3243 interpretatum
3171 3172 3340 3227 nobis~

106 3274 206 3313 cum
230 3260 383 3316 Deus.
418 3263 618 3318 Probat
654 3281 775 3336 ergo
814 3265 1078 3318 ueritatem
1104 3263 1319 3318 Domini
1346 3263 1474 3318 ordo
1504 3263 1769 3316 nascendi.
1800 3263 2043 3333 Concepit
2070 3264 2215 3335 uirgo
2234 3262 2394 3317 uirilis
2419 3264 2609 3335 ignara
2640 3266 2921 3330 consortii;
2958 3265 3199 3334 impletur
3232 3274 3343 3319 ute-

109 3363 186 3400 rus
208 3351 336 3405 nullo
356 3352 543 3407 libatus
575 3355 819 3424 amplexu
834 3369 853 3419 ;
881 3363 933 3407 et
953 3353 1207 3423 Spiritum
1224 3360 1461 3407 sanctum
1486 3361 1658 3406 castus
1684 3360 1860 3406 venter
1880 3354 2114 3422 excepit,
2156 3369 2307 3423 quem
2333 3371 2465 3425 pura
2492 3355 2720 3409 membra
2758 3365 3028 3410 servarunt
3048 3398 3061 3423 ,
3102 3340 3347 3412 innocens

109 3457 271 3507 corpus
296 3445 463 3512 gessit.
506 3444 690 3498 Videte
715 3446 1018 3499 miraculum
1044 3446 1225 3503 matris
1252 3442 1558 3498 Dominicw.
1590 3443 1757 3499 Vilico
1785 3459 1882 3499 ssr
1911 3459 2016 3500 cost
2041 3459 2302 3511 conamur,
2344 3460 2500 3501 vmco
2542 3461 2646 3499 coit
2684 3458 2973 3512 ηρλιιτσιιιτ,
3014 3459 3176 3502 Vince
3214 3462 3345 3502 poss-

116 3546 317 3587 ρΑιτωι.
348 3533 586 3591 Gloriosa
605 3538 880 3608 virginitas
907 3547 957 3591 ct
977 3536 1233 3606 praclara
1253 3534 1583 3608 fecunditas!
1617 3535 1791 3589 Virtus
1822 3534 2000 3588 mundi
2026 3536 2288 3599 nascitur,
2337 3547 2391 3589 et
2426 3535 2599 3589 nullus
2626 3545 2704 3589 est
2740 3538 2955 3606 gemitus
2992 3540 3343 3607 parturientis.

123 3616 357 3679 Vocantur
380 3636 570 3691 uterus,
604 3626 785 3697 infans
813 3628 1084 3697 excipitur,
1102 3643 1197 3680 nec
1215 3627 1486 3697 virginitas
1513 3626 1751 3681 violatur.
1772 3624 1849 3679 Et
1872 3623 2095 3680 homilia
2118 3627 2167 3691 7,
2200 3640 2321 3695 pag.
2349 3628 2415 3679 21
2438 3641 2557 3696 seq.
2587 3646 2599 3679 :
2626 3626 2881 3703 Gentiles,
2913 3628 3085 3697 inquit
3110 3629 3187 3698 (at
3209 3640 3349 3683 nunc
3389 3683 3392 3686 .

116 3707 350 3765 hereticos
366 3713 719 3783 seponamus),
744 3714 1035 3768 carnalibus
1056 3715 1368 3785 argumentis
1389 3714 1627 3776 hebetati,
1650 3714 1818 3766 adhuc
1838 3722 2076 3767 recusant
2095 3716 2303 3767 credere
2320 3730 2385 3768 ea:
2404 3716 2598 3787 uirgine
2618 3704 3011 3785 nascipotuisse
3032 3717 3347 3790 (Christian)

116 3807 154 3849 et
178 3803 473 3857 sacerdotem
494 3807 597 3859 ista
619 3805 883 3860 docentem
904 3805 1236 3859 irrident..."
1271 3805 1457 3863 Verum
1477 3822 1713 3876 qutenam
1733 3806 1842 3859 haec
1869 3813 1946 3859 est
1972 3804 2297 3875 prudentium
2319 3805 2471 3875 hujus
2500 3807 2675 3860 steculi
2701 3809 2860 3861 stulta
2883 3809 3117 3863 doctrina
3133 3850 3147 3873 ,
3182 3810 3351 3863 dicam

115 3890 281 3957 potius,
316 3894 518 3949 insania
539 3897 565 3950 .7
586 3895 798 3949 credere
827 3895 993 3950 Deum
1029 3895 1291 3950 mirabilia
1315 3896 1597 3966 aliquando
1626 3897 1836 3966 fecisse,
1871 3896 2044 3966 facere
2076 3897 2233 3949 etiam
2272 3904 2322 3949 et
2343 3911 2512 3962 nunc;
2543 3899 2598 3949 in
2634 3899 2989 3954 sacratissima
3026 3908 3193 3953 autem
3223 3897 3357 3954 Filii

116 3976 233 4049 [tan]
259 3981 331 4034 sui
350 3980 557 4038 Domini
579 3986 749 4038 nostri
768 3986 1055 4050 natiuitate,
1086 3988 1377 4066 emuirgine
1400 3986 1454 4040 id
1482 3987 1625 4041 nullo
1654 3986 1806 4039 modo
1835 3988 2062 4055 potuisse
2086 3988 2371 4056 praestare?
2404 3986 2505 4042 Ille
2523 3990 2660 4043 enim
2686 3989 2935 4061 idemque
2965 3992 3123 4057 Deus,
3150 3994 3353 4062 quita?-

116 4066 206 4119 lurn
224 4078 361 4138 atque
391 4077 539 4127 caelos
579 4072 853 4137 calorum,
891 4074 1095 4155 singula
1124 4077 1280 4129 etiam
1306 4093 1420 4148 quae
1441 4079 1496 4130 in
1521 4079 1592 4131 eis
1620 4086 1758 4141 sunt,
1798 4078 1977 4131 divina
2005 4087 2116 4131 arte
2141 4078 2422 4149 aliquando
2450 4082 2643 4134 creavit
2678 4097 2742 4134 ea:
2766 4083 2932 4137 nihilo
2950 4123 2962 4135 .
2980 4122 2993 4135 .
3017 4123 3029 4137 .
3053 4123 3065 4136 .
3090 4124 3101 4137 .
3119 4126 3133 4151 ,
3160 4084 3252 4138 ille
3279 4096 3355 4139 est

208 4158 376 4227 virgini
396 4170 600 4228 partum
624 4161 770 4213 dedit
788 4170 835 4214 et
862 4161 1105 4217 sobolem.
1150 4164 1211 4218 Si
1233 4164 1398 4219 Deum
1419 4167 1603 4231 credis,
1628 4168 1807 4221 caelum
1830 4210 1844 4233 ,
1876 4167 2035 4221 solem
2051 4207 2065 4232 ,
2096 4169 2274 4222 stellas
2295 4171 2515 4225 condere
2543 4174 2767 4241 potuisse
2790 4188 2858 4227 ea:
2882 4175 3047 4228 nihilo
3064 4215 3078 4228 .
3102 4216 3116 4230 .
3137 4215 3150 4229 .
3174 4215 3188 4228 .
3204 4215 3218 4239 ,
3262 4192 3355 4229 cur

119 4244 243 4297 illum
269 4248 469 4303 intacta.-
495 4251 689 4322 virgini
716 4251 879 4320 ipsius
905 4250 1004 4305 Dei
1034 4262 1278 4322 cperante
1306 4255 1641 4308 virtutedare
1678 4271 1780 4310 non
1820 4258 2045 4326 potuisse
2086 4257 2392 4310 contendis?
2440 4255 2569 4321 Qua:
2613 4261 2750 4313 enim
2789 4264 2964 4332 major
2991 4265 3355 4332 omnipotentis

121 4334 201 4386 Dei
227 4338 370 4391 uirtus
397 4342 514 4406 erit,
544 4349 739 4394 cuncta
762 4358 877 4413 qua
903 4342 957 4395 in
986 4343 1127 4397 ctelis
1150 4351 1201 4397 et
1218 4345 1273 4397 in
1294 4344 1484 4399 mundo
1513 4346 1647 4400 videt
1673 4348 1925 4399 crearisse
1942 4362 2007 4400 ea:
2034 4347 2215 4412 nihilo,
2240 4356 2328 4401 aut
2347 4350 2401 4401 in
2424 4351 2750 4405 intemerata:
2776 4354 2988 4423 virginis
3017 4363 3181 4417 utero,
3214 4357 3355 4411 nullo

119 4429 405 4490 prazcedenle
442 4432 653 4486 carnali
698 4434 987 4503 complexu,
1033 4435 1290 4489 hominem
1328 4437 1542 4490 creare?
1569 4444 1677 4491 etc.
1720 4435 1918 4490 Confer
1946 4438 2215 4491 homiliam
2240 4438 2293 4503 8,
2323 4453 2443 4509 pag.
2478 4439 2565 4505 24,
2592 4450 2645 4493 et
2672 4441 2864 4501 homil.
2886 4441 2938 4507 9,
2956 4456 3092 4511 apag.
3116 4443 3187 4496 24
3215 4460 3355 4513 scq.,

121 4524 167 4566 ct
190 4516 357 4607 homil.
388 4520 472 4585 ll,
505 4537 635 4592 pag.
670 4522 740 4576 30
764 4538 949 4593 seqq.,
999 4533 1055 4581 et
1078 4526 1266 4581 homil.
1297 4526 1383 4590 12,
1421 4541 1543 4598 pag.
1577 4527 1821 4596 54‘scq.,
1868 4537 1921 4582 et
1951 4528 2135 4583 homil.
2167 4528 2252 4594 14,
2286 4543 2406 4600 pag.
2434 4527 2502 4585 59
2529 4546 2643 4601 seq.
2664 4573 2676 4597 ,
2711 4541 2762 4587 et
2791 4534 2976 4588 homil.
3002 4534 3087 4602 15,
3118 4550 3237 4607 pag.
3268 4538 3359 4604 £2,

123 4616 172 4658 ct
192 4605 363 4663 homil.
393 4608 487 4677 20,
508 4626 640 4683 pag.
674 4611 763 4680 55,
795 4621 851 4668 et
888 4616 1076 4670 homil.
1123 4615 1211 4682 22,
1244 4630 1366 4688 pag.
1398 4616 1485 4681 63,
1516 4632 1624 4685 quo
1650 4617 1809 4671 loco:
1861 4615 2060 4682 Novus,
2097 4619 2269 4685 inquit
2291 4658 2307 4683 ,
2358 4621 2561 4689 quidem
2598 4621 2750 4674 homo
2787 4622 2840 4675 in
2886 4605 3146 4693 tempore,
3176 4605 3270 4679 sed
3296 4625 3359 4677 ab

121 4706 290 4754 eterna
313 4701 481 4770 Deus;
510 4720 681 4759 novus
719 4707 924 4775 quidem
963 4704 1215 4771 Christus,
1257 4709 1347 4764 sed
1390 4709 1643 4764 Dominus
1683 4711 1912 4763 omnium
1942 4711 2263 4767 swculorum.
2306 4711 2481 4766 Hodie
2517 4712 2810 4769 beatissima
2848 4716 2941 4770 illa
2992 4716 3153 4789 Virgo
3184 4719 3360 4774 Maria

123 4792 294 4858 peperit
318 4792 587 4859 hominem,
619 4811 775 4866 quem
801 4811 905 4849 non
928 4799 1151 4869 suscepit
1178 4797 1242 4851 ab
1270 4799 1479 4854 homine,
1499 4806 1547 4852 et
1571 4814 1685 4867 qua
1719 4807 1840 4851 mlle
1868 4807 2071 4868 partum
2106 4799 2355 4853 inuiolata
2394 4801 2533 4870 virgo
2555 4805 2856 4879 permansit.
2900 4804 3052 4859 Ridet
3081 4809 3211 4860 tanti
3225 4825 3361 4879 pro-

125 4879 399 4945 funditatem
422 4882 666 4953 mysterii
693 4897 829 4936 cteca
852 4892 903 4937 et
926 4884 1087 4937 stulta
1125 4886 1414 4955 gentilitas;
1457 4886 1639 4939 irridet
1658 4887 2039 4957 quoque-impia
2065 4886 2497 4957 illablasphemia
2518 4905 2632 4957 qua:
2644 4876 2995 4961 superioribus
3019 4896 3214 4963 diebus,
3235 4876 3362 4953 dum

125 4979 305 5036 partum
328 4973 533 5045 virginis
562 4982 843 5029 attenuare
880 4978 1210 5045 presumpsit
1254 4986 1405 5048 atque
1431 4993 1775 5043 corrumpere,
1808 4976 2070 5031 Christum
2092 4977 2373 5033 Dominum
2400 4997 2464 5033 ea:
2485 4982 2680 5052 uirgine
2705 4990 2971 5053 procreari
2998 5004 3101 5041 non
3130 4992 3361 5058 potuisse

127 5058 480 5131 blasphetnauit.
518 5066 686 5119 Hanc
704 5074 888 5120 sancta
910 5066 1287 5123 Mediolanensi
1314 5068 1550 5122 Ecclesia
1573 5069 1769 5121 horruit
1788 5069 2191 5139 blasphemiam;
2212 5070 2357 5125 illam
2378 5072 2645 5141 synodalis
2666 5083 2841 5129 noster
2858 5091 2960 5132 uno
2987 5095 3077 5132 ore
3097 5080 3362 5136 damnavit

128 5158 400 5221 unoculus;
445 5157 686 5210 eamdem
728 5164 1015 5213 exsecrata,
1039 5166 1117 5211 est
1152 5159 1242 5228 pia
1274 5160 1396 5228 ipsa
1436 5161 1717 5229 imperialis
1757 5168 2004 5229 potestas.
2044 5160 2249 5215 Etenim
2277 5148 2399 5215 dum
2433 5167 2719 5221 uenerabile
2743 5168 3049 5223 connubium
3080 5174 3364 5243 virginitati

130 5254 262 5293 ausus
294 5251 363 5298 est
405 5260 631 5315 requare,
682 5243 945 5299 Christum
990 5247 1333 5318 blasphemnt,
1381 5264 1447 5305 ex
1488 5264 1699 5305 VIBGINE
1745 5265 1846 5304 non
1890 5265 2143 5304 Ροτυιεεε
2195 5264 2484 5318 caussam;
2534 5268 2639 5307 CUI
2687 5272 2893 5313 NECABI
2915 5274 3022 5313 uox
3053 5270 3262 5316 sonss‘r
3294 5279 3359 5316 ex

133 5340 333 5385 ﬂumen
352 5371 368 5397 ,
414 5348 587 5390 smus
637 5348 962 5389 HUIANORUI
992 5351 1254 5392 pronoun:
1282 5353 1570 5402 PARTUBUS,
1620 5352 1860 5393 \‘lBGlNES
1907 5328 2239 5393 venustatis.
2292 5339 2425 5395 Sunt
2454 5343 2567 5397 haec
2596 5344 2679 5407 iis,
2714 5360 2832 5419 quin
2860 5349 3102 5418 synodali
3134 5352 3361 5420 epistola

138 5427 326 5482 concilii
370 5428 784 5487 Mediolancnsis
831 5431 1122 5500 provinciae
1151 5433 1410 5488 adversus
1437 5431 1775 5488 Iovinianum
1807 5432 2229 5504 Symmistasque
2258 5438 2630 5506 continentur,
2664 5442 2823 5510 plane
2853 5458 3111 5499 consona.
3144 5446 3277 5501 Nam
3313 5450 3365 5503 in

146 5684 173 5737 ν
202 5620 274 5699 (α),
310 5621 429 5678 Vide
448 5639 694 5708 sanctum
720 5627 1023 5697 Augustin,
1052 5644 1213 5684 serm.
1250 5629 1365 5711 15⁸53
1392 5630 1461 5683 al.
1492 5630 1554 5682 ll
1576 5670 1590 5693 ,
1613 5630 1680 5686 de
1789 5648 1875 5685 an.
1911 5633 2063 5687 F700.
2100 5636 2249 5693 Mitto
2270 5648 2491 5692 exteros
2514 5637 2717 5705 Patres,
2742 5661 2968 5714 quorum
3000 5657 3121 5703 sunt
3144 5648 3346 5707 similes

183 5688 304 5744 crtus
321 5691 535 5751 Donum.
555 5715 670 5751 can.
695 5698 749 5751 ‘2.
774 5713 900 5751 082.
921 5697 1041 5751 ~“9.
1058 5708 1187 5751 tom.
1216 5699 1256 5751 Υ
1279 5702 1406 5751 edll.
1424 5700 1680 5751 Antuern.
1796 5704 2057 5751 nlanmue
2087 5707 2391 5751 ntmfm‘mna
2411 5712 2699 5751 sontentiai,
3348 5689 3365 5716 ο

522 5740 535 5764 ,
555 5715 670 5767 cap.
695 5698 749 5765 ‘2,
774 5713 900 5767 pag.
921 5697 1041 5765 illi,
1058 5708 1187 5755 tom.
1216 5699 1256 5753 V
1279 5701 1406 5756 edit.
1424 5700 1680 5771 Antuerp.
1795 5704 2057 5772 planeque
2087 5707 2393 5764 conformcs
2411 5712 2704 5765 sententiae.
