3898 6226
479 342 547 398 53
1894 334 2277 392 PMFATlO.
3661 339 3736 399 56

470 447 695 518 cpistola
723 447 939 515 eadem,
971 463 1116 504 num.
1149 447 1182 501 ι
1212 447 1310 520 (a),
1343 448 1421 504 sic
1449 448 1678 518 legitur:
1715 448 1924 514 Quanta
1951 452 2176 504 amentia
2199 450 2521 520 funestorum
2549 448 2855 516 latratuum,
2897 455 2955 505 ut
2994 451 3148 507 iidem
3195 452 3442 520 dicerent,
3468 450 3732 510 Christum

474 554 539 593 ει
569 553 775 594 νιιιςικε
803 554 904 594 NON
932 552 1180 594 Ροτυιεεε
1207 554 1487 605 αεκειιλκι,
1519 556 1605 604 QUI
1635 555 1899 595 ASSERUNT
1929 556 2001 594 Εἰ
2030 555 2283 605 ιυιιειίε,
2318 554 2491 594 EDITIS
2521 555 2843 597 "UIANOBUI
2875 559 3136 600 ιἰςκοκυιι
3166 561 3454 610 PARTIBVS,
3485 563 3731 602 manu

471 644 805 694 Pilumnus,
829 635 933 684 etc.
956 627 1110 694 Quod
1137 637 1315 683 autem
1345 629 1532 684 scribit
1560 629 1852 684 Maximus:
1879 628 2128 684 Eamdem
2159 630 2587 700 (blasphemiam)
2620 643 2886 686 exsecrata
2917 643 2994 688 est
3023 636 3136 704 ipsa
3163 633 3442 705 imperialis
3471 646 3729 706 potestas,

471 721 522 775 id
555 730 836 792 exceptura
867 736 934 777 ex
963 723 1028 777 iis
1055 730 1138 778 est
1180 736 1300 791 qua:
1328 723 1563 793 synodus
1592 723 1705 792 ipsa
1734 722 1924 777 litteris
1952 723 2138 777 iisdem
2178 728 2261 776 est
2299 730 2596 790 persecuta.
2629 721 2768 777 Sunt
2798 739 2924 778 vero
2947 739 3009 776 ea
3038 723 3337 792 huiusmodi
3374 740 3520 778 num.
3549 724 3583 777 8
3605 724 3687 792 (ι)
3714 742 3731 778 :

473 810 700 881 Dignum
728 811 804 865 illi
826 809 1272 882 (Jovinianenses)
1293 814 1560 882 premium
1586 814 1865 866 retulerunt
1892 813 2123 882 perfidia
2140 828 2268 878 suc,
2290 813 2376 882 qui
2403 811 2517 867 ideo
2543 813 2641 866 huc
2677 822 2949 878 venerunt,
2983 830 3048 868 ne
3071 823 3352 882 superesset
3377 815 3517 868 locus
3545 816 3599 867 in
3626 831 3733 885 quo

473 916 576 954 non
607 900 995 966 damnarentur,
1040 902 1126 972 qui
1171 918 1286 956 uere
1312 918 1366 956 se
1411 901 1728 956 Manio/imos
1769 903 2111 971 probaverunt
2153 903 2245 974 (c),
2286 920 2390 958 non
2423 903 2682 958 credentes
2701 942 2717 969 ,
2745 907 2864 975 quia
2903 920 2968 958 ea:
2995 905 3190 973 virgine
3210 906 3381 975 utique
3399 907 3597 958 venisse
3623 922 3735 960 non

474 986 718 1043 creditur.
752 985 1002 1052 Quanam
1045 989 1155 1043 hinc
1201 997 1279 1043 est
1314 1005 1507 1060 suppar
1533 1006 1779 1044 novorum
1815 989 2114 1044 Judazorum
2153 991 2419 1045 amentia?
2440 990 2501 1046 Si
2521 993 2716 1045 uenisse
2744 1008 2846 1045 non
2875 991 3119 1057 creditur,
3151 1007 3244 1044 nec
3263 1008 3473 1045 carnem
3503 993 3738 1046 creditur

475 1079 788 1148 suscepisse;
814 1095 937 1148 ergo
967 1079 1022 1132 in
1053 1079 1416 1149 phantasmate
1452 1079 1588 1135 visus
1615 1089 1714 1144 est,
1738 1081 1793 1133 in
1832 1080 2192 1150 phantasmate
2219 1081 2495 1151 crucifixus
2519 1089 2614 1136 est.
2667 1081 2774 1136 Sed
2806 1082 2954 1135 nobis
2973 1082 3028 1134 in
3049 1081 3259 1135 veritate
3287 1083 3568 1151 crucifixus
3598 1079 3738 1152 [Liv]

476 1175 571 1232 est,
603 1168 657 1220 in
684 1169 897 1222 veritate
927 1166 1238 1238 Redemer
1273 1177 1349 1224 est
1388 1179 1580 1224 noster.
1633 1168 1956 1224 Manichtzus
1981 1178 2058 1224 est
2094 1172 2181 1239 qui
2221 1166 2442 1242 abnegat
2468 1173 2754 1237 ceritatem,
2779 1172 2865 1242 qui
2890 1187 3095 1226 carnem
3119 1169 3311 1225 Christi
3337 1181 3521 1242 negat,
3542 1182 3593 1227 et
3614 1173 3740 1226 ideo

478 1259 577 1310 noli
599 1266 674 1310 est
701 1257 806 1310 illis
826 1258 1057 1311 remissio
1083 1265 1424 1325 peccatorum,
1454 1257 1546 1312 sed
1571 1266 1649 1312 est
1674 1259 1910 1328 impietas
1945 1257 2353 1316 Manichaeorum
2376 1256 2392 1326 ,
2421 1278 2574 1333 quam
2601 1270 2650 1315 et
2677 1261 3099 1316 clementissimus
3125 1271 3419 1316 exsecratus
3451 1271 3529 1317 est
3567 1264 3738 1334 inspe-

477 1355 638 1412 rator,
679 1357 728 1400 et
782 1363 957 1401 omnes
996 1347 1080 1417 qui
1125 1346 1243 1400 illos
1289 1347 1524 1400 viderunt
1545 1386 1560 1412 ,
1602 1349 1748 1418 quasi
1777 1348 2011 1420 quoniam
2040 1351 2279 1421 contagia
2308 1353 2620 1422 refugerunt.
2653 1349 2852 1405 Vertun
2877 1349 2943 1405 de
2971 1349 3074 1405 hac
3101 1350 3305 1421 synodo
3333 1351 3484 1406 alias.
3545 1352 3739 1407 Redeo

485 1437 554 1493 ad
581 1437 796 1492 Maximi
836 1436 904 1492 de
930 1437 1233 1505 virginitate
1283 1437 1379 1492 Dei
1429 1438 1699 1506 genitricis
1745 1439 2062 1494 doctrinam.
2103 1439 2243 1507 Ergo
2292 1440 2338 1495 is
2383 1440 2601 1494 homilia
2627 1439 2716 1504 25,
2748 1454 2868 1509 pag.
2900 1439 2984 1505 ⁵14,
3015 1439 3254 1496 iudmum
3286 1443 3737 1511 reprehendens:

490 1529 640 1600 Apud
667 1537 733 1595 te,
768 1529 958 1597 inquit,
987 1529 1398 1598 virgo'concepit,
1436 1538 1488 1583 et
1513 1530 1726 1600 uirginis
1749 1539 1848 1584 tua
1871 1539 2076 1600 partum
2112 1530 2311 1584 alienus
2345 1532 2612 1601 agnoscit;
2641 1529 2731 1583 tibi
2754 1530 2970 1584 salutem
2999 1539 3140 1584 tuam
3167 1531 3418 1602 angelica
3443 1549 3592 1587 voces
3618 1549 3740 1602 per-

480 1621 697 1677 suadere
737 1637 842 1676 non
868 1629 1100 1691 possunt,
1129 1627 1179 1675 et
1203 1618 1272 1672 ad
1293 1619 1552 1674 Christum
1591 1630 1728 1674 tuum
1771 1637 1876 1675 una
1922 1620 2196 1675 Chaldwos
2236 1620 2384 1674 stella
2423 1619 2684 1690 perduxit.
2731 1619 2798 1673 Et
2826 1619 3046 1673 homilia
3075 1619 3164 1683 29,
3195 1635 3316 1689 pag.
3349 1619 3437 1686 87,
3469 1619 3741 1675 Joannem

480 1712 774 1782 Baptistam
800 1713 878 1768 sic
905 1711 1106 1768 inducit
1133 1713 1496 1783 alloquentem
1522 1709 1798 1766 Christum
1827 1729 1840 1764 :
1870 1710 1958 1765 lle
1977 1713 2075 1765 viri
2094 1720 2143 1766 et
2166 1713 2370 1782 femina:
2397 1710 2653 1765 naturalis
2681 1712 2863 1781 capulo
2891 1712 3205 1780 procreavit;
3239 1721 3286 1764 te
3313 1722 3482 1765 autem
3503 1752 3519 1766 .
3571 1713 3743 1766 Altis-

483 1801 602 1855 simi
624 1798 955 1854 obumbrante
983 1800 1184 1864 virute,
1227 1800 1522 1854 ueneranda
1560 1801 1707 1854 nobis
1737 1800 2007 1870 virginitas
2046 1799 2204 1854 dedit.
2243 1798 2352 1855 Sed
2377 1798 2505 1867 quid
2535 1798 2621 1853 bis
2649 1813 2750 1867 ego
2778 1799 3058 1862 immorer,
3088 1800 3182 1868 qui
3205 1800 3249 1854 si
3278 1801 3454 1854 omnia
3487 1801 3746 1870 persequi

485 1891 831 1962 proponendo
858 1891 1016 1946 velim
1061 1907 1182 1960 quas
1218 1890 1480 1946 Maximus
1501 1891 1606 1947 hoc
1629 1890 1698 1946 de
1723 1890 1976 1960 dogmate
2003 1891 2234 1946 homiliis
2260 1890 2702 1959 sermonibusque
2729 1889 2838 1944 suis
2865 1889 3177 1959 complexus
3204 1897 3306 1956 est,
3339 1891 3430 1944 vix
3450 1891 3748 1959 aliquando

485 1982 674 2038 iaciam
712 1981 979 2038 scribendi
1026 1980 1225 2037 ﬁnem?
1261 1982 1450 2050 Itaque
1492 1982 1710 2036 modum
1755 1980 1884 2035 huic
1929 1988 2244 2047 argumento
2288 1986 2553 2042 statuam,
2602 1992 2816 2047 unoque
2845 1977 2937 2032 illo
2965 1976 3135 2031 sancti
3165 1977 3400 2046 episcopi
3429 1978 3750 2034 testimonio

487 2080 769 2129 contentus
796 2086 912 2137 ero,
940 2069 1086 2139 quod
1121 2071 1318 2139 legitur
1352 2071 1409 2125 in
1453 2084 1702 2124 sermone
1724 2069 1809 2134 57,
1842 2081 1961 2138 pag.
2006 2066 2146 2121 497:
2183 2067 2356 2122 Voluit
2381 2068 2625 2137 virginem
2663 2081 2867 2134 parere,
2911 2073 2961 2118 et
2999 2064 3386 2120 obumbratione
3418 2069 3747 2136 majestatis,

488 2163 628 2219 nullo
655 2163 868 2233 virginei
886 2160 1104 2231 pudoris
1128 2161 1342 2227 damno,
1383 2158 1620 2214 Christus
1645 2160 1890 2230 processit
1929 2175 1994 2213 ea:
2021 2159 2214 2214 Maria.
2269 2156 2337 2211 Et
2380 2157 2502 2212 inde
2527 2166 2605 2212 est
2637 2157 2773 2228 quod
2796 2156 3089 2226 philosophi
3110 2157 3335 2228 gentium
3363 2157 3754 2228 prudentesque

491 2255 690 2320 mundi,
721 2255 806 2324 qui
825 2254 1001 2308 omnia
1027 2252 1123 2306 sibi
1143 2253 1358 2322 propria
1386 2253 1561 2307 volunt
1583 2252 1951 2320 disceptatione
1979 2259 2240 2316 constare,
2268 2251 2388 2304 dum
2418 2258 2619 2305 terreno
2641 2265 2792 2303 sensu
2819 2249 2999 2303 diuina
3026 2248 3326 2314 discutiunt,
3357 2251 3607 2318 sapientia
3652 2266 3754 2302 sua

489 2346 795 2416 desipientes
835 2344 904 2397 ad
940 2344 1310 2414 plenitudinem
1350 2359 1456 2396 non
1493 2344 1795 2412 perveniunt
1831 2343 2078 2396 veritatis.
2122 2338 2223 2404 Qui
2242 2342 2374 2393 hanc
2399 2342 2558 2411 igitur
2583 2340 2835 2394 desudant
2859 2339 3046 2393 habere
3067 2340 3375 2404 doctrinam,
3405 2348 3461 2394 ut
3487 2342 3624 2410 quod
3647 2342 3754 2411 ipsi

491 2438 750 2492 aduertere
776 2441 1047 2507 nequeunt,
1091 2433 1314 2506 superbo
1352 2440 1600 2487 tumentes
1627 2433 1832 2503 spiritu,
1857 2431 2022 2485 Deum
2041 2439 2131 2484 aut
2155 2447 2257 2484 non
2292 2439 2426 2486 recte
2454 2430 2596 2496 uelle,
2627 2441 2715 2484 aut
2739 2447 2843 2485 non
2871 2447 3022 2501 posse
3049 2431 3381 2486 contendunt.
3424 2428 3542 2495 Qui,
3590 2440 3651 2485 ut
3679 2432 3757 2484 ait

493 2527 804 2597 Apostolus:
835 2525 1073 2581 Dicentes
1101 2541 1156 2579 se
1182 2541 1293 2580 esse
1318 2525 1593 2595 sapientes,
1618 2523 1761 2578 stulti
1784 2523 1910 2594 facti
1926 2529 2080 2587 sunt;
2103 2529 2158 2576 et
2185 2523 2378 2577 iterum
2405 2539 2420 2576 :
2453 2521 2785 2576 Evanuerunt
2803 2525 2857 2578 in
2880 2524 3268 2594 cogitationibus
3291 2525 3420 2579 suis.
3445 2521 3571 2588 Quis
3599 2526 3747 2578 enim

494 2618 565 2670 ita
592 2617 799 2670 demens
818 2616 874 2668 in
902 2615 992 2668 illo
1023 2623 1268 2684 conceptu
1290 2614 1515 2684 virgineo
1543 2629 1712 2667 semen
1741 2621 1937 2685 quwrat
1963 2611 2236 2665 humanum
2257 2651 2270 2675 ,
2303 2609 2386 2663 ubi
2413 2613 2586 2682 agitur
2613 2612 2810 2666 caeleste
2835 2615 3172 2683 mysterium?
3195 2621 3302 2669 etc.
3351 2613 3468 2668 Jam
3495 2614 3563 2670 de
3587 2614 3755 2684 virgi-

493 2711 658 2767 nitate
691 2710 857 2764 beataa
879 2709 1058 2763 Mariae
1085 2708 1361 2763 hactenus.

564 2800 691 2855 Vlll.
733 2797 902 2868 Hujus
931 2800 1058 2854 item
1104 2797 1366 2852 Maximus
1390 2800 1589 2867 passim
1617 2796 1856 2852 celebrat
1897 2802 2263 2862 sanctitatem,
2307 2811 2532 2865 eamque
2560 2797 2819 2867 repletam
2849 2797 3019 2865 gratia
3051 2795 3212 2852 fuisse
3241 2796 3512 2866 prtedicat.
3553 2794 3756 2851 Confer

494 2892 772 2948 homiliam
793 2890 847 2956 5,
878 2903 999 2960 pag.
1031 2889 1100 2943 l7
1118 2902 1255 2956 seq.,
1285 2896 1341 2942 et
1366 2887 1554 2942 homil.
1579 2887 1631 2953 7,
1661 2901 1782 2956 pag.
1805 2886 1893 2953 22,
1917 2895 1972 2942 et
1998 2888 2180 2942 bomiL
2207 2885 2261 2951 8,
2291 2899 2410 2956 pag.
2433 2885 2521 2939 24.
2545 2886 2900 2942 Nihilominus
2919 2886 3131 2942 luerunt
3158 2887 3248 2955 qui
3275 2885 3562 2940 Maximum
3583 2900 3748 2940 eum-

492 2985 618 3040 dem
643 2982 813 3051 culpa:
838 2983 1064 3037 vertisse
1090 2980 1261 3036 beatas
1282 2977 1484 3047 Virgini
1515 2978 1923 3043 arbitrarentur,
1965 2978 2108 3046 quod
2137 2991 2166 3031 a
2193 2976 2406 3032 Christo
2428 2978 2672 3048 petiisset
2715 2985 2774 3032 ut
2802 2981 2984 3033 vinum
3003 3019 3017 3044 ,
3042 2993 3150 3048 quo
3176 2970 3236 3032 in'
3258 2978 3482 3047 nuptiali
3499 2977 3758 3034 convivio

496 3076 655 3131 Canae
700 3074 933 3130 Galilaeac
981 3072 1198 3128 carebat
1224 3086 1450 3141 sponsus
1475 3110 1490 3136 ,
1539 3069 1907 3140 suppeditaret
1953 3068 2229 3124 miraculo.
2285 3067 2390 3124 Sed
2418 3082 2578 3137 quam
2605 3068 2660 3122 hi
2688 3069 2846 3137 longe
2875 3070 3134 3135 errarint,
3185 3077 3240 3124 et
3267 3069 3696 3124 demonstratum
3726 3085 3756 3125 a

500 3167 656 3223 nobis
685 3166 738 3219 in
769 3180 833 3219 ea
877 3162 1225 3217 annotatione
1271 3169 1353 3215 est
1381 3175 1540 3230 quam
1568 3161 1634 3214 ad
1662 3160 1850 3214 homil.
1880 3157 1967 3224 25,
1996 3173 2118 3227 pag.
2165 3157 2251 3221 67,
2283 3159 2655 3227 ascripsimus,
2677 3169 2731 3214 et
2751 3175 2818 3214 ex
2848 3159 3065 3214 homilia
3089 3160 3277 3216 eadem
3305 3159 3461 3229 plane
3486 3160 3679 3227 liquet,
3703 3160 3757 3214 in

501 3272 601 3326 qua
633 3258 776 3327 (pag.
807 3253 896 3326 68)
925 3272 937 3306 :
987 3262 1171 3325 gratiae
1213 3254 1509 3321 temporalis
1547 3249 1730 3313 fuisse,
1759 3249 2021 3303 Maximus
2050 3249 2143 3316 ait,
2175 3249 2310 3320 quod
2337 3248 2537 3319 petebat
2563 3249 2758 3315 Maria,
2792 3265 2890 3305 nec
2919 3265 3046 3306 vero
3079 3251 3304 3322 piguisse
3334 3249 3760 3321 benignissimum

503 3345 796 3409 Dominum,
821 3345 943 3398 dum
971 3357 1162 3414 magna
1186 3343 1412 3407 veniunt,
1436 3357 1595 3409 parva
1618 3349 1894 3409 prwstare;
1921 3347 1970 3393 et
1994 3340 2107 3392 ideo
2131 3338 2470 3394 venerabilem
2496 3338 2749 3404 Mariam,
2771 3349 2821 3394 et
2847 3355 2960 3394 bere
2994 3350 3048 3394 ut
3085 3351 3300 3394 matrem
3341 3339 3550 3394 Domini
3582 3344 3762 3411 futura

491 3443 925 3507 prauoscentem,
956 3449 1016 3486 ac
1054 3431 1372 3486 Dominicam
1397 3431 1759 3502 praevidentem
1785 3430 2112 3495 voluntatem,
2137 3429 2355 3489 sollicite
2379 3431 2702 3485 admonuisse
2728 3433 3010 3497 ministros,
3036 3433 3360 3504 dixisseque:
3403 3431 3762 3500 Quodcunque

499 3524 691 3581 dixerit
716 3527 852 3582 vobis
881 3525 1052 3596 facile.
1080 3526 1302 3581 Scivisse
1322 3533 1496 3580 autem
1526 3522 1745 3577 Matrem
1772 3532 2002 3577 sanctam
2029 3522 2438 3594 objurgationem
2464 3523 2609 3577 ill'tm
2638 3522 2849 3578 Domini
2874 3522 3099 3594 Filiique
3121 3526 3198 3578 sui
3222 3540 3240 3577 :
3269 3520 3407 3586 Quid
3433 3522 3557 3574 mihi
3581 3529 3631 3574 et
3662 3521 3754 3574 tibi

500 3628 592 3685 est,
622 3622 820 3686 mulier,
854 3619 964 3694 [LV]
991 3637 1093 3675 non
1121 3620 1392 3674 irascentis
1417 3618 1666 3686 offensam
1692 3617 2028 3687 prwtendere,
2058 3618 2147 3672 sed
2175 3619 2519 3672 miserationis
2545 3628 2752 3688 portare
2786 3619 3102 3689 mysterium.
3148 3614 3320 3682 Quid?
3365 3613 3421 3666 lu
3453 3613 3664 3681 culpam
3694 3627 3767 3666 ne

503 3719 745 3764 vocatam
769 3710 931 3764 fuisse
960 3719 1208 3780 putemus
1237 3724 1375 3773 eam,
1408 3723 1526 3776 qua:
1545 3709 1770 3777 gratiam
1799 3708 2042 3776 petierit,
2075 3709 2175 3764 etsi
2203 3711 2569 3779 temporalem;
2600 3717 2655 3769 at
2676 3724 2836 3778 quam
2868 3718 3045 3764 tamen
3091 3708 3319 3776 gratiam
3361 3706 3602 3760 Christus
3623 3720 3766 3771 pra:-

502 3799 723 3854 stiterit?
780 3799 991 3854 Vitione
1028 3799 1260 3853 dandum
1293 3797 1471 3851 Maria:
1500 3801 1602 3852 erit
1624 3838 1638 3862 ,
1681 3813 1799 3867 qua:
1827 3815 2179 3866 pramoscens,
2211 3800 2354 3867 quod
2394 3798 2515 3854 Filii
2543 3801 2782 3855 voluntas
2821 3801 3013 3866 ferret,
3045 3799 3297 3868 quodque
3326 3798 3371 3852 is
3410 3809 3766 3852 concessurus

503 3894 679 3952 esset,
723 3886 778 3940 id
805 3895 860 3940 et
888 3886 1136 3953 ﬂagitarit
1163 3885 1230 3939 ab
1260 3885 1377 3953 ipso
1409 3883 1564 3948 Filio,
1612 3893 1666 3939 et
1689 3885 1949 3940 ministris
1993 3887 2259 3941 mandarit
2288 3896 2346 3940 ut
2391 3887 2537 3956 quod
2567 3888 2656 3942 ille
2682 3889 2930 3951 iussisset
2956 3889 3229 3944 lacerent?
3258 3886 3376 3940 lam
3407 3901 3533 3941 vero
3557 3887 3611 3940 τὸ
3639 3883 3766 3954 quid

504 3980 649 4044 mihi,
703 3994 766 4035 ac
797 3981 886 4034 tibi
913 3981 1114 4044 mulier,
1147 3980 1193 4035 si
1222 3979 1434 4047 culpam
1467 3979 1627 4033 ullam
1653 3979 1872 4034 hmsisse
1918 3980 2099 4036 Maria
2130 3983 2410 4047 indicaret,
2441 3983 2698 4052 opinione
2727 3983 2971 4048 Maximi,
3022 3999 3131 4053 quo
3181 3982 3394 4037 tandem
3432 3981 3590 4036 modo
3620 3981 3767 4034 idem

506 4070 766 4126 Maximus
793 4071 1034 4137 dixisset,
1066 4070 1478 4141 objurgationem
1517 4071 1661 4124 illam
1708 4086 1812 4124 non
1852 4072 2015 4126 luisse
2058 4073 2329 4126 irascentis
2359 4073 2645 4142 offensam,
2677 4073 2769 4128 sed
2798 4075 3144 4128 miserationis
3171 4083 3402 4139 portasse
3420 4073 3720 4142 mysterium
3741 4073 3771 4126 2

507 4165 637 4231 Qua:
662 4178 781 4218 cum
811 4163 883 4216 ita
913 4162 1036 4223 sint,
1068 4159 1192 4228 quid
1214 4159 1319 4214 erit
1343 4159 1563 4226 reliqui,
1600 4159 1699 4213 nisi
1723 4168 1779 4213 ut
1803 4175 1832 4212 a
1864 4159 2094 4213 Maximo
2119 4161 2168 4214 id
2199 4177 2303 4215 non
2334 4159 2495 4215 fuisse
2527 4161 2727 4230 Virgini
2751 4162 3003 4216 tributum
3026 4160 3195 4230 culpa:
3225 4161 3613 4215 conliteamur?

575 4252 666 4307 ιχ.
699 4253 774 4307 De
803 4251 1017 4306 Christo
1064 4249 1395 4318 proliciente,
1427 4257 1483 4303 ut
1525 4249 1725 4303 dictum
1773 4264 1802 4302 a
1851 4248 1992 4304 Luca
2042 4258 2140 4315 est,
2184 4253 2442 4320 sapientia
2469 4260 2524 4306 et
2551 4262 2724 4316 (etate,
2751 4253 2876 4320 quid
2915 4260 3131 4307 sanctus
3160 4253 3443 4320 episcopus
3471 4251 3769 4320 scripserit,

508 4345 638 4400 satis
667 4350 748 4398 est
777 4357 806 4395 a
835 4341 988 4395 nobis
1015 4341 1232 4410 c0piose
1260 4340 1581 4410 explicatum
1611 4341 1663 4395 in
1685 4341 2119 4394 annotationibus
2148 4341 2213 4394 ad
2243 4341 2514 4395 homiliam
2542 4342 2628 4406 2|,
2660 4356 2779 4411 pag.
2815 4342 2881 4396 58
2905 4357 3021 4411 seq.
3063 4343 3138 4397 De
3176 4342 3382 4410 jejunio
3411 4349 3587 4395 autem
3614 4341 3770 4410 ejus—

509 4433 629 4486 dem
660 4430 961 4486 Servatoris
982 4439 1034 4484 et
1056 4430 1264 4484 Domini
1287 4432 1454 4483 nostri
1484 4430 1607 4485 Iesu
1635 4431 1831 4486 Christi
1861 4431 2038 4486 multis
2066 4433 2179 4502 ipse
2200 4431 2461 4488 Maximus
2480 4433 2743 4502 planeque
2764 4433 3066 4501 theologice
3086 4433 3341 4502 disputat.
3363 4433 3600 4500 Longum
3622 4447 3770 4490 esset

514 4524 628 4576 loca
649 4521 827 4575 omnia
853 4518 1091 4574 indicare
1119 4521 1169 4572 in
1199 4517 1389 4585 quibus
1417 4518 1519 4572 hac
1538 4517 1602 4571 de
1626 4533 1683 4570 re
1711 4518 1798 4571 ille
1827 4519 2054 4574 disserit.
2082 4521 2256 4577 Unum
2284 4520 2501 4576 alleram
2531 4537 2598 4576 ex
2626 4522 2809 4576 homil.
2833 4523 2920 4587 44,
2952 4537 3073 4592 pag.
3100 4523 3221 4587 155,
3246 4524 3297 4576 in
3325 4539 3432 4592 quo
3460 4524 3537 4587 sic
3561 4523 3724 4579 habet
3749 4545 3768 4580 :

513 4613 716 4681 Moyses
731 4612 912 4664 veteris
924 4612 1088 4664 editor
1103 4609 1226 4680 legis
1241 4617 1336 4674 est,
1356 4609 1587 4664 Christus
1601 4606 1654 4660 Ν
1659 4609 1737 4661 ovi
1754 4609 1986 4662 conditor
2001 4612 2323 4668 Tcstamenti.
2340 4614 2552 4685 Jejunat
2568 4612 2790 4683 Moyses,
2807 4622 2862 4665 ut
2877 4616 3143 4683 praeceptis
3162 4613 3407 4684 legalibus
3426 4615 3575 4667 unius
3591 4615 3772 4682 populi

512 4705 713 4758 erudiat
740 4702 1098 4764 disciplinam;
1138 4699 1368 4753 Christus
1402 4700 1628 4770 jejunat,
1657 4707 1713 4751 ut
1750 4700 2013 4751 universt
2042 4702 2256 4754 redimat
2285 4715 2476 4773 gentes.
2505 4702 2718 4771 Jejunat
2755 4702 2980 4772 Moyses,
3003 4712 3058 4755 ut
3082 4704 3347 4771 pra-sentis
3376 4705 3490 4756 vita
3520 4705 3774 4758 mandata

511 4796 784 4865 suscipiat;
807 4793 1016 4863 jejunat
1036 4801 1084 4845 et
1106 4787 1355 4856 Christus,
1377 4800 1432 4842 ut
1457 4797 1664 4843 (sternte
1691 4789 1872 4841 salutis
1892 4797 2216 4841 sacramenta
2243 4795 2533 4846 constituat.
2564 4794 2779 4862 Jejunat
2809 4791 3032 4862 Moyses,
3059 4800 3115 4844 ut
3147 4790 3307 4844 Deum
3328 4791 3514 4844 rideret
3529 4807 3546 4854 ;
3561 4791 3776 4860 jejunat

512 4893 561 4939 et
587 4883 757 4946 Iesus,
787 4890 841 4933 ut
865 4896 1023 4933 unum
1047 4895 1100 4932 se
1118 4894 1226 4931 esse
1253 4894 1366 4930 cum
1388 4877 1525 4942 Deo,
1541 4878 1662 4930 dum
1690 4875 1950 4932 diabolum
1970 4879 2268 4948 triumphat,
2293 4883 2596 4936 ostenderet.
2623 4883 2828 4952 Moyses
2848 4892 2962 4950 post
2975 4881 3232 4952 jejunium
3253 4881 3472 4950 scriptas
3487 4880 3649 4951 digito
3671 4879 3772 4936 Dei

515 4975 714 5028 tabulas
741 4972 928 5040 populo
957 4971 1329 5041 pravaricante
1354 4969 1634 5038 confregit;
1665 4967 1896 5022 Christus
1925 4986 2016 5023 suo
2039 4971 2240 5040 jejunio
2269 4987 2564 5026 mansurum
2591 4991 2682 5043 per
2699 4975 2890 5031 saecula
2913 4972 3250 5045 Erangelium
3278 4974 3605 5027 consecravit.
3632 4970 3774 5038 Quid

513 5064 642 5117 illud
667 5073 742 5116 est
763 5073 950 5128 autem,
976 5062 1110 5133 quod
1131 5078 1243 5114 cum
1281 5070 1490 5131 uterque
1517 5061 1871 5132 quadragenos
1890 5062 2201 5132 jejunaverit
2237 5063 2364 5125 dies,
2396 5080 2495 5116 non
2532 5075 2739 5134 uterque
2765 5074 2879 5135 post
2899 5064 3155 5134 jejunium
3184 5065 3421 5118 esuriisse
3445 5063 3775 5134 perhibetur!

517 5153 720 5223 Moyses
739 5153 911 5221 utique
930 5169 1031 5206 non
1058 5154 1283 5216 esurivit,
1315 5161 1370 5205 ut
1397 5153 1449 5204 in
1481 5153 1680 5206 homine
1705 5155 1879 5223 fragili
1908 5163 2120 5223 operata
2148 5153 2404 5208 Divinitas
2426 5155 2756 5224 probaretur;
2785 5158 2992 5210 esurivit
3019 5155 3119 5209 Dei
3139 5154 3328 5220 Filius,
3348 5164 3404 5208 ut
3423 5157 3774 5224 assumptione

515 5242 687 5294 carnis
731 5248 940 5304 nostris,
979 5241 1217 5310 fragilem
1261 5256 1316 5294 se
1360 5243 1642 5311 suscepisse
1671 5243 1922 5294 hominem
1963 5241 2226 5295 reuelaret.
2257 5241 2407 5306 Quod
2435 5261 2536 5296 non
2564 5246 2722 5298 esurit
2770 5243 2994 5314 Moyses,
3030 5245 3243 5298 caelestis
3287 5252 3364 5298 est
3413 5243 3772 5314 possibilitatis

514 5333 821 5397 emplum,
847 5330 984 5402 quod
1009 5332 1186 5385 esuriit
1205 5330 1462 5396 Christus,
1491 5342 1680 5386 nostra:
1705 5338 1780 5384 est
1805 5331 2166 5400 redemptionis
2194 5343 2586 5397 sacramentum,
2616 5339 2720 5388 etc.
2752 5330 2905 5399 Quod
2934 5332 3021 5386 hic
3048 5331 3117 5386 de
3143 5331 3472 5386 humanitate
3501 5330 3692 5400 fragili,
3710 5333 3777 5390 in

588 5483 664 5554 (α)
705 5481 829 5555 Pag.
857 5481 958 5555 67p
981 5490 1108 5555 tom.
1134 5481 1529 5555 [Epistolarum
1557 5481 1916 5536 Romanorum
1943 5497 2077 5552 pon-
2185 5501 2372 5542 manca
2401 5485 2516 5541 hmo
2533 5484 2690 5540 lectio
2712 5485 2784 5540 ita
2814 5483 3127 5555 suppletur:
3149 5481 3318 5555 _i_Non
3339 5481 3627 5542 credentes
3643 5481 3768 5555 quin

520 5550 874 5625 tillcurncdit.
913 5550 1390 5625 Paris._an.’l7?.l.
1943 5550 1959 5552 “
2189 5571 2256 5610 ex
2302 5557 2506 5625 virgine
2534 5564 2691 5610 natus
2731 5563 2815 5610 est
2839 5550 3107 5625 Christus:
3143 5551 3202 5607 Si
3241 5561 3421 5625 autem
3464 5567 3579 5611 non
3617 5550 3772 5614 uitus

589 5623 662 5751 fb)
703 5620 854 5678 lbid..
890 5635 1005 5717 pag.
1039 5623 1143 5701 675
1170 5637 1280 5687 seq.
1747 5690 1759 5702 θ
1997 5690 2025 5705 _

617 5695 662 5751 τ)
703 5691 758 5746 ln
791 5701 899 5747 not.
951 5689 1088 5745 lctri
1114 5689 1392 5744 Coustant.
1423 5689 1486 5744 ad
1508 5689 1642 5744 hanc
1677 5701 1854 5751 epist..
1879 5708 1930 5751 ι).
1959 5691 2061 5745 615

1985 5690 2061 5745 ’,ὅ
2187 5635 2269 5682 est
2297 5642 2363 5684 ex
2387 5620 2625 5696 Virgine,
2662 5625 2845 5694 utique
2869 5622 3082 5679 venisse
3101 5637 3209 5679 non
3237 5620 3524 5677 creditura

1985 5709 2020 5745 Ἰ

617 5689 662 5755 c)
703 5691 758 5746 ln
791 5689 904 5747 not:
951 5689 1088 5745 Petri
1114 5689 1392 5744 Coustant.
1423 5689 1486 5744 ad
1508 5689 1642 5744 hanc
1677 5690 1854 5759 epist.,
1877 5708 1930 5761 p.
1959 5690 2061 5745 675
