  <div class='ocr_page' id='page_1' title='image "/cluster/home/n/w/nwhite01/storage/ocr_20150623/57/uva.x000827099/036.png"; bbox 0 0 3898 6226; ppageno 0'>
   <div class='ocr_carea' id='block_1_1' title="bbox 121 358 3377 428">
    <p class='ocr_par' dir='ltr' id='par_1_1' title="bbox 121 358 3377 428">
     <span class='ocr_line' id='line_1_1' title="bbox 121 358 3377 428; baseline 0.014 -31"><span class='ocrx_word' id='word_1_1' title='bbox 121 358 178 416; x_wconf 71' lang='grc' dir='ltr'><em>ςι</em></span> <span class='ocrx_word' id='word_1_2' title='bbox 1553 363 1932 423; x_wconf 63' lang='lat' dir='ltr'><strong><em>onerum.</em></strong></span> <span class='ocrx_word' id='word_1_3' title='bbox 3308 373 3377 428; x_wconf 73' lang='lat'><strong><em>58</em></strong></span> 
     </span>
    </p>
   </div>
   <div class='ocr_carea' id='block_1_2' title="bbox 118 475 3380 552">
    <p class='ocr_par' dir='ltr' id='par_1_2' title="bbox 118 475 3380 552">
     <span class='ocr_line' id='line_1_2' title="bbox 118 475 3380 552; baseline 0.002 -24"><span class='ocrx_word' id='word_1_4' title='bbox 118 486 214 544; x_wconf 64' lang='lat' dir='ltr'><strong><em>(tua</em></strong></span> <span class='ocrx_word' id='word_1_5' title='bbox 241 475 308 529; x_wconf 88' lang='lat' dir='ltr'><strong><em>sit</em></strong></span> <span class='ocrx_word' id='word_1_6' title='bbox 333 484 560 544; x_wconf 86' lang='lat' dir='ltr'><strong><em>operata</em></strong></span> <span class='ocrx_word' id='word_1_7' title='bbox 584 476 871 545; x_wconf 82' lang='lat' dir='ltr'><strong><em>Divinitas,</em></strong></span> <span class='ocrx_word' id='word_1_8' title='bbox 896 476 1099 544; x_wconf 84' lang='lat' dir='ltr'><strong><em>scribit,</em></strong></span> <span class='ocrx_word' id='word_1_9' title='bbox 1126 491 1194 533; x_wconf 88' lang='lat' dir='ltr'><strong><em>eo</em></strong></span> <span class='ocrx_word' id='word_1_10' title='bbox 1221 491 1350 532; x_wconf 83' lang='lat' dir='ltr'><strong><em>sane</em></strong></span> <span class='ocrx_word' id='word_1_11' title='bbox 1377 478 1685 542; x_wconf 74' lang='lat' dir='ltr'><strong><em>revolvitur,</em></strong></span> <span class='ocrx_word' id='word_1_12' title='bbox 1717 495 1825 547; x_wconf 91' lang='lat' dir='ltr'><strong><em>quo</em></strong></span> <span class='ocrx_word' id='word_1_13' title='bbox 1854 479 1982 533; x_wconf 90' lang='lat' dir='ltr'><strong><em>illud</em></strong></span> <span class='ocrx_word' id='word_1_14' title='bbox 2009 479 2150 547; x_wconf 87' lang='lat' dir='ltr'><strong><em>quod</em></strong></span> <span class='ocrx_word' id='word_1_15' title='bbox 2180 479 2492 548; x_wconf 79' lang='lat' dir='ltr'><strong><em>complexus</em></strong></span> <span class='ocrx_word' id='word_1_16' title='bbox 2515 489 2598 535; x_wconf 89' lang='lat' dir='ltr'><strong><em>est</em></strong></span> <span class='ocrx_word' id='word_1_17' title='bbox 2624 481 2844 539; x_wconf 85' lang='lat' dir='ltr'><strong><em>homilia</em></strong></span> <span class='ocrx_word' id='word_1_18' title='bbox 2875 483 2959 548; x_wconf 85' lang='lat' dir='ltr'><strong><em>l2,</em></strong></span> <span class='ocrx_word' id='word_1_19' title='bbox 2984 497 3104 552; x_wconf 81' lang='lat' dir='ltr'><strong><em>pag.</em></strong></span> <span class='ocrx_word' id='word_1_20' title='bbox 3133 481 3201 536; x_wconf 80' lang='lat'><strong><em>‘55</em></strong></span> <span class='ocrx_word' id='word_1_21' title='bbox 3230 501 3240 534; x_wconf 93' lang='lat'>:</span> <span class='ocrx_word' id='word_1_22' title='bbox 3269 483 3380 536; x_wconf 80' lang='lat' dir='ltr'><strong><em>Ad-</em></strong></span> 
     </span>
    </p>
   </div>
   <div class='ocr_carea' id='block_1_3' title="bbox 117 565 3372 638">
    <p class='ocr_par' dir='ltr' id='par_1_3' title="bbox 117 565 3372 638">
     <span class='ocr_line' id='line_1_3' title="bbox 117 565 3372 638; baseline 0.002 -21"><span class='ocrx_word' id='word_1_23' title='bbox 117 574 259 628; x_wconf 83' lang='lat' dir='ltr'><strong><em>rerte,</em></strong></span> <span class='ocrx_word' id='word_1_24' title='bbox 283 565 640 635; x_wconf 77' lang='lat' dir='ltr'><strong><em>inquit,eum</em></strong></span> <span class='ocrx_word' id='word_1_25' title='bbox 657 575 710 620; x_wconf 89' lang='lat' dir='ltr'><strong><em>et</em></strong></span> <span class='ocrx_word' id='word_1_26' title='bbox 739 576 795 620; x_wconf 88' lang='lat' dir='ltr'><strong><em>ut</em></strong></span> <span class='ocrx_word' id='word_1_27' title='bbox 822 567 1072 621; x_wconf 75' lang='lat' dir='ltr'><strong><em>hominem</em></strong></span> <span class='ocrx_word' id='word_1_28' title='bbox 1099 582 1312 621; x_wconf 72' lang='lat' dir='ltr'><strong><em>mrtuus</em></strong></span> <span class='ocrx_word' id='word_1_29' title='bbox 1341 583 1433 636; x_wconf 85' lang='lat' dir='ltr'><strong><em>pro</em></strong></span> <span class='ocrx_word' id='word_1_30' title='bbox 1474 567 1698 636; x_wconf 80' lang='lat' dir='ltr'><strong><em>inﬁrmis</em></strong></span> <span class='ocrx_word' id='word_1_31' title='bbox 1745 582 2086 632; x_wconf 73' lang='lat' dir='ltr'><strong><em>pnnruussn,</em></strong></span> <span class='ocrx_word' id='word_1_32' title='bbox 2118 578 2166 621; x_wconf 89' lang='lat' dir='ltr'><strong><em>et</em></strong></span> <span class='ocrx_word' id='word_1_33' title='bbox 2189 577 2246 620; x_wconf 88' lang='lat' dir='ltr'><strong><em>ut</em></strong></span> <span class='ocrx_word' id='word_1_34' title='bbox 2273 567 2439 622; x_wconf 89' lang='lat' dir='ltr'><strong><em>Deum</em></strong></span> <span class='ocrx_word' id='word_1_35' title='bbox 2475 573 2757 638; x_wconf 75' lang='lat' dir='ltr'><strong><em>potentiam</em></strong></span> <span class='ocrx_word' id='word_1_36' title='bbox 2785 572 3075 625; x_wconf 71' lang='lat' dir='ltr'><strong><em>eaer‘cuisse</em></strong></span> <span class='ocrx_word' id='word_1_37' title='bbox 3102 571 3372 626; x_wconf 67' lang='lat' dir='ltr'><strong><em>calestem.</em></strong></span> 
     </span>
    </p>
   </div>
   <div class='ocr_carea' id='block_1_4' title="bbox 117 643 3374 729">
    <p class='ocr_par' dir='ltr' id='par_1_4' title="bbox 117 643 3374 729">
     <span class='ocr_line' id='line_1_4' title="bbox 117 643 3374 729; baseline 0.003 -26"><span class='ocrx_word' id='word_1_38' title='bbox 117 650 179 704; x_wconf 81' lang='lat' dir='ltr'><strong><em>Et</em></strong></span> <span class='ocrx_word' id='word_1_39' title='bbox 203 651 387 706; x_wconf 86' lang='lat' dir='ltr'><strong><em>homil.</em></strong></span> <span class='ocrx_word' id='word_1_40' title='bbox 419 654 508 718; x_wconf 77' lang='lat' dir='ltr'><strong><em>l3,</em></strong></span> <span class='ocrx_word' id='word_1_41' title='bbox 553 667 681 723; x_wconf 86' lang='lat' dir='ltr'><strong><em>pag.</em></strong></span> <span class='ocrx_word' id='word_1_42' title='bbox 713 653 782 707; x_wconf 75' lang='lat'><strong>35</strong></span> <span class='ocrx_word' id='word_1_43' title='bbox 813 673 825 706; x_wconf 88' lang='lat'><strong>:</strong></span> <span class='ocrx_word' id='word_1_44' title='bbox 850 654 1020 709; x_wconf 81' lang='lat' dir='ltr'><strong><em>Ilodie</em></strong></span> <span class='ocrx_word' id='word_1_45' title='bbox 1046 654 1276 710; x_wconf 84' lang='lat' dir='ltr'><strong><em>Christus</em></strong></span> <span class='ocrx_word' id='word_1_46' title='bbox 1303 654 1454 709; x_wconf 89' lang='lat' dir='ltr'><strong><em>Iesus</em></strong></span> <span class='ocrx_word' id='word_1_47' title='bbox 1487 654 1735 709; x_wconf 88' lang='lat' dir='ltr'><strong><em>Dominus</em></strong></span> <span class='ocrx_word' id='word_1_48' title='bbox 1772 666 1961 721; x_wconf 83' lang='lat' dir='ltr'><strong><em>noster,</em></strong></span> <span class='ocrx_word' id='word_1_49' title='bbox 1989 657 2043 710; x_wconf 89' lang='lat' dir='ltr'><strong><em>in</em></strong></span> <span class='ocrx_word' id='word_1_50' title='bbox 2078 673 2176 727; x_wconf 89' lang='lat' dir='ltr'><strong><em>quo</em></strong></span> <span class='ocrx_word' id='word_1_51' title='bbox 2205 655 2505 712; x_wconf 87' lang='lat' dir='ltr'><strong><em>Divinitatis</em></strong></span> <span class='ocrx_word' id='word_1_52' title='bbox 2550 667 2628 712; x_wconf 90' lang='lat' dir='ltr'><strong><em>est</em></strong></span> <span class='ocrx_word' id='word_1_53' title='bbox 2671 643 2956 729; x_wconf 81' lang='lat' dir='ltr'><strong><em>plenitudo,</em></strong></span> <span class='ocrx_word' id='word_1_54' title='bbox 2984 662 3154 714; x_wconf 83' lang='lat' dir='ltr'><strong><em>carnis</em></strong></span> <span class='ocrx_word' id='word_1_55' title='bbox 3184 669 3374 714; x_wconf 70' lang='lat' dir='ltr'><strong><em>nostra</em></strong></span> 
     </span>
    </p>
   </div>
   <div class='ocr_carea' id='block_1_5' title="bbox 115 741 3376 818">
    <p class='ocr_par' dir='ltr' id='par_1_5' title="bbox 115 741 3376 818">
     <span class='ocr_line' id='line_1_5' title="bbox 115 741 3376 818; baseline 0.002 -24"><span class='ocrx_word' id='word_1_56' title='bbox 115 753 314 794; x_wconf 68' lang='lat' dir='ltr'><strong><em>tumin</em></strong></span> <span class='ocrx_word' id='word_1_57' title='bbox 335 743 649 811; x_wconf 86' lang='lat' dir='ltr'><strong><em>suscipiens,</em></strong></span> <span class='ocrx_word' id='word_1_58' title='bbox 681 759 836 796; x_wconf 87' lang='lat' dir='ltr'><strong><em>novus</em></strong></span> <span class='ocrx_word' id='word_1_59' title='bbox 865 754 1014 796; x_wconf 89' lang='lat' dir='ltr'><strong><em>natus</em></strong></span> <span class='ocrx_word' id='word_1_60' title='bbox 1047 753 1122 797; x_wconf 86' lang='lat' dir='ltr'><strong><em>est</em></strong></span> <span class='ocrx_word' id='word_1_61' title='bbox 1144 744 1315 798; x_wconf 83' lang='lat' dir='ltr'><strong><em>homo.</em></strong></span> <span class='ocrx_word' id='word_1_62' title='bbox 1339 741 1405 797; x_wconf 87' lang='lat' dir='ltr'><strong><em>Et</em></strong></span> <span class='ocrx_word' id='word_1_63' title='bbox 1433 757 1555 812; x_wconf 84' lang='lat' dir='ltr'><strong><em>pag.</em></strong></span> <span class='ocrx_word' id='word_1_64' title='bbox 1589 742 1659 796; x_wconf 78' lang='grc'><strong><em>58</em></strong></span> <span class='ocrx_word' id='word_1_65' title='bbox 1693 761 1704 794; x_wconf 94' lang='lat'>:</span> <span class='ocrx_word' id='word_1_66' title='bbox 1733 741 1882 806; x_wconf 83' lang='lat' dir='ltr'><strong><em>Quod</em></strong></span> <span class='ocrx_word' id='word_1_67' title='bbox 1908 745 1956 798; x_wconf 90' lang='lat' dir='ltr'><strong><em>si</em></strong></span> <span class='ocrx_word' id='word_1_68' title='bbox 1987 744 2096 809; x_wconf 82' lang='lat' dir='ltr'><strong><em>tibi,</em></strong></span> <span class='ocrx_word' id='word_1_69' title='bbox 2126 760 2366 798; x_wconf 82' lang='lat' dir='ltr'><strong><em>sensuum</em></strong></span> <span class='ocrx_word' id='word_1_70' title='bbox 2408 754 2608 800; x_wconf 83' lang='lat' dir='ltr'><strong><em>tuorum</em></strong></span> <span class='ocrx_word' id='word_1_71' title='bbox 2640 748 2946 818; x_wconf 74' lang='lat' dir='ltr'><strong><em>fragilitate,</em></strong></span> <span class='ocrx_word' id='word_1_72' title='bbox 2975 749 3145 802; x_wconf 88' lang='lat' dir='ltr'><strong><em>minus</em></strong></span> <span class='ocrx_word' id='word_1_73' title='bbox 3167 747 3376 818; x_wconf 81' lang='lat' dir='ltr'><strong><em>dignum</em></strong></span> 
     </span>
    </p>
   </div>
   <div class='ocr_carea' id='block_1_6' title="bbox 116 830 3373 906">
    <p class='ocr_par' dir='ltr' id='par_1_6' title="bbox 116 830 3373 906">
     <span class='ocr_line' id='line_1_6' title="bbox 116 830 3373 906; baseline 0.002 -25"><span class='ocrx_word' id='word_1_74' title='bbox 116 830 301 882; x_wconf 78' lang='lat' dir='ltr'><strong><em>videtur</em></strong></span> <span class='ocrx_word' id='word_1_75' title='bbox 326 830 528 885; x_wconf 83' lang='lat' dir='ltr'><strong><em>Filium</em></strong></span> <span class='ocrx_word' id='word_1_76' title='bbox 554 833 655 886; x_wconf 90' lang='lat' dir='ltr'><strong><em>Dei</em></strong></span> <span class='ocrx_word' id='word_1_77' title='bbox 679 842 853 886; x_wconf 86' lang='lat' dir='ltr'><strong><em>natum</em></strong></span> <span class='ocrx_word' id='word_1_78' title='bbox 881 835 944 886; x_wconf 85' lang='lat' dir='ltr'><strong><em>de</em></strong></span> <span class='ocrx_word' id='word_1_79' title='bbox 971 835 1164 904; x_wconf 89' lang='lat' dir='ltr'><strong><em>femina</em></strong></span> <span class='ocrx_word' id='word_1_80' title='bbox 1197 834 1420 898; x_wconf 81' lang='lat' dir='ltr'><strong><em>credere,</em></strong></span> <span class='ocrx_word' id='word_1_81' title='bbox 1453 835 1699 903; x_wconf 85' lang='lat' dir='ltr'><strong><em>virginem</em></strong></span> <span class='ocrx_word' id='word_1_82' title='bbox 1728 834 1897 902; x_wconf 84' lang='lat' dir='ltr'><strong><em>cogita</em></strong></span> <span class='ocrx_word' id='word_1_83' title='bbox 1924 834 2198 902; x_wconf 88' lang='lat' dir='ltr'><strong><em>peperisse.</em></strong></span> <span class='ocrx_word' id='word_1_84' title='bbox 2249 833 2309 887; x_wconf 89' lang='lat' dir='ltr'><strong><em>Si</em></strong></span> <span class='ocrx_word' id='word_1_85' title='bbox 2349 832 2436 887; x_wconf 89' lang='lat' dir='ltr'><strong><em>tibi</em></strong></span> <span class='ocrx_word' id='word_1_86' title='bbox 2465 836 2624 903; x_wconf 90' lang='lat' dir='ltr'><strong><em>panni</em></strong></span> <span class='ocrx_word' id='word_1_87' title='bbox 2657 835 2836 906; x_wconf 91' lang='lat' dir='ltr'><strong><em>quibus</em></strong></span> <span class='ocrx_word' id='word_1_88' title='bbox 2864 837 3125 890; x_wconf 80' lang='lat' dir='ltr'><strong><em>obvolutus</em></strong></span> <span class='ocrx_word' id='word_1_89' title='bbox 3153 845 3228 890; x_wconf 91' lang='lat' dir='ltr'><strong><em>est</em></strong></span> <span class='ocrx_word' id='word_1_90' title='bbox 3267 839 3373 905; x_wconf 83' lang='lat' dir='ltr'><strong><em>for-</em></strong></span> 
     </span>
    </p>
   </div>
   <div class='ocr_carea' id='block_1_7' title="bbox 119 920 3376 996">
    <p class='ocr_par' dir='ltr' id='par_1_7' title="bbox 119 920 3376 996">
     <span class='ocr_line' id='line_1_7' title="bbox 119 920 3376 996; baseline 0.003 -27"><span class='ocrx_word' id='word_1_91' title='bbox 119 927 245 970; x_wconf 84' lang='lat' dir='ltr'><strong><em>tasse</em></strong></span> <span class='ocrx_word' id='word_1_92' title='bbox 268 920 538 984; x_wconf 76' lang='lat' dir='ltr'><strong><em>vilescunt,</em></strong></span> <span class='ocrx_word' id='word_1_93' title='bbox 562 921 776 990; x_wconf 82' lang='lat' dir='ltr'><strong><em>angelos</em></strong></span> <span class='ocrx_word' id='word_1_94' title='bbox 796 921 1150 977; x_wconf 81' lang='lat' dir='ltr'><strong><em>collaudantes</em></strong></span> <span class='ocrx_word' id='word_1_95' title='bbox 1179 930 1228 974; x_wconf 89' lang='lat' dir='ltr'><strong><em>et</em></strong></span> <span class='ocrx_word' id='word_1_96' title='bbox 1254 921 1634 975; x_wconf 80' lang='lat' dir='ltr'><strong><em>multitudinem</em></strong></span> <span class='ocrx_word' id='word_1_97' title='bbox 1657 923 1869 976; x_wconf 64' lang='lat' dir='ltr'><strong><em>caelestis</em></strong></span> <span class='ocrx_word' id='word_1_98' title='bbox 1898 921 2155 975; x_wconf 74' lang='lat' dir='ltr'><strong><em>exercitus</em></strong></span> <span class='ocrx_word' id='word_1_99' title='bbox 2182 922 2460 975; x_wconf 84' lang='lat' dir='ltr'><strong><em>admirare.</em></strong></span> <span class='ocrx_word' id='word_1_100' title='bbox 2495 922 2556 977; x_wconf 89' lang='lat' dir='ltr'><strong><em>Si</em></strong></span> <span class='ocrx_word' id='word_1_101' title='bbox 2592 940 2822 995; x_wconf 78' lang='lat' dir='ltr'><strong><em>prtesepe</em></strong></span> <span class='ocrx_word' id='word_1_102' title='bbox 2859 927 2912 978; x_wconf 88' lang='lat' dir='ltr'><strong><em>in</em></strong></span> <span class='ocrx_word' id='word_1_103' title='bbox 2941 941 3041 996; x_wconf 91' lang='lat' dir='ltr'><strong><em>quo</em></strong></span> <span class='ocrx_word' id='word_1_104' title='bbox 3083 925 3268 995; x_wconf 88' lang='lat' dir='ltr'><strong><em>Infans</em></strong></span> <span class='ocrx_word' id='word_1_105' title='bbox 3297 928 3376 991; x_wconf 81' lang='lat' dir='ltr'><strong><em>ia-</em></strong></span> 
     </span>
    </p>
   </div>
   <div class='ocr_carea' id='block_1_8' title="bbox 116 1010 3371 1084">
    <p class='ocr_par' dir='ltr' id='par_1_8' title="bbox 116 1010 3371 1084">
     <span class='ocr_line' id='line_1_8' title="bbox 116 1010 3371 1084; baseline 0.003 -25"><span class='ocrx_word' id='word_1_106' title='bbox 116 1010 208 1061; x_wconf 79' lang='lat' dir='ltr'><strong><em>cuit</em></strong></span> <span class='ocrx_word' id='word_1_107' title='bbox 232 1010 474 1077; x_wconf 83' lang='lat' dir='ltr'><strong><em>despicis,</em></strong></span> <span class='ocrx_word' id='word_1_108' title='bbox 495 1013 643 1082; x_wconf 81' lang='lat' dir='ltr'><strong><em>erige</em></strong></span> <span class='ocrx_word' id='word_1_109' title='bbox 668 1013 929 1082; x_wconf 83' lang='lat' dir='ltr'><strong><em>paulisper</em></strong></span> <span class='ocrx_word' id='word_1_110' title='bbox 955 1013 1148 1078; x_wconf 84' lang='lat' dir='ltr'><strong><em>oculos,</em></strong></span> <span class='ocrx_word' id='word_1_111' title='bbox 1179 1021 1230 1066; x_wconf 81' lang='lat' dir='ltr'><strong><em>et</em></strong></span> <span class='ocrx_word' id='word_1_112' title='bbox 1255 1027 1437 1068; x_wconf 84' lang='lat' dir='ltr'><strong><em>novam</em></strong></span> <span class='ocrx_word' id='word_1_113' title='bbox 1466 1011 1596 1084; x_wconf 75' lang='grc' dir='ltr'><strong><em>[ινι]</em></strong></span> <span class='ocrx_word' id='word_1_114' title='bbox 1625 1015 1677 1065; x_wconf 91' lang='lat' dir='ltr'><strong><em>in</em></strong></span> <span class='ocrx_word' id='word_1_115' title='bbox 1703 1014 1826 1067; x_wconf 73' lang='lat' dir='ltr'><strong><em>caelo</em></strong></span> <span class='ocrx_word' id='word_1_116' title='bbox 1855 1014 2057 1067; x_wconf 84' lang='lat' dir='ltr'><strong><em>stellam</em></strong></span> <span class='ocrx_word' id='word_1_117' title='bbox 2080 1022 2446 1082; x_wconf 82' lang='lat' dir='ltr'><strong><em>protestantem</em></strong></span> <span class='ocrx_word' id='word_1_118' title='bbox 2472 1015 2662 1070; x_wconf 86' lang='lat' dir='ltr'><strong><em>mundo</em></strong></span> <span class='ocrx_word' id='word_1_119' title='bbox 2699 1019 3016 1071; x_wconf 81' lang='lat' dir='ltr'><strong><em>nativitatem</em></strong></span> <span class='ocrx_word' id='word_1_120' title='bbox 3043 1017 3371 1071; x_wconf 80' lang='lat' dir='ltr'><strong><em>Dominicam</em></strong></span> 
     </span>
    </p>
   </div>
   <div class='ocr_carea' id='block_1_9' title="bbox 114 1096 3371 1171">
    <p class='ocr_par' dir='ltr' id='par_1_9' title="bbox 114 1096 3371 1171">
     <span class='ocr_line' id='line_1_9' title="bbox 114 1096 3371 1171; baseline 0.003 -22"><span class='ocrx_word' id='word_1_121' title='bbox 114 1106 358 1151; x_wconf 68' lang='lat' dir='ltr'><strong><em>tonuere.</em></strong></span> <span class='ocrx_word' id='word_1_122' title='bbox 392 1096 458 1152; x_wconf 90' lang='lat' dir='ltr'><strong><em>Si</em></strong></span> <span class='ocrx_word' id='word_1_123' title='bbox 486 1099 612 1152; x_wconf 84' lang='lat' dir='ltr'><strong><em>vilia</em></strong></span> <span class='ocrx_word' id='word_1_124' title='bbox 637 1100 820 1165; x_wconf 86' lang='lat' dir='ltr'><strong><em>credis,</em></strong></span> <span class='ocrx_word' id='word_1_125' title='bbox 853 1100 1001 1154; x_wconf 82' lang='lat' dir='ltr'><strong><em>crede</em></strong></span> <span class='ocrx_word' id='word_1_126' title='bbox 1020 1102 1263 1170; x_wconf 83' lang='lat' dir='ltr'><strong><em>mirifica.</em></strong></span> <span class='ocrx_word' id='word_1_127' title='bbox 1295 1100 1357 1155; x_wconf 88' lang='lat' dir='ltr'><strong><em>Si</em></strong></span> <span class='ocrx_word' id='word_1_128' title='bbox 1383 1100 1446 1152; x_wconf 87' lang='lat' dir='ltr'><strong><em>de</em></strong></span> <span class='ocrx_word' id='word_1_129' title='bbox 1479 1102 1543 1153; x_wconf 87' lang='lat' dir='ltr'><strong><em>iis</em></strong></span> <span class='ocrx_word' id='word_1_130' title='bbox 1564 1116 1677 1170; x_wconf 80' lang='lat' dir='ltr'><strong><em>qua:</em></strong></span> <span class='ocrx_word' id='word_1_131' title='bbox 1699 1101 2004 1153; x_wconf 79' lang='lat' dir='ltr'><strong><em>humilitatis</em></strong></span> <span class='ocrx_word' id='word_1_132' title='bbox 2032 1108 2152 1153; x_wconf 86' lang='lat' dir='ltr'><strong><em>sunt</em></strong></span> <span class='ocrx_word' id='word_1_133' title='bbox 2189 1101 2443 1170; x_wconf 84' lang='lat' dir='ltr'><strong><em>disputas,</em></strong></span> <span class='ocrx_word' id='word_1_134' title='bbox 2461 1113 2588 1171; x_wconf 69' lang='lat' dir='ltr'><strong><em>quae</em></strong></span> <span class='ocrx_word' id='word_1_135' title='bbox 2615 1104 2724 1156; x_wconf 89' lang='lat' dir='ltr'><strong><em>alta</em></strong></span> <span class='ocrx_word' id='word_1_136' title='bbox 2752 1113 2871 1157; x_wconf 91' lang='lat' dir='ltr'><strong><em>sunt</em></strong></span> <span class='ocrx_word' id='word_1_137' title='bbox 2897 1113 2945 1157; x_wconf 90' lang='lat' dir='ltr'><strong><em>et</em></strong></span> <span class='ocrx_word' id='word_1_138' title='bbox 2970 1105 3192 1157; x_wconf 61' lang='lat' dir='ltr'><strong><em>celestis</em></strong></span> <span class='ocrx_word' id='word_1_139' title='bbox 3221 1121 3371 1158; x_wconf 88' lang='lat' dir='ltr'><strong><em>vene-</em></strong></span> 
     </span>
    </p>
   </div>
   <div class='ocr_carea' id='block_1_10' title="bbox 113 1187 3370 1264">
    <p class='ocr_par' dir='ltr' id='par_1_10' title="bbox 113 1187 3370 1264">
     <span class='ocr_line' id='line_1_10' title="bbox 113 1187 3370 1264; baseline 0.002 -27"><span class='ocrx_word' id='word_1_140' title='bbox 113 1203 237 1240; x_wconf 89' lang='lat' dir='ltr'><strong><em>rare.</em></strong></span> <span class='ocrx_word' id='word_1_141' title='bbox 265 1187 464 1242; x_wconf 81' lang='lat' dir='ltr'><strong><em>Iisdem</em></strong></span> <span class='ocrx_word' id='word_1_142' title='bbox 503 1191 642 1242; x_wconf 90' lang='lat' dir='ltr'><strong><em>enim</em></strong></span> <span class='ocrx_word' id='word_1_143' title='bbox 681 1189 1036 1260; x_wconf 75' lang='lat' dir='ltr'><strong><em>referentibus,</em></strong></span> <span class='ocrx_word' id='word_1_144' title='bbox 1074 1191 1355 1262; x_wconf 82' lang='lat' dir='ltr'><strong><em>iisdemque</em></strong></span> <span class='ocrx_word' id='word_1_145' title='bbox 1393 1191 1688 1245; x_wconf 84' lang='lat' dir='ltr'><strong><em>auctoribus</em></strong></span> <span class='ocrx_word' id='word_1_146' title='bbox 1717 1191 1783 1244; x_wconf 92' lang='lat' dir='ltr'><strong><em>de</em></strong></span> <span class='ocrx_word' id='word_1_147' title='bbox 1814 1191 2034 1244; x_wconf 89' lang='lat' dir='ltr'><strong><em>Domino</em></strong></span> <span class='ocrx_word' id='word_1_148' title='bbox 2057 1189 2347 1256; x_wconf 78' lang='lat' dir='ltr'><strong><em>Saluatore,</em></strong></span> <span class='ocrx_word' id='word_1_149' title='bbox 2381 1209 2496 1262; x_wconf 71' lang='lat' dir='ltr'><strong><em>qua</em></strong></span> <span class='ocrx_word' id='word_1_150' title='bbox 2524 1193 2738 1246; x_wconf 82' lang='lat' dir='ltr'><strong><em>humilia</em></strong></span> <span class='ocrx_word' id='word_1_151' title='bbox 2761 1204 2810 1246; x_wconf 93' lang='lat' dir='ltr'><strong><em>et</em></strong></span> <span class='ocrx_word' id='word_1_152' title='bbox 2837 1210 2948 1264; x_wconf 75' lang='lat' dir='ltr'><strong><em>qua:</em></strong></span> <span class='ocrx_word' id='word_1_153' title='bbox 2980 1195 3205 1263; x_wconf 88' lang='lat' dir='ltr'><strong><em>gloriosa</em></strong></span> <span class='ocrx_word' id='word_1_154' title='bbox 3229 1199 3370 1256; x_wconf 88' lang='lat' dir='ltr'><strong><em>sunt,</em></strong></span> 
     </span>
    </p>
   </div>
   <div class='ocr_carea' id='block_1_11' title="bbox 112 1280 3372 1354">
    <p class='ocr_par' dir='ltr' id='par_1_11' title="bbox 112 1280 3372 1354">
     <span class='ocr_line' id='line_1_11' title="bbox 112 1280 3372 1354; baseline 0.002 -23"><span class='ocrx_word' id='word_1_155' title='bbox 112 1280 357 1345; x_wconf 73' lang='lat' dir='ltr'><strong><em>didicisti;</em></strong></span> <span class='ocrx_word' id='word_1_156' title='bbox 387 1285 632 1336; x_wconf 86' lang='lat' dir='ltr'><strong><em>universa</em></strong></span> <span class='ocrx_word' id='word_1_157' title='bbox 665 1299 778 1352; x_wconf 63' lang='lat' dir='ltr'><strong><em>qua:</em></strong></span> <span class='ocrx_word' id='word_1_158' title='bbox 806 1283 876 1336; x_wconf 92' lang='lat' dir='ltr'><strong><em>ad</em></strong></span> <span class='ocrx_word' id='word_1_159' title='bbox 902 1284 1086 1338; x_wconf 89' lang='lat' dir='ltr'><strong><em>salutis</em></strong></span> <span class='ocrx_word' id='word_1_160' title='bbox 1130 1292 1232 1338; x_wconf 74' lang='lat' dir='ltr'><strong><em>tute</em></strong></span> <span class='ocrx_word' id='word_1_161' title='bbox 1267 1285 1564 1352; x_wconf 82' lang='lat' dir='ltr'><strong><em>mysterium</em></strong></span> <span class='ocrx_word' id='word_1_162' title='bbox 1591 1283 1934 1353; x_wconf 83' lang='lat' dir='ltr'><strong><em>pertinebant,</em></strong></span> <span class='ocrx_word' id='word_1_163' title='bbox 1965 1299 2114 1335; x_wconf 87' lang='lat' dir='ltr'><strong><em>sacra</em></strong></span> <span class='ocrx_word' id='word_1_164' title='bbox 2156 1281 2244 1336; x_wconf 90' lang='lat' dir='ltr'><strong><em>tibi</em></strong></span> <span class='ocrx_word' id='word_1_165' title='bbox 2285 1281 2568 1354; x_wconf 81' lang='lat' dir='ltr'><strong><em>Evangelia</em></strong></span> <span class='ocrx_word' id='word_1_166' title='bbox 2597 1284 2954 1354; x_wconf 57' lang='lat' dir='ltr'><strong><em>prodiderunt</em></strong></span> <span class='ocrx_word' id='word_1_167' title='bbox 2986 1282 3160 1338; x_wconf 80' lang='lat' dir='ltr'><strong><em>Habes</em></strong></span> <span class='ocrx_word' id='word_1_168' title='bbox 3195 1285 3252 1336; x_wconf 92' lang='lat' dir='ltr'><strong><em>in</em></strong></span> <span class='ocrx_word' id='word_1_169' title='bbox 3293 1283 3372 1337; x_wconf 90' lang='lat' dir='ltr'><strong><em>his</em></strong></span> 
     </span>
    </p>
   </div>
   <div class='ocr_carea' id='block_1_12' title="bbox 111 1371 2548 1441">
    <p class='ocr_par' dir='ltr' id='par_1_12' title="bbox 111 1371 2548 1441">
     <span class='ocr_line' id='line_1_12' title="bbox 111 1371 2548 1441; baseline 0.002 -19"><span class='ocrx_word' id='word_1_170' title='bbox 111 1373 236 1425; x_wconf 84' lang='lat' dir='ltr'><strong><em>unde</em></strong></span> <span class='ocrx_word' id='word_1_171' title='bbox 263 1371 549 1427; x_wconf 88' lang='lat' dir='ltr'><strong><em>Dominum</em></strong></span> <span class='ocrx_word' id='word_1_172' title='bbox 574 1373 752 1428; x_wconf 87' lang='lat' dir='ltr'><strong><em>Iesum</em></strong></span> <span class='ocrx_word' id='word_1_173' title='bbox 776 1383 826 1426; x_wconf 89' lang='lat' dir='ltr'><strong><em>et</em></strong></span> <span class='ocrx_word' id='word_1_174' title='bbox 853 1383 1031 1428; x_wconf 87' lang='lat' dir='ltr'><strong><em>natum</em></strong></span> <span class='ocrx_word' id='word_1_175' title='bbox 1052 1374 1310 1430; x_wconf 84' lang='lat' dir='ltr'><strong><em>hominem</em></strong></span> <span class='ocrx_word' id='word_1_176' title='bbox 1329 1374 1527 1438; x_wconf 89' lang='lat' dir='ltr'><strong><em>credas,</em></strong></span> <span class='ocrx_word' id='word_1_177' title='bbox 1560 1382 1609 1426; x_wconf 90' lang='lat' dir='ltr'><strong><em>et</em></strong></span> <span class='ocrx_word' id='word_1_178' title='bbox 1637 1372 1799 1425; x_wconf 88' lang='lat' dir='ltr'><strong><em>Deum</em></strong></span> <span class='ocrx_word' id='word_1_179' title='bbox 1825 1389 1937 1425; x_wconf 88' lang='lat' dir='ltr'><strong><em>esse</em></strong></span> <span class='ocrx_word' id='word_1_180' title='bbox 1965 1371 2201 1425; x_wconf 88' lang='lat' dir='ltr'><strong><em>dubitare</em></strong></span> <span class='ocrx_word' id='word_1_181' title='bbox 2228 1387 2332 1425; x_wconf 90' lang='lat' dir='ltr'><strong><em>non</em></strong></span> <span class='ocrx_word' id='word_1_182' title='bbox 2360 1373 2548 1441; x_wconf 88' lang='lat' dir='ltr'><strong><em>possis.</em></strong></span> 
     </span>
    </p>
   </div>
   <div class='ocr_carea' id='block_1_13' title="bbox 174 1449 3364 1528">
    <p class='ocr_par' dir='ltr' id='par_1_13' title="bbox 174 1449 3364 1528">
     <span class='ocr_line' id='line_1_13' title="bbox 174 1449 3364 1528; baseline 0.001 -18"><span class='ocrx_word' id='word_1_183' title='bbox 174 1456 238 1511; x_wconf 78' lang='grc' dir='ltr'><strong><em>Χ.</em></strong></span> <span class='ocrx_word' id='word_1_184' title='bbox 269 1457 592 1526; x_wconf 80' lang='lat' dir='ltr'><strong><em>Quanquam</em></strong></span> <span class='ocrx_word' id='word_1_185' title='bbox 630 1475 792 1528; x_wconf 82' lang='lat' dir='ltr'><strong><em>porro</em></strong></span> <span class='ocrx_word' id='word_1_186' title='bbox 829 1459 1090 1513; x_wconf 79' lang='lat' dir='ltr'><strong><em>Maximus</em></strong></span> <span class='ocrx_word' id='word_1_187' title='bbox 1128 1468 1209 1515; x_wconf 87' lang='lat' dir='ltr'><strong><em>tot</em></strong></span> <span class='ocrx_word' id='word_1_188' title='bbox 1241 1460 1449 1515; x_wconf 83' lang='lat' dir='ltr'><strong><em>indiciis</em></strong></span> <span class='ocrx_word' id='word_1_189' title='bbox 1491 1459 1882 1512; x_wconf 80' lang='lat' dir='ltr'><strong><em>maniiestatam</em></strong></span> <span class='ocrx_word' id='word_1_190' title='bbox 1926 1449 2126 1512; x_wconf 90' lang='lat' dir='ltr'><strong><em>Christi</em></strong></span> <span class='ocrx_word' id='word_1_191' title='bbox 2159 1458 2498 1513; x_wconf 86' lang='lat' dir='ltr'><strong><em>Divinitatem</em></strong></span> <span class='ocrx_word' id='word_1_192' title='bbox 2545 1460 2708 1516; x_wconf 78' lang='lat' dir='ltr'><strong><em>fuisse</em></strong></span> <span class='ocrx_word' id='word_1_193' title='bbox 2753 1458 3147 1524; x_wconf 77' lang='lat' dir='ltr'><strong><em>animadvertit,</em></strong></span> <span class='ocrx_word' id='word_1_194' title='bbox 3189 1458 3364 1514; x_wconf 86' lang='lat' dir='ltr'><strong><em>lncar-</em></strong></span> 
     </span>
    </p>
   </div>
   <div class='ocr_carea' id='block_1_14' title="bbox 111 1545 3367 1620">
    <p class='ocr_par' dir='ltr' id='par_1_14' title="bbox 111 1545 3367 1620">
     <span class='ocr_line' id='line_1_14' title="bbox 111 1545 3367 1620; baseline 0 -19"><span class='ocrx_word' id='word_1_195' title='bbox 111 1547 329 1601; x_wconf 83' lang='lat' dir='ltr'><strong><em>nationis</em></strong></span> <span class='ocrx_word' id='word_1_196' title='bbox 357 1556 541 1603; x_wconf 87' lang='lat' dir='ltr'><strong><em>tamen</em></strong></span> <span class='ocrx_word' id='word_1_197' title='bbox 573 1549 884 1620; x_wconf 78' lang='lat' dir='ltr'><strong><em>mysterium</em></strong></span> <span class='ocrx_word' id='word_1_198' title='bbox 907 1548 1120 1603; x_wconf 88' lang='lat' dir='ltr'><strong><em>diabolo</em></strong></span> <span class='ocrx_word' id='word_1_199' title='bbox 1146 1549 1419 1616; x_wconf 77' lang='lat' dir='ltr'><strong><em>cognitum</em></strong></span> <span class='ocrx_word' id='word_1_200' title='bbox 1446 1548 1627 1613; x_wconf 84' lang='lat' dir='ltr'><strong><em>fuisse,</em></strong></span> <span class='ocrx_word' id='word_1_201' title='bbox 1660 1545 1878 1600; x_wconf 82' lang='lat' dir='ltr'><strong><em>Patrum</em></strong></span> <span class='ocrx_word' id='word_1_202' title='bbox 1906 1547 2244 1614; x_wconf 84' lang='lat' dir='ltr'><strong><em>superiorum</em></strong></span> <span class='ocrx_word' id='word_1_203' title='bbox 2272 1546 2348 1616; x_wconf 92' lang='lat' dir='ltr'><strong><em>(a)</em></strong></span> <span class='ocrx_word' id='word_1_204' title='bbox 2387 1546 2730 1602; x_wconf 85' lang='lat' dir='ltr'><strong><em>traditionem</em></strong></span> <span class='ocrx_word' id='word_1_205' title='bbox 2773 1555 3011 1611; x_wconf 85' lang='lat' dir='ltr'><strong><em>secutus,</em></strong></span> <span class='ocrx_word' id='word_1_206' title='bbox 3039 1553 3217 1615; x_wconf 80' lang='lat' dir='ltr'><strong><em>negat.</em></strong></span> <span class='ocrx_word' id='word_1_207' title='bbox 3251 1546 3367 1602; x_wconf 79' lang='lat' dir='ltr'><strong><em>Ilo-</em></strong></span> 
     </span>
    </p>
   </div>
   <div class='ocr_carea' id='block_1_15' title="bbox 109 1636 3369 1710">
    <p class='ocr_par' dir='ltr' id='par_1_15' title="bbox 109 1636 3369 1710">
     <span class='ocr_line' id='line_1_15' title="bbox 109 1636 3369 1710; baseline 0 -23"><span class='ocrx_word' id='word_1_208' title='bbox 109 1636 244 1689; x_wconf 86' lang='lat' dir='ltr'><strong><em>milia</em></strong></span> <span class='ocrx_word' id='word_1_209' title='bbox 269 1638 413 1692; x_wconf 88' lang='lat' dir='ltr'><strong><em>enim</em></strong></span> <span class='ocrx_word' id='word_1_210' title='bbox 443 1638 536 1700; x_wconf 76' lang='lat'><strong><em>37,</em></strong></span> <span class='ocrx_word' id='word_1_211' title='bbox 568 1653 688 1706; x_wconf 61' lang='lat' dir='ltr'><strong><em>quae</em></strong></span> <span class='ocrx_word' id='word_1_212' title='bbox 707 1646 788 1692; x_wconf 86' lang='lat' dir='ltr'><strong><em>est</em></strong></span> <span class='ocrx_word' id='word_1_213' title='bbox 808 1639 976 1707; x_wconf 83' lang='lat' dir='ltr'><strong><em>prima</em></strong></span> <span class='ocrx_word' id='word_1_214' title='bbox 1005 1638 1068 1692; x_wconf 89' lang='lat' dir='ltr'><strong><em>de</em></strong></span> <span class='ocrx_word' id='word_1_215' title='bbox 1094 1637 1440 1710; x_wconf 87' lang='lat' dir='ltr'><strong><em>Quadrages.,</em></strong></span> <span class='ocrx_word' id='word_1_216' title='bbox 1470 1652 1589 1706; x_wconf 92' lang='lat' dir='ltr'><strong><em>pag.</em></strong></span> <span class='ocrx_word' id='word_1_217' title='bbox 1626 1637 1746 1701; x_wconf 85' lang='grc'><strong>107,</strong></span> <span class='ocrx_word' id='word_1_218' title='bbox 1776 1637 1854 1691; x_wconf 91' lang='lat' dir='ltr'><strong><em>sic</em></strong></span> <span class='ocrx_word' id='word_1_219' title='bbox 1881 1637 2150 1691; x_wconf 82' lang='lat' dir='ltr'><strong><em>diabolum</em></strong></span> <span class='ocrx_word' id='word_1_220' title='bbox 2180 1637 2385 1692; x_wconf 90' lang='lat' dir='ltr'><strong><em>inducit</em></strong></span> <span class='ocrx_word' id='word_1_221' title='bbox 2412 1638 2722 1706; x_wconf 82' lang='lat' dir='ltr'><strong><em>loquentem</em></strong></span> <span class='ocrx_word' id='word_1_222' title='bbox 2754 1655 2768 1691; x_wconf 87' lang='lat'><strong>:</strong></span> <span class='ocrx_word' id='word_1_223' title='bbox 2802 1637 2932 1701; x_wconf 67' lang='lat' dir='ltr'><strong><em>Quae</em></strong></span> <span class='ocrx_word' id='word_1_224' title='bbox 2964 1638 3073 1692; x_wconf 75' lang='lat' dir='ltr'><strong><em>hcec</em></strong></span> <span class='ocrx_word' id='word_1_225' title='bbox 3102 1647 3206 1691; x_wconf 90' lang='lat' dir='ltr'><strong><em>tam</em></strong></span> <span class='ocrx_word' id='word_1_226' title='bbox 3236 1654 3369 1692; x_wconf 74' lang='lat' dir='ltr'><strong><em>nova</em></strong></span> 
     </span>
    </p>
   </div>
   <div class='ocr_carea' id='block_1_16' title="bbox 109 1728 3368 1799">
    <p class='ocr_par' dir='ltr' id='par_1_16' title="bbox 109 1728 3368 1799">
     <span class='ocr_line' id='line_1_16' title="bbox 109 1728 3368 1799; baseline 0.001 -21"><span class='ocrx_word' id='word_1_227' title='bbox 109 1735 372 1799; x_wconf 80' lang='lat' dir='ltr'><strong><em>potensque</em></strong></span> <span class='ocrx_word' id='word_1_228' title='bbox 394 1731 662 1798; x_wconf 84' lang='lat' dir='ltr'><strong><em>generatio</em></strong></span> <span class='ocrx_word' id='word_1_229' title='bbox 691 1730 801 1782; x_wconf 78' lang='lat' dir='ltr'><strong><em>est?</em></strong></span> <span class='ocrx_word' id='word_1_230' title='bbox 829 1728 976 1782; x_wconf 85' lang='lat' dir='ltr'><strong><em>Inter</em></strong></span> <span class='ocrx_word' id='word_1_231' title='bbox 995 1737 1288 1796; x_wconf 88' lang='lat' dir='ltr'><strong><em>peccatores</em></strong></span> <span class='ocrx_word' id='word_1_232' title='bbox 1316 1738 1365 1782; x_wconf 94' lang='lat' dir='ltr'><strong><em>et</em></strong></span> <span class='ocrx_word' id='word_1_233' title='bbox 1390 1730 1574 1798; x_wconf 89' lang='lat' dir='ltr'><strong><em>impios</em></strong></span> <span class='ocrx_word' id='word_1_234' title='bbox 1613 1737 1784 1790; x_wconf 91' lang='lat' dir='ltr'><strong><em>natus,</em></strong></span> <span class='ocrx_word' id='word_1_235' title='bbox 1817 1728 2024 1780; x_wconf 78' lang='lat' dir='ltr'><strong><em>mortali</em></strong></span> <span class='ocrx_word' id='word_1_236' title='bbox 2053 1728 2210 1780; x_wconf 89' lang='lat' dir='ltr'><strong><em>etiam</em></strong></span> <span class='ocrx_word' id='word_1_237' title='bbox 2238 1728 2301 1780; x_wconf 88' lang='lat' dir='ltr'><strong><em>de</em></strong></span> <span class='ocrx_word' id='word_1_238' title='bbox 2328 1737 2492 1781; x_wconf 87' lang='lat' dir='ltr'><strong><em>matre</em></strong></span> <span class='ocrx_word' id='word_1_239' title='bbox 2531 1743 2853 1798; x_wconf 87' lang='lat' dir='ltr'><strong><em>progressus,</em></strong></span> <span class='ocrx_word' id='word_1_240' title='bbox 2881 1730 3148 1798; x_wconf 89' lang='lat' dir='ltr'><strong><em>purgatior</em></strong></span> <span class='ocrx_word' id='word_1_241' title='bbox 3173 1729 3368 1784; x_wconf 86' lang='lat' dir='ltr'><strong><em>cunctis</em></strong></span> 
     </span>
    </p>
   </div>
   <div class='ocr_carea' id='block_1_17' title="bbox 108 1814 3367 1888">
    <p class='ocr_par' dir='ltr' id='par_1_17' title="bbox 108 1814 3367 1888">
     <span class='ocr_line' id='line_1_17' title="bbox 108 1814 3367 1888; baseline 0 -21"><span class='ocrx_word' id='word_1_242' title='bbox 108 1815 442 1882; x_wconf 85' lang='lat' dir='ltr'><strong><em>nascentibus,</em></strong></span> <span class='ocrx_word' id='word_1_243' title='bbox 475 1827 528 1871; x_wconf 88' lang='lat' dir='ltr'><strong><em>et</em></strong></span> <span class='ocrx_word' id='word_1_244' title='bbox 553 1820 667 1888; x_wconf 90' lang='lat' dir='ltr'><strong><em>ipso</em></strong></span> <span class='ocrx_word' id='word_1_245' title='bbox 692 1818 817 1872; x_wconf 85' lang='lat' dir='ltr'><strong><em>mihi</em></strong></span> <span class='ocrx_word' id='word_1_246' title='bbox 845 1818 971 1871; x_wconf 69' lang='lat' dir='ltr'><strong><em>caelo</em></strong></span> <span class='ocrx_word' id='word_1_247' title='bbox 998 1820 1176 1887; x_wconf 84' lang='lat' dir='ltr'><strong><em>purior</em></strong></span> <span class='ocrx_word' id='word_1_248' title='bbox 1199 1826 1433 1888; x_wconf 88' lang='lat' dir='ltr'><strong><em>apparet.</em></strong></span> <span class='ocrx_word' id='word_1_249' title='bbox 1464 1817 1708 1870; x_wconf 72' lang='lat' dir='ltr'><strong><em>Avaritia:</em></strong></span> <span class='ocrx_word' id='word_1_250' title='bbox 1736 1817 1791 1868; x_wconf 90' lang='lat' dir='ltr'><strong><em>in</em></strong></span> <span class='ocrx_word' id='word_1_251' title='bbox 1816 1831 1875 1867; x_wconf 91' lang='lat' dir='ltr'><strong><em>eo</em></strong></span> <span class='ocrx_word' id='word_1_252' title='bbox 1896 1815 2048 1867; x_wconf 72' lang='lat' dir='ltr'><strong><em>radis:</em></strong></span> <span class='ocrx_word' id='word_1_253' title='bbox 2076 1814 2220 1869; x_wconf 90' lang='lat' dir='ltr'><strong><em>nulla</em></strong></span> <span class='ocrx_word' id='word_1_254' title='bbox 2241 1818 2526 1887; x_wconf 85' lang='lat' dir='ltr'><strong><em>consurgit,</em></strong></span> <span class='ocrx_word' id='word_1_255' title='bbox 2546 1816 2690 1869; x_wconf 88' lang='lat' dir='ltr'><strong><em>nulla</em></strong></span> <span class='ocrx_word' id='word_1_256' title='bbox 2718 1833 2806 1869; x_wconf 92' lang='lat' dir='ltr'><strong><em>cor</em></strong></span> <span class='ocrx_word' id='word_1_257' title='bbox 2825 1815 2936 1884; x_wconf 87' lang='lat' dir='ltr'><strong><em>ejus</em></strong></span> <span class='ocrx_word' id='word_1_258' title='bbox 2961 1815 3131 1880; x_wconf 88' lang='lat' dir='ltr'><strong><em>pulsat</em></strong></span> <span class='ocrx_word' id='word_1_259' title='bbox 3152 1815 3367 1878; x_wconf 83' lang='lat' dir='ltr'><strong><em>invidia,</em></strong></span> 
     </span>
    </p>
   </div>
   <div class='ocr_carea' id='block_1_18' title="bbox 108 1904 3367 1978">
    <p class='ocr_par' dir='ltr' id='par_1_18' title="bbox 108 1904 3367 1978">
     <span class='ocr_line' id='line_1_18' title="bbox 108 1904 3367 1978; baseline 0.001 -22"><span class='ocrx_word' id='word_1_260' title='bbox 108 1907 260 1959; x_wconf 85' lang='lat' dir='ltr'><strong><em>nescit</em></strong></span> <span class='ocrx_word' id='word_1_261' title='bbox 296 1907 476 1977; x_wconf 85' lang='lat' dir='ltr'><strong><em>lingua</em></strong></span> <span class='ocrx_word' id='word_1_262' title='bbox 515 1908 628 1978; x_wconf 82' lang='lat' dir='ltr'><strong><em>ejus</em></strong></span> <span class='ocrx_word' id='word_1_263' title='bbox 673 1906 1014 1972; x_wconf 86' lang='lat' dir='ltr'><strong><em>mendacium,</em></strong></span> <span class='ocrx_word' id='word_1_264' title='bbox 1047 1908 1180 1961; x_wconf 88' lang='lat' dir='ltr'><strong><em>oculi</em></strong></span> <span class='ocrx_word' id='word_1_265' title='bbox 1203 1907 1334 1976; x_wconf 84' lang='lat' dir='ltr'><strong><em>ejus</em></strong></span> <span class='ocrx_word' id='word_1_266' title='bbox 1371 1905 1834 1976; x_wconf 79' lang='lat' dir='ltr'><strong><em>concupiscentiam</em></strong></span> <span class='ocrx_word' id='word_1_267' title='bbox 1863 1921 1967 1957; x_wconf 91' lang='lat' dir='ltr'><strong><em>non</em></strong></span> <span class='ocrx_word' id='word_1_268' title='bbox 1991 1904 2288 1969; x_wconf 87' lang='lat' dir='ltr'><strong><em>admittunt,</em></strong></span> <span class='ocrx_word' id='word_1_269' title='bbox 2319 1905 2462 1958; x_wconf 89' lang='lat' dir='ltr'><strong><em>nulla</em></strong></span> <span class='ocrx_word' id='word_1_270' title='bbox 2500 1907 2702 1958; x_wconf 88' lang='lat' dir='ltr'><strong><em>aurium</em></strong></span> <span class='ocrx_word' id='word_1_271' title='bbox 2744 1905 3000 1975; x_wconf 87' lang='lat' dir='ltr'><strong><em>voluptate</em></strong></span> <span class='ocrx_word' id='word_1_272' title='bbox 3037 1905 3285 1970; x_wconf 87' lang='lat' dir='ltr'><strong><em>mollitur,</em></strong></span> <span class='ocrx_word' id='word_1_273' title='bbox 3317 1916 3367 1960; x_wconf 83' lang='lat' dir='ltr'><strong><em>et</em></strong></span> 
     </span>
    </p>
   </div>
   <div class='ocr_carea' id='block_1_19' title="bbox 109 1992 3353 2070">
    <p class='ocr_par' dir='ltr' id='par_1_19' title="bbox 109 1992 3353 2070">
     <span class='ocr_line' id='line_1_19' title="bbox 109 1992 3353 2070; baseline -0 -22"><span class='ocrx_word' id='word_1_274' title='bbox 109 1997 219 2064; x_wconf 60' lang='lat' dir='ltr'><strong><em>maid</em></strong></span> <span class='ocrx_word' id='word_1_275' title='bbox 242 1999 428 2067; x_wconf 73' lang='lat' dir='ltr'><strong><em>plura?</em></strong></span> <span class='ocrx_word' id='word_1_276' title='bbox 456 2000 593 2053; x_wconf 85' lang='lat' dir='ltr'><strong><em>nihil</em></strong></span> <span class='ocrx_word' id='word_1_277' title='bbox 618 2001 674 2053; x_wconf 88' lang='lat' dir='ltr'><strong><em>in</em></strong></span> <span class='ocrx_word' id='word_1_278' title='bbox 699 2017 759 2054; x_wconf 91' lang='lat' dir='ltr'><strong><em>eo</em></strong></span> <span class='ocrx_word' id='word_1_279' title='bbox 787 2001 984 2069; x_wconf 76' lang='lat' dir='ltr'><strong><em>reperio</em></strong></span> <span class='ocrx_word' id='word_1_280' title='bbox 1012 1999 1148 2070; x_wconf 89' lang='lat' dir='ltr'><strong><em>quod</em></strong></span> <span class='ocrx_word' id='word_1_281' title='bbox 1171 2017 1251 2053; x_wconf 91' lang='lat' dir='ltr'><strong><em>me</em></strong></span> <span class='ocrx_word' id='word_1_282' title='bbox 1279 1999 1519 2061; x_wconf 85' lang='lat' dir='ltr'><strong><em>delectet;</em></strong></span> <span class='ocrx_word' id='word_1_283' title='bbox 1545 2012 1720 2052; x_wconf 90' lang='lat' dir='ltr'><strong><em>omnes</em></strong></span> <span class='ocrx_word' id='word_1_284' title='bbox 1748 2011 1888 2049; x_wconf 87' lang='lat' dir='ltr'><strong><em>meos</em></strong></span> <span class='ocrx_word' id='word_1_285' title='bbox 1913 2004 2126 2048; x_wconf 87' lang='lat' dir='ltr'><strong><em>conatus</em></strong></span> <span class='ocrx_word' id='word_1_286' title='bbox 2153 2002 2383 2049; x_wconf 87' lang='lat' dir='ltr'><strong><em>evacuat.</em></strong></span> <span class='ocrx_word' id='word_1_287' title='bbox 2410 1992 2548 2057; x_wconf 86' lang='lat' dir='ltr'><strong><em>Quid</em></strong></span> <span class='ocrx_word' id='word_1_288' title='bbox 2574 1996 2765 2064; x_wconf 79' lang='lat' dir='ltr'><strong><em>agam?</em></strong></span> <span class='ocrx_word' id='word_1_289' title='bbox 2791 2011 2890 2064; x_wconf 86' lang='lat' dir='ltr'><strong><em>quo</em></strong></span> <span class='ocrx_word' id='word_1_290' title='bbox 2917 2011 2998 2048; x_wconf 88' lang='lat' dir='ltr'><strong><em>me</em></strong></span> <span class='ocrx_word' id='word_1_291' title='bbox 3019 2003 3311 2049; x_wconf 82' lang='lat' dir='ltr'><strong><em>convertam</em></strong></span> <span class='ocrx_word' id='word_1_292' title='bbox 3328 1996 3353 2047; x_wconf 77' lang='lat'><strong><em>.’</em></strong></span> 
     </span>
    </p>
   </div>
   <div class='ocr_carea' id='block_1_20' title="bbox 109 2083 3366 2159">
    <p class='ocr_par' dir='ltr' id='par_1_20' title="bbox 109 2083 3366 2159">
     <span class='ocr_line' id='line_1_20' title="bbox 109 2083 3366 2159; baseline 0 -22"><span class='ocrx_word' id='word_1_293' title='bbox 109 2083 384 2142; x_wconf 83' lang='lat' dir='ltr'><strong><em>Fortiorem</em></strong></span> <span class='ocrx_word' id='word_1_294' title='bbox 422 2091 612 2143; x_wconf 90' lang='lat' dir='ltr'><strong><em>sentio.</em></strong></span> <span class='ocrx_word' id='word_1_295' title='bbox 642 2088 778 2144; x_wconf 86' lang='lat' dir='ltr'><strong><em>Puto</em></strong></span> <span class='ocrx_word' id='word_1_296' title='bbox 806 2088 952 2142; x_wconf 88' lang='lat' dir='ltr'><strong><em>illum</em></strong></span> <span class='ocrx_word' id='word_1_297' title='bbox 979 2090 1031 2142; x_wconf 90' lang='lat' dir='ltr'><strong><em>in</em></strong></span> <span class='ocrx_word' id='word_1_298' title='bbox 1061 2105 1216 2159; x_wconf 90' lang='lat' dir='ltr'><strong><em>regno</em></strong></span> <span class='ocrx_word' id='word_1_299' title='bbox 1246 2105 1357 2142; x_wconf 90' lang='lat' dir='ltr'><strong><em>meo</em></strong></span> <span class='ocrx_word' id='word_1_300' title='bbox 1385 2086 1508 2141; x_wconf 84' lang='lat' dir='ltr'><strong><em>velle</em></strong></span> <span class='ocrx_word' id='word_1_301' title='bbox 1528 2101 1765 2156; x_wconf 88' lang='lat' dir='ltr'><strong><em>regnare,</em></strong></span> <span class='ocrx_word' id='word_1_302' title='bbox 1790 2101 1852 2136; x_wconf 88' lang='lat' dir='ltr'><strong><em>ne</em></strong></span> <span class='ocrx_word' id='word_1_303' title='bbox 1883 2087 2014 2154; x_wconf 91' lang='lat' dir='ltr'><strong><em>forte</em></strong></span> <span class='ocrx_word' id='word_1_304' title='bbox 2047 2084 2182 2137; x_wconf 88' lang='lat' dir='ltr'><strong><em>Deus</em></strong></span> <span class='ocrx_word' id='word_1_305' title='bbox 2221 2085 2288 2136; x_wconf 90' lang='lat' dir='ltr'><strong><em>sit</em></strong></span> <span class='ocrx_word' id='word_1_306' title='bbox 2323 2085 2440 2146; x_wconf 91' lang='lat' dir='ltr'><strong><em>iste,</em></strong></span> <span class='ocrx_word' id='word_1_307' title='bbox 2481 2100 2630 2152; x_wconf 85' lang='lat' dir='ltr'><strong><em>quem</em></strong></span> <span class='ocrx_word' id='word_1_308' title='bbox 2663 2085 2861 2138; x_wconf 87' lang='lat' dir='ltr'><strong><em>nullum</em></strong></span> <span class='ocrx_word' id='word_1_309' title='bbox 2887 2092 3056 2154; x_wconf 84' lang='lat' dir='ltr'><strong><em>potest</em></strong></span> <span class='ocrx_word' id='word_1_310' title='bbox 3097 2085 3366 2138; x_wconf 86' lang='lat' dir='ltr'><strong><em>maculare</em></strong></span> 
     </span>
    </p>
   </div>
   <div class='ocr_carea' id='block_1_21' title="bbox 109 2170 3364 2247">
    <p class='ocr_par' dir='ltr' id='par_1_21' title="bbox 109 2170 3364 2247">
     <span class='ocr_line' id='line_1_21' title="bbox 109 2170 3364 2247; baseline 0.002 -23"><span class='ocrx_word' id='word_1_311' title='bbox 109 2175 354 2227; x_wconf 73' lang='lat' dir='ltr'><strong><em>delictum.</em></strong></span> <span class='ocrx_word' id='word_1_312' title='bbox 397 2175 509 2230; x_wconf 89' lang='lat' dir='ltr'><strong><em>Sed</em></strong></span> <span class='ocrx_word' id='word_1_313' title='bbox 536 2177 582 2230; x_wconf 88' lang='lat' dir='ltr'><strong><em>si</em></strong></span> <span class='ocrx_word' id='word_1_314' title='bbox 610 2175 748 2230; x_wconf 89' lang='lat' dir='ltr'><strong><em>Deus</em></strong></span> <span class='ocrx_word' id='word_1_315' title='bbox 791 2185 940 2239; x_wconf 88' lang='lat' dir='ltr'><strong><em>esset,</em></strong></span> <span class='ocrx_word' id='word_1_316' title='bbox 972 2176 1224 2247; x_wconf 83' lang='lat' dir='ltr'><strong><em>quomodo</em></strong></span> <span class='ocrx_word' id='word_1_317' title='bbox 1257 2176 1594 2246; x_wconf 85' lang='lat' dir='ltr'><strong><em>indignitates</em></strong></span> <span class='ocrx_word' id='word_1_318' title='bbox 1630 2183 1809 2242; x_wconf 86' lang='lat' dir='ltr'><strong><em>partus</em></strong></span> <span class='ocrx_word' id='word_1_319' title='bbox 1841 2174 2046 2243; x_wconf 76' lang='lat' dir='ltr'><strong><em>feminei</em></strong></span> <span class='ocrx_word' id='word_1_320' title='bbox 2088 2173 2397 2224; x_wconf 81' lang='lat' dir='ltr'><strong><em>sustineret?</em></strong></span> <span class='ocrx_word' id='word_1_321' title='bbox 2436 2170 2702 2235; x_wconf 81' lang='lat' dir='ltr'><strong><em>Quomodo</em></strong></span> <span class='ocrx_word' id='word_1_322' title='bbox 2725 2181 2858 2226; x_wconf 85' lang='lat' dir='ltr'><strong><em>esset</em></strong></span> <span class='ocrx_word' id='word_1_323' title='bbox 2896 2176 3043 2228; x_wconf 90' lang='lat' dir='ltr'><strong><em>cunis</em></strong></span> <span class='ocrx_word' id='word_1_324' title='bbox 3077 2177 3364 2246; x_wconf 83' lang='lat' dir='ltr'><strong><em>pannisque</em></strong></span> 
     </span>
    </p>
   </div>
   <div class='ocr_carea' id='block_1_22' title="bbox 110 2260 3363 2338">
    <p class='ocr_par' dir='ltr' id='par_1_22' title="bbox 110 2260 3363 2338">
     <span class='ocr_line' id='line_1_22' title="bbox 110 2260 3363 2338; baseline 0.001 -22"><span class='ocrx_word' id='word_1_325' title='bbox 110 2268 397 2320; x_wconf 80' lang='lat' dir='ltr'><strong><em>contentus?</em></strong></span> <span class='ocrx_word' id='word_1_326' title='bbox 423 2264 556 2330; x_wconf 85' lang='lat' dir='ltr'><strong><em>Quis</em></strong></span> <span class='ocrx_word' id='word_1_327' title='bbox 580 2268 787 2320; x_wconf 87' lang='lat' dir='ltr'><strong><em>credere</em></strong></span> <span class='ocrx_word' id='word_1_328' title='bbox 807 2268 968 2337; x_wconf 85' lang='lat' dir='ltr'><strong><em>possit</em></strong></span> <span class='ocrx_word' id='word_1_329' title='bbox 991 2268 1228 2338; x_wconf 70' lang='lat' dir='ltr'><strong><em>infantia:</em></strong></span> <span class='ocrx_word' id='word_1_330' title='bbox 1265 2268 1463 2338; x_wconf 79' lang='lat' dir='ltr'><strong><em>vagitus</em></strong></span> <span class='ocrx_word' id='word_1_331' title='bbox 1489 2268 1544 2319; x_wconf 86' lang='lat' dir='ltr'><strong><em>in</em></strong></span> <span class='ocrx_word' id='word_1_332' title='bbox 1569 2264 1714 2318; x_wconf 78' lang='lat' dir='ltr'><strong><em>Deo?</em></strong></span> <span class='ocrx_word' id='word_1_333' title='bbox 1755 2263 1850 2317; x_wconf 88' lang='lat' dir='ltr'><strong><em>Cui</em></strong></span> <span class='ocrx_word' id='word_1_334' title='bbox 1880 2281 1982 2317; x_wconf 92' lang='lat' dir='ltr'><strong><em>non</em></strong></span> <span class='ocrx_word' id='word_1_335' title='bbox 2006 2263 2232 2316; x_wconf 83' lang='lat' dir='ltr'><strong><em>audienti</em></strong></span> <span class='ocrx_word' id='word_1_336' title='bbox 2253 2260 2524 2316; x_wconf 89' lang='lat' dir='ltr'><strong><em>ridiculum</em></strong></span> <span class='ocrx_word' id='word_1_337' title='bbox 2550 2273 2645 2326; x_wconf 90' lang='lat' dir='ltr'><strong><em>est,</em></strong></span> <span class='ocrx_word' id='word_1_338' title='bbox 2670 2263 2836 2317; x_wconf 89' lang='lat' dir='ltr'><strong><em>Deum</em></strong></span> <span class='ocrx_word' id='word_1_339' title='bbox 2858 2265 3081 2334; x_wconf 88' lang='lat' dir='ltr'><strong><em>femineo</em></strong></span> <span class='ocrx_word' id='word_1_340' title='bbox 3108 2266 3241 2320; x_wconf 87' lang='lat' dir='ltr'><strong><em>lacte</em></strong></span> <span class='ocrx_word' id='word_1_341' title='bbox 3265 2284 3363 2320; x_wconf 91' lang='lat' dir='ltr'><strong><em>nu-</em></strong></span> 
     </span>
    </p>
   </div>
   <div class='ocr_carea' id='block_1_23' title="bbox 109 2351 3362 2427">
    <p class='ocr_par' dir='ltr' id='par_1_23' title="bbox 109 2351 3362 2427">
     <span class='ocr_line' id='line_1_23' title="bbox 109 2351 3362 2427; baseline 0.001 -20"><span class='ocrx_word' id='word_1_342' title='bbox 109 2355 396 2409; x_wconf 84' lang='lat' dir='ltr'><strong><em>triri?Post</em></strong></span> <span class='ocrx_word' id='word_1_343' title='bbox 423 2359 602 2411; x_wconf 85' lang='lat' dir='ltr'><strong><em>omnia</em></strong></span> <span class='ocrx_word' id='word_1_344' title='bbox 643 2373 760 2410; x_wconf 89' lang='lat' dir='ltr'><strong><em>ecce</em></strong></span> <span class='ocrx_word' id='word_1_345' title='bbox 791 2358 970 2421; x_wconf 88' lang='lat' dir='ltr'><strong><em>esurit,</em></strong></span> <span class='ocrx_word' id='word_1_346' title='bbox 1002 2373 1116 2410; x_wconf 87' lang='lat' dir='ltr'><strong><em>cum</em></strong></span> <span class='ocrx_word' id='word_1_347' title='bbox 1151 2358 1324 2427; x_wconf 79' lang='lat' dir='ltr'><strong><em>utique</em></strong></span> <span class='ocrx_word' id='word_1_348' title='bbox 1351 2357 1544 2410; x_wconf 84' lang='lat' dir='ltr'><strong><em>esurire</em></strong></span> <span class='ocrx_word' id='word_1_349' title='bbox 1581 2353 1748 2406; x_wconf 91' lang='lat' dir='ltr'><strong><em>Deum</em></strong></span> <span class='ocrx_word' id='word_1_350' title='bbox 1792 2354 1925 2407; x_wconf 88' lang='lat' dir='ltr'><strong><em>ratio</em></strong></span> <span class='ocrx_word' id='word_1_351' title='bbox 1963 2353 2107 2405; x_wconf 86' lang='lat' dir='ltr'><strong><em>nulla</em></strong></span> <span class='ocrx_word' id='word_1_352' title='bbox 2137 2351 2465 2420; x_wconf 85' lang='lat' dir='ltr'><strong><em>persuadeat.</em></strong></span> <span class='ocrx_word' id='word_1_353' title='bbox 2508 2351 2792 2424; x_wconf 89' lang='lat' dir='ltr'><strong><em>Ignorabat</em></strong></span> <span class='ocrx_word' id='word_1_354' title='bbox 2830 2355 3072 2408; x_wconf 89' lang='lat' dir='ltr'><strong><em>nimirum</em></strong></span> <span class='ocrx_word' id='word_1_355' title='bbox 3107 2356 3362 2423; x_wconf 85' lang='lat' dir='ltr'><strong><em>diabolus,</em></strong></span> 
     </span>
    </p>
   </div>
   <div class='ocr_carea' id='block_1_24' title="bbox 109 2441 3361 2517">
    <p class='ocr_par' dir='ltr' id='par_1_24' title="bbox 109 2441 3361 2517">
     <span class='ocr_line' id='line_1_24' title="bbox 109 2441 3361 2517; baseline 0.002 -20"><span class='ocrx_word' id='word_1_356' title='bbox 109 2445 215 2512; x_wconf 83' lang='lat' dir='ltr'><strong><em>quia</em></strong></span> <span class='ocrx_word' id='word_1_357' title='bbox 239 2441 376 2515; x_wconf 76' lang='lat' dir='ltr'><strong><em>quod</em></strong></span> <span class='ocrx_word' id='word_1_358' title='bbox 396 2445 629 2500; x_wconf 86' lang='lat' dir='ltr'><strong><em>Christus</em></strong></span> <span class='ocrx_word' id='word_1_359' title='bbox 658 2448 968 2500; x_wconf 88' lang='lat' dir='ltr'><strong><em>nutrimenta</em></strong></span> <span class='ocrx_word' id='word_1_360' title='bbox 995 2447 1280 2517; x_wconf 86' lang='lat' dir='ltr'><strong><em>perferebat</em></strong></span> <span class='ocrx_word' id='word_1_361' title='bbox 1313 2447 1572 2515; x_wconf 64' lang='lat' dir='ltr'><strong><em>infantiar,</em></strong></span> <span class='ocrx_word' id='word_1_362' title='bbox 1602 2444 1834 2513; x_wconf 87' lang='lat' dir='ltr'><strong><em>quodque</em></strong></span> <span class='ocrx_word' id='word_1_363' title='bbox 1860 2441 2139 2506; x_wconf 87' lang='lat' dir='ltr'><strong><em>esuriebat,</em></strong></span> <span class='ocrx_word' id='word_1_364' title='bbox 2182 2451 2239 2494; x_wconf 89' lang='lat' dir='ltr'><strong><em>ut</em></strong></span> <span class='ocrx_word' id='word_1_365' title='bbox 2271 2442 2440 2507; x_wconf 81' lang='lat' dir='ltr'><strong><em>homo,</em></strong></span> <span class='ocrx_word' id='word_1_366' title='bbox 2475 2459 2590 2497; x_wconf 82' lang='lat' dir='ltr'><strong><em>non</em></strong></span> <span class='ocrx_word' id='word_1_367' title='bbox 2616 2454 2726 2497; x_wconf 89' lang='lat' dir='ltr'><strong><em>erat</em></strong></span> <span class='ocrx_word' id='word_1_368' title='bbox 2756 2447 3056 2516; x_wconf 81' lang='lat' dir='ltr'><strong><em>fragilitatis</em></strong></span> <span class='ocrx_word' id='word_1_369' title='bbox 3085 2463 3361 2516; x_wconf 68' lang='lat' dir='ltr'><strong><em>corporea,</em></strong></span> 
     </span>
    </p>
   </div>
   <div class='ocr_carea' id='block_1_25' title="bbox 110 2535 3366 2610">
    <p class='ocr_par' dir='ltr' id='par_1_25' title="bbox 110 2535 3366 2610">
     <span class='ocr_line' id='line_1_25' title="bbox 110 2535 3366 2610; baseline 0.002 -22"><span class='ocrx_word' id='word_1_370' title='bbox 110 2540 189 2589; x_wconf 88' lang='lat' dir='ltr'><strong><em>sed</em></strong></span> <span class='ocrx_word' id='word_1_371' title='bbox 210 2541 416 2592; x_wconf 69' lang='lat' dir='ltr'><strong><em>caelestis</em></strong></span> <span class='ocrx_word' id='word_1_372' title='bbox 442 2540 631 2610; x_wconf 79' lang='lat' dir='ltr'><strong><em>gratia:</em></strong></span> <span class='ocrx_word' id='word_1_373' title='bbox 659 2547 1104 2592; x_wconf 73' lang='lat' dir='ltr'><strong><em>sacramentum...</em></strong></span> <span class='ocrx_word' id='word_1_374' title='bbox 1129 2537 1266 2591; x_wconf 88' lang='lat' dir='ltr'><strong><em>Ecce</em></strong></span> <span class='ocrx_word' id='word_1_375' title='bbox 1287 2547 1510 2591; x_wconf 86' lang='lat' dir='ltr'><strong><em>tentator</em></strong></span> <span class='ocrx_word' id='word_1_376' title='bbox 1540 2539 1678 2590; x_wconf 89' lang='lat' dir='ltr'><strong><em>trina</em></strong></span> <span class='ocrx_word' id='word_1_377' title='bbox 1700 2538 1815 2607; x_wconf 89' lang='lat' dir='ltr'><strong><em>jam</em></strong></span> <span class='ocrx_word' id='word_1_378' title='bbox 1838 2535 2245 2604; x_wconf 87' lang='lat' dir='ltr'><strong><em>interrogatione</em></strong></span> <span class='ocrx_word' id='word_1_379' title='bbox 2284 2536 2412 2589; x_wconf 81' lang='lat' dir='ltr'><strong><em>nihil</em></strong></span> <span class='ocrx_word' id='word_1_380' title='bbox 2437 2538 2662 2606; x_wconf 77' lang='lat' dir='ltr'><strong><em>proficit.</em></strong></span> <span class='ocrx_word' id='word_1_381' title='bbox 2696 2536 2935 2592; x_wconf 86' lang='lat' dir='ltr'><strong><em>Incertus</em></strong></span> <span class='ocrx_word' id='word_1_382' title='bbox 2974 2539 3110 2592; x_wconf 85' lang='lat' dir='ltr'><strong><em>venit</em></strong></span> <span class='ocrx_word' id='word_1_383' title='bbox 3134 2539 3366 2608; x_wconf 78' lang='lat' dir='ltr'><strong><em>(tentare</em></strong></span> 
     </span>
    </p>
   </div>
   <div class='ocr_carea' id='block_1_26' title="bbox 112 2619 3360 2700">
    <p class='ocr_par' dir='ltr' id='par_1_26' title="bbox 112 2619 3360 2700">
     <span class='ocr_line' id='line_1_26' title="bbox 112 2619 3360 2700; baseline 0 -17"><span class='ocrx_word' id='word_1_384' title='bbox 112 2628 419 2700; x_wconf 85' lang='lat' dir='ltr'><strong><em>Christum);</em></strong></span> <span class='ocrx_word' id='word_1_385' title='bbox 452 2631 588 2684; x_wconf 83' lang='lat' dir='ltr'><strong><em>redit</em></strong></span> <span class='ocrx_word' id='word_1_386' title='bbox 608 2632 872 2684; x_wconf 89' lang='lat' dir='ltr'><strong><em>incertior.</em></strong></span> <span class='ocrx_word' id='word_1_387' title='bbox 913 2629 1113 2683; x_wconf 88' lang='lat' dir='ltr'><strong><em>Eodem</em></strong></span> <span class='ocrx_word' id='word_1_388' title='bbox 1140 2629 1412 2700; x_wconf 85' lang='lat' dir='ltr'><strong><em>pertinent</em></strong></span> <span class='ocrx_word' id='word_1_389' title='bbox 1439 2642 1558 2698; x_wconf 61' lang='lat' dir='ltr'><strong><em>quae</em></strong></span> <span class='ocrx_word' id='word_1_390' title='bbox 1583 2629 1801 2697; x_wconf 91' lang='lat' dir='ltr'><strong><em>copiose</em></strong></span> <span class='ocrx_word' id='word_1_391' title='bbox 1829 2625 2015 2681; x_wconf 87' lang='lat' dir='ltr'><strong><em>scribit</em></strong></span> <span class='ocrx_word' id='word_1_392' title='bbox 2043 2624 2264 2678; x_wconf 85' lang='lat' dir='ltr'><strong><em>homilia</em></strong></span> <span class='ocrx_word' id='word_1_393' title='bbox 2294 2624 2379 2690; x_wconf 67' lang='lat' dir='ltr'><strong><em>t2,</em></strong></span> <span class='ocrx_word' id='word_1_394' title='bbox 2411 2642 2530 2695; x_wconf 76' lang='lat' dir='ltr'><strong><em>qua:</em></strong></span> <span class='ocrx_word' id='word_1_395' title='bbox 2554 2635 2636 2681; x_wconf 89' lang='lat' dir='ltr'><strong><em>est</em></strong></span> <span class='ocrx_word' id='word_1_396' title='bbox 2656 2636 2807 2682; x_wconf 85' lang='lat' dir='ltr'><strong><em>sexta</em></strong></span> <span class='ocrx_word' id='word_1_397' title='bbox 2838 2629 2900 2681; x_wconf 91' lang='lat' dir='ltr'><strong><em>de</em></strong></span> <span class='ocrx_word' id='word_1_398' title='bbox 2924 2619 3360 2700; x_wconf 84' lang='lat' dir='ltr'><strong><em>Quadragesima,</em></strong></span> 
     </span>
    </p>
   </div>
   <div class='ocr_carea' id='block_1_27' title="bbox 110 2715 3359 2791">
    <p class='ocr_par' dir='ltr' id='par_1_27' title="bbox 110 2715 3359 2791">
     <span class='ocr_line' id='line_1_27' title="bbox 110 2715 3359 2791; baseline -0.001 -17"><span class='ocrx_word' id='word_1_399' title='bbox 110 2734 216 2790; x_wconf 82' lang='lat' dir='ltr'><strong><em>pag.</em></strong></span> <span class='ocrx_word' id='word_1_400' title='bbox 256 2721 353 2775; x_wconf 75' lang='lat'><strong><em>125</em></strong></span> <span class='ocrx_word' id='word_1_401' title='bbox 379 2737 556 2791; x_wconf 84' lang='lat' dir='ltr'><strong><em>seqq.,</em></strong></span> <span class='ocrx_word' id='word_1_402' title='bbox 586 2729 642 2776; x_wconf 90' lang='lat' dir='ltr'><strong><em>et</em></strong></span> <span class='ocrx_word' id='word_1_403' title='bbox 684 2720 904 2775; x_wconf 86' lang='lat' dir='ltr'><strong><em>homilia</em></strong></span> <span class='ocrx_word' id='word_1_404' title='bbox 924 2720 1010 2784; x_wconf 70' lang='grc'><strong>45,</strong></span> <span class='ocrx_word' id='word_1_405' title='bbox 1040 2732 1159 2789; x_wconf 61' lang='lat' dir='ltr'><strong><em>quae</em></strong></span> <span class='ocrx_word' id='word_1_406' title='bbox 1204 2728 1286 2776; x_wconf 89' lang='lat' dir='ltr'><strong><em>est</em></strong></span> <span class='ocrx_word' id='word_1_407' title='bbox 1313 2720 1538 2790; x_wconf 88' lang='lat' dir='ltr'><strong><em>septima</em></strong></span> <span class='ocrx_word' id='word_1_408' title='bbox 1579 2719 1643 2772; x_wconf 91' lang='lat' dir='ltr'><strong><em>de</em></strong></span> <span class='ocrx_word' id='word_1_409' title='bbox 1685 2715 2117 2789; x_wconf 86' lang='lat' dir='ltr'><strong><em>Quadragesima,</em></strong></span> <span class='ocrx_word' id='word_1_410' title='bbox 2160 2733 2284 2791; x_wconf 87' lang='lat' dir='ltr'><strong><em>pag.</em></strong></span> <span class='ocrx_word' id='word_1_411' title='bbox 2319 2717 2420 2770; x_wconf 70' lang='lat'><strong><em>129</em></strong></span> <span class='ocrx_word' id='word_1_412' title='bbox 2448 2733 2622 2786; x_wconf 88' lang='lat' dir='ltr'><strong><em>seqq.,</em></strong></span> <span class='ocrx_word' id='word_1_413' title='bbox 2655 2726 2709 2772; x_wconf 83' lang='lat' dir='ltr'><strong><em>et</em></strong></span> <span class='ocrx_word' id='word_1_414' title='bbox 2749 2717 2968 2772; x_wconf 89' lang='lat' dir='ltr'><strong><em>homilia</em></strong></span> <span class='ocrx_word' id='word_1_415' title='bbox 3008 2719 3097 2784; x_wconf 72' lang='lat'><strong><em>23,</em></strong></span> <span class='ocrx_word' id='word_1_416' title='bbox 3125 2734 3244 2786; x_wconf 76' lang='lat' dir='ltr'><strong><em>quae</em></strong></span> <span class='ocrx_word' id='word_1_417' title='bbox 3274 2727 3359 2772; x_wconf 80' lang='lat' dir='ltr'><strong><em>est</em></strong></span> 
     </span>
    </p>
   </div>
   <div class='ocr_carea' id='block_1_28' title="bbox 110 2809 2683 2884">
    <p class='ocr_par' dir='ltr' id='par_1_28' title="bbox 110 2809 2683 2884">
     <span class='ocr_line' id='line_1_28' title="bbox 110 2809 2683 2884; baseline -0.002 -16"><span class='ocrx_word' id='word_1_418' title='bbox 110 2814 319 2884; x_wconf 80' lang='lat' dir='ltr'><strong><em>septima</em></strong></span> <span class='ocrx_word' id='word_1_419' title='bbox 349 2814 410 2867; x_wconf 87' lang='lat' dir='ltr'><strong><em>de</em></strong></span> <span class='ocrx_word' id='word_1_420' title='bbox 429 2813 751 2883; x_wconf 85' lang='lat' dir='ltr'><strong><em>Epiphania,</em></strong></span> <span class='ocrx_word' id='word_1_421' title='bbox 777 2825 900 2881; x_wconf 91' lang='lat' dir='ltr'><strong><em>pag.</em></strong></span> <span class='ocrx_word' id='word_1_422' title='bbox 932 2810 1018 2876; x_wconf 87' lang='lat'><strong><em>66,</em></strong></span> <span class='ocrx_word' id='word_1_423' title='bbox 1045 2811 1394 2880; x_wconf 83' lang='lat' dir='ltr'><strong><em>pluribusque</em></strong></span> <span class='ocrx_word' id='word_1_424' title='bbox 1415 2810 1531 2864; x_wconf 89' lang='lat' dir='ltr'><strong><em>aliis</em></strong></span> <span class='ocrx_word' id='word_1_425' title='bbox 1553 2809 1606 2864; x_wconf 92' lang='lat' dir='ltr'><strong><em>in</em></strong></span> <span class='ocrx_word' id='word_1_426' title='bbox 1635 2809 1768 2864; x_wconf 90' lang='lat' dir='ltr'><strong><em>locis</em></strong></span> <span class='ocrx_word' id='word_1_427' title='bbox 1795 2825 1913 2878; x_wconf 81' lang='lat' dir='ltr'><strong><em>quae</em></strong></span> <span class='ocrx_word' id='word_1_428' title='bbox 1935 2811 2172 2868; x_wconf 88' lang='lat' dir='ltr'><strong><em>indicare</em></strong></span> <span class='ocrx_word' id='word_1_429' title='bbox 2201 2827 2308 2865; x_wconf 91' lang='lat' dir='ltr'><strong><em>non</em></strong></span> <span class='ocrx_word' id='word_1_430' title='bbox 2337 2817 2420 2864; x_wconf 92' lang='lat' dir='ltr'><strong><em>est</em></strong></span> <span class='ocrx_word' id='word_1_431' title='bbox 2445 2824 2683 2864; x_wconf 86' lang='lat' dir='ltr'><strong><em>necesse.</em></strong></span> 
     </span>
    </p>
   </div>
   <div class='ocr_carea' id='block_1_29' title="bbox 171 2899 3357 2975">
    <p class='ocr_par' dir='ltr' id='par_1_29' title="bbox 171 2899 3357 2975">
     <span class='ocr_line' id='line_1_29' title="bbox 171 2899 3357 2975; baseline -0.001 -17"><span class='ocrx_word' id='word_1_432' title='bbox 171 2903 308 2975; x_wconf 71' lang='lat' dir='ltr'><strong><em>[nn]</em></strong></span> <span class='ocrx_word' id='word_1_433' title='bbox 337 2904 424 2958; x_wconf 84' lang='lat' dir='ltr'><strong><em>X1.</em></strong></span> <span class='ocrx_word' id='word_1_434' title='bbox 460 2904 538 2959; x_wconf 91' lang='lat' dir='ltr'><strong><em>De</em></strong></span> <span class='ocrx_word' id='word_1_435' title='bbox 576 2904 839 2972; x_wconf 90' lang='lat' dir='ltr'><strong><em>baptismo</em></strong></span> <span class='ocrx_word' id='word_1_436' title='bbox 868 2901 1098 2966; x_wconf 86' lang='lat' dir='ltr'><strong><em>Christi,</em></strong></span> <span class='ocrx_word' id='word_1_437' title='bbox 1130 2901 1301 2970; x_wconf 87' lang='lat' dir='ltr'><strong><em>deque</em></strong></span> <span class='ocrx_word' id='word_1_438' title='bbox 1329 2901 1674 2956; x_wconf 82' lang='lat' dir='ltr'><strong><em>sanctiﬁcatis</em></strong></span> <span class='ocrx_word' id='word_1_439' title='bbox 1701 2901 1853 2968; x_wconf 83' lang='lat' dir='ltr'><strong><em>aquis</em></strong></span> <span class='ocrx_word' id='word_1_440' title='bbox 1882 2902 2098 2968; x_wconf 85' lang='lat' dir='ltr'><strong><em>egregie</em></strong></span> <span class='ocrx_word' id='word_1_441' title='bbox 2127 2901 2345 2956; x_wconf 86' lang='lat' dir='ltr'><strong><em>disserit</em></strong></span> <span class='ocrx_word' id='word_1_442' title='bbox 2385 2900 2604 2953; x_wconf 87' lang='lat' dir='ltr'><strong><em>homilia</em></strong></span> <span class='ocrx_word' id='word_1_443' title='bbox 2652 2899 2747 2963; x_wconf 86' lang='lat'><strong>22,</strong></span> <span class='ocrx_word' id='word_1_444' title='bbox 2797 2915 2916 2968; x_wconf 75' lang='lat' dir='ltr'><strong><em>qua:</em></strong></span> <span class='ocrx_word' id='word_1_445' title='bbox 2963 2909 3044 2955; x_wconf 85' lang='lat' dir='ltr'><strong><em>est</em></strong></span> <span class='ocrx_word' id='word_1_446' title='bbox 3092 2909 3242 2954; x_wconf 79' lang='lat' dir='ltr'><strong><em>sexta</em></strong></span> <span class='ocrx_word' id='word_1_447' title='bbox 3290 2903 3357 2955; x_wconf 92' lang='lat' dir='ltr'><strong><em>de</em></strong></span> 
     </span>
    </p>
   </div>
   <div class='ocr_carea' id='block_1_30' title="bbox 114 2987 3358 3059">
    <p class='ocr_par' dir='ltr' id='par_1_30' title="bbox 114 2987 3358 3059">
     <span class='ocr_line' id='line_1_30' title="bbox 114 2987 3358 3059; baseline 0.001 -17"><span class='ocrx_word' id='word_1_448' title='bbox 114 2987 388 3058; x_wconf 86' lang='lat' dir='ltr'><strong><em>Epiphania</em></strong></span> <span class='ocrx_word' id='word_1_449' title='bbox 407 3029 422 3053; x_wconf 93' lang='lat'><strong><em>,</em></strong></span> <span class='ocrx_word' id='word_1_450' title='bbox 456 3004 580 3059; x_wconf 85' lang='lat' dir='ltr'><strong><em>pag.</em></strong></span> <span class='ocrx_word' id='word_1_451' title='bbox 614 2989 683 3042; x_wconf 81' lang='lat'><strong>62</strong></span> <span class='ocrx_word' id='word_1_452' title='bbox 711 3004 884 3058; x_wconf 89' lang='lat' dir='ltr'><strong><em>seqq.,</em></strong></span> <span class='ocrx_word' id='word_1_453' title='bbox 915 3003 1024 3058; x_wconf 85' lang='lat' dir='ltr'><strong><em>quo</em></strong></span> <span class='ocrx_word' id='word_1_454' title='bbox 1054 2990 1173 3043; x_wconf 91' lang='lat' dir='ltr'><strong><em>loco</em></strong></span> <span class='ocrx_word' id='word_1_455' title='bbox 1203 2990 1363 3043; x_wconf 83' lang='lat' dir='ltr'><strong><em>etiam</em></strong></span> <span class='ocrx_word' id='word_1_456' title='bbox 1395 2991 1502 3056; x_wconf 87' lang='lat' dir='ltr'><strong><em>agit</em></strong></span> <span class='ocrx_word' id='word_1_457' title='bbox 1531 2991 1596 3042; x_wconf 81' lang='lat' dir='ltr'><strong><em>de</em></strong></span> <span class='ocrx_word' id='word_1_458' title='bbox 1626 2989 1778 3042; x_wconf 88' lang='lat' dir='ltr'><strong><em>stella</em></strong></span> <span class='ocrx_word' id='word_1_459' title='bbox 1811 2991 1978 3055; x_wconf 83' lang='lat' dir='ltr'><strong><em>magis</em></strong></span> <span class='ocrx_word' id='word_1_460' title='bbox 2007 2991 2118 3043; x_wconf 86' lang='lat' dir='ltr'><strong><em>visa</em></strong></span> <span class='ocrx_word' id='word_1_461' title='bbox 2138 3027 2152 3051; x_wconf 95' lang='lat'><strong><em>,</em></strong></span> <span class='ocrx_word' id='word_1_462' title='bbox 2185 2990 2356 3058; x_wconf 87' lang='lat' dir='ltr'><strong><em>deque</em></strong></span> <span class='ocrx_word' id='word_1_463' title='bbox 2399 2989 2588 3054; x_wconf 88' lang='lat' dir='ltr'><strong><em>insigni</em></strong></span> <span class='ocrx_word' id='word_1_464' title='bbox 2619 2989 2878 3043; x_wconf 89' lang='lat' dir='ltr'><strong><em>miraculo</em></strong></span> <span class='ocrx_word' id='word_1_465' title='bbox 2908 3005 3057 3058; x_wconf 74' lang='lat' dir='ltr'><strong><em>aqum</em></strong></span> <span class='ocrx_word' id='word_1_466' title='bbox 3085 3000 3358 3046; x_wconf 68' lang='lat' dir='ltr'><strong><em>conversa!</em></strong></span> 
     </span>
    </p>
   </div>
   <div class='ocr_carea' id='block_1_31' title="bbox 117 3076 3352 3149">
    <p class='ocr_par' dir='ltr' id='par_1_31' title="bbox 117 3076 3352 3149">
     <span class='ocr_line' id='line_1_31' title="bbox 117 3076 3352 3149; baseline 0.002 -19"><span class='ocrx_word' id='word_1_467' title='bbox 117 3077 162 3130; x_wconf 91' lang='lat' dir='ltr'><strong><em>in</em></strong></span> <span class='ocrx_word' id='word_1_468' title='bbox 188 3080 378 3132; x_wconf 71' lang='lat' dir='ltr'><strong><em>vinum.</em></strong></span> <span class='ocrx_word' id='word_1_469' title='bbox 412 3078 606 3140; x_wconf 81' lang='lat' dir='ltr'><strong><em>Hodie,</em></strong></span> <span class='ocrx_word' id='word_1_470' title='bbox 633 3079 821 3147; x_wconf 87' lang='lat' dir='ltr'><strong><em>inquit,</em></strong></span> <span class='ocrx_word' id='word_1_471' title='bbox 849 3078 978 3132; x_wconf 88' lang='lat' dir='ltr'><strong><em>illud</em></strong></span> <span class='ocrx_word' id='word_1_472' title='bbox 1001 3079 1232 3142; x_wconf 82' lang='lat' dir='ltr'><strong><em>colimus,</em></strong></span> <span class='ocrx_word' id='word_1_473' title='bbox 1263 3095 1359 3148; x_wconf 85' lang='lat' dir='ltr'><strong><em>quo</em></strong></span> <span class='ocrx_word' id='word_1_474' title='bbox 1388 3095 1442 3132; x_wconf 89' lang='lat' dir='ltr'><strong><em>se</em></strong></span> <span class='ocrx_word' id='word_1_475' title='bbox 1473 3078 1659 3149; x_wconf 90' lang='lat' dir='ltr'><strong><em>(Deus)</em></strong></span> <span class='ocrx_word' id='word_1_476' title='bbox 1692 3080 1743 3130; x_wconf 84' lang='lat' dir='ltr'><strong><em>in</em></strong></span> <span class='ocrx_word' id='word_1_477' title='bbox 1777 3078 1981 3132; x_wconf 89' lang='lat' dir='ltr'><strong><em>homine</em></strong></span> <span class='ocrx_word' id='word_1_478' title='bbox 2009 3076 2276 3133; x_wconf 85' lang='lat' dir='ltr'><strong><em>virtutibus</em></strong></span> <span class='ocrx_word' id='word_1_479' title='bbox 2303 3078 2616 3142; x_wconf 86' lang='lat' dir='ltr'><strong><em>declaravit;</em></strong></span> <span class='ocrx_word' id='word_1_480' title='bbox 2646 3096 2706 3132; x_wconf 90' lang='lat' dir='ltr'><strong><em>eo</em></strong></span> <span class='ocrx_word' id='word_1_481' title='bbox 2730 3079 2866 3149; x_wconf 89' lang='lat' dir='ltr'><strong><em>quod</em></strong></span> <span class='ocrx_word' id='word_1_482' title='bbox 2893 3081 2947 3133; x_wconf 90' lang='lat' dir='ltr'><strong><em>in</em></strong></span> <span class='ocrx_word' id='word_1_483' title='bbox 2987 3081 3084 3132; x_wconf 89' lang='lat' dir='ltr'><strong><em>hac</em></strong></span> <span class='ocrx_word' id='word_1_484' title='bbox 3123 3082 3225 3146; x_wconf 91' lang='lat' dir='ltr'><strong><em>die,</em></strong></span> <span class='ocrx_word' id='word_1_485' title='bbox 3247 3084 3352 3136; x_wconf 85' lang='lat' dir='ltr'><strong><em>sive</em></strong></span> 
     </span>
    </p>
   </div>
   <div class='ocr_carea' id='block_1_32' title="bbox 115 3165 3357 3240">
    <p class='ocr_par' dir='ltr' id='par_1_32' title="bbox 115 3165 3357 3240">
     <span class='ocr_line' id='line_1_32' title="bbox 115 3165 3357 3240; baseline 0.002 -22"><span class='ocrx_word' id='word_1_486' title='bbox 115 3165 234 3233; x_wconf 76' lang='lat' dir='ltr'><strong><em>quod</em></strong></span> <span class='ocrx_word' id='word_1_487' title='bbox 258 3167 309 3219; x_wconf 88' lang='lat' dir='ltr'><strong><em>in</em></strong></span> <span class='ocrx_word' id='word_1_488' title='bbox 336 3167 460 3220; x_wconf 72' lang='lat' dir='ltr'><strong><em>caelo</em></strong></span> <span class='ocrx_word' id='word_1_489' title='bbox 488 3166 641 3220; x_wconf 87' lang='lat' dir='ltr'><strong><em>stella</em></strong></span> <span class='ocrx_word' id='word_1_490' title='bbox 670 3175 810 3220; x_wconf 88' lang='lat' dir='ltr'><strong><em>ortus</em></strong></span> <span class='ocrx_word' id='word_1_491' title='bbox 834 3167 914 3218; x_wconf 90' lang='lat' dir='ltr'><strong><em>sui</em></strong></span> <span class='ocrx_word' id='word_1_492' title='bbox 937 3167 1169 3219; x_wconf 89' lang='lat' dir='ltr'><strong><em>nuntium</em></strong></span> <span class='ocrx_word' id='word_1_493' title='bbox 1194 3166 1440 3237; x_wconf 74' lang='lat' dir='ltr'><strong><em>prwbuit,</em></strong></span> <span class='ocrx_word' id='word_1_494' title='bbox 1482 3168 1585 3219; x_wconf 64' lang='lat' dir='ltr'><strong><em>sive</em></strong></span> <span class='ocrx_word' id='word_1_495' title='bbox 1613 3166 1748 3235; x_wconf 85' lang='lat' dir='ltr'><strong><em>quod</em></strong></span> <span class='ocrx_word' id='word_1_496' title='bbox 1786 3168 1838 3219; x_wconf 90' lang='lat' dir='ltr'><strong><em>in</em></strong></span> <span class='ocrx_word' id='word_1_497' title='bbox 1869 3166 2009 3219; x_wconf 92' lang='lat' dir='ltr'><strong><em>Cana</em></strong></span> <span class='ocrx_word' id='word_1_498' title='bbox 2041 3165 2270 3221; x_wconf 73' lang='lat' dir='ltr'><strong><em>Caliltea:</em></strong></span> <span class='ocrx_word' id='word_1_499' title='bbox 2296 3170 2351 3221; x_wconf 89' lang='lat' dir='ltr'><strong><em>in</em></strong></span> <span class='ocrx_word' id='word_1_500' title='bbox 2379 3169 2605 3220; x_wconf 85' lang='lat' dir='ltr'><strong><em>convivio</em></strong></span> <span class='ocrx_word' id='word_1_501' title='bbox 2634 3169 2852 3237; x_wconf 89' lang='lat' dir='ltr'><strong><em>nuptiali</em></strong></span> <span class='ocrx_word' id='word_1_502' title='bbox 2879 3185 3065 3240; x_wconf 82' lang='lat' dir='ltr'><strong><em>aquam</em></strong></span> <span class='ocrx_word' id='word_1_503' title='bbox 3087 3173 3144 3237; x_wconf 75' lang='lat' dir='ltr'><strong><em>in</em></strong></span> <span class='ocrx_word' id='word_1_504' title='bbox 3185 3172 3357 3224; x_wconf 82' lang='lat' dir='ltr'><strong><em>vinum</em></strong></span> 
     </span>
    </p>
   </div>
   <div class='ocr_carea' id='block_1_33' title="bbox 116 3258 3359 3335">
    <p class='ocr_par' dir='ltr' id='par_1_33' title="bbox 116 3258 3359 3335">
     <span class='ocr_line' id='line_1_33' title="bbox 116 3258 3359 3335; baseline 0.001 -23"><span class='ocrx_word' id='word_1_505' title='bbox 116 3265 352 3328; x_wconf 82' lang='lat' dir='ltr'><strong><em>convertit,</em></strong></span> <span class='ocrx_word' id='word_1_506' title='bbox 381 3266 484 3318; x_wconf 89' lang='lat' dir='ltr'><strong><em>sive</em></strong></span> <span class='ocrx_word' id='word_1_507' title='bbox 510 3262 648 3335; x_wconf 89' lang='lat' dir='ltr'><strong><em>quod</em></strong></span> <span class='ocrx_word' id='word_1_508' title='bbox 668 3263 720 3315; x_wconf 89' lang='lat' dir='ltr'><strong><em>in</em></strong></span> <span class='ocrx_word' id='word_1_509' title='bbox 738 3261 985 3315; x_wconf 88' lang='lat' dir='ltr'><strong><em>Iordanis</em></strong></span> <span class='ocrx_word' id='word_1_510' title='bbox 1006 3262 1156 3314; x_wconf 89' lang='lat' dir='ltr'><strong><em>undis</em></strong></span> <span class='ocrx_word' id='word_1_511' title='bbox 1179 3277 1338 3331; x_wconf 86' lang='lat' dir='ltr'><strong><em>aquas</em></strong></span> <span class='ocrx_word' id='word_1_512' title='bbox 1361 3260 1429 3313; x_wconf 92' lang='lat' dir='ltr'><strong><em>ad</em></strong></span> <span class='ocrx_word' id='word_1_513' title='bbox 1450 3263 1826 3330; x_wconf 85' lang='lat' dir='ltr'><strong><em>reparationem</em></strong></span> <span class='ocrx_word' id='word_1_514' title='bbox 1855 3260 2065 3313; x_wconf 87' lang='lat' dir='ltr'><strong><em>humani</em></strong></span> <span class='ocrx_word' id='word_1_515' title='bbox 2086 3262 2282 3330; x_wconf 82' lang='lat' dir='ltr'><strong><em>generis</em></strong></span> <span class='ocrx_word' id='word_1_516' title='bbox 2305 3276 2395 3313; x_wconf 86' lang='lat' dir='ltr'><strong><em>suo</em></strong></span> <span class='ocrx_word' id='word_1_517' title='bbox 2417 3258 2665 3330; x_wconf 89' lang='lat' dir='ltr'><strong><em>baptismo</em></strong></span> <span class='ocrx_word' id='word_1_518' title='bbox 2686 3263 3020 3315; x_wconf 80' lang='lat' dir='ltr'><strong><em>consecravit.</em></strong></span> <span class='ocrx_word' id='word_1_519' title='bbox 3047 3260 3113 3315; x_wconf 91' lang='lat' dir='ltr'><strong><em>In</em></strong></span> <span class='ocrx_word' id='word_1_520' title='bbox 3135 3263 3359 3333; x_wconf 79' lang='lat' dir='ltr'><strong><em>quolibet</em></strong></span> 
     </span>
    </p>
   </div>
   <div class='ocr_carea' id='block_1_34' title="bbox 117 3353 3351 3427">
    <p class='ocr_par' dir='ltr' id='par_1_34' title="bbox 117 3353 3351 3427">
     <span class='ocr_line' id='line_1_34' title="bbox 117 3353 3351 3427; baseline 0.001 -20"><span class='ocrx_word' id='word_1_521' title='bbox 117 3355 276 3408; x_wconf 78' lang='lat' dir='ltr'><strong><em>horum</em></strong></span> <span class='ocrx_word' id='word_1_522' title='bbox 300 3358 478 3411; x_wconf 86' lang='lat' dir='ltr'><strong><em>salutis</em></strong></span> <span class='ocrx_word' id='word_1_523' title='bbox 508 3365 703 3411; x_wconf 65' lang='lat' dir='ltr'><strong><em>nostris</em></strong></span> <span class='ocrx_word' id='word_1_524' title='bbox 728 3356 972 3427; x_wconf 79' lang='lat' dir='ltr'><strong><em>mysteria</em></strong></span> <span class='ocrx_word' id='word_1_525' title='bbox 1001 3356 1343 3417; x_wconf 87' lang='lat' dir='ltr'><strong><em>continentur,</em></strong></span> <span class='ocrx_word' id='word_1_526' title='bbox 1375 3362 1423 3407; x_wconf 88' lang='lat' dir='ltr'><strong><em>et</em></strong></span> <span class='ocrx_word' id='word_1_527' title='bbox 1451 3355 1662 3423; x_wconf 89' lang='lat' dir='ltr'><strong><em>gaudia.</em></strong></span> <span class='ocrx_word' id='word_1_528' title='bbox 1696 3353 1862 3410; x_wconf 85' lang='lat' dir='ltr'><strong><em>Nobis</em></strong></span> <span class='ocrx_word' id='word_1_529' title='bbox 1888 3356 2022 3408; x_wconf 88' lang='lat' dir='ltr'><strong><em>enim</em></strong></span> <span class='ocrx_word' id='word_1_530' title='bbox 2049 3369 2114 3408; x_wconf 78' lang='lat' dir='ltr'><strong><em>ea:</em></strong></span> <span class='ocrx_word' id='word_1_531' title='bbox 2149 3354 2360 3424; x_wconf 85' lang='lat' dir='ltr'><strong><em>Virgine</em></strong></span> <span class='ocrx_word' id='word_1_532' title='bbox 2385 3363 2537 3407; x_wconf 89' lang='lat' dir='ltr'><strong><em>natus</em></strong></span> <span class='ocrx_word' id='word_1_533' title='bbox 2566 3362 2664 3418; x_wconf 90' lang='lat' dir='ltr'><strong><em>est,</em></strong></span> <span class='ocrx_word' id='word_1_534' title='bbox 2685 3354 2821 3424; x_wconf 88' lang='lat' dir='ltr'><strong><em>quod</em></strong></span> <span class='ocrx_word' id='word_1_535' title='bbox 2847 3355 2998 3408; x_wconf 89' lang='lat' dir='ltr'><strong><em>stella</em></strong></span> <span class='ocrx_word' id='word_1_536' title='bbox 3027 3358 3351 3411; x_wconf 76' lang='lat' dir='ltr'><strong><em>monstravit.</em></strong></span> 
     </span>
    </p>
   </div>
   <div class='ocr_carea' id='block_1_35' title="bbox 119 3445 3346 3521">
    <p class='ocr_par' dir='ltr' id='par_1_35' title="bbox 119 3445 3346 3521">
     <span class='ocr_line' id='line_1_35' title="bbox 119 3445 3346 3521; baseline 0 -20"><span class='ocrx_word' id='word_1_537' title='bbox 119 3447 262 3502; x_wconf 82' lang='lat' dir='ltr'><strong><em>Nobis</em></strong></span> <span class='ocrx_word' id='word_1_538' title='bbox 288 3467 348 3504; x_wconf 80' lang='lat' dir='ltr'><strong><em>ea:</em></strong></span> <span class='ocrx_word' id='word_1_539' title='bbox 376 3450 630 3521; x_wconf 89' lang='lat' dir='ltr'><strong><em>baptismo</em></strong></span> <span class='ocrx_word' id='word_1_540' title='bbox 657 3450 916 3505; x_wconf 86' lang='lat' dir='ltr'><strong><em>lavacrum</em></strong></span> <span class='ocrx_word' id='word_1_541' title='bbox 943 3465 1241 3503; x_wconf 87' lang='lat' dir='ltr'><strong><em>concessum</em></strong></span> <span class='ocrx_word' id='word_1_542' title='bbox 1268 3456 1362 3513; x_wconf 88' lang='lat' dir='ltr'><strong><em>est,</em></strong></span> <span class='ocrx_word' id='word_1_543' title='bbox 1393 3448 1529 3518; x_wconf 85' lang='lat' dir='ltr'><strong><em>quod</em></strong></span> <span class='ocrx_word' id='word_1_544' title='bbox 1557 3448 1611 3501; x_wconf 90' lang='lat' dir='ltr'><strong><em>in</em></strong></span> <span class='ocrx_word' id='word_1_545' title='bbox 1637 3447 1885 3501; x_wconf 88' lang='lat' dir='ltr'><strong><em>Iordanis</em></strong></span> <span class='ocrx_word' id='word_1_546' title='bbox 1915 3448 2059 3502; x_wconf 83' lang='lat' dir='ltr'><strong><em>alveo</em></strong></span> <span class='ocrx_word' id='word_1_547' title='bbox 2095 3447 2426 3503; x_wconf 80' lang='lat' dir='ltr'><strong><em>consecravit.</em></strong></span> <span class='ocrx_word' id='word_1_548' title='bbox 2459 3445 2574 3500; x_wconf 88' lang='lat' dir='ltr'><strong><em>Nos</em></strong></span> <span class='ocrx_word' id='word_1_549' title='bbox 2593 3463 2786 3518; x_wconf 85' lang='lat' dir='ltr'><strong><em>quoque</em></strong></span> <span class='ocrx_word' id='word_1_550' title='bbox 2811 3449 2866 3500; x_wconf 92' lang='lat' dir='ltr'><strong><em>in</em></strong></span> <span class='ocrx_word' id='word_1_551' title='bbox 2892 3448 3072 3501; x_wconf 90' lang='lat' dir='ltr'><strong><em>melius</em></strong></span> <span class='ocrx_word' id='word_1_552' title='bbox 3098 3463 3210 3501; x_wconf 83' lang='lat' dir='ltr'><strong><em>esse</em></strong></span> <span class='ocrx_word' id='word_1_553' title='bbox 3228 3465 3346 3502; x_wconf 78' lang='lat' dir='ltr'><strong><em>nsu-</em></strong></span> 
     </span>
    </p>
   </div>
   <div class='ocr_carea' id='block_1_36' title="bbox 119 3534 3356 3610">
    <p class='ocr_par' dir='ltr' id='par_1_36' title="bbox 119 3534 3356 3610">
     <span class='ocr_line' id='line_1_36' title="bbox 119 3534 3356 3610; baseline 0 -20"><span class='ocrx_word' id='word_1_554' title='bbox 119 3540 279 3592; x_wconf 84' lang='lat' dir='ltr'><strong><em>tsndos</em></strong></span> <span class='ocrx_word' id='word_1_555' title='bbox 312 3542 477 3610; x_wconf 87' lang='lat' dir='ltr'><strong><em>operis</em></strong></span> <span class='ocrx_word' id='word_1_556' title='bbox 514 3540 768 3594; x_wconf 90' lang='lat' dir='ltr'><strong><em>miraculo</em></strong></span> <span class='ocrx_word' id='word_1_557' title='bbox 805 3540 1247 3609; x_wconf 68' lang='lat' dir='ltr'><strong><em>praemonstravit,</em></strong></span> <span class='ocrx_word' id='word_1_558' title='bbox 1289 3537 1494 3608; x_wconf 86' lang='lat' dir='ltr'><strong><em>quando</em></strong></span> <span class='ocrx_word' id='word_1_559' title='bbox 1533 3544 1694 3607; x_wconf 72' lang='lat' dir='ltr'><strong><em>aquas</em></strong></span> <span class='ocrx_word' id='word_1_560' title='bbox 1737 3538 1793 3590; x_wconf 91' lang='lat' dir='ltr'><strong><em>in</em></strong></span> <span class='ocrx_word' id='word_1_561' title='bbox 1829 3538 1948 3591; x_wconf 84' lang='lat' dir='ltr'><strong><em>vina</em></strong></span> <span class='ocrx_word' id='word_1_562' title='bbox 1989 3539 2270 3591; x_wconf 85' lang='lat' dir='ltr'><strong><em>convertit.</em></strong></span> <span class='ocrx_word' id='word_1_563' title='bbox 2298 3575 2312 3589; x_wconf 95' lang='lat'><strong><em>.</em></strong></span> <span class='ocrx_word' id='word_1_564' title='bbox 2340 3574 2354 3590; x_wconf 95' lang='lat'><strong><em>.</em></strong></span> <span class='ocrx_word' id='word_1_565' title='bbox 2381 3575 2394 3590; x_wconf 97' lang='lat'><strong><em>.</em></strong></span> <span class='ocrx_word' id='word_1_566' title='bbox 2422 3576 2435 3589; x_wconf 97' lang='lat'><strong><em>.</em></strong></span> <span class='ocrx_word' id='word_1_567' title='bbox 2480 3534 2770 3590; x_wconf 84' lang='lat' dir='ltr'><strong><em>Insinuavit</em></strong></span> <span class='ocrx_word' id='word_1_568' title='bbox 2815 3537 2962 3592; x_wconf 87' lang='lat' dir='ltr'><strong><em>nobis</em></strong></span> <span class='ocrx_word' id='word_1_569' title='bbox 2999 3541 3226 3594; x_wconf 88' lang='lat' dir='ltr'><strong><em>muneris</em></strong></span> <span class='ocrx_word' id='word_1_570' title='bbox 3271 3538 3356 3592; x_wconf 87' lang='lat' dir='ltr'><strong><em>sui</em></strong></span> 
     </span>
    </p>
   </div>
   <div class='ocr_carea' id='block_1_37' title="bbox 119 3627 3351 3701">
    <p class='ocr_par' dir='ltr' id='par_1_37' title="bbox 119 3627 3351 3701">
     <span class='ocr_line' id='line_1_37' title="bbox 119 3627 3351 3701; baseline 0.002 -22"><span class='ocrx_word' id='word_1_571' title='bbox 119 3627 392 3698; x_wconf 81' lang='lat' dir='ltr'><strong><em>baptismum</em></strong></span> <span class='ocrx_word' id='word_1_572' title='bbox 439 3649 529 3701; x_wconf 88' lang='lat' dir='ltr'><strong><em>per</em></strong></span> <span class='ocrx_word' id='word_1_573' title='bbox 576 3631 815 3685; x_wconf 77' lang='lat' dir='ltr'><strong><em>secundat</em></strong></span> <span class='ocrx_word' id='word_1_574' title='bbox 852 3631 1136 3684; x_wconf 84' lang='lat' dir='ltr'><strong><em>nativitatis</em></strong></span> <span class='ocrx_word' id='word_1_575' title='bbox 1172 3629 1492 3697; x_wconf 72' lang='lat' dir='ltr'><strong><em>exemplum;</em></strong></span> <span class='ocrx_word' id='word_1_576' title='bbox 1538 3636 1587 3680; x_wconf 92' lang='lat' dir='ltr'><strong><em>et</em></strong></span> <span class='ocrx_word' id='word_1_577' title='bbox 1614 3627 1748 3697; x_wconf 87' lang='lat' dir='ltr'><strong><em>quod</em></strong></span> <span class='ocrx_word' id='word_1_578' title='bbox 1786 3645 1878 3682; x_wconf 90' lang='lat' dir='ltr'><strong><em>nos</em></strong></span> <span class='ocrx_word' id='word_1_579' title='bbox 1918 3630 2090 3698; x_wconf 79' lang='lat' dir='ltr'><strong><em>facere</em></strong></span> <span class='ocrx_word' id='word_1_580' title='bbox 2130 3628 2317 3692; x_wconf 84' lang='lat' dir='ltr'><strong><em>voluit,</em></strong></span> <span class='ocrx_word' id='word_1_581' title='bbox 2353 3628 2495 3698; x_wconf 89' lang='lat' dir='ltr'><strong><em>prior</em></strong></span> <span class='ocrx_word' id='word_1_582' title='bbox 2535 3629 2645 3698; x_wconf 90' lang='lat' dir='ltr'><strong><em>ipse</em></strong></span> <span class='ocrx_word' id='word_1_583' title='bbox 2674 3631 2821 3700; x_wconf 72' lang='lat' dir='ltr'><strong><em>fecit.</em></strong></span> <span class='ocrx_word' id='word_1_584' title='bbox 2874 3627 3114 3701; x_wconf 84' lang='lat' dir='ltr'><strong><em>Legimus</em></strong></span> <span class='ocrx_word' id='word_1_585' title='bbox 3140 3629 3351 3685; x_wconf 65' lang='lat' dir='ltr'><strong><em>Iudaeos</em></strong></span> 
     </span>
    </p>
   </div>
   <div class='ocr_carea' id='block_1_38' title="bbox 120 3717 3351 3793">
    <p class='ocr_par' dir='ltr' id='par_1_38' title="bbox 120 3717 3351 3793">
     <span class='ocr_line' id='line_1_38' title="bbox 120 3717 3351 3793; baseline 0.002 -25"><span class='ocrx_word' id='word_1_586' title='bbox 120 3717 297 3771; x_wconf 68' lang='lat' dir='ltr'><strong><em>diversa</em></strong></span> <span class='ocrx_word' id='word_1_587' title='bbox 345 3721 434 3773; x_wconf 85' lang='lat' dir='ltr'><strong><em>sub</em></strong></span> <span class='ocrx_word' id='word_1_588' title='bbox 480 3721 595 3790; x_wconf 90' lang='lat' dir='ltr'><strong><em>lege</em></strong></span> <span class='ocrx_word' id='word_1_589' title='bbox 637 3719 871 3773; x_wconf 86' lang='lat' dir='ltr'><strong><em>habuisse</em></strong></span> <span class='ocrx_word' id='word_1_590' title='bbox 912 3717 1244 3789; x_wconf 88' lang='lat' dir='ltr'><strong><em>baptismata,</em></strong></span> <span class='ocrx_word' id='word_1_591' title='bbox 1291 3718 1382 3772; x_wconf 89' lang='lat' dir='ltr'><strong><em>scd</em></strong></span> <span class='ocrx_word' id='word_1_592' title='bbox 1430 3717 1625 3770; x_wconf 87' lang='lat' dir='ltr'><strong><em>nullum</em></strong></span> <span class='ocrx_word' id='word_1_593' title='bbox 1671 3733 1736 3770; x_wconf 76' lang='lat' dir='ltr'><strong><em>ea;</em></strong></span> <span class='ocrx_word' id='word_1_594' title='bbox 1780 3719 1860 3772; x_wconf 86' lang='lat' dir='ltr'><strong><em>his</em></strong></span> <span class='ocrx_word' id='word_1_595' title='bbox 1905 3725 2085 3772; x_wconf 85' lang='lat' dir='ltr'><strong><em>contra</em></strong></span> <span class='ocrx_word' id='word_1_596' title='bbox 2111 3719 2549 3787; x_wconf 64' lang='lat' dir='ltr'><strong><em>prmuaricationis</em></strong></span> <span class='ocrx_word' id='word_1_597' title='bbox 2577 3720 2770 3773; x_wconf 88' lang='lat' dir='ltr'><strong><em>malum</em></strong></span> <span class='ocrx_word' id='word_1_598' title='bbox 2797 3721 3085 3790; x_wconf 81' lang='lat' dir='ltr'><strong><em>generalem</em></strong></span> <span class='ocrx_word' id='word_1_599' title='bbox 3115 3725 3351 3793; x_wconf 86' lang='lat' dir='ltr'><strong><em>conferre</em></strong></span> 
     </span>
    </p>
   </div>
   <div class='ocr_carea' id='block_1_39' title="bbox 120 3805 3356 3882">
    <p class='ocr_par' dir='ltr' id='par_1_39' title="bbox 120 3805 3356 3882">
     <span class='ocr_line' id='line_1_39' title="bbox 120 3805 3356 3882; baseline 0.002 -26"><span class='ocrx_word' id='word_1_600' title='bbox 120 3806 262 3870; x_wconf 84' lang='lat' dir='ltr'><strong><em>potuit</em></strong></span> <span class='ocrx_word' id='word_1_601' title='bbox 281 3808 605 3861; x_wconf 86' lang='lat' dir='ltr'><strong><em>medicinam.</em></strong></span> <span class='ocrx_word' id='word_1_602' title='bbox 630 3805 702 3858; x_wconf 87' lang='lat' dir='ltr'><strong><em>Et</em></strong></span> <span class='ocrx_word' id='word_1_603' title='bbox 731 3807 847 3860; x_wconf 90' lang='lat' dir='ltr'><strong><em>ideo</em></strong></span> <span class='ocrx_word' id='word_1_604' title='bbox 875 3824 968 3876; x_wconf 91' lang='lat' dir='ltr'><strong><em>pro</em></strong></span> <span class='ocrx_word' id='word_1_605' title='bbox 997 3805 1314 3860; x_wconf 86' lang='lat' dir='ltr'><strong><em>absolutione</em></strong></span> <span class='ocrx_word' id='word_1_606' title='bbox 1355 3805 1507 3860; x_wconf 87' lang='lat' dir='ltr'><strong><em>totius</em></strong></span> <span class='ocrx_word' id='word_1_607' title='bbox 1546 3806 1722 3859; x_wconf 88' lang='lat' dir='ltr'><strong><em>mundi</em></strong></span> <span class='ocrx_word' id='word_1_608' title='bbox 1749 3807 2047 3876; x_wconf 80' lang='lat' dir='ltr'><strong><em>indigebant</em></strong></span> <span class='ocrx_word' id='word_1_609' title='bbox 2086 3809 2486 3878; x_wconf 86' lang='lat' dir='ltr'><strong><em>regenerationis</em></strong></span> <span class='ocrx_word' id='word_1_610' title='bbox 2509 3826 2656 3880; x_wconf 70' lang='lat' dir='ltr'><strong><em>aqua:</em></strong></span> <span class='ocrx_word' id='word_1_611' title='bbox 2695 3812 2888 3868; x_wconf 71' lang='lat' dir='ltr'><strong><em>cazlitus</em></strong></span> <span class='ocrx_word' id='word_1_612' title='bbox 2913 3814 3248 3882; x_wconf 84' lang='lat' dir='ltr'><strong><em>sanctiﬁcari.</em></strong></span> <span class='ocrx_word' id='word_1_613' title='bbox 3285 3811 3356 3865; x_wconf 84' lang='lat' dir='ltr'><strong><em>Et</em></strong></span> 
     </span>
    </p>
   </div>
   <div class='ocr_carea' id='block_1_40' title="bbox 121 3895 3350 3972">
    <p class='ocr_par' dir='ltr' id='par_1_40' title="bbox 121 3895 3350 3972">
     <span class='ocr_line' id='line_1_40' title="bbox 121 3895 3350 3972; baseline 0.003 -23"><span class='ocrx_word' id='word_1_614' title='bbox 121 3897 223 3964; x_wconf 80' lang='lat' dir='ltr'><strong><em>quia</em></strong></span> <span class='ocrx_word' id='word_1_615' title='bbox 246 3914 330 3962; x_wconf 86' lang='lat' dir='ltr'><strong><em>per</em></strong></span> <span class='ocrx_word' id='word_1_616' title='bbox 352 3899 645 3952; x_wconf 82' lang='lat' dir='ltr'><strong><em>universum</em></strong></span> <span class='ocrx_word' id='word_1_617' title='bbox 673 3898 918 3951; x_wconf 89' lang='lat' dir='ltr'><strong><em>mundum</em></strong></span> <span class='ocrx_word' id='word_1_618' title='bbox 959 3905 1338 3951; x_wconf 87' lang='lat' dir='ltr'><strong><em>sacramentum</em></strong></span> <span class='ocrx_word' id='word_1_619' title='bbox 1377 3895 1615 3965; x_wconf 85' lang='lat' dir='ltr'><strong><em>baptismi</em></strong></span> <span class='ocrx_word' id='word_1_620' title='bbox 1663 3896 1884 3951; x_wconf 75' lang='lat' dir='ltr'><strong><em>humano</em></strong></span> <span class='ocrx_word' id='word_1_621' title='bbox 1928 3900 2101 3967; x_wconf 86' lang='lat' dir='ltr'><strong><em>generi</em></strong></span> <span class='ocrx_word' id='word_1_622' title='bbox 2147 3915 2272 3969; x_wconf 89' lang='lat' dir='ltr'><strong><em>opus</em></strong></span> <span class='ocrx_word' id='word_1_623' title='bbox 2318 3911 2460 3965; x_wconf 90' lang='lat' dir='ltr'><strong><em>erat,</em></strong></span> <span class='ocrx_word' id='word_1_624' title='bbox 2492 3902 2728 3954; x_wconf 87' lang='lat' dir='ltr'><strong><em>omnibus</em></strong></span> <span class='ocrx_word' id='word_1_625' title='bbox 2772 3905 2918 3972; x_wconf 87' lang='lat' dir='ltr'><strong><em>aquis</em></strong></span> <span class='ocrx_word' id='word_1_626' title='bbox 2949 3903 3350 3959; x_wconf 88' lang='lat' dir='ltr'><strong><em>benedictionem</em></strong></span> 
     </span>
    </p>
   </div>
   <div class='ocr_carea' id='block_1_41' title="bbox 123 3981 3354 4062">
    <p class='ocr_par' dir='ltr' id='par_1_41' title="bbox 123 3981 3354 4062">
     <span class='ocr_line' id='line_1_41' title="bbox 123 3981 3354 4062; baseline 0.004 -27"><span class='ocrx_word' id='word_1_627' title='bbox 123 3981 260 4048; x_wconf 82' lang='lat' dir='ltr'><strong><em>dedit,</em></strong></span> <span class='ocrx_word' id='word_1_628' title='bbox 289 3985 482 4054; x_wconf 87' lang='lat' dir='ltr'><strong><em>quando</em></strong></span> <span class='ocrx_word' id='word_1_629' title='bbox 509 3987 568 4039; x_wconf 89' lang='lat' dir='ltr'><strong><em>in</em></strong></span> <span class='ocrx_word' id='word_1_630' title='bbox 594 3985 842 4040; x_wconf 88' lang='lat' dir='ltr'><strong><em>Iordanis</em></strong></span> <span class='ocrx_word' id='word_1_631' title='bbox 871 3985 1068 4038; x_wconf 86' lang='lat' dir='ltr'><strong><em>alveum</em></strong></span> <span class='ocrx_word' id='word_1_632' title='bbox 1093 3988 1247 4038; x_wconf 88' lang='lat' dir='ltr'><strong><em>unica</em></strong></span> <span class='ocrx_word' id='word_1_633' title='bbox 1270 4001 1330 4038; x_wconf 91' lang='lat' dir='ltr'><strong><em>ac</em></strong></span> <span class='ocrx_word' id='word_1_634' title='bbox 1357 3985 1611 4056; x_wconf 88' lang='lat' dir='ltr'><strong><em>singulari</em></strong></span> <span class='ocrx_word' id='word_1_635' title='bbox 1639 3986 1825 4053; x_wconf 87' lang='lat' dir='ltr'><strong><em>pietate</em></strong></span> <span class='ocrx_word' id='word_1_636' title='bbox 1847 3986 2125 4040; x_wconf 79' lang='lat' dir='ltr'><strong><em>descendit.</em></strong></span> <span class='ocrx_word' id='word_1_637' title='bbox 2153 3987 2295 4041; x_wconf 88' lang='lat' dir='ltr'><strong><em>Tunc</em></strong></span> <span class='ocrx_word' id='word_1_638' title='bbox 2323 3988 2576 4044; x_wconf 87' lang='lat' dir='ltr'><strong><em>Christum</em></strong></span> <span class='ocrx_word' id='word_1_639' title='bbox 2599 3990 2875 4045; x_wconf 89' lang='lat' dir='ltr'><strong><em>Dominum</em></strong></span> <span class='ocrx_word' id='word_1_640' title='bbox 2907 4010 3008 4046; x_wconf 91' lang='lat' dir='ltr'><strong><em>non</em></strong></span> <span class='ocrx_word' id='word_1_641' title='bbox 3033 3995 3157 4047; x_wconf 90' lang='lat' dir='ltr'><strong><em>lavit</em></strong></span> <span class='ocrx_word' id='word_1_642' title='bbox 3192 3996 3354 4062; x_wconf 88' lang='lat' dir='ltr'><strong><em>unda,</em></strong></span> 
     </span>
    </p>
   </div>
   <div class='ocr_carea' id='block_1_42' title="bbox 123 4073 3354 4153">
    <p class='ocr_par' dir='ltr' id='par_1_42' title="bbox 123 4073 3354 4153">
     <span class='ocr_line' id='line_1_42' title="bbox 123 4073 3354 4153; baseline 0.005 -29"><span class='ocrx_word' id='word_1_643' title='bbox 123 4089 253 4141; x_wconf 83' lang='lat' dir='ltr'><strong><em>quam</em></strong></span> <span class='ocrx_word' id='word_1_644' title='bbox 279 4075 377 4127; x_wconf 91' lang='lat' dir='ltr'><strong><em>lota</em></strong></span> <span class='ocrx_word' id='word_1_645' title='bbox 399 4083 493 4128; x_wconf 86' lang='lat' dir='ltr'><strong><em>est.</em></strong></span> <span class='ocrx_word' id='word_1_646' title='bbox 526 4073 643 4127; x_wconf 85' lang='lat' dir='ltr'><strong><em>Tibi</em></strong></span> <span class='ocrx_word' id='word_1_647' title='bbox 671 4090 790 4145; x_wconf 87' lang='lat' dir='ltr'><strong><em>ergo</em></strong></span> <span class='ocrx_word' id='word_1_648' title='bbox 811 4076 1073 4129; x_wconf 85' lang='lat' dir='ltr'><strong><em>nascendo</em></strong></span> <span class='ocrx_word' id='word_1_649' title='bbox 1101 4074 1334 4128; x_wconf 84' lang='lat' dir='ltr'><strong><em>Christus</em></strong></span> <span class='ocrx_word' id='word_1_650' title='bbox 1373 4076 1598 4138; x_wconf 84' lang='lat' dir='ltr'><strong><em>advenit,</em></strong></span> <span class='ocrx_word' id='word_1_651' title='bbox 1641 4076 1728 4128; x_wconf 86' lang='lat' dir='ltr'><strong><em>tibi</em></strong></span> <span class='ocrx_word' id='word_1_652' title='bbox 1767 4078 1977 4130; x_wconf 89' lang='lat' dir='ltr'><strong><em>vivendo</em></strong></span> <span class='ocrx_word' id='word_1_653' title='bbox 2016 4080 2274 4144; x_wconf 87' lang='lat' dir='ltr'><strong><em>militavit,</em></strong></span> <span class='ocrx_word' id='word_1_654' title='bbox 2315 4079 2405 4133; x_wconf 91' lang='lat' dir='ltr'><strong><em>tibi</em></strong></span> <span class='ocrx_word' id='word_1_655' title='bbox 2442 4082 2706 4135; x_wconf 88' lang='lat' dir='ltr'><strong><em>moriendo</em></strong></span> <span class='ocrx_word' id='word_1_656' title='bbox 2735 4085 2988 4153; x_wconf 70' lang='lat' dir='ltr'><strong><em>conflixit.</em></strong></span> <span class='ocrx_word' id='word_1_657' title='bbox 3024 4082 3183 4148; x_wconf 85' lang='lat' dir='ltr'><strong><em>Quem</em></strong></span> <span class='ocrx_word' id='word_1_658' title='bbox 3211 4087 3354 4141; x_wconf 85' lang='lat' dir='ltr'><strong><em>vides</em></strong></span> 
     </span>
    </p>
   </div>
   <div class='ocr_carea' id='block_1_43' title="bbox 125 4162 3349 4246">
    <p class='ocr_par' dir='ltr' id='par_1_43' title="bbox 125 4162 3349 4246">
     <span class='ocr_line' id='line_1_43' title="bbox 125 4162 3349 4246; baseline 0.007 -35"><span class='ocrx_word' id='word_1_659' title='bbox 125 4176 202 4227; x_wconf 87' lang='lat' dir='ltr'><strong><em>pro</em></strong></span> <span class='ocrx_word' id='word_1_660' title='bbox 229 4169 273 4213; x_wconf 90' lang='lat' dir='ltr'><strong><em>te</em></strong></span> <span class='ocrx_word' id='word_1_661' title='bbox 297 4171 570 4226; x_wconf 83' lang='lat' dir='ltr'><strong><em>mortuum,</em></strong></span> <span class='ocrx_word' id='word_1_662' title='bbox 599 4177 693 4231; x_wconf 86' lang='lat' dir='ltr'><strong><em>pro</em></strong></span> <span class='ocrx_word' id='word_1_663' title='bbox 721 4172 767 4221; x_wconf 88' lang='lat' dir='ltr'><strong><em>te</em></strong></span> <span class='ocrx_word' id='word_1_664' title='bbox 791 4163 1018 4232; x_wconf 89' lang='lat' dir='ltr'><strong><em>intellige</em></strong></span> <span class='ocrx_word' id='word_1_665' title='bbox 1045 4162 1376 4231; x_wconf 73' lang='lat' dir='ltr'><strong><em>baptizatum.</em></strong></span> <span class='ocrx_word' id='word_1_666' title='bbox 1414 4163 1553 4218; x_wconf 89' lang='lat' dir='ltr'><strong><em>Talis</em></strong></span> <span class='ocrx_word' id='word_1_667' title='bbox 1592 4167 1800 4219; x_wconf 89' lang='lat' dir='ltr'><strong><em>omnino</em></strong></span> <span class='ocrx_word' id='word_1_668' title='bbox 1839 4169 1993 4220; x_wconf 88' lang='lat' dir='ltr'><strong><em>etiam</em></strong></span> <span class='ocrx_word' id='word_1_669' title='bbox 2033 4177 2153 4221; x_wconf 89' lang='lat' dir='ltr'><strong><em>ante</em></strong></span> <span class='ocrx_word' id='word_1_670' title='bbox 2191 4169 2497 4239; x_wconf 87' lang='lat' dir='ltr'><strong><em>baptismum</em></strong></span> <span class='ocrx_word' id='word_1_671' title='bbox 2526 4173 2652 4242; x_wconf 89' lang='lat' dir='ltr'><strong><em>fuit;</em></strong></span> <span class='ocrx_word' id='word_1_672' title='bbox 2681 4181 2730 4225; x_wconf 89' lang='lat' dir='ltr'><strong><em>et</em></strong></span> <span class='ocrx_word' id='word_1_673' title='bbox 2758 4174 2872 4227; x_wconf 89' lang='lat' dir='ltr'><strong><em>ideo</em></strong></span> <span class='ocrx_word' id='word_1_674' title='bbox 2901 4192 3191 4243; x_wconf 78' lang='lat' dir='ltr'><strong><em>prtecursor</em></strong></span> <span class='ocrx_word' id='word_1_675' title='bbox 3217 4177 3349 4246; x_wconf 87' lang='lat' dir='ltr'><strong><em>ejus,</em></strong></span> 
     </span>
    </p>
   </div>
   <div class='ocr_carea' id='block_1_44' title="bbox 125 4252 3354 4331">
    <p class='ocr_par' dir='ltr' id='par_1_44' title="bbox 125 4252 3354 4331">
     <span class='ocr_line' id='line_1_44' title="bbox 125 4252 3354 4331; baseline 0.006 -31"><span class='ocrx_word' id='word_1_676' title='bbox 125 4261 252 4321; x_wconf 79' lang='lat' dir='ltr'><strong><em>atque</em></strong></span> <span class='ocrx_word' id='word_1_677' title='bbox 277 4252 501 4322; x_wconf 87' lang='lat' dir='ltr'><strong><em>Baptista</em></strong></span> <span class='ocrx_word' id='word_1_678' title='bbox 523 4255 601 4306; x_wconf 89' lang='lat' dir='ltr'><strong><em>ita</em></strong></span> <span class='ocrx_word' id='word_1_679' title='bbox 627 4269 762 4318; x_wconf 88' lang='lat' dir='ltr'><strong><em>eum,</em></strong></span> <span class='ocrx_word' id='word_1_680' title='bbox 793 4268 905 4305; x_wconf 87' lang='lat' dir='ltr'><strong><em>cum</em></strong></span> <span class='ocrx_word' id='word_1_681' title='bbox 935 4252 1002 4304; x_wconf 88' lang='lat' dir='ltr'><strong><em>ad</em></strong></span> <span class='ocrx_word' id='word_1_682' title='bbox 1030 4270 1084 4306; x_wconf 90' lang='lat' dir='ltr'><strong><em>se</em></strong></span> <span class='ocrx_word' id='word_1_683' title='bbox 1105 4253 1442 4322; x_wconf 74' lang='lat' dir='ltr'><strong><em>baptizandus</em></strong></span> <span class='ocrx_word' id='word_1_684' title='bbox 1464 4256 1674 4319; x_wconf 88' lang='lat' dir='ltr'><strong><em>veniret,</em></strong></span> <span class='ocrx_word' id='word_1_685' title='bbox 1699 4257 1978 4324; x_wconf 87' lang='lat' dir='ltr'><strong><em>alloquitur</em></strong></span> <span class='ocrx_word' id='word_1_686' title='bbox 2002 4273 2018 4310; x_wconf 91' lang='lat'><strong><em>:</em></strong></span> <span class='ocrx_word' id='word_1_687' title='bbox 2052 4257 2288 4324; x_wconf 84' lang='lat' dir='ltr'><strong><em>Domine,</em></strong></span> <span class='ocrx_word' id='word_1_688' title='bbox 2318 4276 2410 4329; x_wconf 89' lang='lat' dir='ltr'><strong><em>ego</em></strong></span> <span class='ocrx_word' id='word_1_689' title='bbox 2439 4277 2469 4311; x_wconf 93' lang='lat' dir='ltr'><strong><em>a</em></strong></span> <span class='ocrx_word' id='word_1_690' title='bbox 2495 4269 2542 4312; x_wconf 90' lang='lat' dir='ltr'><strong><em>te</em></strong></span> <span class='ocrx_word' id='word_1_691' title='bbox 2568 4260 2720 4314; x_wconf 84' lang='lat' dir='ltr'><strong><em>debeo</em></strong></span> <span class='ocrx_word' id='word_1_692' title='bbox 2741 4261 3013 4331; x_wconf 74' lang='lat' dir='ltr'><strong><em>baptizari,</em></strong></span> <span class='ocrx_word' id='word_1_693' title='bbox 3049 4274 3098 4317; x_wconf 88' lang='lat' dir='ltr'><strong><em>et</em></strong></span> <span class='ocrx_word' id='word_1_694' title='bbox 3127 4274 3180 4318; x_wconf 92' lang='lat' dir='ltr'><strong><em>tu</em></strong></span> <span class='ocrx_word' id='word_1_695' title='bbox 3214 4268 3354 4321; x_wconf 86' lang='lat' dir='ltr'><strong><em>venis</em></strong></span> 
     </span>
    </p>
   </div>
   <div class='ocr_carea' id='block_1_45' title="bbox 126 4347 3350 4425">
    <p class='ocr_par' dir='ltr' id='par_1_45' title="bbox 126 4347 3350 4425">
     <span class='ocr_line' id='line_1_45' title="bbox 126 4347 3350 4425; baseline 0.005 -29"><span class='ocrx_word' id='word_1_696' title='bbox 126 4348 184 4398; x_wconf 88' lang='lat' dir='ltr'><strong><em>ad</em></strong></span> <span class='ocrx_word' id='word_1_697' title='bbox 215 4350 320 4402; x_wconf 81' lang='lat' dir='ltr'><strong><em>me?</em></strong></span> <span class='ocrx_word' id='word_1_698' title='bbox 355 4348 488 4413; x_wconf 86' lang='lat' dir='ltr'><strong><em>Quid</em></strong></span> <span class='ocrx_word' id='word_1_699' title='bbox 516 4349 800 4403; x_wconf 87' lang='lat' dir='ltr'><strong><em>evidentius</em></strong></span> <span class='ocrx_word' id='word_1_700' title='bbox 823 4347 887 4400; x_wconf 83' lang='lat' dir='ltr'><strong><em>de</em></strong></span> <span class='ocrx_word' id='word_1_701' title='bbox 916 4347 1104 4400; x_wconf 79' lang='lat' dir='ltr'><strong><em>Christi</em></strong></span> <span class='ocrx_word' id='word_1_702' title='bbox 1142 4348 1369 4401; x_wconf 88' lang='lat' dir='ltr'><strong><em>nondum</em></strong></span> <span class='ocrx_word' id='word_1_703' title='bbox 1399 4349 1645 4416; x_wconf 78' lang='lat' dir='ltr'><strong><em>baptizati</em></strong></span> <span class='ocrx_word' id='word_1_704' title='bbox 1671 4351 1932 4417; x_wconf 85' lang='lat' dir='ltr'><strong><em>puritate?</em></strong></span> <span class='ocrx_word' id='word_1_705' title='bbox 1971 4348 2107 4414; x_wconf 85' lang='lat' dir='ltr'><strong><em>Quid</em></strong></span> <span class='ocrx_word' id='word_1_706' title='bbox 2132 4353 2355 4422; x_wconf 85' lang='lat' dir='ltr'><strong><em>fortius?</em></strong></span> <span class='ocrx_word' id='word_1_707' title='bbox 2383 4352 2494 4423; x_wconf 87' lang='lat' dir='ltr'><strong><em>Ego</em></strong></span> <span class='ocrx_word' id='word_1_708' title='bbox 2527 4370 2557 4405; x_wconf 91' lang='lat' dir='ltr'><strong><em>a</em></strong></span> <span class='ocrx_word' id='word_1_709' title='bbox 2587 4363 2633 4406; x_wconf 91' lang='lat' dir='ltr'><strong><em>te</em></strong></span> <span class='ocrx_word' id='word_1_710' title='bbox 2657 4353 2810 4408; x_wconf 91' lang='lat' dir='ltr'><strong><em>debeo</em></strong></span> <span class='ocrx_word' id='word_1_711' title='bbox 2839 4355 3125 4425; x_wconf 79' lang='lat' dir='ltr'><strong><em>baptizari,</em></strong></span> <span class='ocrx_word' id='word_1_712' title='bbox 3156 4357 3208 4410; x_wconf 89' lang='lat' dir='ltr'><strong><em>id</em></strong></span> <span class='ocrx_word' id='word_1_713' title='bbox 3244 4368 3350 4425; x_wconf 87' lang='lat' dir='ltr'><strong><em>est,</em></strong></span> 
     </span>
    </p>
   </div>
   <div class='ocr_carea' id='block_1_46' title="bbox 127 4438 3351 4518">
    <p class='ocr_par' dir='ltr' id='par_1_46' title="bbox 127 4438 3351 4518">
     <span class='ocr_line' id='line_1_46' title="bbox 127 4438 3351 4518; baseline 0.005 -30"><span class='ocrx_word' id='word_1_714' title='bbox 127 4440 196 4504; x_wconf 77' lang='lat' dir='ltr'><strong><em>qui</em></strong></span> <span class='ocrx_word' id='word_1_715' title='bbox 216 4441 319 4506; x_wconf 81' lang='lat' dir='ltr'><strong><em>fons</em></strong></span> <span class='ocrx_word' id='word_1_716' title='bbox 343 4456 392 4492; x_wconf 82' lang='lat' dir='ltr'><strong><em>cs</em></strong></span> <span class='ocrx_word' id='word_1_717' title='bbox 417 4441 745 4502; x_wconf 72' lang='lat' dir='ltr'><strong><em>innocentiaz,</em></strong></span> <span class='ocrx_word' id='word_1_718' title='bbox 775 4439 860 4510; x_wconf 89' lang='lat' dir='ltr'><strong><em>qui</em></strong></span> <span class='ocrx_word' id='word_1_719' title='bbox 889 4439 1028 4491; x_wconf 87' lang='lat' dir='ltr'><strong><em>nullo</em></strong></span> <span class='ocrx_word' id='word_1_720' title='bbox 1070 4438 1287 4508; x_wconf 85' lang='lat' dir='ltr'><strong><em>indiges,</em></strong></span> <span class='ocrx_word' id='word_1_721' title='bbox 1317 4438 1442 4491; x_wconf 87' lang='lat' dir='ltr'><strong><em>dare</em></strong></span> <span class='ocrx_word' id='word_1_722' title='bbox 1469 4442 1592 4504; x_wconf 84' lang='lat' dir='ltr'><strong><em>scis,</em></strong></span> <span class='ocrx_word' id='word_1_723' title='bbox 1621 4443 1790 4495; x_wconf 84' lang='lat' dir='ltr'><strong><em>nescis</em></strong></span> <span class='ocrx_word' id='word_1_724' title='bbox 1826 4445 2072 4512; x_wconf 84' lang='lat' dir='ltr'><strong><em>accipere.</em></strong></span> <span class='ocrx_word' id='word_1_725' title='bbox 2097 4442 2250 4497; x_wconf 83' lang='lat' dir='ltr'><strong><em>Haud</em></strong></span> <span class='ocrx_word' id='word_1_726' title='bbox 2277 4460 2431 4500; x_wconf 88' lang='lat' dir='ltr'><strong><em>secus</em></strong></span> <span class='ocrx_word' id='word_1_727' title='bbox 2459 4447 2568 4512; x_wconf 84' lang='lat' dir='ltr'><strong><em>agit</em></strong></span> <span class='ocrx_word' id='word_1_728' title='bbox 2596 4446 2782 4502; x_wconf 88' lang='lat' dir='ltr'><strong><em>homil.</em></strong></span> <span class='ocrx_word' id='word_1_729' title='bbox 2813 4446 2902 4511; x_wconf 84' lang='lat'><strong><em>29,</em></strong></span> <span class='ocrx_word' id='word_1_730' title='bbox 2924 4464 3043 4517; x_wconf 76' lang='lat' dir='ltr'><strong><em>quae</em></strong></span> <span class='ocrx_word' id='word_1_731' title='bbox 3070 4457 3154 4503; x_wconf 84' lang='lat' dir='ltr'><strong><em>est</em></strong></span> <span class='ocrx_word' id='word_1_732' title='bbox 3179 4451 3351 4518; x_wconf 88' lang='lat' dir='ltr'><strong><em>prima</em></strong></span> 
     </span>
    </p>
   </div>
   <div class='ocr_carea' id='block_1_47' title="bbox 128 4523 3352 4602">
    <p class='ocr_par' dir='ltr' id='par_1_47' title="bbox 128 4523 3352 4602">
     <span class='ocr_line' id='line_1_47' title="bbox 128 4523 3352 4602; baseline 0.006 -26"><span class='ocrx_word' id='word_1_733' title='bbox 128 4525 180 4576; x_wconf 88' lang='lat' dir='ltr'><strong><em>de</em></strong></span> <span class='ocrx_word' id='word_1_734' title='bbox 205 4523 446 4592; x_wconf 84' lang='lat' dir='ltr'><strong><em>Baptismo</em></strong></span> <span class='ocrx_word' id='word_1_735' title='bbox 483 4524 695 4590; x_wconf 76' lang='lat' dir='ltr'><strong><em>Christi,</em></strong></span> <span class='ocrx_word' id='word_1_736' title='bbox 718 4539 838 4594; x_wconf 87' lang='lat' dir='ltr'><strong><em>pag.</em></strong></span> <span class='ocrx_word' id='word_1_737' title='bbox 870 4525 957 4589; x_wconf 82' lang='lat'><strong><em>86,</em></strong></span> <span class='ocrx_word' id='word_1_738' title='bbox 987 4539 1094 4594; x_wconf 89' lang='lat' dir='ltr'><strong><em>quo</em></strong></span> <span class='ocrx_word' id='word_1_739' title='bbox 1123 4525 1244 4580; x_wconf 89' lang='lat' dir='ltr'><strong><em>loco</em></strong></span> <span class='ocrx_word' id='word_1_740' title='bbox 1272 4543 1284 4578; x_wconf 92' lang='lat'>:</span> <span class='ocrx_word' id='word_1_741' title='bbox 1317 4525 1508 4592; x_wconf 85' lang='lat' dir='ltr'><strong><em>Hodie,</em></strong></span> <span class='ocrx_word' id='word_1_742' title='bbox 1535 4528 1723 4596; x_wconf 89' lang='lat' dir='ltr'><strong><em>inquit,</em></strong></span> <span class='ocrx_word' id='word_1_743' title='bbox 1757 4529 1998 4584; x_wconf 76' lang='lat' dir='ltr'><strong><em>Salvator</em></strong></span> <span class='ocrx_word' id='word_1_744' title='bbox 2025 4533 2232 4593; x_wconf 83' lang='lat' dir='ltr'><strong><em>humani</em></strong></span> <span class='ocrx_word' id='word_1_745' title='bbox 2272 4534 2470 4602; x_wconf 88' lang='lat' dir='ltr'><strong><em>generis</em></strong></span> <span class='ocrx_word' id='word_1_746' title='bbox 2492 4536 2781 4592; x_wconf 65' lang='lat' dir='ltr'><strong><em>cclcstibus</em></strong></span> <span class='ocrx_word' id='word_1_747' title='bbox 2809 4547 3044 4592; x_wconf 88' lang='lat' dir='ltr'><strong><em>ostensus</em></strong></span> <span class='ocrx_word' id='word_1_748' title='bbox 3073 4541 3279 4594; x_wconf 87' lang='lat' dir='ltr'><strong><em>indiciis</em></strong></span> <span class='ocrx_word' id='word_1_749' title='bbox 3317 4557 3352 4594; x_wconf 91' lang='lat' dir='ltr'><strong><em>a</em></strong></span> 
     </span>
    </p>
   </div>
   <div class='ocr_carea' id='block_1_48' title="bbox 195 4651 3348 4735">
    <p class='ocr_par' dir='ltr' id='par_1_48' title="bbox 195 4651 3348 4735">
     <span class='ocr_line' id='line_1_48' title="bbox 195 4651 3348 4735; baseline 0.009 -33"><span class='ocrx_word' id='word_1_750' title='bbox 195 4651 342 4735; x_wconf 62' lang='lat' dir='ltr'><strong><em>ms.</em></strong></span> <span class='ocrx_word' id='word_1_751' title='bbox 365 4654 527 4735; x_wconf 74' lang='lat' dir='ltr'><strong><em>lgnat.</em></strong></span> <span class='ocrx_word' id='word_1_752' title='bbox 553 4664 723 4735; x_wconf 85' lang='lat' dir='ltr'><strong><em>mart._</em></strong></span> <span class='ocrx_word' id='word_1_753' title='bbox 732 4655 890 4735; x_wconf 75' lang='lat' dir='ltr'><strong><em>epist.</em></strong></span> <span class='ocrx_word' id='word_1_754' title='bbox 904 4655 993 4735; x_wconf 59' lang='lat' dir='ltr'><strong><em>3d</em></strong></span> <span class='ocrx_word' id='word_1_755' title='bbox 1011 4655 1240 4735; x_wconf 85' lang='lat' dir='ltr'><strong><em>Ephes._,_</em></strong></span> <span class='ocrx_word' id='word_1_756' title='bbox 1255 4671 1404 4735; x_wconf 69' lang='lat' dir='ltr'><strong><em>num.</em></strong></span> <span class='ocrx_word' id='word_1_757' title='bbox 1434 4655 1518 4735; x_wconf 66' lang='lat' dir='ltr'><strong><em>ll},</em></strong></span> <span class='ocrx_word' id='word_1_758' title='bbox 1545 4669 1666 4726; x_wconf 83' lang='lat' dir='ltr'><strong><em>pag.</em></strong></span> <span class='ocrx_word' id='word_1_759' title='bbox 1770 4670 1928 4735; x_wconf 80' lang='lat' dir='ltr'><strong><em>raret,</em></strong></span> <span class='ocrx_word' id='word_1_760' title='bbox 1973 4670 2096 4735; x_wconf 61' lang='lat' dir='ltr'><strong><em>etc._</em></strong></span> <span class='ocrx_word' id='word_1_761' title='bbox 2121 4661 2321 4716; x_wconf 87' lang='lat' dir='ltr'><strong><em>Eodem</em></strong></span> <span class='ocrx_word' id='word_1_762' title='bbox 2367 4665 2611 4735; x_wconf 70' lang='lat' dir='ltr'><strong><em>recidunt</em></strong></span> <span class='ocrx_word' id='word_1_763' title='bbox 2639 4683 2755 4735; x_wconf 76' lang='lat' dir='ltr'><strong><em>qua:</em></strong></span> <span class='ocrx_word' id='word_1_764' title='bbox 2794 4670 2977 4725; x_wconf 87' lang='lat' dir='ltr'><strong><em>scribit</em></strong></span> <span class='ocrx_word' id='word_1_765' title='bbox 3007 4669 3191 4727; x_wconf 81' lang='lat' dir='ltr'><strong><em>Jobius</em></strong></span> <span class='ocrx_word' id='word_1_766' title='bbox 3230 4691 3348 4731; x_wconf 87' lang='lat' dir='ltr'><strong><em>mo-</em></strong></span> 
     </span>
    </p>
   </div>
   <div class='ocr_carea' id='block_1_49' title="bbox 133 4671 3347 4804">
    <p class='ocr_par' dir='ltr' id='par_1_49' title="bbox 133 4671 3347 4804">
     <span class='ocr_line' id='line_1_49' title="bbox 215 4671 3347 4735; baseline 0.009 -33"><span class='ocrx_word' id='word_1_767' title='bbox 215 4671 255 4723; x_wconf 77' lang='grc' dir='ltr'><strong><em>ι)</em></strong></span> <span class='ocrx_word' id='word_1_768' title='bbox 290 4671 342 4708; x_wconf 76' lang='grc' dir='ltr'><strong><em>δ.</em></strong></span> <span class='ocrx_word' id='word_1_769' title='bbox 368 4671 527 4724; x_wconf 82' lang='lat' dir='ltr'><strong><em>Ignat.</em></strong></span> <span class='ocrx_word' id='word_1_770' title='bbox 553 4671 712 4709; x_wconf 83' lang='lat' dir='ltr'><strong><em>mart.</em></strong></span> <span class='ocrx_word' id='word_1_771' title='bbox 736 4671 890 4724; x_wconf 61' lang='lat' dir='ltr'><strong><em>eptsu</em></strong></span> <span class='ocrx_word' id='word_1_772' title='bbox 917 4671 982 4708; x_wconf 86' lang='lat' dir='ltr'><strong><em>ao</em></strong></span> <span class='ocrx_word' id='word_1_773' title='bbox 1011 4671 1230 4724; x_wconf 72' lang='lat' dir='ltr'><strong><em>npnes.,</em></strong></span> <span class='ocrx_word' id='word_1_774' title='bbox 1259 4671 1404 4709; x_wconf 92' lang='lat' dir='ltr'><strong><em>num.</em></strong></span> <span class='ocrx_word' id='word_1_775' title='bbox 1434 4671 1518 4721; x_wconf 73' lang='grc' dir='ltr'><strong><em>τυ,</em></strong></span> <span class='ocrx_word' id='word_1_776' title='bbox 1545 4671 1666 4726; x_wconf 83' lang='lat' dir='ltr'><strong><em>pag.</em></strong></span> <span class='ocrx_word' id='word_1_777' title='bbox 1770 4671 1928 4722; x_wconf 90' lang='lat' dir='ltr'><strong><em>raret,</em></strong></span> <span class='ocrx_word' id='word_1_778' title='bbox 1973 4671 2075 4715; x_wconf 89' lang='lat' dir='ltr'><strong><em>etc.</em></strong></span> <span class='ocrx_word' id='word_1_779' title='bbox 2121 4671 2321 4716; x_wconf 74' lang='lat' dir='ltr'><strong><em>Eodem</em></strong></span> <span class='ocrx_word' id='word_1_780' title='bbox 2367 4671 2611 4719; x_wconf 88' lang='lat' dir='ltr'><strong><em>recidunt</em></strong></span> <span class='ocrx_word' id='word_1_781' title='bbox 2639 4683 2755 4735; x_wconf 76' lang='lat' dir='ltr'><strong><em>qua:</em></strong></span> <span class='ocrx_word' id='word_1_782' title='bbox 2794 4671 2977 4725; x_wconf 87' lang='lat' dir='ltr'><strong><em>scribit</em></strong></span> <span class='ocrx_word' id='word_1_783' title='bbox 3007 4671 3191 4727; x_wconf 80' lang='lat' dir='ltr'><strong><em>Jobius</em></strong></span> <span class='ocrx_word' id='word_1_784' title='bbox 3230 4691 3347 4731; x_wconf 90' lang='lat' dir='ltr'><strong><em>mo-</em></strong></span> 
     </span>
     <span class='ocr_line' id='line_1_50' title="bbox 133 4671 3347 4804; baseline 0.008 -29"><span class='ocrx_word' id='word_1_785' title='bbox 269 4730 389 4804; x_wconf 38' lang='lat' dir='ltr'><strong><em>to&#39;tn&#39;.</em></strong></span> <span class='ocrx_word' id='word_1_786' title='bbox 436 4724 878 4804; x_wconf 40' lang='lat' dir='ltr'><strong><em>ll.aposwl.i_cofr..</em></strong></span> <span class='ocrx_word' id='word_1_787' title='bbox 904 4722 1118 4804; x_wconf 67' lang='lat' dir='ltr'><strong><em>Patrum</em></strong></span> <span class='ocrx_word' id='word_1_788' title='bbox 1159 4726 1285 4779; x_wconf 87' lang='lat' dir='ltr'><strong><em>edit.</em></strong></span> <span class='ocrx_word' id='word_1_789' title='bbox 1321 4724 1545 4804; x_wconf 48' lang='lat' dir='ltr'><strong><em>Lound-iu.</em></strong></span> <span class='ocrx_word' id='word_1_790' title='bbox 1576 4743 1662 4780; x_wconf 89' lang='lat' dir='ltr'><strong><em>an.</em></strong></span> <span class='ocrx_word' id='word_1_791' title='bbox 1771 4730 1994 4794; x_wconf 87' lang='lat' dir='ltr'><strong><em>nachns,</em></strong></span> <span class='ocrx_word' id='word_1_792' title='bbox 2045 4732 2135 4784; x_wconf 84' lang='lat' dir='ltr'><strong><em>lib.</em></strong></span> <span class='ocrx_word' id='word_1_793' title='bbox 2187 4748 2255 4786; x_wconf 86' lang='lat' dir='ltr'><strong><em>vn</em></strong></span> <span class='ocrx_word' id='word_1_794' title='bbox 2294 4734 2432 4802; x_wconf 87' lang='lat' dir='ltr'><strong><em>apud</em></strong></span> <span class='ocrx_word' id='word_1_795' title='bbox 2483 4733 2729 4804; x_wconf 83' lang='lat' dir='ltr'><strong><em>Photium</em></strong></span> <span class='ocrx_word' id='word_1_796' title='bbox 2769 4738 2888 4792; x_wconf 89' lang='lat' dir='ltr'><strong><em>cod.</em></strong></span> <span class='ocrx_word' id='word_1_797' title='bbox 2929 4739 3049 4792; x_wconf 84' lang='lat'><strong>222.</strong></span> <span class='ocrx_word' id='word_1_798' title='bbox 3094 4741 3246 4796; x_wconf 81' lang='lat' dir='ltr'><strong><em>Mitto</em></strong></span> <span class='ocrx_word' id='word_1_799' title='bbox 3278 4746 3347 4800; x_wconf 84' lang='lat' dir='ltr'><strong><em>de</em></strong></span> 
     </span>
    </p>
   </div>
   <div class='ocr_carea' id='block_1_50' title="bbox 133 4787 3342 4891">
    <p class='ocr_par' dir='ltr' id='par_1_50' title="bbox 133 4787 3342 4891">
     <span class='ocr_line' id='line_1_51' title="bbox 133 4787 3342 4891; baseline 0 0"><span class='ocrx_word' id='word_1_800' title='bbox 133 4787 836 4891; x_wconf 59' lang='lat' dir='ltr'><strong><em>:.Z‘§:.9ruvis.;.&#39;:n“;..6</em></strong></span> <span class='ocrx_word' id='word_1_801' title='bbox 864 4793 1674 4891; x_wconf 56' lang='grc' dir='ltr'><strong><em>Ξτέιιὲ¹¹εἷὶ¹ῗεηΗίῖἒ.ηίῗ.⁴έ;.ἑίξξξ¹;</em></strong></span> <span class='ocrx_word' id='word_1_802' title='bbox 1770 4787 2536 4891; x_wconf 52' lang='lat' dir='ltr'><strong><em>avarissime-niese-</em></strong></span> <span class='ocrx_word' id='word_1_803' title='bbox 2551 4815 2631 4891; x_wconf 64' lang='grc' dir='ltr'><strong><em>ηπ.</em></strong></span> <span class='ocrx_word' id='word_1_804' title='bbox 2646 4787 3342 4891; x_wconf 55' lang='grc' dir='ltr'><strong><em>ιέἑξξὶθῖῐᾱιὶφᾜὲίόθῖπῖ</em></strong></span> 
     </span>
    </p>
   </div>
   <div class='ocr_carea' id='block_1_51' title="bbox 133 4855 3343 4941">
    <p class='ocr_par' dir='ltr' id='par_1_51' title="bbox 133 4855 3343 4941">
     <span class='ocr_line' id='line_1_52' title="bbox 133 4855 3343 4941; baseline 0.008 -31"><span class='ocrx_word' id='word_1_805' title='bbox 133 4855 186 4936; x_wconf 73' lang='lat' dir='ltr'><strong><em>lli</em></strong></span> <span class='ocrx_word' id='word_1_806' title='bbox 209 4873 344 4941; x_wconf 71' lang='lat' dir='ltr'><strong><em>oper.</em></strong></span> <span class='ocrx_word' id='word_1_807' title='bbox 369 4855 718 4941; x_wconf 28' lang='lat' dir='ltr'><strong><em>editgvenet.</em></strong></span> <span class='ocrx_word' id='word_1_808' title='bbox 743 4877 832 4915; x_wconf 89' lang='lat' dir='ltr'><strong><em>an.</em></strong></span> <span class='ocrx_word' id='word_1_809' title='bbox 864 4860 1019 4941; x_wconf 53' lang='lat' dir='ltr'><strong><em>iii-5.</em></strong></span> <span class='ocrx_word' id='word_1_810' title='bbox 1039 4855 1417 4941; x_wconf 52' lang='lat' dir='ltr'><strong><em>Vetus-auctor</em></strong></span> <span class='ocrx_word' id='word_1_811' title='bbox 1437 4855 1665 4918; x_wconf 63' lang='lat' dir='ltr'><strong><em>humilius</em></strong></span> <span class='ocrx_word' id='word_1_812' title='bbox 1766 4870 2146 4941; x_wconf 78' lang='lat' dir='ltr'><strong><em>commentaria</em></strong></span> <span class='ocrx_word' id='word_1_813' title='bbox 2179 4873 2392 4941; x_wconf 77' lang='lat' dir='ltr'><strong><em>nomine</em></strong></span> <span class='ocrx_word' id='word_1_814' title='bbox 2431 4855 2709 4941; x_wconf 74' lang='lat' dir='ltr'><strong><em>Theophili</em></strong></span> <span class='ocrx_word' id='word_1_815' title='bbox 2727 4855 3343 4935; x_wconf 48' lang='lat' dir='ltr'><strong><em>“Aiiib‘ci‘féﬁi&#39;ciiﬁid&#39;l</em></strong></span> 
     </span>
    </p>
   </div>
   <div class='ocr_carea' id='block_1_52' title="bbox 136 4931 3343 5007">
    <p class='ocr_par' dir='ltr' id='par_1_52' title="bbox 136 4931 3343 5007">
     <span class='ocr_line' id='line_1_53' title="bbox 136 4931 3343 5007; baseline 0.007 -26"><span class='ocrx_word' id='word_1_816' title='bbox 136 4931 179 5006; x_wconf 66' lang='lat' dir='ltr'><strong><em>in</em></strong></span> <span class='ocrx_word' id='word_1_817' title='bbox 217 4937 433 5007; x_wconf 73' lang='lat' dir='ltr'><strong><em>sanctam</em></strong></span> <span class='ocrx_word' id='word_1_818' title='bbox 471 4931 670 5007; x_wconf 69' lang='lat' dir='ltr'><strong><em>Christi</em></strong></span> <span class='ocrx_word' id='word_1_819' title='bbox 711 4933 1314 5007; x_wconf 58' lang='lat' dir='ltr'><strong><em>generationetu_,__n:_5,</em></strong></span> <span class='ocrx_word' id='word_1_820' title='bbox 1347 4949 1465 5007; x_wconf 74' lang='lat' dir='ltr'><strong><em>qua:</em></strong></span> <span class='ocrx_word' id='word_1_821' title='bbox 1493 4941 1673 5007; x_wconf 56' lang='lat' dir='ltr'><strong><em>exstat</em></strong></span> <span class='ocrx_word' id='word_1_822' title='bbox 1767 4934 2052 5007; x_wconf 58' lang='lat' dir='ltr'><strong><em>feruntur),</em></strong></span> <span class='ocrx_word' id='word_1_823' title='bbox 2077 4937 2141 4992; x_wconf 91' lang='lat' dir='ltr'><strong><em>de</em></strong></span> <span class='ocrx_word' id='word_1_824' title='bbox 2188 4938 2396 4993; x_wconf 85' lang='lat' dir='ltr'><strong><em>Andrca</em></strong></span> <span class='ocrx_word' id='word_1_825' title='bbox 2445 4931 2704 5007; x_wconf 79' lang='lat' dir='ltr'><strong><em>Cretensi,</em></strong></span> <span class='ocrx_word' id='word_1_826' title='bbox 2738 4945 2804 4998; x_wconf 85' lang='lat' dir='ltr'><strong><em>de</em></strong></span> <span class='ocrx_word' id='word_1_827' title='bbox 2843 4931 3029 5002; x_wconf 82' lang='lat' dir='ltr'><strong><em>sancto</em></strong></span> <span class='ocrx_word' id='word_1_828' title='bbox 3063 4931 3343 5005; x_wconf 13' lang='lat' dir='ltr'><strong><em>iBerna—rd-o</em></strong></span> 
     </span>
    </p>
   </div>
   <div class='ocr_carea' id='block_1_53' title="bbox 137 4995 3342 5118">
    <p class='ocr_par' dir='ltr' id='par_1_53' title="bbox 137 4995 3342 5118">
     <span class='ocr_line' id='line_1_54' title="bbox 137 4995 3342 5118; baseline 0.008 -70"><span class='ocrx_word' id='word_1_829' title='bbox 137 4995 181 5048; x_wconf 83' lang='lat' dir='ltr'><strong><em>in</em></strong></span> <span class='ocrx_word' id='word_1_830' title='bbox 211 5001 414 5118; x_wconf 56' lang='grc' dir='ltr'><strong><em>ψξῇυώ</em></strong></span> <span class='ocrx_word' id='word_1_831' title='bbox 462 5001 528 5054; x_wconf 83' lang='lat' dir='ltr'><strong><em>ad</em></strong></span> <span class='ocrx_word' id='word_1_832' title='bbox 575 4995 740 5069; x_wconf 71' lang='lat' dir='ltr'><strong><em>opera</em></strong></span> <span class='ocrx_word' id='word_1_833' title='bbox 776 5000 943 5054; x_wconf 86' lang='lat' dir='ltr'><strong><em>sancti</em></strong></span> <span class='ocrx_word' id='word_1_834' title='bbox 981 4999 1157 5053; x_wconf 87' lang='lat' dir='ltr'><strong><em>Basilii</em></strong></span> <span class='ocrx_word' id='word_1_835' title='bbox 1195 4995 1389 5068; x_wconf 75' lang='lat' dir='ltr'><strong><em>Magni,</em></strong></span> <span class='ocrx_word' id='word_1_836' title='bbox 1432 5010 1558 5054; x_wconf 88' lang='lat' dir='ltr'><strong><em>tom.</em></strong></span> <span class='ocrx_word' id='word_1_837' title='bbox 1601 5000 1666 5070; x_wconf 86' lang='lat' dir='ltr'><strong><em>ll,</em></strong></span> <span class='ocrx_word' id='word_1_838' title='bbox 1768 5004 1963 5059; x_wconf 87' lang='lat' dir='ltr'><strong><em>dicere.</em></strong></span> <span class='ocrx_word' id='word_1_839' title='bbox 1999 4995 2110 5060; x_wconf 86' lang='lat' dir='ltr'><strong><em>Hoc</em></strong></span> <span class='ocrx_word' id='word_1_840' title='bbox 2137 5008 2308 5062; x_wconf 77' lang='lat' dir='ltr'><strong><em>dicam</em></strong></span> <span class='ocrx_word' id='word_1_841' title='bbox 2337 5009 2497 5064; x_wconf 87' lang='lat' dir='ltr'><strong><em>breve</em></strong></span> <span class='ocrx_word' id='word_1_842' title='bbox 2529 5029 2541 5062; x_wconf 91' lang='lat'>:</span> <span class='ocrx_word' id='word_1_843' title='bbox 2572 4995 3342 5077; x_wconf 50' lang='lat' dir='ltr'><strong><em>comiuhhéri&quot;ti;}.c&#39;ei&quot;nini;</em></strong></span> 
     </span>
     <span class='ocr_line' id='line_1_55' title="bbox 137 5067 3314 5118; baseline 0 0"><span class='ocrx_word' id='word_1_844' title='bbox 137 5077 236 5118; x_wconf 71' lang='grc' dir='ltr'><strong><em>ωε.</em></strong></span> <span class='ocrx_word' id='word_1_845' title='bbox 381 5069 505 5118; x_wconf 82' lang='lat' dir='ltr'><strong><em>edit.</em></strong></span> <span class='ocrx_word' id='word_1_846' title='bbox 536 5069 706 5118; x_wconf 79' lang='lat' dir='ltr'><strong><em>Paris.</em></strong></span> <span class='ocrx_word' id='word_1_847' title='bbox 736 5084 822 5118; x_wconf 90' lang='lat' dir='ltr'><strong><em>an.</em></strong></span> <span class='ocrx_word' id='word_1_848' title='bbox 856 5067 1022 5118; x_wconf 71' lang='lat' dir='ltr'><strong>i722:</strong></span> <span class='ocrx_word' id='word_1_849' title='bbox 1049 5071 1218 5118; x_wconf 83' lang='lat' dir='ltr'><strong><em>sancti</em></strong></span> <span class='ocrx_word' id='word_1_850' title='bbox 1246 5068 1465 5118; x_wconf 79' lang='lat' dir='ltr'><strong><em>Ioannis</em></strong></span> <span class='ocrx_word' id='word_1_851' title='bbox 1492 5070 1665 5118; x_wconf 78' lang='lat' dir='ltr'><strong><em>Chn-</em></strong></span> <span class='ocrx_word' id='word_1_852' title='bbox 1765 5082 2070 5118; x_wconf 69' lang='lat' dir='ltr'><strong><em>sanctorum</em></strong></span> <span class='ocrx_word' id='word_1_853' title='bbox 2104 5075 2335 5118; x_wconf 72' lang='grc' dir='ltr'><strong><em>Ριιιι-ιιιη-</em></strong></span> <span class='ocrx_word' id='word_1_854' title='bbox 2369 5089 2420 5118; x_wconf 68' lang='lat' dir='ltr'><strong><em>nl</em></strong></span> <span class='ocrx_word' id='word_1_855' title='bbox 2451 5094 2569 5118; x_wconf 70' lang='lat' dir='ltr'><strong><em>mn</em></strong></span> <span class='ocrx_word' id='word_1_856' title='bbox 2600 5082 2968 5118; x_wconf 72' lang='lat' dir='ltr'><strong><em>lhnnlnannsm</em></strong></span> <span class='ocrx_word' id='word_1_857' title='bbox 2996 5089 3314 5118; x_wconf 61' lang='grc' dir='ltr'><strong><em>ροηρηηιςηη.</em></strong></span> 
     </span>
    </p>
   </div>
   <div class='ocr_carea' id='block_1_54' title="bbox 136 5067 3337 5150">
    <p class='ocr_par' dir='ltr' id='par_1_54' title="bbox 136 5067 3337 5150">
     <span class='ocr_line' id='line_1_56' title="bbox 136 5067 3337 5150; baseline -0.01 24"><span class='ocrx_word' id='word_1_858' title='bbox 136 5067 505 5150; x_wconf 39' lang='lat' dir='ltr'><strong><em>NW?“</em></strong></span> <span class='ocrx_word' id='word_1_859' title='bbox 535 5067 706 5150; x_wconf 45' lang='grc' dir='ltr'><strong><em>ἕπε’</em></strong></span> <span class='ocrx_word' id='word_1_860' title='bbox 732 5084 822 5150; x_wconf 63' lang='grc' dir='ltr'><strong><em>ἕδη·</em></strong></span> <span class='ocrx_word' id='word_1_861' title='bbox 856 5067 1022 5132; x_wconf 46' lang='lat' dir='ltr'><strong><em>me?</em></strong></span> <span class='ocrx_word' id='word_1_862' title='bbox 1049 5071 1218 5150; x_wconf 59' lang='lat'><strong><em>53&quot;.?“</em></strong></span> <span class='ocrx_word' id='word_1_863' title='bbox 1246 5067 1665 5150; x_wconf 50' lang='lat' dir='ltr'><strong><em>’mnyfschrr</em></strong></span> <span class='ocrx_word' id='word_1_864' title='bbox 1765 5082 2071 5150; x_wconf 58' lang='grc' dir='ltr'><strong><em>ἐθηριρτψη</em></strong></span> <span class='ocrx_word' id='word_1_865' title='bbox 2103 5075 2337 5150; x_wconf 58' lang='lat' dir='ltr'><strong><em>Patrum.</em></strong></span> <span class='ocrx_word' id='word_1_866' title='bbox 2369 5089 2423 5132; x_wconf 67' lang='lat' dir='ltr'><strong><em>et</em></strong></span> <span class='ocrx_word' id='word_1_867' title='bbox 2451 5094 2569 5134; x_wconf 80' lang='lat' dir='ltr'><strong><em>esse</em></strong></span> <span class='ocrx_word' id='word_1_868' title='bbox 2600 5067 3337 5150; x_wconf 53' lang='lat' dir='ltr'><strong><em>theologdniriigehién&#39;ai&#39;nt</em></strong></span> 
     </span>
    </p>
   </div>
   <div class='ocr_carea' id='block_1_55' title="bbox 137 5136 3340 5213">
    <p class='ocr_par' dir='ltr' id='par_1_55' title="bbox 137 5136 3340 5213">
     <span class='ocr_line' id='line_1_57' title="bbox 137 5136 3340 5213; baseline 0.008 -26"><span class='ocrx_word' id='word_1_869' title='bbox 137 5137 329 5213; x_wconf 59' lang='lat' dir='ltr'><strong><em>tostomi</em></strong></span> <span class='ocrx_word' id='word_1_870' title='bbox 361 5136 593 5213; x_wconf 46' lang='lat' dir='ltr'><strong><em>Eiposjt.</em></strong></span> <span class='ocrx_word' id='word_1_871' title='bbox 619 5138 766 5213; x_wconf 82' lang='lat' dir='ltr'><strong><em>_psal.</em></strong></span> <span class='ocrx_word' id='word_1_872' title='bbox 797 5153 1111 5213; x_wconf 29' lang='lat' dir='ltr'><strong><em>“annum.</em></strong></span> <span class='ocrx_word' id='word_1_873' title='bbox 1143 5139 1195 5200; x_wconf 88' lang='lat'><strong><em>2,</em></strong></span> <span class='ocrx_word' id='word_1_874' title='bbox 1224 5154 1352 5213; x_wconf 72' lang='lat' dir='ltr'><strong><em>pag.</em></strong></span> <span class='ocrx_word' id='word_1_875' title='bbox 1379 5139 1500 5202; x_wconf 74' lang='lat'><strong>225,</strong></span> <span class='ocrx_word' id='word_1_876' title='bbox 1531 5136 1660 5195; x_wconf 79' lang='lat' dir='ltr'><strong><em>tom.</em></strong></span> <span class='ocrx_word' id='word_1_877' title='bbox 1767 5142 1939 5208; x_wconf 86' lang='lat' dir='ltr'><strong><em>Quid?</em></strong></span> <span class='ocrx_word' id='word_1_878' title='bbox 1986 5145 2067 5198; x_wconf 85' lang='lat' dir='ltr'><strong><em>An</em></strong></span> <span class='ocrx_word' id='word_1_879' title='bbox 2107 5136 2374 5206; x_wconf 76' lang='lat' dir='ltr'><strong><em>diabolum</em></strong></span> <span class='ocrx_word' id='word_1_880' title='bbox 2419 5152 2692 5209; x_wconf 87' lang='lat' dir='ltr'><strong><em>metuebat</em></strong></span> <span class='ocrx_word' id='word_1_881' title='bbox 2727 5136 3340 5213; x_wconf 52' lang='lat' dir='ltr'><strong><em>ususiuihiEE&#39;siiié</em></strong></span> 
     </span>
    </p>
   </div>
   <div class='ocr_carea' id='block_1_56' title="bbox 142 5199 3341 5295">
    <p class='ocr_par' dir='ltr' id='par_1_56' title="bbox 142 5199 3341 5295">
     <span class='ocr_line' id='line_1_58' title="bbox 142 5199 3341 5295; baseline 0.008 -39"><span class='ocrx_word' id='word_1_882' title='bbox 142 5199 680 5295; x_wconf 9' lang='lat' dir='ltr'><strong><em>inpenget‘iliiLl’at-is.</em></strong></span> <span class='ocrx_word' id='word_1_883' title='bbox 711 5199 1660 5295; x_wconf 38' lang='lat' dir='ltr'><strong><em>aintﬁdicianctus‘llierogunus,</em></strong></span> <span class='ocrx_word' id='word_1_884' title='bbox 1767 5199 1874 5295; x_wconf 66' lang='lat' dir='ltr'><strong><em>Eon</em></strong></span> <span class='ocrx_word' id='word_1_885' title='bbox 1928 5199 2218 5295; x_wconf 67' lang='lat' dir='ltr'><strong><em>metuebat</em></strong></span> <span class='ocrx_word' id='word_1_886' title='bbox 2247 5199 3341 5295; x_wconf 28' lang='lat' dir='ltr'><strong><em>uer-95min’(ﬁﬁéﬁ&#39;éﬁhﬁﬁiﬁibéﬁii‘;</em></strong></span> 
     </span>
    </p>
   </div>
   <div class='ocr_carea' id='block_1_57' title="bbox 140 5268 3338 5356">
    <p class='ocr_par' dir='ltr' id='par_1_57' title="bbox 140 5268 3338 5356">
     <span class='ocr_line' id='line_1_59' title="bbox 140 5268 3338 5356; baseline 0.006 -26"><span class='ocrx_word' id='word_1_887' title='bbox 301 5273 348 5326; x_wconf 83' lang='lat' dir='ltr'><strong><em>iu</em></strong></span> <span class='ocrx_word' id='word_1_888' title='bbox 384 5275 940 5356; x_wconf 33' lang='lat' dir='ltr'><strong><em>Diggbxauhcapzl,</em></strong></span> <span class='ocrx_word' id='word_1_889' title='bbox 972 5268 1090 5356; x_wconf 60' lang='lat' dir='ltr'><strong><em>pag.</em></strong></span> <span class='ocrx_word' id='word_1_890' title='bbox 1136 5277 1220 5340; x_wconf 74' lang='grc'><strong><em>15,</em></strong></span> <span class='ocrx_word' id='word_1_891' title='bbox 1262 5285 1390 5332; x_wconf 90' lang='lat' dir='ltr'><strong><em>tom.</em></strong></span> <span class='ocrx_word' id='word_1_892' title='bbox 1434 5268 1514 5356; x_wconf 47' lang='lat' dir='ltr'><strong><em>IK</em></strong></span> <span class='ocrx_word' id='word_1_893' title='bbox 1533 5268 1662 5356; x_wconf 55' lang='lat' dir='ltr'><strong><em>edit;</em></strong></span> <span class='ocrx_word' id='word_1_894' title='bbox 1766 5285 2052 5356; x_wconf 65' lang='lat' dir='ltr'><strong><em>metuat’),</em></strong></span> <span class='ocrx_word' id='word_1_895' title='bbox 2083 5284 2176 5356; x_wconf 79' lang='lat' dir='ltr'><strong><em>sed</em></strong></span> <span class='ocrx_word' id='word_1_896' title='bbox 2213 5268 3338 5356; x_wconf 51' lang='lat' dir='ltr'><strong><em>cessat;&#39;Euaiﬁb&#39;2u6&quot;?81uiif&quot;nimii?</em></strong></span> 
     </span>
    </p>
   </div>
   <div class='ocr_carea' id='block_1_58' title="bbox 140 5335 3315 5426">
    <p class='ocr_par' dir='ltr' id='par_1_58' title="bbox 140 5335 3315 5426">
     <span class='ocr_line' id='line_1_60' title="bbox 140 5335 3315 5426; baseline 0.007 -30"><span class='ocrx_word' id='word_1_897' title='bbox 140 5335 368 5426; x_wconf 1' lang='lat' dir='ltr'><strong><em>[lippam</em></strong></span> <span class='ocrx_word' id='word_1_898' title='bbox 398 5345 559 5426; x_wconf 42' lang='grc'><strong><em>1684..</em></strong></span> <span class='ocrx_word' id='word_1_899' title='bbox 590 5335 819 5426; x_wconf 50' lang='lat' dir='ltr'><strong><em>sanctus-</em></strong></span> <span class='ocrx_word' id='word_1_900' title='bbox 999 5335 1236 5426; x_wconf 66' lang='lat' dir='ltr'><strong><em>Magnus,</em></strong></span> <span class='ocrx_word' id='word_1_901' title='bbox 1263 5361 1427 5426; x_wconf 87' lang='lat' dir='ltr'><strong><em>ser_m.</em></strong></span> <span class='ocrx_word' id='word_1_902' title='bbox 1458 5347 1546 5413; x_wconf 82' lang='lat' dir='ltr'><strong><em>2i,</em></strong></span> <span class='ocrx_word' id='word_1_903' title='bbox 1573 5350 1664 5426; x_wconf 81' lang='lat' dir='ltr'><strong><em>qui</em></strong></span> <span class='ocrx_word' id='word_1_904' title='bbox 1766 5335 2456 5426; x_wconf 38' lang='lat' dir='ltr'><strong><em>Christusl&#39;inlansvlatereg</em></strong></span> <span class='ocrx_word' id='word_1_905' title='bbox 2483 5335 2707 5426; x_wconf 58' lang='lat' dir='ltr'><strong><em>Eiiéﬁh&#39;e</em></strong></span> <span class='ocrx_word' id='word_1_906' title='bbox 2734 5335 2905 5415; x_wconf 51' lang='lat' dir='ltr'><strong><em>llinori</em></strong></span> <span class='ocrx_word' id='word_1_907' title='bbox 2920 5335 3315 5418; x_wconf 50' lang='lat' dir='ltr'><strong><em>subducere‘lh;</em></strong></span> 
     </span>
    </p>
   </div>
   <div class='ocr_carea' id='block_1_59' title="bbox 133 5363 3371 5495">
    <p class='ocr_par' dir='ltr' id='par_1_59' title="bbox 133 5363 3371 5495">
     <span class='ocr_line' id='line_1_61' title="bbox 140 5363 3335 5469; baseline 0.009 -80"><span class='ocrx_word' id='word_1_908' title='bbox 140 5363 260 5407; x_wconf 67' lang='grc' dir='ltr'><strong><em>ιιψσ.</em></strong></span> <span class='ocrx_word' id='word_1_909' title='bbox 288 5363 368 5396; x_wconf 80' lang='lat' dir='ltr'><strong><em>au.</em></strong></span> <span class='ocrx_word' id='word_1_910' title='bbox 398 5363 529 5398; x_wconf 75' lang='lat' dir='ltr'><strong><em>10M</em></strong></span> <span class='ocrx_word' id='word_1_911' title='bbox 548 5391 559 5404; x_wconf 81' lang='lat'><strong><em>.</em></strong></span> <span class='ocrx_word' id='word_1_912' title='bbox 590 5363 808 5426; x_wconf 69' lang='lat' dir='ltr'><strong><em>sanctus</em></strong></span> <span class='ocrx_word' id='word_1_913' title='bbox 855 5363 963 5399; x_wconf 71' lang='lat' dir='ltr'><strong><em>Leo</em></strong></span> <span class='ocrx_word' id='word_1_914' title='bbox 999 5363 1236 5426; x_wconf 74' lang='lat' dir='ltr'><strong><em>magnus,</em></strong></span> <span class='ocrx_word' id='word_1_915' title='bbox 1263 5363 1427 5400; x_wconf 82' lang='lat' dir='ltr'><strong><em>serm.</em></strong></span> <span class='ocrx_word' id='word_1_916' title='bbox 1458 5363 1546 5413; x_wconf 73' lang='lat'><strong><em>21,</em></strong></span> <span class='ocrx_word' id='word_1_917' title='bbox 1573 5363 1664 5469; x_wconf 64' lang='lat' dir='ltr'><strong><em>qun</em></strong></span> <span class='ocrx_word' id='word_1_918' title='bbox 1766 5363 2007 5405; x_wconf 70' lang='lat' dir='ltr'><strong><em>Christus</em></strong></span> <span class='ocrx_word' id='word_1_919' title='bbox 2041 5363 2213 5407; x_wconf 79' lang='lat' dir='ltr'><strong><em>Inlans</em></strong></span> <span class='ocrx_word' id='word_1_920' title='bbox 2251 5363 2456 5418; x_wconf 85' lang='lat' dir='ltr'><strong><em>lateret,</em></strong></span> <span class='ocrx_word' id='word_1_921' title='bbox 2487 5363 2707 5426; x_wconf 82' lang='lat' dir='ltr'><strong><em>ejusque</em></strong></span> <span class='ocrx_word' id='word_1_922' title='bbox 2734 5363 2901 5415; x_wconf 79' lang='lat' dir='ltr'><strong><em>furori</em></strong></span> <span class='ocrx_word' id='word_1_923' title='bbox 2928 5363 3335 5427; x_wconf 86' lang='lat' dir='ltr'><strong><em>subduceretur,</em></strong></span> 
     </span>
     <span class='ocr_line' id='line_1_62' title="bbox 133 5413 3371 5495; baseline 0.006 -29"><span class='ocrx_word' id='word_1_924' title='bbox 502 5416 565 5469; x_wconf 90' lang='lat' dir='ltr'><strong><em>de</em></strong></span> <span class='ocrx_word' id='word_1_925' title='bbox 606 5413 892 5495; x_wconf 37' lang='lat' dir='ltr'><strong><em>{faustitate</em></strong></span> <span class='ocrx_word' id='word_1_926' title='bbox 937 5413 1168 5495; x_wconf 45' lang='lat' dir='ltr'><strong><em>Domini,</em></strong></span> <span class='ocrx_word' id='word_1_927' title='bbox 1197 5430 1314 5482; x_wconf 89' lang='lat' dir='ltr'><strong><em>cap.</em></strong></span> <span class='ocrx_word' id='word_1_928' title='bbox 1425 5431 1543 5486; x_wconf 86' lang='lat' dir='ltr'><strong><em>pag.</em></strong></span> <span class='ocrx_word' id='word_1_929' title='bbox 1559 5418 1663 5495; x_wconf 54' lang='lat' dir='ltr'><strong><em>nl,</em></strong></span> <span class='ocrx_word' id='word_1_930' title='bbox 1764 5420 2246 5495; x_wconf 73' lang='lat' dir='ltr'><strong><em>transferreturque</em></strong></span> <span class='ocrx_word' id='word_1_931' title='bbox 2292 5423 2345 5476; x_wconf 92' lang='lat' dir='ltr'><strong><em>in</em></strong></span> <span class='ocrx_word' id='word_1_932' title='bbox 2392 5423 2700 5495; x_wconf 71' lang='lat' dir='ltr'><strong><em>Egyptum,</em></strong></span> <span class='ocrx_word' id='word_1_933' title='bbox 2732 5436 2789 5482; x_wconf 89' lang='lat' dir='ltr'><strong><em>ut</em></strong></span> <span class='ocrx_word' id='word_1_934' title='bbox 2827 5439 2907 5483; x_wconf 86' lang='lat' dir='ltr'><strong><em>est</em></strong></span> <span class='ocrx_word' id='word_1_935' title='bbox 2954 5431 3006 5484; x_wconf 90' lang='lat' dir='ltr'><strong><em>in</em></strong></span> <span class='ocrx_word' id='word_1_936' title='bbox 3046 5431 3371 5495; x_wconf 67' lang='lat' dir='ltr'><strong><em>Evangelia</em></strong></span> 
     </span>
    </p>
   </div>
   <div class='ocr_carea' id='block_1_60' title="bbox 140 5477 3342 5566">
    <p class='ocr_par' dir='ltr' id='par_1_60' title="bbox 140 5477 3342 5566">
     <span class='ocr_line' id='line_1_63' title="bbox 140 5477 3342 5566; baseline 0.008 -35"><span class='ocrx_word' id='word_1_937' title='bbox 140 5477 304 5566; x_wconf 46' lang='lat'><strong><em>3.93:1</em></strong></span> <span class='ocrx_word' id='word_1_938' title='bbox 327 5483 693 5566; x_wconf 62' lang='lat' dir='ltr'><strong><em>oper-mnedit.</em></strong></span> <span class='ocrx_word' id='word_1_939' title='bbox 717 5482 870 5566; x_wconf 78' lang='lat' dir='ltr'><strong><em>Rom.</em></strong></span> <span class='ocrx_word' id='word_1_940' title='bbox 912 5497 1000 5537; x_wconf 90' lang='lat' dir='ltr'><strong><em>an.</em></strong></span> <span class='ocrx_word' id='word_1_941' title='bbox 1019 5485 1057 5566; x_wconf 45' lang='grc'><strong><em>,1</em></strong></span> <span class='ocrx_word' id='word_1_942' title='bbox 1216 5477 1323 5566; x_wconf 84' lang='lat' dir='ltr'><strong><em>quo</em></strong></span> <span class='ocrx_word' id='word_1_943' title='bbox 1351 5477 1470 5566; x_wconf 74' lang='lat' dir='ltr'><strong><em>loco</em></strong></span> <span class='ocrx_word' id='word_1_944' title='bbox 1493 5477 1520 5537; x_wconf 73' lang='grc' dir='ltr'><strong>ἶ</strong></span> <span class='ocrx_word' id='word_1_945' title='bbox 1549 5477 1664 5566; x_wconf 65' lang='grc' dir='ltr'><em>ῌορ</em></span> <span class='ocrx_word' id='word_1_946' title='bbox 1764 5491 2054 5566; x_wconf 68' lang='lat' dir='ltr'><strong><em>secundum</em></strong></span> <span class='ocrx_word' id='word_1_947' title='bbox 2084 5477 2562 5566; x_wconf 48' lang='lat' dir='ltr'><strong><em>Maltthmum,__cap:</em></strong></span> <span class='ocrx_word' id='word_1_948' title='bbox 2591 5477 3342 5566; x_wconf 24' lang='lat' dir='ltr'><strong><em>{ifuéti‘éééo&#39;Ex—(h&#39;c&#39;ﬁiiéa</em></strong></span> 
     </span>
    </p>
   </div>
   <div class='ocr_carea' id='block_1_61' title="bbox 141 5551 3342 5632">
    <p class='ocr_par' dir='ltr' id='par_1_61' title="bbox 141 5551 3342 5632">
     <span class='ocr_line' id='line_1_64' title="bbox 141 5551 3342 5632; baseline 0.008 -30"><span class='ocrx_word' id='word_1_949' title='bbox 141 5551 296 5632; x_wconf 46' lang='lat' dir='ltr'><strong><em>ipsum,</em></strong></span> <span class='ocrx_word' id='word_1_950' title='bbox 314 5551 647 5632; x_wconf 68' lang='lat' dir='ltr'><strong><em>dilectissimi,</em></strong></span> <span class='ocrx_word' id='word_1_951' title='bbox 679 5553 869 5632; x_wconf 88' lang='lat' dir='ltr'><strong><em>inquit,</em></strong></span> <span class='ocrx_word' id='word_1_952' title='bbox 890 5552 1031 5632; x_wconf 72' lang='lat' dir='ltr'><strong><em>quod</em></strong></span> <span class='ocrx_word' id='word_1_953' title='bbox 1067 5551 1300 5632; x_wconf 66' lang='lat' dir='ltr'><strong><em>Christus</em></strong></span> <span class='ocrx_word' id='word_1_954' title='bbox 1328 5556 1664 5632; x_wconf 71' lang='lat' dir='ltr'><strong><em>na_sci_elegit</em></strong></span> <span class='ocrx_word' id='word_1_955' title='bbox 1762 5551 2567 5632; x_wconf 41' lang='lat' dir='ltr'><strong><em>diabolo_incarnatione&#39;Verbi</em></strong></span> <span class='ocrx_word' id='word_1_956' title='bbox 2609 5551 2910 5621; x_wconf 52' lang='lat' dir='ltr'><strong><em>verenduni</em></strong></span> <span class='ocrx_word' id='word_1_957' title='bbox 2925 5551 3035 5622; x_wconf 82' lang='lat' dir='ltr'><strong><em>erit</em></strong></span> <span class='ocrx_word' id='word_1_958' title='bbox 3059 5551 3342 5628; x_wconf 51' lang='lat' dir='ltr'><strong><em>delicia;</em></strong></span> 
     </span>
    </p>
   </div>
   <div class='ocr_carea' id='block_1_62' title="bbox 141 5622 2850 5704">
    <p class='ocr_par' dir='ltr' id='par_1_62' title="bbox 141 5622 2850 5704">
     <span class='ocr_line' id='line_1_65' title="bbox 141 5622 2850 5704; baseline 0.006 -31"><span class='ocrx_word' id='word_1_959' title='bbox 141 5622 403 5704; x_wconf 54' lang='lat' dir='ltr'><strong><em>fi</em></strong></span> <span class='ocrx_word' id='word_1_960' title='bbox 431 5639 596 5704; x_wconf 70' lang='lat' dir='ltr'><strong><em>nonne</em></strong></span> <span class='ocrx_word' id='word_1_961' title='bbox 615 5622 830 5704; x_wconf 71' lang='lat' dir='ltr'><strong><em>apparet</em></strong></span> <span class='ocrx_word' id='word_1_962' title='bbox 848 5622 1563 5704; x_wconf 51' lang='lat' dir='ltr'><strong><em>altissimtzfuissenrationisi</em></strong></span> <span class='ocrx_word' id='word_1_963' title='bbox 1592 5622 1663 5679; x_wconf 87' lang='lat' dir='ltr'><strong><em>Ut</em></strong></span> <span class='ocrx_word' id='word_1_964' title='bbox 1763 5627 1867 5683; x_wconf 92' lang='lat' dir='ltr'><strong><em>ulla</em></strong></span> <span class='ocrx_word' id='word_1_965' title='bbox 1897 5627 1953 5684; x_wconf 92' lang='lat' dir='ltr'><strong><em>in</em></strong></span> <span class='ocrx_word' id='word_1_966' title='bbox 1981 5628 2148 5684; x_wconf 82' lang='lat' dir='ltr'><strong><em>Deum</em></strong></span> <span class='ocrx_word' id='word_1_967' title='bbox 2175 5631 2366 5686; x_wconf 89' lang='lat' dir='ltr'><strong><em>cadere</em></strong></span> <span class='ocrx_word' id='word_1_968' title='bbox 2392 5633 2560 5702; x_wconf 86' lang='lat' dir='ltr'><strong><em>possit</em></strong></span> <span class='ocrx_word' id='word_1_969' title='bbox 2594 5636 2850 5704; x_wconf 87' lang='lat' dir='ltr'><strong><em>suspicio.</em></strong></span> 
     </span>
    </p>
   </div>
   <div class='ocr_carea' id='block_1_63' title="bbox 144 5683 1660 5756">
    <p class='ocr_par' dir='ltr' id='par_1_63' title="bbox 144 5683 1660 5756">
     <span class='ocr_line' id='line_1_66' title="bbox 144 5683 1660 5756; baseline 0.003 -14"><span class='ocrx_word' id='word_1_970' title='bbox 323 5683 485 5747; x_wconf 78' lang='lat' dir='ltr'><strong><em>natam</em></strong></span> <span class='ocrx_word' id='word_1_971' title='bbox 512 5683 721 5749; x_wconf 73' lang='lat' dir='ltr'><strong><em>humani</em></strong></span> <span class='ocrx_word' id='word_1_972' title='bbox 757 5693 962 5756; x_wconf 83' lang='lat' dir='ltr'><strong><em>generis</em></strong></span> <span class='ocrx_word' id='word_1_973' title='bbox 1001 5683 1215 5747; x_wconf 75' lang='lat' dir='ltr'><strong><em>salutem</em></strong></span> <span class='ocrx_word' id='word_1_974' title='bbox 1254 5692 1485 5748; x_wconf 87' lang='lat' dir='ltr'><strong><em>diabolus</em></strong></span> <span class='ocrx_word' id='word_1_975' title='bbox 1514 5694 1660 5750; x_wconf 84' lang='lat' dir='ltr'><strong><em>iano-</em></strong></span> 
     </span>
    </p>
   </div>
  </div>
