3898 6226
498 346 568 402 59
1929 344 2313 403 PIUEFATIO.
3693 347 3763 402 ϐυ

496 462 756 518 Chaldaeis
776 469 851 516 est
875 461 1141 517 adoratus.
1176 460 1347 517 Hodie
1366 460 1599 516 Christus
1628 458 1760 512 beati
1787 457 2009 511 Joannis
2037 459 2322 524 ministerio
2349 457 2539 519 ﬂuenta
2564 456 2812 512 Iordanis
2843 458 3191 512 benedictione
3210 454 3763 526 ρνορνὶἰὺαριὶεπιαείς

497 554 830 606 consecravit.
863 551 1034 608 Hodie
1072 555 1227 608 etiam
1271 553 1515 608 invitatus
1549 550 1616 603 ad
1644 550 1849 619 nuptias
1890 548 2174 602 divinitatis
2215 565 2324 602 suis
2351 550 2627 616 potentiam
2657 550 3026 617 manifestans,
3056 563 3216 615 aquas
3242 547 3297 599 in
3327 547 3529 608 vinum,
3574 565 3763 618 aquas,

498 645 722 714 inquam,
755 646 903 698 vertit
927 645 981 696 in
1011 643 1200 709 vinum,
1234 645 1328 698 hac
1356 651 1450 708 est,
1482 657 1611 712 quas
1639 641 1978 710 sanctiﬁcavit
2007 641 2061 692 in
2083 639 2354 710 baptismo,
2377 638 2663 693 nobilitavit
2687 641 2741 692 in
2765 639 2975 708 nuptiis.
3006 637 3127 690 Tria
3156 637 3358 704 quidem
3385 637 3514 702 haec,
3547 641 3766 706 fratres,

499 735 648 787 unius
670 728 792 804 ﬁdei
814 734 1056 803 mysteria
1084 748 1423 797 recensemus,
1456 732 1546 786 sed
1565 747 1678 802 qua:
1697 747 1786 801 per
1811 745 1965 782 unum
1989 728 2262 782 Dominum
2285 729 2512 799 dignatio
2543 726 2808 780 Trinitatis
2829 725 3070 796 implevit.
3098 723 3276 794 Neque
3290 726 3448 778 etiam
3477 726 3767 796 aliquando

498 823 554 873 in
584 823 882 890 operatione
910 822 1150 874 virtutum
1171 821 1348 874 abesse
1379 819 1477 873 sibi
1505 820 1678 872 unitas
1709 826 1889 888 potest,
1932 827 2020 870 aut
2044 834 2261 887 unquam
2291 818 2518 886 separari
2557 816 2619 869 ab
2649 817 2861 869 invicem
2899 815 3102 884 poterit,
3131 814 3265 884 quod
3292 815 3485 868 deitate
3511 826 3590 868 est
3619 817 3766 870 indi-

499 911 678 964 visum.
711 909 940 981 Denique
963 925 1075 963 cum
1105 909 1448 977 baptisaretur
1477 907 1738 970 Salvator,
1764 923 1869 961 non
1898 924 1952 960 se
1979 907 2152 960 deesse
2178 905 2450 975 Unigenita
2481 903 2640 956 Pater
2666 906 2720 956 in
2747 918 2867 956 voce
2884 902 3139 971 prodidit,
3174 901 3398 968 Spiritus
3416 904 3471 955 in
3498 903 3766 956 columba.

501 997 625 1052 Non
652 1016 772 1070 ergo
800 1001 1058 1063 miremur,
1095 1004 1301 1070 fratres,
1326 998 1506 1067 quibus
1543 999 1598 1051 in
1637 997 1741 1067 ﬁde
1779 1006 1855 1050 est
1897 996 2142 1062 Trinitas,
2173 997 2218 1049 si
2257 998 2356 1048 tria
2383 1011 2538 1047 unum
2567 994 2712 1049 nobis
2743 995 2875 1046 diem
2902 993 3140 1062 mysteria
3169 1003 3552 1046 consecrarunt.
3587 994 3768 1048 Hodie

499 1093 688 1160 itaque,
718 1098 775 1142 ut
812 1090 1054 1153 diximus,
1080 1091 1256 1159 majus
1295 1107 1386 1160 per
1425 1089 1626 1143 stellam
1667 1087 1836 1160 [Lvm]
1875 1091 2083 1157 reperit,
2109 1087 2242 1157 quod
2268 1087 2476 1141 Judteus
2506 1088 2710 1140 credere
2737 1087 2901 1140 noluit
2929 1102 3018 1156 per
3043 1083 3338 1154 prophetas.
3373 1081 3548 1136 Hodie
3588 1086 3764 1152 genti-

499 1181 621 1235 litas
649 1180 830 1234 edocta
851 1179 915 1232 de
943 1180 1068 1233 calo
1101 1179 1490 1246 Redemptorem
1517 1176 1696 1232 mundi
1723 1180 1934 1247 inquirit
1962 1187 2018 1230 ut
2043 1194 2232 1248 regem,
2259 1187 2555 1230 muneratur
2572 1187 2627 1230 ut
2657 1179 2859 1246 fortem,
2889 1176 3074 1229 adorat
3097 1184 3155 1227 ut
3186 1173 3369 1228 Deum.
3399 1215 3412 1227 .
3438 1214 3455 1229 .
3483 1215 3495 1227 .
3530 1216 3543 1227 .
3581 1175 3768 1227 Videte

497 1277 547 1321 et
575 1268 839 1332 intendite,
870 1270 1079 1338 fratres,
1112 1277 1358 1340 quantum
1389 1270 1573 1338 gratia!
1603 1268 1666 1321 de
1695 1268 1870 1321 divina
1901 1268 2200 1337 dignatione
2223 1268 2513 1320 mortalitas
2543 1258 2897 1334 cbnsequatur.
2934 1264 3072 1319 Nam
3095 1275 3151 1318 ut
3177 1265 3530 1318 sacratissima
3557 1266 3763 1317 redem-

497 1357 687 1422 ptionis
717 1365 911 1410 nostris
947 1359 1191 1427 mysteria
1221 1358 1611 1427 conﬁrmentur,
1643 1365 1691 1410 et
1718 1367 1769 1410 ut
1802 1358 2122 1428 manifestius
2153 1365 2346 1410 (eterna
2377 1357 2521 1411 nobis
2566 1355 2793 1410 Trinitas
2821 1356 3150 1419 revelaretur,
3182 1356 3471 1425 baptizatur
3500 1353 3549 1405 F
3554 1356 3684 1408 ilius
3710 1356 3759 1408 in

499 1443 749 1510 Iordane,
784 1445 1012 1515 Spiritus
1053 1449 1342 1515 sanctiﬁcat
1373 1457 1770 1511 sacramentum,
1821 1447 1982 1500 Pater
2029 1449 2193 1516 aperit
2239 1450 2518 1500 veritatem.
2553 1487 2568 1500 .
2605 1487 2618 1500 .
2655 1487 2667 1500 .
2709 1447 2884 1502 Hodie
2910 1447 3270 1511 nihilominus,
3302 1455 3357 1498 ut
3386 1447 3688 1515 perhibetur
3733 1463 3761 1495 α

503 1533 770 1598 Patribus,
803 1535 1052 1588 Dominus
1080 1537 1226 1589 Iesus
1255 1539 1309 1589 in
1336 1535 1483 1589 Cana
1515 1535 1748 1588 Galiltea:
1776 1537 1839 1588 de
1867 1537 2011 1603 aquis
2050 1536 2216 1603 effecit
2242 1537 2429 1588 vinum.
2464 1534 2615 1588 Nihil
2641 1552 2672 1587 a
2700 1535 2841 1588 vobis
2864 1542 2969 1598 est,
3003 1536 3209 1604 fratres,
3249 1536 3307 1586 in
3335 1533 3637 1603 hujusmodi
3667 1534 3762 1584 sni-

499 1623 749 1673 rsbilibus
779 1622 842 1674 de
872 1618 1115 1676 Creatore
1144 1625 1508 1677 cunctandum.
1545 1621 1644 1686 Qui
1675 1625 1810 1676 enim
1847 1626 1900 1677 in
1941 1625 2152 1677 exordio
2183 1625 2357 1677 mundi
2386 1625 2524 1677 dedit
2563 1640 2675 1678 esse
2712 1637 2903 1694 aquas;
2934 1625 2987 1677 in
3026 1625 3130 1694 ﬁne
3155 1641 3352 1695 quoque
3393 1624 3596 1686 mundi,
3629 1623 3763 1690 quod

498 1713 678 1776 voluit,
711 1715 832 1783 fecit
856 1729 920 1765 ea:
949 1715 1117 1782 aquis.

569 1801 950 1856 Verumtamen
977 1812 1129 1871 roget
1158 1803 1442 1874 quispiam,
1475 1806 1564 1874 qui
1597 1805 1806 1859 tandem
1836 1797 2095 1858 Maxirnus
2121 1803 2413 1868 Christum,
2443 1805 2543 1857 etsi
2571 1809 2814 1858 sanctum
2833 1843 2848 1867 ,
2879 1811 3234 1873 regeneratum
3265 1809 3440 1856 tamen
3471 1803 3759 1872 baptismo.

499 1909 619 1948 cum
650 1893 776 1946 alibi
823 1893 1138 1960 aliquando,
1184 1903 1296 1948 tum
1343 1897 1529 1950 homil.
1580 1899 1672 1962 50,
1704 1915 1823 1968 qua:
1853 1901 2083 1955 secunda
2114 1911 2191 1954 est
2221 1901 2283 1952 de
2315 1899 2576 1969 Baptismo
2608 1897 2825 1962 Christi,
2857 1911 2978 1966 pag.
3012 1896 3080 1950 89
3108 1913 3246 1966 seq.,
3290 1895 3552 1959 amrmet,
3589 1911 3762 1963 neque

498 1996 632 2035 vero
665 1982 715 2035 id
743 1985 940 2048 solum,
971 1984 1066 2036 sed
1098 1984 1260 2036 etiam
1292 1987 1670 2054 sanctiﬁcatum
1701 1987 1878 2042 dicat?
1907 1989 2076 2043 Habet
2105 1991 2244 2044 enim
2276 1990 2379 2043 hoc
2403 1988 2562 2042 modo
2589 2005 2601 2040 :
2637 1987 2702 2041 In
2731 2004 2832 2040 uno
2862 1987 3133 2054 eodemque
3168 1997 3412 2054 tempore,
3444 2005 3592 2058 quem
3622 1989 3762 2057 geni-

498 2080 608 2122 tum
636 2069 868 2124 homines
899 2071 1294 2142 gratulabantur
1320 2073 1376 2124 in
1409 2082 1575 2137 terra,
1621 2077 1998 2145 sanctiﬁcatum
2029 2079 2290 2130 laetaretur
2317 2079 2370 2130 in
2399 2077 2534 2129 caelis
2559 2115 2571 2128 .
2606 2115 2621 2129 .
2652 2115 2666 2128 .
2692 2115 2705 2126 .
2735 2113 2746 2127 .
2782 2073 2918 2128 Novi
2953 2083 3130 2143 partus
3159 2092 3288 2128 nova
3322 2085 3578 2129 merentur
3621 2075 3756 2129 obse-

496 2163 637 2229 quia.
681 2159 762 2214 Ibi
795 2178 910 2214 cum
937 2163 1216 2215 secundum
1253 2163 1508 2216 hominem
1537 2167 1783 2231 nascitur,
1811 2178 1974 2220 mater
1994 2167 2164 2220 Maria
2192 2182 2305 2220 eum
2334 2184 2425 2220 suo
2460 2168 2574 2219 sinu
2610 2167 2974 2236 circumfovet:
3006 2166 3087 2218 hic
3112 2182 3228 2218 cum
3266 2167 3546 2219 secundum
3568 2174 3761 2236 myste-

497 2251 633 2303 rium
654 2266 922 2314 atexnon,
951 2267 1066 2304 eum
1095 2250 1230 2305 Deus
1255 2251 1416 2326 Pater?
1440 2270 1533 2307 sua
1562 2271 1679 2308 voce
1699 2258 2064 2326 complectitur.
2099 2257 2201 2311 Sed
2233 2259 2360 2310 nihil
2390 2266 2466 2311 est
2494 2256 2636 2324 quod
2665 2256 2903 2325 expediri
2932 2264 3039 2308 tam
3078 2255 3230 2309 facile
3261 2256 3445 2324 possit.
3479 2253 3760 2315 Renatum,

498 2347 874 2406 regeneratum,
908 2339 1290 2406 sanctiﬁcatum
1318 2339 1422 2393 dici
1455 2355 1485 2393 a
1514 2340 1745 2396 Maximo
1772 2342 2058 2408 Christum,
2091 2346 2194 2408 aio,
2227 2340 2346 2397 non"
2363 2359 2469 2413 quo
2497 2344 2739 2398 Christus
2774 2345 2886 2412 ipse
2914 2344 3201 2412 quidquam
3233 2345 3389 2398 fuerit
3415 2354 3760 2404 consecutus,

500 2443 609 2496 quo
639 2437 797 2482 antea
829 2427 1117 2494 caruisset;
1149 2431 1240 2485 sed
1269 2445 1377 2498 quo
1417 2446 1475 2486 se
1503 2433 1664 2487 talem
1710 2434 2062 2488 manifestarit
2090 2435 2426 2498 mortalibus,
2458 2435 2628 2503 qualis
2649 2424 2773 2488 erat
2808 2434 3012 2502 reipsa,
3044 2442 3285 2487 sanctum
3316 2449 3538 2502 nempe;
3570 2443 3625 2488 et
3656 2450 3760 2503 quo

501 2518 748 2573 Christus
777 2520 916 2574 idem
949 2522 1297 2577 sanctiﬁcat-it
1324 2538 1508 2591 aquas,
1541 2523 1675 2576 adeo
1705 2531 1761 2576 ut
1788 2525 1876 2590 qui
1905 2523 2157 2592 haptizati
2181 2539 2277 2576 suo
2303 2524 2567 2591 baptismo
2596 2530 2792 2587 essent,
2825 2522 2985 2576 iidem
3015 2531 3419 2576 renascerenlur
3447 2538 3510 2577 ac
3539 2538 3760 2591 regene-

498 2618 766 2665 rarentur.
799 2613 929 2665 Nam
959 2614 1013 2666 in
1044 2613 1231 2667 eadem
1259 2615 1348 2667 illa
1377 2613 1594 2667 homilia
1625 2613 1708 2676 50,
1742 2628 1858 2683 pag.
1895 2613 1979 2678 90,
2023 2630 2141 2667 cum
2174 2615 2274 2667 hoc
2302 2614 2400 2666 sibi
2445 2612 2727 2680 obiecisset
2777 2611 3037 2665 Maximus
3077 2629 3092 2665 ε
3125 2611 3188 2666 Si
3221 2623 3427 2665 sanctus
3467 2623 3572 2678 est,
3607 2629 3758 2682 quare

498 2701 656 2753 voluit
711 2701 1008 2768 baptizari?
1060 2703 1150 2757 Sic
1197 2702 1480 2772 respondit
1523 2721 1535 2755 ί
1591 2704 1725 2755 Audi
1783 2721 1930 2773 ergo,
1986 2704 2101 2756 ideo
2162 2703 2448 2769 baptizatur
2502 2701 2766 2765 Christus,
2821 2716 2925 2753 non
2975 2708 3032 2752 ut
3081 2700 3432 2767 sanctiﬁcatur
3479 2700 3542 2752 ab
3593 2702 3758 2769 aquis,

499 2793 591 2844 sed
637 2801 690 2844 ut
743 2811 903 2863 aquas
957 2796 1064 2864 ipse
1111 2796 1427 2863 sanctiﬁcet,
1485 2802 1536 2848 et
1584 2797 1944 2864 puriﬁcatione
1993 2796 2071 2847 sui
2127 2796 2319 2862 ﬂuenta
2381 2793 2614 2862 puriﬁcet
2676 2791 2769 2844 illa
2831 2807 2943 2862 qua
2991 2794 3175 2861 tangit.
3241 2790 3568 2847 Consecratio
3626 2794 3758 2846 enim

497 2879 692 2934 Christi
740 2885 1055 2937 consecratio
1087 2895 1177 2937 ‘est
1215 2884 1386 2952 major
1433 2883 1686 2936 elementi.
1747 2882 1885 2936 Nam
1928 2901 2041 2936 cum
2089 2885 2327 2938 Salvator
2369 2892 2542 2935 noster
2595 2880 2833 2944 abluitur,
2877 2883 2990 2951 jam
3030 2891 3146 2934 tunc
3192 2882 3245 2934 in
3295 2883 3459 2934 nostri
3508 2883 3758 2951 baptism-1

499 2981 607 3023 tota
653 2989 787 3039 aqua
836 2972 1145 3036 mundatur;
1190 2981 1239 3025 et
1290 2973 1599 3042 puriﬁcatur
1653 2975 1788 3042 fons,
1821 2981 1876 3024 ut
1905 2975 2149 3025 secuturis
2202 2973 2523 3041 postmodum
2571 2970 2771 3039 populis
2800 2969 2992 3022 lavacri
3022 2971 3189 3039 gratia
3221 2970 3555 3022 ministretur.
3609 2969 3757 3023 Prc-

499 3062 634 3114 cedit
681 3079 802 3132 ergo
843 3081 934 3127 per
987 3063 1323 3127 baptismum,
1373 3071 1428 3115 ut
1466 3061 1746 3115 Christiani
1785 3071 1899 3130 post
1947 3079 2062 3113 eum
2107 3062 2422 3130 conﬁdenter
2475 3060 2648 3129 populi
2695 3062 3084 3128 subsequantur,
3144 3067 3246 3112 etc.
3292 3057 3356 3110 Et
3386 3059 3438 3111 in
3485 3059 3758 3128 superiore

501 3153 717 3206 homilia
769 3168 888 3221 qua:
933 3153 1005 3204 29
1049 3169 1301 3218 numero,
1351 3153 1602 3221 priorque
1646 3160 1727 3206 est
1777 3153 1837 3204 de
1877 3152 2136 3221 Baptismo
2167 3151 2373 3212 Christi,
2407 3162 2526 3218 pag.
2579 3149 2646 3202 87
2696 3165 2834 3219 seq.,
2886 3149 3144 3203 Joannem
3192 3150 3269 3204 sic
3313 3149 3584 3204 Christum
3633 3151 3758 3205 allo-

500 3254 749 3313 quentem
797 3248 1049 3314 proponit
1091 3263 1105 3300 :
1149 3245 1260 3315 Ego
1307 3248 1479 3315 utique
1521 3261 1552 3298 a
1603 3255 1650 3299 te
1695 3245 1847 3299 debeo
1887 3245 2166 3315 baptizari,
2210 3247 2326 3316 quia
2356 3247 2480 3299 mihi
2509 3257 2674 3300 estea:
2703 3255 2921 3315 paterna
2950 3247 3368 3314 prtevaricatione
3396 3248 3678 3315 corruptio,
3702 3256 3754 3297 et

499 3336 590 3391 tibi
631 3337 684 3388 in
713 3344 928 3406 paterna
959 3338 1232 3406 majestate
1259 3338 1566 3390 communio.
1594 3375 1606 3388 .
1636 3377 1648 3390 .
1689 3376 1702 3388 .
1738 3376 1750 3388 .
1783 3336 1891 3407 Ego
1923 3348 2174 3389 terrenum
2213 3337 2435 3402 animal,
2478 3348 2528 3390 tu
2567 3339 2742 3406 Agnus
2790 3336 2908 3390 Dei.
2961 3336 3073 3408 Ego
3101 3339 3295 3407 peccati
3343 3338 3450 3406 lege
3495 3336 3757 3397 mortalis,

499 3434 554 3476 tu
602 3434 770 3477 autem
819 3424 1061 3478 adversus
1108 3434 1316 3490 peccata
1364 3426 1568 3477 veniens
1613 3427 1776 3477 nescis
1819 3425 2080 3495 subjacere
2117 3437 2353 3493 peccato;
2392 3435 2440 3479 et
2487 3437 2601 3496 post
2649 3429 2854 3489 omnia,
2884 3443 2976 3496 ego
3023 3442 3133 3480 sum
3166 3429 3328 3497 factus
3371 3428 3694 3481 redimendus
3731 3444 3758 3477 a

502 3522 566 3577 te,
610 3520 661 3564 tu
698 3522 864 3564 autem
913 3523 1063 3564 natus
1118 3521 1172 3563 ut
1211 3512 1453 3564 redimas.
1503 3512 1626 3565 Mox
1670 3511 1848 3566 Jesum
1897 3513 2086 3566 Joanni
2123 3515 2532 3583 respondentem
2574 3515 2773 3569 inducit
2802 3516 2905 3570 hoc
2931 3516 3092 3571 modo
3125 3534 3137 3568 :
3173 3515 3362 3570 Omnia
3401 3518 3605 3585 quidem
3649 3531 3759 3570 vera

502 3610 619 3652 sunt
646 3615 758 3669 qua
785 3615 1070 3664 memoras;
1113 3600 1204 3653 sed
1240 3601 1347 3653 haec
1374 3601 1475 3652 mei
1515 3601 1759 3654 adventus
1789 3611 1865 3654 est
1904 3604 2035 3655 ratio
2057 3643 2070 3666 ,
2118 3611 2204 3666 ut,
2247 3607 2365 3667 quia
2402 3605 2491 3657 sub
2523 3606 2630 3674 lege
2670 3607 2836 3675 factus
2881 3621 3022 3671 sum,
3073 3607 3198 3659 ordo
3228 3607 3481 3676 legitimus
3523 3607 3758 3676 supplea-

501 3700 603 3751 tur.
632 3690 762 3762 [ιιι]
801 3690 929 3745 Veni
957 3693 1112 3756 enim,
1145 3708 1246 3746 non
1276 3700 1331 3744 ut
1354 3693 1476 3744 mihi
1506 3695 1737 3755 viverem,
1770 3697 1849 3748 cui
1875 3696 1975 3749 vita
2001 3705 2193 3749 (eterna
2232 3714 2344 3751 cum
2367 3697 2525 3751 Patre
2545 3706 2653 3762 est;
2674 3700 2765 3752 sed
2791 3710 2846 3752 ut
2874 3701 3217 3754 conditionem
3248 3710 3426 3753 vestra:
3457 3700 3635 3751 nwrtis
3661 3714 3753 3749 au~

501 3787 731 3853 feram...
765 3780 833 3832 Et
861 3797 1054 3844 revera,
1087 3783 1294 3851 fratres,
1327 3783 1579 3852 quomodo
1603 3800 1693 3850 pro
1716 3785 1857 3837 nobis
1886 3783 2112 3837 Christus
2141 3788 2209 3838 ad
2234 3787 2537 3853 baptismum
2569 3805 2668 3840 non
2710 3790 2915 3853 veniret,
2945 3797 3152 3858 propter
3177 3804 3301 3857 quos
3325 3788 3481 3839 etiam
3505 3803 3758 3856 corporea

499 3871 904 3923 circumcisionis
933 3886 1036 3922 non
1077 3871 1252 3921 vitavit
1271 3871 1554 3936 iniuriam?
1586 3871 1733 3924 Unde
1753 3881 1799 3924 et
1823 3871 2050 3926 Joannes
2078 3874 2305 3933 salutare
2337 3879 2629 3945 mysterium
2658 3893 3048 3946 recognoscens,
3081 3894 3182 3930 non
3206 3879 3320 3947 jam
3346 3877 3436 3930 Dei
3467 3876 3678 3942 Filium,
3705 3887 3758 3927 ut

504 3961 739 4031 Baptista
763 3962 1074 4028 sanctiﬁcat,
1109 3961 1200 4012 sed
1244 3969 1300 4012 ut
1339 3960 1546 4014 devotus
1595 3962 1830 4014 minister
1873 3961 2151 4016 calestibus
2191 3966 2504 4033 obtemperat
2553 3969 2885 4030 imperatis...
2930 3967 3105 4019 Videte
3148 3976 3197 4019 et
3242 3968 3518 4030 intendite,
3553 3970 3756 4034 fratres,

499 4063 742 4123 quantum
764 4054 946 4122 gratia
973 4052 1036 4104 de
1065 4052 1238 4103 d‘vina
1260 4053 1558 4120 dignatione
1578 4055 1864 4105 mortalitas
1887 4065 2239 4124 consequatur.
2275 4055 2413 4109 Nam
2439 4068 2492 4109 ut
2520 4059 2874 4112 sacratissima
2901 4059 3261 4128 redemptionis
3293 4069 3484 4113 nostra
3521 4063 3757 4128 mysteria

498 4159 921 4204 cosrmusnrun,
946 4152 995 4195 et
1022 4152 1077 4193 ut
1105 4158 1447 4197 ussurnsrws
1476 4157 1698 4197 ιτειικΑ
1729 4161 1876 4198 NOMS
1905 4145 2153 4201 Tmarus
2181 4164 2514 4214 neveurun,
2564 4166 2892 4204 ΒΑιιτιιΑτυιι
2930 4150 3107 4204 FILIUS
3145 4168 3194 4204 IN
3233 4149 3490 4215 Jonnuss,
3535 4152 3757 4220 Spiritus

498 4235 788 4302 sanctiﬁcat
815 4240 1213 4293 sacramentum,
1237 4231 1394 4283 Pater
1415 4235 1579 4300 aperit
1609 4236 1892 4287 veritatem.
1923 4234 2090 4299 Quid?
2121 4237 2165 4289 si
2198 4237 2411 4290 homilia
2439 4237 2524 4301 55,
2552 4253 2667 4306 qua:
2696 4238 2878 4304 quinta
2907 4250 2990 4291 est
3019 4239 3082 4290 de
3111 4238 3374 4308 Baptismo
3405 4237 3612 4301 Christi,
3637 4253 3749 4307 pag.

499 4327 586 4390 95,
609 4326 982 4393 sanctiﬁcatum
1009 4324 1211 4393 quidem
1232 4339 1262 4374 a
1285 4321 1485 4376 Christo
1513 4339 1660 4376 suum
1689 4324 1974 4394 Baptistam
1991 4327 2186 4381 scribat
2209 4345 2221 4390 ;
2253 4327 2420 4394 ipsum
2444 4337 2620 4382 autem
2641 4326 2932 4388 Christum.
2950 4328 3038 4397 qui
3068 4329 3182 4382 sine
3213 4345 3449 4383 PECCATO
3477 4339 3634 4391 esset,
3659 4346 3741 4384 ac-

501 4419 727 4472 cessisse
757 4420 890 4470 inter
917 4425 1241 4486 peccatorum
1262 4413 1437 4469 turbas
1458 4417 1521 4470 ad
1553 4417 1892 4485 baptismum,
1919 4419 2271 4486 sanctiﬁcasse
2300 4434 2400 4471 non
2435 4421 2588 4474 modo
2611 4419 2864 4474 Jordanis
2890 4437 3070 4490 aquas,
3094 4422 3183 4474 sed
3203 4422 3358 4473 etiam
3381 4438 3627 4490 aquarum
3647 4439 3756 4492 qua

500 4515 616 4557 sunt
637 4507 818 4575 ubique
847 4506 1183 4557 substantiam
1205 4506 1516 4568 universam,
1541 4521 1601 4557 ac
1629 4508 1872 4561 salutaris
1900 4508 2092 4561 lavacri
2116 4511 2395 4563 instituisse
2422 4521 2816 4565 sacramentum.
2846 4512 2982 4579 Quin
3012 4512 3171 4566 etiam
3201 4513 3386 4566 homil.
3420 4512 3507 4575 36,
3539 4529 3653 4580 qua:
3679 4522 3754 4566 est

500 4605 648 4650 sexta
677 4597 739 4648 de
762 4595 1031 4665 Baptismo
1060 4592 1271 4658 Christi,
1304 4608 1424 4663 pag.
1447 4593 1513 4646 97
1539 4613 1551 4647 :
1587 4594 1934 4662 Prcedicabat,
1967 4599 2152 4665 inquit,
2190 4601 2242 4651 in
2286 4601 2484 4653 deserto
2511 4600 2742 4654 Joannes
2765 4603 3071 4670 baptismum
3097 4603 3409 4671 pwnitentice
3432 4601 3612 4670 populo
3639 4617 3750 4670 pec-

501 4689 697 4750 caturi;
721 4703 823 4740 non
853 4688 973 4755 quia
1001 4687 1217 4738 crimina
1243 4687 1513 4739 commissa
1543 4687 1748 4749 deleret,
1780 4687 1868 4739 sed
1886 4705 1984 4758 quo
2013 4689 2308 4742 emendaret
2327 4699 2574 4744 errantes.
2609 4689 2748 4744 Nam
2774 4691 3002 4744 remissio
3025 4699 3350 4759 peccatorum
3371 4690 3561 4744 Christi
3582 4691 3753 4760 gratia!

503 4777 865 4830 servabatur...
899 4774 1196 4842 Con/luebat
1237 4775 1305 4826 ad
1335 4775 1592 4828 Joannem
1632 4779 1883 4830 desiderio
1926 4780 2119 4832 lavacri
2155 4781 2468 4832 diversorum
2508 4783 2863 4850 capiosissima
2908 4783 3247 4835 multitudo...
3291 4781 3437 4835 Inter
3475 4781 3751 4850 hujusmadi

503 4868 733 4922 homines
755 4867 842 4920 ille
870 4869 1109 4920 virtutum
1129 4869 1405 4921 celestium
1439 4868 1750 4922 Dominus...
1781 4866 2010 4922 Christus
2036 4869 2185 4923 Iesus
2215 4887 2314 4922 non
2346 4870 2651 4940 dedignatur
2681 4872 2907 4935 humilis,
2943 4881 2991 4923 et
3011 4873 3208 4941 quietus
3242 4869 3311 4922 ad
3338 4870 3522 4923 servuli
3550 4871 3627 4922 sui
3661 4869 3737 4922 ba-

502 4965 746 5032 ptismum
789 4980 1127 5031 properare...
1171 4964 1470 5034 Baptizatur
1524 4981 1644 5034 ergo
1697 4963 1850 5017 Iesus
1897 4980 1997 5017 nos
2037 4981 2150 5028 sun,
2197 4965 2288 5017 sed
2342 4965 2505 5017 nobis.
2545 4965 2851 5034 Baptizatur
2906 4981 3005 5018 non
3055 4980 3123 5018 ur
3189 4976 3537 5018 punlrlcewn
3585 4977 3746 5026 Αρσιε,

500 5053 594 5105 sed
639 5063 693 5104 ut
731 5071 896 5121 aquas
945 5056 1052 5124 ipse
1103 5057 1406 5125 sanctiﬁcet.
1441 5055 1744 5125 Baptizatur
1774 5071 1931 5109 navus
1980 5057 2148 5121 homo,
2199 5066 2254 5108 ut
2311 5059 2424 5108 novi
2472 5058 2794 5126 baptismatis
2849 5058 3125 5110 constituat
3165 5065 3609 5108 sacramentum...
3658 5055 3747 5108 Ad-

505 5145 679 5196 vertite
705 5154 896 5214 quanta
925 5147 1069 5199 nobis
1106 5148 1159 5199 in
1203 5146 1505 5216 baptismate
1553 5147 1762 5200 Domini
1803 5164 2106 5202 PATEF‘ACTA
2137 5163 2216 5201 srr
2259 5162 2469 5213 CBATIA,
2501 5165 2652 5218 quam
2692 5149 2864 5202 subtili
2900 5159 3221 5202 sacramento
3270 5149 3502 5202 Trinitas
3533 5165 3587 5201 se
3611 5147 3745 5200 hodie

506 5236 700 5289 homini
730 5237 1029 5290 revelarit...
1061 5236 1230 5300 Quam
1272 5240 1490 5308 miriﬁco
1534 5241 1773 5308 mysterio
1815 5238 2066 5292 Dominus
2113 5248 2282 5292 noster
2308 5239 2458 5292 Jcsus
2489 5239 2719 5292 Christus
2760 5237 2837 5292 vel
2866 5249 3000 5291 tactu
3038 5240 3265 5307 corporis
3312 5239 3410 5301 sui,
3443 5237 3520 5291 vel
3550 5238 3741 5289 transitu

508 5326 687 5396 glorite
711 5342 820 5380 sua:
845 5342 1047 5381 omnem
1071 5328 1137 5380 ad
1165 5339 1474 5381 momentum
1500 5340 1792 5381 creaturam
1840 5329 2146 5396 sanctiﬁcet,
2179 5327 2392 5396 viviﬁcel
2420 5336 2467 5380 et
2508 5330 2746 5392 illustret,
2780 5336 2930 5382 etc...
2964 5326 3259 5380 Conlirmat
3287 5326 3544 5394 majorem
3573 5326 3620 5378 in
3643 5339 3737 5378 Ino-

510 5414 636 5469 dum
665 5430 911 5471 sermone
959 5417 1042 5482 10,
1074 5431 1194 5487 pag.
1225 5417 1321 5471 421
1357 5432 1492 5486 seq.,
1525 5417 1780 5471 Maximus
1810 5417 1858 5470 id
1889 5417 2028 5486 quod
2075 5416 2140 5469 de
2180 5416 2608 5472 manifestatione
2637 5417 2832 5472 Christi
2873 5419 3032 5487 paulo
3063 5426 3185 5472 ante
3212 5417 3562 5471 animadverti
3594 5436 3606 5470 :
3634 5418 3741 5472 Dies

512 5508 946 5574 Epiuhaniorum,
977 5511 1165 5579 inquit,
1199 5509 1378 5564 Gnaeo
1409 5511 1614 5562 nomine
1659 5509 1738 5562 sic
1766 5520 1991 5562 vocatur.
2044 5506 2191 5570 Quod
2218 5511 2351 5561 enim
2400 5525 2491 5562 nos
2539 5509 2915 5578 apparitionem
2943 5507 3020 5561 vel
3048 5510 3390 5565 ostensionem
3439 5507 3667 5569 dicimus.
3696 5510 3743 5561 id

512 5597 677 5653 Graeci
704 5600 1032 5667 epiphaniam
1059 5608 1258 5654 vocant.
1293 5600 1408 5654 Hoc
1437 5609 1606 5653 tamen
1651 5601 1766 5654 ideo
1795 5601 2028 5666 dicimus,
2061 5603 2177 5669 quia
2205 5600 2356 5653 hodie
2384 5599 2635 5654 Dominus
2663 5608 2835 5653 noster
2864 5615 2923 5651 ac
2953 5597 3196 5653 Salvator
3225 5598 3463 5668 apparuit
3485 5599 3742 5652 secundum

505 5707 716 5744 carnem
757 5691 806 5744 in
849 5693 1015 5745 terris.
1053 5690 1189 5744 Licet
1214 5694 1351 5745 enim
1393 5691 1516 5745 olim
1545 5701 1692 5744 natus
1722 5699 1850 5744 esset
1885 5707 1948 5746 ex
1987 5691 2178 5754 Maria,
2213 5699 2261 5744 et
2291 5690 2499 5760 triginta
2541 5705 2794 5744 annorum
2820 5689 3070 5758 explesset
3106 5697 3328 5756 atatem,
3357 5697 3532 5742 tamen
3559 5690 3741 5762 ignora-
