  <div class='ocr_page' id='page_1' title='image "/cluster/home/n/w/nwhite01/storage/ocr_20150623/57/uva.x000827099/038.png"; bbox 0 0 3898 6226; ppageno 0'>
   <div class='ocr_carea' id='block_1_1' title="bbox 134 368 3390 434">
    <p class='ocr_par' dir='ltr' id='par_1_1' title="bbox 134 368 3390 434">
     <span class='ocr_line' id='line_1_1' title="bbox 134 368 3390 434; baseline 0.005 -16"><span class='ocrx_word' id='word_1_1' title='bbox 134 373 184 428; x_wconf 77' lang='grc' dir='ltr'>οι</span> <span class='ocrx_word' id='word_1_2' title='bbox 1567 368 1943 432; x_wconf 66' lang='grc' dir='ltr'><strong><em>ΡΒΕΡΑΤΙΟ.</em></strong></span> <span class='ocrx_word' id='word_1_3' title='bbox 3317 378 3390 434; x_wconf 70' lang='grc' dir='ltr'><strong><em>σε</em></strong></span> 
     </span>
    </p>
   </div>
   <div class='ocr_carea' id='block_1_2' title="bbox 133 483 3387 558">
    <p class='ocr_par' dir='ltr' id='par_1_2' title="bbox 133 483 3387 558">
     <span class='ocr_line' id='line_1_2' title="bbox 133 483 3387 558; baseline 0.002 -22"><span class='ocrx_word' id='word_1_4' title='bbox 133 488 266 538; x_wconf 71' lang='lat' dir='ltr'><strong><em>batur</em></strong></span> <span class='ocrx_word' id='word_1_5' title='bbox 291 503 320 539; x_wconf 88' lang='lat' dir='ltr'><strong><em>a</em></strong></span> <span class='ocrx_word' id='word_1_6' title='bbox 349 487 560 542; x_wconf 81' lang='lat' dir='ltr'><strong><em>mundo.</em></strong></span> <span class='ocrx_word' id='word_1_7' title='bbox 619 485 704 544; x_wconf 80' lang='lat' dir='ltr'><strong><em>Eo</em></strong></span> <span class='ocrx_word' id='word_1_8' title='bbox 737 496 960 557; x_wconf 86' lang='lat' dir='ltr'><strong><em>tempore</em></strong></span> <span class='ocrx_word' id='word_1_9' title='bbox 987 487 1219 558; x_wconf 84' lang='lat' dir='ltr'><strong><em>cognitus</em></strong></span> <span class='ocrx_word' id='word_1_10' title='bbox 1258 493 1337 539; x_wconf 86' lang='lat' dir='ltr'><strong><em>est</em></strong></span> <span class='ocrx_word' id='word_1_11' title='bbox 1376 499 1472 556; x_wconf 91' lang='lat' dir='ltr'><strong><em>quo</em></strong></span> <span class='ocrx_word' id='word_1_12' title='bbox 1502 484 1570 536; x_wconf 90' lang='lat' dir='ltr'><strong><em>ad</em></strong></span> <span class='ocrx_word' id='word_1_13' title='bbox 1597 484 1855 537; x_wconf 85' lang='lat' dir='ltr'><strong><em>Joannem</em></strong></span> <span class='ocrx_word' id='word_1_14' title='bbox 1897 483 2208 552; x_wconf 84' lang='lat' dir='ltr'><strong><em>Baptistam,</em></strong></span> <span class='ocrx_word' id='word_1_15' title='bbox 2236 492 2290 536; x_wconf 87' lang='lat' dir='ltr'><strong><em>ut</em></strong></span> <span class='ocrx_word' id='word_1_16' title='bbox 2319 484 2371 538; x_wconf 91' lang='lat' dir='ltr'><strong><em>in</em></strong></span> <span class='ocrx_word' id='word_1_17' title='bbox 2400 483 2632 539; x_wconf 81' lang='lat' dir='ltr'><strong><em>Jordane</em></strong></span> <span class='ocrx_word' id='word_1_18' title='bbox 2662 484 3030 557; x_wconf 73' lang='lat' dir='ltr'><strong><em>baptizaretur,</em></strong></span> <span class='ocrx_word' id='word_1_19' title='bbox 3059 487 3298 552; x_wconf 64' lang='lat' dir='ltr'><strong><em>«fuerat;</em></strong></span> <span class='ocrx_word' id='word_1_20' title='bbox 3339 499 3387 543; x_wconf 83' lang='lat' dir='ltr'><strong><em>et</em></strong></span> 
     </span>
    </p>
   </div>
   <div class='ocr_carea' id='block_1_3' title="bbox 131 571 3389 644">
    <p class='ocr_par' dir='ltr' id='par_1_3' title="bbox 131 571 3389 644">
     <span class='ocr_line' id='line_1_3' title="bbox 131 571 3389 644; baseline 0 -17"><span class='ocrx_word' id='word_1_21' title='bbox 131 591 214 628; x_wconf 70' lang='lat' dir='ltr'><strong><em>vos</em></strong></span> <span class='ocrx_word' id='word_1_22' title='bbox 241 575 300 629; x_wconf 84' lang='lat' dir='ltr'><strong><em>de</em></strong></span> <span class='ocrx_word' id='word_1_23' title='bbox 325 577 447 631; x_wconf 70' lang='lat' dir='ltr'><strong><em>calo</em></strong></span> <span class='ocrx_word' id='word_1_24' title='bbox 477 577 661 632; x_wconf 82' lang='lat' dir='ltr'><strong><em>Patris</em></strong></span> <span class='ocrx_word' id='word_1_25' title='bbox 686 578 972 632; x_wconf 87' lang='lat' dir='ltr'><strong><em>intonantis</em></strong></span> <span class='ocrx_word' id='word_1_26' title='bbox 998 577 1175 629; x_wconf 84' lang='lat' dir='ltr'><strong><em>audita</em></strong></span> <span class='ocrx_word' id='word_1_27' title='bbox 1202 584 1314 629; x_wconf 89' lang='lat' dir='ltr'><strong><em>est:</em></strong></span> <span class='ocrx_word' id='word_1_28' title='bbox 1334 593 1350 625; x_wconf 86' lang='grc' dir='ltr'><strong><em>ι</em></strong></span> <span class='ocrx_word' id='word_1_29' title='bbox 1379 571 1476 629; x_wconf 86' lang='lat' dir='ltr'><strong><em>llic</em></strong></span> <span class='ocrx_word' id='word_1_30' title='bbox 1497 580 1572 627; x_wconf 90' lang='lat' dir='ltr'><strong><em>est</em></strong></span> <span class='ocrx_word' id='word_1_31' title='bbox 1594 571 1767 625; x_wconf 86' lang='lat' dir='ltr'><strong><em>Filius</em></strong></span> <span class='ocrx_word' id='word_1_32' title='bbox 1795 587 1936 626; x_wconf 84' lang='lat' dir='ltr'><strong><em>meus</em></strong></span> <span class='ocrx_word' id='word_1_33' title='bbox 1966 572 2212 637; x_wconf 86' lang='lat' dir='ltr'><strong><em>dilectus.</em></strong></span> <span class='ocrx_word' id='word_1_34' title='bbox 2242 575 2410 642; x_wconf 84' lang='lat' dir='ltr'><strong><em>inquo</em></strong></span> <span class='ocrx_word' id='word_1_35' title='bbox 2438 573 2710 630; x_wconf 72' lang='lat' dir='ltr'><strong><em>mihi‘bene</em></strong></span> <span class='ocrx_word' id='word_1_36' title='bbox 2739 572 3046 644; x_wconf 90' lang='lat' dir='ltr'><strong><em>complacui.</em></strong></span> <span class='ocrx_word' id='word_1_37' title='bbox 3067 594 3084 626; x_wconf 75' lang='grc' dir='ltr'><strong><em>ι</em></strong></span> <span class='ocrx_word' id='word_1_38' title='bbox 3105 572 3269 638; x_wconf 83' lang='lat' dir='ltr'><strong><em>Quem</em></strong></span> <span class='ocrx_word' id='word_1_39' title='bbox 3290 577 3389 628; x_wconf 82' lang='lat' dir='ltr'><strong><em>Pa-</em></strong></span> 
     </span>
    </p>
   </div>
   <div class='ocr_carea' id='block_1_4' title="bbox 131 662 3387 734">
    <p class='ocr_par' dir='ltr' id='par_1_4' title="bbox 131 662 3387 734">
     <span class='ocr_line' id='line_1_4' title="bbox 131 662 3387 734; baseline 0 -18"><span class='ocrx_word' id='word_1_40' title='bbox 131 673 197 716; x_wconf 84' lang='lat' dir='ltr'><strong><em>ter</em></strong></span> <span class='ocrx_word' id='word_1_41' title='bbox 216 664 274 720; x_wconf 89' lang='lat' dir='ltr'><strong><em>de</em></strong></span> <span class='ocrx_word' id='word_1_42' title='bbox 307 669 442 721; x_wconf 69' lang='lat' dir='ltr'><strong><em>caelis</em></strong></span> <span class='ocrx_word' id='word_1_43' title='bbox 469 684 592 722; x_wconf 73' lang='lat' dir='ltr'><strong><em>voce</em></strong></span> <span class='ocrx_word' id='word_1_44' title='bbox 614 676 1008 733; x_wconf 68' lang='lat' dir='ltr'><strong><em>monstraverat,</em></strong></span> <span class='ocrx_word' id='word_1_45' title='bbox 1033 667 1167 720; x_wconf 85' lang='lat' dir='ltr'><strong><em>hunc</em></strong></span> <span class='ocrx_word' id='word_1_46' title='bbox 1197 666 1427 733; x_wconf 80' lang='lat' dir='ltr'><strong><em>Spiritus</em></strong></span> <span class='ocrx_word' id='word_1_47' title='bbox 1453 671 1666 717; x_wconf 86' lang='lat' dir='ltr'><strong><em>sanctus</em></strong></span> <span class='ocrx_word' id='word_1_48' title='bbox 1691 678 1840 715; x_wconf 80' lang='lat' dir='ltr'><strong><em>verus</em></strong></span> <span class='ocrx_word' id='word_1_49' title='bbox 1865 663 2014 732; x_wconf 77' lang='lat' dir='ltr'><strong><em>quasi</em></strong></span> <span class='ocrx_word' id='word_1_50' title='bbox 2039 663 2097 715; x_wconf 91' lang='lat' dir='ltr'><strong><em>in</em></strong></span> <span class='ocrx_word' id='word_1_51' title='bbox 2134 662 2389 727; x_wconf 88' lang='lat' dir='ltr'><strong><em>columba,</em></strong></span> <span class='ocrx_word' id='word_1_52' title='bbox 2418 672 2469 716; x_wconf 93' lang='lat' dir='ltr'><strong><em>et</em></strong></span> <span class='ocrx_word' id='word_1_53' title='bbox 2504 679 2656 734; x_wconf 86' lang='lat' dir='ltr'><strong><em>super</em></strong></span> <span class='ocrx_word' id='word_1_54' title='bbox 2683 673 2834 734; x_wconf 86' lang='lat' dir='ltr'><strong><em>caput</em></strong></span> <span class='ocrx_word' id='word_1_55' title='bbox 2863 663 3002 717; x_wconf 87' lang='lat' dir='ltr'><strong><em>illius</em></strong></span> <span class='ocrx_word' id='word_1_56' title='bbox 3029 665 3210 720; x_wconf 90' lang='lat' dir='ltr'><strong><em>sedens</em></strong></span> <span class='ocrx_word' id='word_1_57' title='bbox 3250 672 3387 718; x_wconf 85' lang='lat' dir='ltr'><strong><em>tactu</em></strong></span> 
     </span>
    </p>
   </div>
   <div class='ocr_carea' id='block_1_5' title="bbox 131 742 3388 828">
    <p class='ocr_par' dir='ltr' id='par_1_5' title="bbox 131 742 3388 828">
     <span class='ocr_line' id='line_1_5' title="bbox 131 742 3388 828; baseline 0 -20"><span class='ocrx_word' id='word_1_58' title='bbox 131 755 269 811; x_wconf 79' lang='lat' dir='ltr'><strong><em>roluit</em></strong></span> <span class='ocrx_word' id='word_1_59' title='bbox 294 774 705 823; x_wconf 67' lang='lat' dir='ltr'><strong><em>nsuonsruuz,</em></strong></span> <span class='ocrx_word' id='word_1_60' title='bbox 738 775 804 811; x_wconf 88' lang='lat' dir='ltr'><strong><em>ne</em></strong></span> <span class='ocrx_word' id='word_1_61' title='bbox 828 759 937 828; x_wconf 88' lang='lat' dir='ltr'><strong><em>quis</em></strong></span> <span class='ocrx_word' id='word_1_62' title='bbox 961 759 1092 812; x_wconf 87' lang='lat' dir='ltr'><strong><em>alius</em></strong></span> <span class='ocrx_word' id='word_1_63' title='bbox 1121 756 1220 810; x_wconf 83' lang='lat' dir='ltr'><strong><em>Dei</em></strong></span> <span class='ocrx_word' id='word_1_64' title='bbox 1253 753 1423 810; x_wconf 78' lang='lat' dir='ltr'><strong><em>Filius</em></strong></span> <span class='ocrx_word' id='word_1_65' title='bbox 1449 761 1720 825; x_wconf 74' lang='lat' dir='ltr'><strong><em>putaretur</em></strong></span> <span class='ocrx_word' id='word_1_66' title='bbox 1749 767 1814 805; x_wconf 70' lang='lat' dir='ltr'><strong><em>ea:</em></strong></span> <span class='ocrx_word' id='word_1_67' title='bbox 1841 753 2096 823; x_wconf 84' lang='lat' dir='ltr'><strong><em>populo...</em></strong></span> <span class='ocrx_word' id='word_1_68' title='bbox 2122 742 2427 822; x_wconf 74' lang='lat' dir='ltr'><strong><em>Baptizatur</em></strong></span> <span class='ocrx_word' id='word_1_69' title='bbox 2448 751 2560 824; x_wconf 74' lang='grc' dir='ltr'>[ιι]</span> <span class='ocrx_word' id='word_1_70' title='bbox 2591 771 2623 806; x_wconf 91' lang='lat' dir='ltr'><strong><em>a</em></strong></span> <span class='ocrx_word' id='word_1_71' title='bbox 2643 752 2849 810; x_wconf 78' lang='lat' dir='ltr'><strong><em>Joanne</em></strong></span> <span class='ocrx_word' id='word_1_72' title='bbox 2870 754 2926 808; x_wconf 86' lang='lat' dir='ltr'><strong><em>in</em></strong></span> <span class='ocrx_word' id='word_1_73' title='bbox 2954 771 3132 822; x_wconf 79' lang='lat' dir='ltr'><strong><em>carne,</em></strong></span> <span class='ocrx_word' id='word_1_74' title='bbox 3160 757 3250 808; x_wconf 86' lang='lat' dir='ltr'><strong><em>sed</em></strong></span> <span class='ocrx_word' id='word_1_75' title='bbox 3278 758 3388 822; x_wconf 83' lang='lat' dir='ltr'><strong><em>ipse</em></strong></span> 
     </span>
    </p>
   </div>
   <div class='ocr_carea' id='block_1_6' title="bbox 133 840 3386 920">
    <p class='ocr_par' dir='ltr' id='par_1_6' title="bbox 133 840 3386 920">
     <span class='ocr_line' id='line_1_6' title="bbox 133 840 3386 920; baseline -0 -21"><span class='ocrx_word' id='word_1_76' title='bbox 133 847 364 901; x_wconf 82' lang='lat' dir='ltr'><strong><em>Joannem</em></strong></span> <span class='ocrx_word' id='word_1_77' title='bbox 381 851 434 902; x_wconf 86' lang='lat' dir='ltr'><strong><em>in</em></strong></span> <span class='ocrx_word' id='word_1_78' title='bbox 464 851 654 919; x_wconf 85' lang='lat' dir='ltr'><strong><em>spiritu</em></strong></span> <span class='ocrx_word' id='word_1_79' title='bbox 675 849 836 902; x_wconf 83' lang='lat' dir='ltr'><strong><em>lavat.</em></strong></span> <span class='ocrx_word' id='word_1_80' title='bbox 860 849 1035 920; x_wconf 69' lang='lat' dir='ltr'><strong><em>Aqua,</em></strong></span> <span class='ocrx_word' id='word_1_81' title='bbox 1064 864 1178 918; x_wconf 71' lang='lat' dir='ltr'><strong><em>qua:</em></strong></span> <span class='ocrx_word' id='word_1_82' title='bbox 1219 855 1409 902; x_wconf 68' lang='lat' dir='ltr'><strong><em>uetera</em></strong></span> <span class='ocrx_word' id='word_1_83' title='bbox 1432 845 1684 898; x_wconf 90' lang='lat' dir='ltr'><strong><em>mundare</em></strong></span> <span class='ocrx_word' id='word_1_84' title='bbox 1709 850 2092 907; x_wconf 78' lang='lat' dir='ltr'><strong><em>consueverant,</em></strong></span> <span class='ocrx_word' id='word_1_85' title='bbox 2125 840 2348 897; x_wconf 88' lang='lat' dir='ltr'><strong><em>Domino</em></strong></span> <span class='ocrx_word' id='word_1_86' title='bbox 2374 852 2548 897; x_wconf 87' lang='lat' dir='ltr'><strong><em>nostro</em></strong></span> <span class='ocrx_word' id='word_1_87' title='bbox 2569 843 2790 906; x_wconf 83' lang='lat' dir='ltr'><strong><em>lavante,</em></strong></span> <span class='ocrx_word' id='word_1_88' title='bbox 2821 842 3080 898; x_wconf 73' lang='lat' dir='ltr'><strong><em>mundata:</em></strong></span> <span class='ocrx_word' id='word_1_89' title='bbox 3104 853 3247 908; x_wconf 87' lang='lat' dir='ltr'><strong><em>sunt,</em></strong></span> <span class='ocrx_word' id='word_1_90' title='bbox 3279 853 3386 898; x_wconf 85' lang='lat' dir='ltr'><strong><em>etc.</em></strong></span> 
     </span>
    </p>
   </div>
   <div class='ocr_carea' id='block_1_7' title="bbox 132 933 3383 1010">
    <p class='ocr_par' dir='ltr' id='par_1_7' title="bbox 132 933 3383 1010">
     <span class='ocr_line' id='line_1_7' title="bbox 132 933 3383 1010; baseline -0.001 -19"><span class='ocrx_word' id='word_1_91' title='bbox 132 937 211 994; x_wconf 80' lang='lat' dir='ltr'><strong><em>liis</em></strong></span> <span class='ocrx_word' id='word_1_92' title='bbox 236 940 376 1010; x_wconf 80' lang='lat' dir='ltr'><strong><em>paria</em></strong></span> <span class='ocrx_word' id='word_1_93' title='bbox 407 939 624 994; x_wconf 91' lang='lat' dir='ltr'><strong><em>dixerat</em></strong></span> <span class='ocrx_word' id='word_1_94' title='bbox 650 954 813 993; x_wconf 86' lang='lat' dir='ltr'><strong><em>serm.</em></strong></span> <span class='ocrx_word' id='word_1_95' title='bbox 854 937 906 1002; x_wconf 90' lang='lat'><strong><em>9,</em></strong></span> <span class='ocrx_word' id='word_1_96' title='bbox 931 953 1050 1007; x_wconf 95' lang='lat' dir='ltr'><strong><em>pag.</em></strong></span> <span class='ocrx_word' id='word_1_97' title='bbox 1080 937 1185 990; x_wconf 75' lang='grc'><strong><em>418</em></strong></span> <span class='ocrx_word' id='word_1_98' title='bbox 1222 951 1319 1006; x_wconf 85' lang='lat' dir='ltr'><strong><em>seq</em></strong></span> <span class='ocrx_word' id='word_1_99' title='bbox 1346 977 1361 1001; x_wconf 94' lang='lat'><strong><em>,</em></strong></span> <span class='ocrx_word' id='word_1_100' title='bbox 1392 951 1500 1004; x_wconf 89' lang='lat' dir='ltr'><strong><em>quo</em></strong></span> <span class='ocrx_word' id='word_1_101' title='bbox 1534 936 1653 989; x_wconf 89' lang='lat' dir='ltr'><strong><em>ioco</em></strong></span> <span class='ocrx_word' id='word_1_102' title='bbox 1679 952 1692 986; x_wconf 87' lang='lat'><strong>:</strong></span> <span class='ocrx_word' id='word_1_103' title='bbox 1723 934 1996 1003; x_wconf 73' lang='lat' dir='ltr'><strong><em>Apparuit,</em></strong></span> <span class='ocrx_word' id='word_1_104' title='bbox 2029 933 2218 1002; x_wconf 85' lang='lat' dir='ltr'><strong><em>inquit,</em></strong></span> <span class='ocrx_word' id='word_1_105' title='bbox 2250 950 2352 987; x_wconf 92' lang='lat' dir='ltr'><strong><em>non</em></strong></span> <span class='ocrx_word' id='word_1_106' title='bbox 2383 944 2488 987; x_wconf 81' lang='lat' dir='ltr'><strong><em>tam</em></strong></span> <span class='ocrx_word' id='word_1_107' title='bbox 2514 934 2675 989; x_wconf 86' lang='lat' dir='ltr'><strong><em>oculis</em></strong></span> <span class='ocrx_word' id='word_1_108' title='bbox 2700 935 2982 1000; x_wconf 82' lang='lat' dir='ltr'><strong><em>hominum,</em></strong></span> <span class='ocrx_word' id='word_1_109' title='bbox 3013 953 3168 1008; x_wconf 86' lang='lat' dir='ltr'><strong><em>quam</em></strong></span> <span class='ocrx_word' id='word_1_110' title='bbox 3204 938 3383 990; x_wconf 69' lang='lat' dir='ltr'><strong><em>saluti.</em></strong></span> 
     </span>
    </p>
   </div>
   <div class='ocr_carea' id='block_1_8' title="bbox 134 1024 3387 1102">
    <p class='ocr_par' dir='ltr' id='par_1_8' title="bbox 134 1024 3387 1102">
     <span class='ocr_line' id='line_1_8' title="bbox 134 1024 3387 1102; baseline -0.001 -22"><span class='ocrx_word' id='word_1_111' title='bbox 134 1026 257 1082; x_wconf 77' lang='lat' dir='ltr'><strong><em>Nam</em></strong></span> <span class='ocrx_word' id='word_1_112' title='bbox 282 1030 374 1082; x_wconf 83' lang='lat' dir='ltr'><strong><em>etsi</em></strong></span> <span class='ocrx_word' id='word_1_113' title='bbox 396 1031 544 1096; x_wconf 82' lang='lat' dir='ltr'><strong><em>prius</em></strong></span> <span class='ocrx_word' id='word_1_114' title='bbox 574 1035 730 1082; x_wconf 89' lang='lat' dir='ltr'><strong><em>natus</em></strong></span> <span class='ocrx_word' id='word_1_115' title='bbox 750 1046 814 1083; x_wconf 75' lang='lat' dir='ltr'><strong><em>ex</em></strong></span> <span class='ocrx_word' id='word_1_116' title='bbox 842 1030 1036 1099; x_wconf 85' lang='lat' dir='ltr'><strong><em>virgine</em></strong></span> <span class='ocrx_word' id='word_1_117' title='bbox 1063 1027 1224 1082; x_wconf 89' lang='lat' dir='ltr'><strong><em>oculis</em></strong></span> <span class='ocrx_word' id='word_1_118' title='bbox 1255 1025 1548 1080; x_wconf 76' lang='lat' dir='ltr'><strong><em>carnalibus</em></strong></span> <span class='ocrx_word' id='word_1_119' title='bbox 1568 1024 1854 1102; x_wconf 67' lang='lat' dir='ltr'><strong><em>uidebatur,</em></strong></span> <span class='ocrx_word' id='word_1_120' title='bbox 1885 1033 2056 1080; x_wconf 85' lang='lat' dir='ltr'><strong><em>tamen</em></strong></span> <span class='ocrx_word' id='word_1_121' title='bbox 2093 1040 2196 1078; x_wconf 85' lang='lat' dir='ltr'><strong><em>non</em></strong></span> <span class='ocrx_word' id='word_1_122' title='bbox 2222 1025 2520 1093; x_wconf 73' lang='lat' dir='ltr'><strong><em>apparebat,</em></strong></span> <span class='ocrx_word' id='word_1_123' title='bbox 2551 1025 2793 1093; x_wconf 82' lang='lat' dir='ltr'><strong><em>quoniam</em></strong></span> <span class='ocrx_word' id='word_1_124' title='bbox 2818 1027 3052 1079; x_wconf 80' lang='lat' dir='ltr'><strong><em>virtutem</em></strong></span> <span class='ocrx_word' id='word_1_125' title='bbox 3079 1027 3191 1096; x_wconf 82' lang='lat' dir='ltr'><strong><em>ejus</em></strong></span> <span class='ocrx_word' id='word_1_126' title='bbox 3219 1026 3387 1080; x_wconf 82' lang='lat' dir='ltr'><strong><em>adhuc</em></strong></span> 
     </span>
    </p>
   </div>
   <div class='ocr_carea' id='block_1_9' title="bbox 131 1113 3386 1189">
    <p class='ocr_par' dir='ltr' id='par_1_9' title="bbox 131 1113 3386 1189">
     <span class='ocr_line' id='line_1_9' title="bbox 131 1113 3386 1189; baseline -0.001 -17"><span class='ocrx_word' id='word_1_127' title='bbox 131 1119 236 1186; x_wconf 80' lang='lat' dir='ltr'><strong><em>fidei</em></strong></span> <span class='ocrx_word' id='word_1_128' title='bbox 271 1120 406 1172; x_wconf 84' lang='lat' dir='ltr'><strong><em>acies</em></strong></span> <span class='ocrx_word' id='word_1_129' title='bbox 430 1117 772 1189; x_wconf 84' lang='lat' dir='ltr'><strong><em>ignorabat...</em></strong></span> <span class='ocrx_word' id='word_1_130' title='bbox 805 1119 1011 1172; x_wconf 75' lang='lat' dir='ltr'><strong><em>Postea</em></strong></span> <span class='ocrx_word' id='word_1_131' title='bbox 1024 1119 1162 1172; x_wconf 87' lang='lat' dir='ltr'><strong><em>enim</em></strong></span> <span class='ocrx_word' id='word_1_132' title='bbox 1183 1134 1336 1188; x_wconf 88' lang='lat' dir='ltr'><strong><em>quam</em></strong></span> <span class='ocrx_word' id='word_1_133' title='bbox 1364 1118 1733 1170; x_wconf 83' lang='lat' dir='ltr'><strong><em>humanitatem</em></strong></span> <span class='ocrx_word' id='word_1_134' title='bbox 1757 1132 1903 1169; x_wconf 88' lang='lat' dir='ltr'><strong><em>suam</em></strong></span> <span class='ocrx_word' id='word_1_135' title='bbox 1931 1113 2250 1170; x_wconf 78' lang='lat' dir='ltr'><strong><em>mirabilibus</em></strong></span> <span class='ocrx_word' id='word_1_136' title='bbox 2270 1115 2566 1182; x_wconf 80' lang='lat' dir='ltr'><strong><em>declarauit,</em></strong></span> <span class='ocrx_word' id='word_1_137' title='bbox 2593 1117 2829 1172; x_wconf 80' lang='lat' dir='ltr'><strong><em>humanis</em></strong></span> <span class='ocrx_word' id='word_1_138' title='bbox 2856 1118 3106 1171; x_wconf 81' lang='lat' dir='ltr'><strong><em>mentibus</em></strong></span> <span class='ocrx_word' id='word_1_139' title='bbox 3139 1125 3386 1188; x_wconf 86' lang='lat' dir='ltr'><strong><em>tanquam</em></strong></span> 
     </span>
    </p>
   </div>
   <div class='ocr_carea' id='block_1_10' title="bbox 131 1206 3382 1280">
    <p class='ocr_par' dir='ltr' id='par_1_10' title="bbox 131 1206 3382 1280">
     <span class='ocr_line' id='line_1_10' title="bbox 131 1206 3382 1280; baseline -0.001 -17"><span class='ocrx_word' id='word_1_140' title='bbox 131 1225 288 1271; x_wconf 73' lang='lat' dir='ltr'><strong><em>nam,</em></strong></span> <span class='ocrx_word' id='word_1_141' title='bbox 319 1218 368 1262; x_wconf 87' lang='lat' dir='ltr'><strong><em>et</em></strong></span> <span class='ocrx_word' id='word_1_142' title='bbox 391 1210 696 1280; x_wconf 84' lang='lat' dir='ltr'><strong><em>inopinatus</em></strong></span> <span class='ocrx_word' id='word_1_143' title='bbox 722 1226 998 1280; x_wconf 80' lang='lat' dir='ltr'><strong><em>apparens,</em></strong></span> <span class='ocrx_word' id='word_1_144' title='bbox 1022 1209 1197 1264; x_wconf 86' lang='lat' dir='ltr'><strong><em>oculos</em></strong></span> <span class='ocrx_word' id='word_1_145' title='bbox 1219 1208 1464 1279; x_wconf 80' lang='lat' dir='ltr'><strong><em>quosdam</em></strong></span> <span class='ocrx_word' id='word_1_146' title='bbox 1491 1207 1661 1261; x_wconf 83' lang='lat' dir='ltr'><strong><em>cordis</em></strong></span> <span class='ocrx_word' id='word_1_147' title='bbox 1686 1206 1894 1276; x_wconf 77' lang='lat' dir='ltr'><strong><em>infudit,</em></strong></span> <span class='ocrx_word' id='word_1_148' title='bbox 1919 1215 1976 1259; x_wconf 90' lang='lat' dir='ltr'><strong><em>ut</em></strong></span> <span class='ocrx_word' id='word_1_149' title='bbox 2002 1216 2326 1277; x_wconf 78' lang='lat' dir='ltr'><strong><em>cognosceret</em></strong></span> <span class='ocrx_word' id='word_1_150' title='bbox 2347 1209 2545 1273; x_wconf 85' lang='lat' dir='ltr'><strong><em>sensus,</em></strong></span> <span class='ocrx_word' id='word_1_151' title='bbox 2568 1222 2713 1278; x_wconf 83' lang='lat' dir='ltr'><strong><em>quem</em></strong></span> <span class='ocrx_word' id='word_1_152' title='bbox 2740 1225 2844 1262; x_wconf 87' lang='lat' dir='ltr'><strong><em>non</em></strong></span> <span class='ocrx_word' id='word_1_153' title='bbox 2871 1209 3106 1276; x_wconf 86' lang='lat' dir='ltr'><strong><em>cognovit</em></strong></span> <span class='ocrx_word' id='word_1_154' title='bbox 3128 1215 3382 1277; x_wconf 81' lang='lat' dir='ltr'><strong><em>aspectus.</em></strong></span> 
     </span>
    </p>
   </div>
   <div class='ocr_carea' id='block_1_11' title="bbox 131 1297 3385 1372">
    <p class='ocr_par' dir='ltr' id='par_1_11' title="bbox 131 1297 3385 1372">
     <span class='ocr_line' id='line_1_11' title="bbox 131 1297 3385 1372; baseline -0 -20"><span class='ocrx_word' id='word_1_155' title='bbox 131 1300 186 1354; x_wconf 88' lang='lat' dir='ltr'><strong><em>Et</em></strong></span> <span class='ocrx_word' id='word_1_156' title='bbox 208 1316 453 1356; x_wconf 85' lang='lat' dir='ltr'><strong><em>sermone</em></strong></span> <span class='ocrx_word' id='word_1_157' title='bbox 502 1301 596 1366; x_wconf 83' lang='grc' dir='ltr'><strong><em>Η,</em></strong></span> <span class='ocrx_word' id='word_1_158' title='bbox 623 1315 746 1372; x_wconf 82' lang='lat' dir='ltr'><strong><em>pag.</em></strong></span> <span class='ocrx_word' id='word_1_159' title='bbox 780 1300 884 1354; x_wconf 65' lang='grc' dir='ltr'>ιει</span> <span class='ocrx_word' id='word_1_160' title='bbox 916 1319 928 1354; x_wconf 91' lang='lat'><strong>:</strong></span> <span class='ocrx_word' id='word_1_161' title='bbox 955 1298 1210 1372; x_wconf 76' lang='lat' dir='ltr'><strong><em>Nunquid</em></strong></span> <span class='ocrx_word' id='word_1_162' title='bbox 1244 1309 1457 1369; x_wconf 75' lang='lat' dir='ltr'><strong><em>propter</em></strong></span> <span class='ocrx_word' id='word_1_163' title='bbox 1495 1315 1549 1352; x_wconf 90' lang='lat' dir='ltr'><strong><em>se</em></strong></span> <span class='ocrx_word' id='word_1_164' title='bbox 1577 1297 1830 1368; x_wconf 70' lang='lat' dir='ltr'><strong><em>baptizari</em></strong></span> <span class='ocrx_word' id='word_1_165' title='bbox 1867 1297 2043 1362; x_wconf 79' lang='lat' dir='ltr'><strong><em>voluit,</em></strong></span> <span class='ocrx_word' id='word_1_166' title='bbox 2075 1310 2188 1350; x_wconf 78' lang='lat' dir='ltr'><strong><em>cum</em></strong></span> <span class='ocrx_word' id='word_1_167' title='bbox 2233 1305 2494 1367; x_wconf 85' lang='lat' dir='ltr'><strong><em>peccatum</em></strong></span> <span class='ocrx_word' id='word_1_168' title='bbox 2538 1313 2640 1351; x_wconf 87' lang='lat' dir='ltr'><strong><em>non</em></strong></span> <span class='ocrx_word' id='word_1_169' title='bbox 2689 1297 2913 1361; x_wconf 76' lang='lat' dir='ltr'><strong><em>haberet,</em></strong></span> <span class='ocrx_word' id='word_1_170' title='bbox 2939 1299 3072 1350; x_wconf 81' lang='lat' dir='ltr'><strong><em>sicut</em></strong></span> <span class='ocrx_word' id='word_1_171' title='bbox 3100 1298 3224 1350; x_wconf 84' lang='lat' dir='ltr'><strong><em>dicit</em></strong></span> <span class='ocrx_word' id='word_1_172' title='bbox 3263 1314 3385 1368; x_wconf 84' lang='lat' dir='ltr'><strong><em>pro-</em></strong></span> 
     </span>
    </p>
   </div>
   <div class='ocr_carea' id='block_1_12' title="bbox 127 1386 3369 1462">
    <p class='ocr_par' dir='ltr' id='par_1_12' title="bbox 127 1386 3369 1462">
     <span class='ocr_line' id='line_1_12' title="bbox 127 1386 3369 1462; baseline -0 -19"><span class='ocrx_word' id='word_1_173' title='bbox 127 1393 266 1459; x_wconf 83' lang='lat' dir='ltr'><strong><em>pheta</em></strong></span> <span class='ocrx_word' id='word_1_174' title='bbox 281 1392 532 1448; x_wconf 78' lang='lat' dir='ltr'><strong><em>?.....Sed</em></strong></span> <span class='ocrx_word' id='word_1_175' title='bbox 551 1400 762 1460; x_wconf 83' lang='lat' dir='ltr'><strong><em>propter</em></strong></span> <span class='ocrx_word' id='word_1_176' title='bbox 782 1407 876 1445; x_wconf 84' lang='lat' dir='ltr'><strong><em>nos</em></strong></span> <span class='ocrx_word' id='word_1_177' title='bbox 894 1393 1082 1462; x_wconf 88' lang='lat' dir='ltr'><strong><em>utique,</em></strong></span> <span class='ocrx_word' id='word_1_178' title='bbox 1107 1390 1491 1462; x_wconf 85' lang='lat' dir='ltr'><strong><em>quimultorum</em></strong></span> <span class='ocrx_word' id='word_1_179' title='bbox 1513 1391 1784 1442; x_wconf 86' lang='lat' dir='ltr'><strong><em>criminum</em></strong></span> <span class='ocrx_word' id='word_1_180' title='bbox 1798 1389 2023 1458; x_wconf 85' lang='lat' dir='ltr'><strong><em>peccatis</em></strong></span> <span class='ocrx_word' id='word_1_181' title='bbox 2051 1387 2280 1452; x_wconf 73' lang='lat' dir='ltr'><strong><em>obnoxii,</em></strong></span> <span class='ocrx_word' id='word_1_182' title='bbox 2303 1404 2428 1458; x_wconf 90' lang='lat' dir='ltr'><strong><em>opus</em></strong></span> <span class='ocrx_word' id='word_1_183' title='bbox 2457 1387 2784 1450; x_wconf 81' lang='lat' dir='ltr'><strong><em>habebamus,</em></strong></span> <span class='ocrx_word' id='word_1_184' title='bbox 2807 1397 2862 1442; x_wconf 86' lang='lat' dir='ltr'><strong><em>ut</em></strong></span> <span class='ocrx_word' id='word_1_185' title='bbox 2889 1390 2943 1442; x_wconf 89' lang='lat' dir='ltr'><strong><em>in</em></strong></span> <span class='ocrx_word' id='word_1_186' title='bbox 2969 1386 3158 1442; x_wconf 80' lang='lat' dir='ltr'><strong><em>Christi</em></strong></span> <span class='ocrx_word' id='word_1_187' title='bbox 3188 1390 3369 1457; x_wconf 81' lang='lat' dir='ltr'><strong><em>baptis-</em></strong></span> 
     </span>
    </p>
   </div>
   <div class='ocr_carea' id='block_1_13' title="bbox 129 1479 3386 1553">
    <p class='ocr_par' dir='ltr' id='par_1_13' title="bbox 129 1479 3386 1553">
     <span class='ocr_line' id='line_1_13' title="bbox 129 1479 3386 1553; baseline 0 -21"><span class='ocrx_word' id='word_1_188' title='bbox 129 1489 252 1533; x_wconf 87' lang='lat' dir='ltr'><strong><em>mate</em></strong></span> <span class='ocrx_word' id='word_1_189' title='bbox 291 1491 862 1553; x_wconf 81' lang='lat' dir='ltr'><strong><em>purgaremur;~_atque</em></strong></span> <span class='ocrx_word' id='word_1_190' title='bbox 903 1481 1016 1535; x_wconf 88' lang='lat' dir='ltr'><strong><em>ideo</em></strong></span> <span class='ocrx_word' id='word_1_191' title='bbox 1045 1483 1180 1534; x_wconf 74' lang='lat' dir='ltr'><strong><em>venit</em></strong></span> <span class='ocrx_word' id='word_1_192' title='bbox 1209 1479 1461 1534; x_wconf 78' lang='lat' dir='ltr'><strong><em>Dominus</em></strong></span> <span class='ocrx_word' id='word_1_193' title='bbox 1483 1479 1552 1532; x_wconf 87' lang='lat' dir='ltr'><strong><em>ad</em></strong></span> <span class='ocrx_word' id='word_1_194' title='bbox 1594 1480 1875 1542; x_wconf 76' lang='lat' dir='ltr'><strong><em>lauacrum,</em></strong></span> <span class='ocrx_word' id='word_1_195' title='bbox 1908 1494 2007 1533; x_wconf 71' lang='lat' dir='ltr'><strong><em>non</em></strong></span> <span class='ocrx_word' id='word_1_196' title='bbox 2037 1493 2104 1532; x_wconf 85' lang='lat' dir='ltr'><strong><em>UT</em></strong></span> <span class='ocrx_word' id='word_1_197' title='bbox 2133 1494 2481 1534; x_wconf 72' lang='lat' dir='ltr'><strong><em>Puntrrcn&#39;run</em></strong></span> <span class='ocrx_word' id='word_1_198' title='bbox 2502 1480 2613 1549; x_wconf 89' lang='lat' dir='ltr'><strong><em>ipse</em></strong></span> <span class='ocrx_word' id='word_1_199' title='bbox 2639 1481 2803 1549; x_wconf 84' lang='lat' dir='ltr'><strong><em>aquis,</em></strong></span> <span class='ocrx_word' id='word_1_200' title='bbox 2831 1481 2922 1533; x_wconf 84' lang='lat' dir='ltr'><strong><em>sed</em></strong></span> <span class='ocrx_word' id='word_1_201' title='bbox 2953 1496 3019 1534; x_wconf 84' lang='grc' dir='ltr'><strong><em>υτ</em></strong></span> <span class='ocrx_word' id='word_1_202' title='bbox 3051 1495 3195 1534; x_wconf 73' lang='grc' dir='ltr'>ιιοιιιε</span> <span class='ocrx_word' id='word_1_203' title='bbox 3222 1496 3386 1543; x_wconf 72' lang='grc' dir='ltr'><strong>ΑουΑ-</strong></span> 
     </span>
    </p>
   </div>
   <div class='ocr_carea' id='block_1_14' title="bbox 130 1569 3386 1642">
    <p class='ocr_par' dir='ltr' id='par_1_14' title="bbox 130 1569 3386 1642">
     <span class='ocr_line' id='line_1_14' title="bbox 130 1569 3386 1642; baseline 0 -19"><span class='ocrx_word' id='word_1_204' title='bbox 130 1586 225 1624; x_wconf 63' lang='grc' dir='ltr'>ιιωι</span> <span class='ocrx_word' id='word_1_205' title='bbox 252 1585 494 1629; x_wconf 69' lang='lat' dir='ltr'><strong><em>nomn</em></strong></span> <span class='ocrx_word' id='word_1_206' title='bbox 524 1577 825 1642; x_wconf 56' lang='lat' dir='ltr'><strong><em>nuntiiiter.</em></strong></span> <span class='ocrx_word' id='word_1_207' title='bbox 855 1570 941 1624; x_wconf 78' lang='lat' dir='ltr'><strong><em>Ea:</em></strong></span> <span class='ocrx_word' id='word_1_208' title='bbox 960 1588 1057 1640; x_wconf 88' lang='lat' dir='ltr'><strong><em>quo</em></strong></span> <span class='ocrx_word' id='word_1_209' title='bbox 1078 1571 1216 1623; x_wconf 90' lang='lat' dir='ltr'><strong><em>enim</em></strong></span> <span class='ocrx_word' id='word_1_210' title='bbox 1238 1570 1327 1623; x_wconf 87' lang='lat' dir='ltr'><strong><em>ille</em></strong></span> <span class='ocrx_word' id='word_1_211' title='bbox 1351 1572 1410 1624; x_wconf 86' lang='lat' dir='ltr'><strong><em>in</em></strong></span> <span class='ocrx_word' id='word_1_212' title='bbox 1439 1571 1584 1638; x_wconf 87' lang='lat' dir='ltr'><strong><em>aquis</em></strong></span> <span class='ocrx_word' id='word_1_213' title='bbox 1613 1585 1666 1624; x_wconf 89' lang='lat' dir='ltr'><strong><em>se</em></strong></span> <span class='ocrx_word' id='word_1_214' title='bbox 1686 1570 1880 1630; x_wconf 86' lang='lat' dir='ltr'><strong><em>mersit,</em></strong></span> <span class='ocrx_word' id='word_1_215' title='bbox 1905 1585 1968 1622; x_wconf 75' lang='lat' dir='ltr'><strong><em>ea:</em></strong></span> <span class='ocrx_word' id='word_1_216' title='bbox 1995 1585 2055 1623; x_wconf 88' lang='lat' dir='ltr'><strong><em>eo</em></strong></span> <span class='ocrx_word' id='word_1_217' title='bbox 2084 1571 2308 1622; x_wconf 87' lang='lat' dir='ltr'><strong><em>omnium</em></strong></span> <span class='ocrx_word' id='word_1_218' title='bbox 2347 1569 2662 1624; x_wconf 85' lang='lat' dir='ltr'><strong><em>credentium</em></strong></span> <span class='ocrx_word' id='word_1_219' title='bbox 2692 1579 2904 1640; x_wconf 89' lang='lat' dir='ltr'><strong><em>peccata</em></strong></span> <span class='ocrx_word' id='word_1_220' title='bbox 2931 1571 3130 1624; x_wconf 81' lang='lat' dir='ltr'><strong><em>delevit.</em></strong></span> <span class='ocrx_word' id='word_1_221' title='bbox 3165 1569 3386 1623; x_wconf 75' lang='lat' dir='ltr'><strong><em>Necesse</em></strong></span> 
     </span>
    </p>
   </div>
   <div class='ocr_carea' id='block_1_15' title="bbox 127 1657 3385 1732">
    <p class='ocr_par' dir='ltr' id='par_1_15' title="bbox 127 1657 3385 1732">
     <span class='ocr_line' id='line_1_15' title="bbox 127 1657 3385 1732; baseline 0 -21"><span class='ocrx_word' id='word_1_222' title='bbox 127 1669 191 1712; x_wconf 81' lang='lat' dir='ltr'><strong><em>est</em></strong></span> <span class='ocrx_word' id='word_1_223' title='bbox 217 1669 402 1724; x_wconf 84' lang='lat' dir='ltr'><strong><em>autem.</em></strong></span> <span class='ocrx_word' id='word_1_224' title='bbox 432 1669 487 1714; x_wconf 93' lang='lat' dir='ltr'><strong><em>ut</em></strong></span> <span class='ocrx_word' id='word_1_225' title='bbox 517 1664 745 1716; x_wconf 87' lang='lat' dir='ltr'><strong><em>omnium</em></strong></span> <span class='ocrx_word' id='word_1_226' title='bbox 775 1669 984 1732; x_wconf 87' lang='lat' dir='ltr'><strong><em>peccata</em></strong></span> <span class='ocrx_word' id='word_1_227' title='bbox 1011 1661 1270 1723; x_wconf 77' lang='lat' dir='ltr'><strong><em>deleverit,</em></strong></span> <span class='ocrx_word' id='word_1_228' title='bbox 1301 1661 1387 1729; x_wconf 85' lang='lat' dir='ltr'><strong><em>qui</em></strong></span> <span class='ocrx_word' id='word_1_229' title='bbox 1414 1659 1638 1712; x_wconf 87' lang='lat' dir='ltr'><strong><em>omnium</em></strong></span> <span class='ocrx_word' id='word_1_230' title='bbox 1664 1659 2142 1728; x_wconf 79' lang='lat' dir='ltr'><strong><em>peccatasuscepit,</em></strong></span> <span class='ocrx_word' id='word_1_231' title='bbox 2185 1659 2316 1712; x_wconf 80' lang='lat' dir='ltr'><strong><em>sicut</em></strong></span> <span class='ocrx_word' id='word_1_232' title='bbox 2343 1661 2414 1712; x_wconf 86' lang='lat' dir='ltr'><strong><em>ait</em></strong></span> <span class='ocrx_word' id='word_1_233' title='bbox 2441 1661 2753 1732; x_wconf 74' lang='lat' dir='ltr'><strong><em>evangelista</em></strong></span> <span class='ocrx_word' id='word_1_234' title='bbox 2775 1676 2792 1713; x_wconf 95' lang='lat'><em>:</em></span> <span class='ocrx_word' id='word_1_235' title='bbox 2815 1657 2912 1714; x_wconf 84' lang='lat' dir='ltr'><strong><em>Hic</em></strong></span> <span class='ocrx_word' id='word_1_236' title='bbox 2939 1667 3021 1714; x_wconf 87' lang='lat' dir='ltr'><strong><em>est</em></strong></span> <span class='ocrx_word' id='word_1_237' title='bbox 3047 1658 3230 1726; x_wconf 81' lang='lat' dir='ltr'><strong><em>Agnus</em></strong></span> <span class='ocrx_word' id='word_1_238' title='bbox 3253 1658 3346 1712; x_wconf 87' lang='lat' dir='ltr'><strong><em>Dei</em></strong></span> <span class='ocrx_word' id='word_1_239' title='bbox 3369 1674 3385 1720; x_wconf 85' lang='lat'><strong><em>;</em></strong></span> 
     </span>
    </p>
   </div>
   <div class='ocr_carea' id='block_1_16' title="bbox 129 1749 3382 1822">
    <p class='ocr_par' dir='ltr' id='par_1_16' title="bbox 129 1749 3382 1822">
     <span class='ocr_line' id='line_1_16' title="bbox 129 1749 3382 1822; baseline 0 -21"><span class='ocrx_word' id='word_1_240' title='bbox 129 1751 207 1803; x_wconf 88' lang='lat' dir='ltr'><strong><em>hic</em></strong></span> <span class='ocrx_word' id='word_1_241' title='bbox 233 1759 311 1805; x_wconf 88' lang='lat' dir='ltr'><strong><em>est</em></strong></span> <span class='ocrx_word' id='word_1_242' title='bbox 334 1752 424 1820; x_wconf 88' lang='lat' dir='ltr'><strong><em>qui</em></strong></span> <span class='ocrx_word' id='word_1_243' title='bbox 454 1753 595 1805; x_wconf 85' lang='lat' dir='ltr'><strong><em>tollit</em></strong></span> <span class='ocrx_word' id='word_1_244' title='bbox 622 1761 845 1822; x_wconf 80' lang='lat' dir='ltr'><strong><em>peccata</em></strong></span> <span class='ocrx_word' id='word_1_245' title='bbox 870 1751 1075 1805; x_wconf 87' lang='lat' dir='ltr'><strong><em>mundi.</em></strong></span> <span class='ocrx_word' id='word_1_246' title='bbox 1101 1750 1294 1804; x_wconf 75' lang='lat' dir='ltr'><strong><em>Mirum</em></strong></span> <span class='ocrx_word' id='word_1_247' title='bbox 1332 1767 1453 1819; x_wconf 84' lang='lat' dir='ltr'><strong><em>ergo</em></strong></span> <span class='ocrx_word' id='word_1_248' title='bbox 1482 1751 1534 1802; x_wconf 91' lang='lat' dir='ltr'><strong><em>in</em></strong></span> <span class='ocrx_word' id='word_1_249' title='bbox 1574 1749 1781 1802; x_wconf 86' lang='lat' dir='ltr'><strong><em>modum</em></strong></span> <span class='ocrx_word' id='word_1_250' title='bbox 1803 1766 1934 1803; x_wconf 87' lang='lat' dir='ltr'><strong><em>unus</em></strong></span> <span class='ocrx_word' id='word_1_251' title='bbox 1961 1751 2226 1820; x_wconf 84' lang='lat' dir='ltr'><strong><em>mergitur,</em></strong></span> <span class='ocrx_word' id='word_1_252' title='bbox 2255 1757 2304 1803; x_wconf 91' lang='lat' dir='ltr'><strong><em>et</em></strong></span> <span class='ocrx_word' id='word_1_253' title='bbox 2333 1750 2471 1803; x_wconf 81' lang='lat' dir='ltr'><strong><em>salus</em></strong></span> <span class='ocrx_word' id='word_1_254' title='bbox 2502 1751 2730 1802; x_wconf 88' lang='lat' dir='ltr'><strong><em>omnium</em></strong></span> <span class='ocrx_word' id='word_1_255' title='bbox 2758 1758 3044 1819; x_wconf 86' lang='lat' dir='ltr'><strong><em>reparatur.</em></strong></span> <span class='ocrx_word' id='word_1_256' title='bbox 3077 1750 3237 1802; x_wconf 59' lang='lat' dir='ltr'><strong><em>Adest</em></strong></span> <span class='ocrx_word' id='word_1_257' title='bbox 3257 1765 3382 1818; x_wconf 81' lang='lat' dir='ltr'><strong><em>ergo</em></strong></span> 
     </span>
    </p>
   </div>
   <div class='ocr_carea' id='block_1_17' title="bbox 131 1836 3386 1910">
    <p class='ocr_par' dir='ltr' id='par_1_17' title="bbox 131 1836 3386 1910">
     <span class='ocr_line' id='line_1_17' title="bbox 131 1836 3386 1910; baseline 0.001 -23"><span class='ocrx_word' id='word_1_258' title='bbox 131 1836 255 1890; x_wconf 80' lang='lat' dir='ltr'><strong><em>Deus</em></strong></span> <span class='ocrx_word' id='word_1_259' title='bbox 277 1837 454 1902; x_wconf 86' lang='lat' dir='ltr'><strong><em>Pater,</em></strong></span> <span class='ocrx_word' id='word_1_260' title='bbox 491 1857 609 1892; x_wconf 88' lang='lat' dir='ltr'><strong><em>eum</em></strong></span> <span class='ocrx_word' id='word_1_261' title='bbox 639 1839 928 1910; x_wconf 79' lang='lat' dir='ltr'><strong><em>baptizatur</em></strong></span> <span class='ocrx_word' id='word_1_262' title='bbox 949 1839 1221 1904; x_wconf 89' lang='lat' dir='ltr'><strong><em>Dominus,</em></strong></span> <span class='ocrx_word' id='word_1_263' title='bbox 1245 1839 1392 1893; x_wconf 85' lang='lat' dir='ltr'><strong><em>adest</em></strong></span> <span class='ocrx_word' id='word_1_264' title='bbox 1429 1838 1656 1908; x_wconf 75' lang='lat' dir='ltr'><strong><em>Spiritus</em></strong></span> <span class='ocrx_word' id='word_1_265' title='bbox 1686 1846 1912 1892; x_wconf 85' lang='lat' dir='ltr'><strong><em>sanctus.</em></strong></span> <span class='ocrx_word' id='word_1_266' title='bbox 1954 1838 2135 1892; x_wconf 82' lang='lat' dir='ltr'><strong><em>Videte</em></strong></span> <span class='ocrx_word' id='word_1_267' title='bbox 2159 1838 2446 1893; x_wconf 81' lang='lat' dir='ltr'><strong><em>Saluatoris</em></strong></span> <span class='ocrx_word' id='word_1_268' title='bbox 2475 1838 2915 1892; x_wconf 75' lang='lat' dir='ltr'><strong><em>benevolentiam:</em></strong></span> <span class='ocrx_word' id='word_1_269' title='bbox 2939 1841 3058 1909; x_wconf 79' lang='lat' dir='ltr'><strong><em>quia</em></strong></span> <span class='ocrx_word' id='word_1_270' title='bbox 3085 1841 3226 1892; x_wconf 83' lang='lat' dir='ltr'><strong><em>solus</em></strong></span> <span class='ocrx_word' id='word_1_271' title='bbox 3251 1855 3306 1891; x_wconf 88' lang='lat' dir='ltr'><strong><em>se</em></strong></span> <span class='ocrx_word' id='word_1_272' title='bbox 3333 1840 3386 1890; x_wconf 90' lang='lat' dir='ltr'><strong><em>in</em></strong></span> 
     </span>
    </p>
   </div>
   <div class='ocr_carea' id='block_1_18' title="bbox 126 1928 3387 2000">
    <p class='ocr_par' dir='ltr' id='par_1_18' title="bbox 126 1928 3387 2000">
     <span class='ocr_line' id='line_1_18' title="bbox 126 1928 3387 2000; baseline 0.001 -24"><span class='ocrx_word' id='word_1_273' title='bbox 126 1928 346 1991; x_wconf 85' lang='lat' dir='ltr'><strong><em>passione</em></strong></span> <span class='ocrx_word' id='word_1_274' title='bbox 364 1929 692 1985; x_wconf 67' lang='lat' dir='ltr'><strong><em>contumeliis</em></strong></span> <span class='ocrx_word' id='word_1_275' title='bbox 711 1928 956 1991; x_wconf 82' lang='lat' dir='ltr'><strong><em>subdidit,</em></strong></span> <span class='ocrx_word' id='word_1_276' title='bbox 979 1931 1033 1982; x_wconf 89' lang='lat' dir='ltr'><strong><em>in</em></strong></span> <span class='ocrx_word' id='word_1_277' title='bbox 1054 1929 1260 1983; x_wconf 79' lang='lat' dir='ltr'><strong><em>lauacro</em></strong></span> <span class='ocrx_word' id='word_1_278' title='bbox 1280 1929 1419 1983; x_wconf 88' lang='lat' dir='ltr'><strong><em>solus</em></strong></span> <span class='ocrx_word' id='word_1_279' title='bbox 1448 1930 1670 2000; x_wconf 83' lang='lat' dir='ltr'><strong><em>gratiam</em></strong></span> <span class='ocrx_word' id='word_1_280' title='bbox 1699 1945 1801 1982; x_wconf 90' lang='lat' dir='ltr'><strong><em>non</em></strong></span> <span class='ocrx_word' id='word_1_281' title='bbox 1830 1931 2078 2000; x_wconf 71' lang='lat' dir='ltr'><strong><em>qumsivit.</em></strong></span> <span class='ocrx_word' id='word_1_282' title='bbox 2112 1929 2231 1983; x_wconf 80' lang='lat' dir='ltr'><strong><em>Vult</em></strong></span> <span class='ocrx_word' id='word_1_283' title='bbox 2251 1930 2526 2000; x_wconf 88' lang='lat' dir='ltr'><strong><em>participes</em></strong></span> <span class='ocrx_word' id='word_1_284' title='bbox 2547 1947 2658 1984; x_wconf 87' lang='lat' dir='ltr'><strong><em>esse</em></strong></span> <span class='ocrx_word' id='word_1_285' title='bbox 2684 1931 2882 2000; x_wconf 68' lang='lat' dir='ltr'><strong><em>glorias.</em></strong></span> <span class='ocrx_word' id='word_1_286' title='bbox 2913 1930 3069 1983; x_wconf 82' lang='lat' dir='ltr'><strong><em>Adest</em></strong></span> <span class='ocrx_word' id='word_1_287' title='bbox 3093 1946 3233 1998; x_wconf 88' lang='lat' dir='ltr'><strong><em>ergo,</em></strong></span> <span class='ocrx_word' id='word_1_288' title='bbox 3258 1931 3387 1982; x_wconf 76' lang='lat' dir='ltr'><strong><em>sicut</em></strong></span> 
     </span>
    </p>
   </div>
   <div class='ocr_carea' id='block_1_19' title="bbox 127 2017 3388 2092">
    <p class='ocr_par' dir='ltr' id='par_1_19' title="bbox 127 2017 3388 2092">
     <span class='ocr_line' id='line_1_19' title="bbox 127 2017 3388 2092; baseline 0.002 -26"><span class='ocrx_word' id='word_1_289' title='bbox 127 2017 244 2079; x_wconf 75' lang='lat' dir='ltr'><strong><em>dixi,</em></strong></span> <span class='ocrx_word' id='word_1_290' title='bbox 275 2017 468 2083; x_wconf 85' lang='lat' dir='ltr'><strong><em>Pater;</em></strong></span> <span class='ocrx_word' id='word_1_291' title='bbox 492 2020 643 2073; x_wconf 85' lang='lat' dir='ltr'><strong><em>adest</em></strong></span> <span class='ocrx_word' id='word_1_292' title='bbox 670 2029 718 2073; x_wconf 92' lang='lat' dir='ltr'><strong><em>et</em></strong></span> <span class='ocrx_word' id='word_1_293' title='bbox 740 2019 968 2090; x_wconf 86' lang='lat' dir='ltr'><strong><em>Spiritus</em></strong></span> <span class='ocrx_word' id='word_1_294' title='bbox 1011 2029 1253 2084; x_wconf 88' lang='lat' dir='ltr'><strong><em>sanctus;</em></strong></span> <span class='ocrx_word' id='word_1_295' title='bbox 1284 2030 1332 2073; x_wconf 91' lang='lat' dir='ltr'><strong><em>et</em></strong></span> <span class='ocrx_word' id='word_1_296' title='bbox 1359 2022 1481 2092; x_wconf 85' lang='lat' dir='ltr'><strong><em>quia</em></strong></span> <span class='ocrx_word' id='word_1_297' title='bbox 1509 2019 1649 2073; x_wconf 88' lang='lat' dir='ltr'><strong><em>Deus</em></strong></span> <span class='ocrx_word' id='word_1_298' title='bbox 1668 2021 1827 2073; x_wconf 75' lang='lat' dir='ltr'><strong><em>uideri</em></strong></span> <span class='ocrx_word' id='word_1_299' title='bbox 1855 2037 1957 2074; x_wconf 89' lang='lat' dir='ltr'><strong><em>non</em></strong></span> <span class='ocrx_word' id='word_1_300' title='bbox 1997 2028 2181 2090; x_wconf 82' lang='lat' dir='ltr'><strong><em>potest,</em></strong></span> <span class='ocrx_word' id='word_1_301' title='bbox 2214 2021 2443 2092; x_wconf 87' lang='lat' dir='ltr'><strong><em>Spiritus</em></strong></span> <span class='ocrx_word' id='word_1_302' title='bbox 2468 2023 2524 2075; x_wconf 84' lang='lat' dir='ltr'><strong><em>in</em></strong></span> <span class='ocrx_word' id='word_1_303' title='bbox 2561 2022 2813 2086; x_wconf 84' lang='lat' dir='ltr'><strong><em>columba,</em></strong></span> <span class='ocrx_word' id='word_1_304' title='bbox 2847 2021 3006 2075; x_wconf 85' lang='lat' dir='ltr'><strong><em>Pater</em></strong></span> <span class='ocrx_word' id='word_1_305' title='bbox 3034 2021 3295 2076; x_wconf 80' lang='lat' dir='ltr'><strong><em>descendit</em></strong></span> <span class='ocrx_word' id='word_1_306' title='bbox 3333 2024 3388 2074; x_wconf 83' lang='lat' dir='ltr'><strong><em>in</em></strong></span> 
     </span>
    </p>
   </div>
   <div class='ocr_carea' id='block_1_20' title="bbox 127 2108 3388 2182">
    <p class='ocr_par' dir='ltr' id='par_1_20' title="bbox 127 2108 3388 2182">
     <span class='ocr_line' id='line_1_20' title="bbox 127 2108 3388 2182; baseline 0.002 -23"><span class='ocrx_word' id='word_1_307' title='bbox 127 2124 259 2173; x_wconf 70' lang='lat' dir='ltr'><strong><em>voce;</em></strong></span> <span class='ocrx_word' id='word_1_308' title='bbox 289 2110 524 2181; x_wconf 84' lang='lat' dir='ltr'><strong><em>quodque</em></strong></span> <span class='ocrx_word' id='word_1_309' title='bbox 551 2111 716 2165; x_wconf 87' lang='lat' dir='ltr'><strong><em>solum</em></strong></span> <span class='ocrx_word' id='word_1_310' title='bbox 743 2112 815 2166; x_wconf 90' lang='lat' dir='ltr'><strong><em>ad</em></strong></span> <span class='ocrx_word' id='word_1_311' title='bbox 842 2113 1175 2168; x_wconf 87' lang='lat' dir='ltr'><strong><em>astruendam</em></strong></span> <span class='ocrx_word' id='word_1_312' title='bbox 1203 2112 1356 2182; x_wconf 86' lang='lat' dir='ltr'><strong><em>fidem</em></strong></span> <span class='ocrx_word' id='word_1_313' title='bbox 1382 2113 1727 2165; x_wconf 65' lang='lat' dir='ltr'><strong><em>necessarium</em></strong></span> <span class='ocrx_word' id='word_1_314' title='bbox 1753 2118 1882 2176; x_wconf 85' lang='lat' dir='ltr'><strong><em>erat,</em></strong></span> <span class='ocrx_word' id='word_1_315' title='bbox 1916 2127 2143 2166; x_wconf 74' lang='lat' dir='ltr'><strong><em>uxmnur</em></strong></span> <span class='ocrx_word' id='word_1_316' title='bbox 2172 2111 2546 2166; x_wconf 72' lang='lat' dir='ltr'><strong><em>SALVATOREI.</em></strong></span> <span class='ocrx_word' id='word_1_317' title='bbox 2570 2110 2638 2165; x_wconf 86' lang='lat' dir='ltr'><strong><em>Et</em></strong></span> <span class='ocrx_word' id='word_1_318' title='bbox 2662 2124 2822 2166; x_wconf 84' lang='lat' dir='ltr'><strong><em>serm.</em></strong></span> <span class='ocrx_word' id='word_1_319' title='bbox 2850 2111 2938 2176; x_wconf 73' lang='grc' dir='ltr'><strong><em>η,</em></strong></span> <span class='ocrx_word' id='word_1_320' title='bbox 2965 2124 3085 2179; x_wconf 74' lang='lat' dir='ltr'><strong><em>pag.</em></strong></span> <span class='ocrx_word' id='word_1_321' title='bbox 3108 2110 3249 2163; x_wconf 61' lang='lat'><strong><em>‘27:</em></strong></span> <span class='ocrx_word' id='word_1_322' title='bbox 3274 2108 3388 2164; x_wconf 78' lang='lat' dir='ltr'><strong><em>No—</em></strong></span> 
     </span>
    </p>
   </div>
   <div class='ocr_carea' id='block_1_21' title="bbox 127 2196 3387 2271">
    <p class='ocr_par' dir='ltr' id='par_1_21' title="bbox 127 2196 3387 2271">
     <span class='ocr_line' id='line_1_21' title="bbox 127 2196 3387 2271; baseline 0.002 -26"><span class='ocrx_word' id='word_1_323' title='bbox 127 2196 231 2258; x_wconf 75' lang='lat' dir='ltr'><strong><em>stri,</em></strong></span> <span class='ocrx_word' id='word_1_324' title='bbox 262 2197 451 2264; x_wconf 81' lang='lat' dir='ltr'><strong><em>inquit,</em></strong></span> <span class='ocrx_word' id='word_1_325' title='bbox 481 2200 638 2267; x_wconf 81' lang='lat' dir='ltr'><strong><em>plane</em></strong></span> <span class='ocrx_word' id='word_1_326' title='bbox 665 2216 821 2253; x_wconf 84' lang='lat' dir='ltr'><strong><em>causa</em></strong></span> <span class='ocrx_word' id='word_1_327' title='bbox 849 2200 957 2254; x_wconf 71' lang='lat' dir='ltr'><strong><em>haec</em></strong></span> <span class='ocrx_word' id='word_1_328' title='bbox 982 2202 1222 2254; x_wconf 82' lang='lat' dir='ltr'><strong><em>uniuersa</em></strong></span> <span class='ocrx_word' id='word_1_329' title='bbox 1260 2201 1492 2270; x_wconf 74' lang='lat' dir='ltr'><strong><em>perfecit.</em></strong></span> <span class='ocrx_word' id='word_1_330' title='bbox 1526 2198 1667 2253; x_wconf 87' lang='lat' dir='ltr'><strong><em>Nam</em></strong></span> <span class='ocrx_word' id='word_1_331' title='bbox 1691 2200 1768 2253; x_wconf 91' lang='lat' dir='ltr'><strong><em>illi</em></strong></span> <span class='ocrx_word' id='word_1_332' title='bbox 1797 2200 1866 2253; x_wconf 87' lang='lat' dir='ltr'><strong><em>ad</em></strong></span> <span class='ocrx_word' id='word_1_333' title='bbox 1901 2198 2048 2271; x_wconf 81' lang='lat' dir='ltr'><strong><em>quem</em></strong></span> <span class='ocrx_word' id='word_1_334' title='bbox 2076 2203 2358 2270; x_wconf 88' lang='lat' dir='ltr'><strong><em>profectum</em></strong></span> <span class='ocrx_word' id='word_1_335' title='bbox 2387 2202 2677 2254; x_wconf 83' lang='lat' dir='ltr'><strong><em>necessaria</em></strong></span> <span class='ocrx_word' id='word_1_336' title='bbox 2700 2203 3038 2265; x_wconf 89' lang='lat' dir='ltr'><strong><em>consecratio,</em></strong></span> <span class='ocrx_word' id='word_1_337' title='bbox 3061 2202 3145 2270; x_wconf 86' lang='lat' dir='ltr'><strong><em>qui</em></strong></span> <span class='ocrx_word' id='word_1_338' title='bbox 3174 2201 3284 2269; x_wconf 90' lang='lat' dir='ltr'><strong><em>ipse</em></strong></span> <span class='ocrx_word' id='word_1_339' title='bbox 3313 2207 3387 2253; x_wconf 85' lang='lat' dir='ltr'><strong><em>est</em></strong></span> 
     </span>
    </p>
   </div>
   <div class='ocr_carea' id='block_1_22' title="bbox 124 2283 3387 2360">
    <p class='ocr_par' dir='ltr' id='par_1_22' title="bbox 124 2283 3387 2360">
     <span class='ocr_line' id='line_1_22' title="bbox 124 2283 3387 2360; baseline 0.001 -22"><span class='ocrx_word' id='word_1_340' title='bbox 124 2297 488 2341; x_wconf 78' lang='lat' dir='ltr'><strong><em>sacramentum</em></strong></span> <span class='ocrx_word' id='word_1_341' title='bbox 507 2292 532 2344; x_wconf 81' lang='lat'><strong><em>7</em></strong></span> <span class='ocrx_word' id='word_1_342' title='bbox 552 2290 632 2342; x_wconf 74' lang='lat' dir='ltr'><strong><em>Ad</em></strong></span> <span class='ocrx_word' id='word_1_343' title='bbox 657 2306 804 2360; x_wconf 85' lang='lat' dir='ltr'><strong><em>quem</em></strong></span> <span class='ocrx_word' id='word_1_344' title='bbox 830 2307 979 2344; x_wconf 89' lang='lat' dir='ltr'><strong><em>usum</em></strong></span> <span class='ocrx_word' id='word_1_345' title='bbox 1006 2292 1061 2343; x_wconf 88' lang='lat' dir='ltr'><strong><em>in</em></strong></span> <span class='ocrx_word' id='word_1_346' title='bbox 1088 2307 1148 2345; x_wconf 90' lang='lat' dir='ltr'><strong><em>eo</em></strong></span> <span class='ocrx_word' id='word_1_347' title='bbox 1169 2291 1400 2360; x_wconf 80' lang='lat' dir='ltr'><strong><em>mysterii</em></strong></span> <span class='ocrx_word' id='word_1_348' title='bbox 1421 2283 1738 2354; x_wconf 83' lang='lat' dir='ltr'><strong><em>solemnitas,</em></strong></span> <span class='ocrx_word' id='word_1_349' title='bbox 1762 2290 1817 2342; x_wconf 84' lang='lat' dir='ltr'><strong><em>in</em></strong></span> <span class='ocrx_word' id='word_1_350' title='bbox 1841 2306 1938 2359; x_wconf 87' lang='lat' dir='ltr'><strong><em>quo</em></strong></span> <span class='ocrx_word' id='word_1_351' title='bbox 1959 2297 2035 2342; x_wconf 90' lang='lat' dir='ltr'><strong><em>est</em></strong></span> <span class='ocrx_word' id='word_1_352' title='bbox 2052 2288 2316 2358; x_wconf 83' lang='lat' dir='ltr'><strong><em>plenitudo</em></strong></span> <span class='ocrx_word' id='word_1_353' title='bbox 2336 2289 2567 2358; x_wconf 84' lang='lat' dir='ltr'><strong><em>mysterii</em></strong></span> <span class='ocrx_word' id='word_1_354' title='bbox 2581 2289 2671 2343; x_wconf 72' lang='grc' dir='ltr'><strong><em>ἵ...</em></strong></span> <span class='ocrx_word' id='word_1_355' title='bbox 2687 2287 2834 2343; x_wconf 87' lang='lat' dir='ltr'><strong><em>Sicut</em></strong></span> <span class='ocrx_word' id='word_1_356' title='bbox 2848 2289 2920 2341; x_wconf 80' lang='lat' dir='ltr'><strong><em>ait</em></strong></span> <span class='ocrx_word' id='word_1_357' title='bbox 2938 2287 3285 2355; x_wconf 72' lang='lat' dir='ltr'><strong><em>evangelista:</em></strong></span> <span class='ocrx_word' id='word_1_358' title='bbox 3311 2287 3387 2341; x_wconf 79' lang='lat' dir='ltr'><strong><em>De</em></strong></span> 
     </span>
    </p>
   </div>
   <div class='ocr_carea' id='block_1_23' title="bbox 125 2375 3387 2451">
    <p class='ocr_par' dir='ltr' id='par_1_23' title="bbox 125 2375 3387 2451">
     <span class='ocr_line' id='line_1_23' title="bbox 125 2375 3387 2451; baseline 0.001 -24"><span class='ocrx_word' id='word_1_359' title='bbox 125 2375 437 2441; x_wconf 85' lang='lat' dir='ltr'><strong><em>plenitudine</em></strong></span> <span class='ocrx_word' id='word_1_360' title='bbox 466 2379 588 2447; x_wconf 81' lang='lat' dir='ltr'><strong><em>ejus</em></strong></span> <span class='ocrx_word' id='word_1_361' title='bbox 615 2395 804 2434; x_wconf 88' lang='lat' dir='ltr'><strong><em>omnes</em></strong></span> <span class='ocrx_word' id='word_1_362' title='bbox 833 2380 1154 2449; x_wconf 86' lang='lat' dir='ltr'><strong><em>accepimus.</em></strong></span> <span class='ocrx_word' id='word_1_363' title='bbox 1181 2379 1321 2450; x_wconf 86' lang='lat' dir='ltr'><strong><em>Ergo</em></strong></span> <span class='ocrx_word' id='word_1_364' title='bbox 1345 2381 1396 2432; x_wconf 88' lang='lat' dir='ltr'><strong><em>in</em></strong></span> <span class='ocrx_word' id='word_1_365' title='bbox 1420 2396 1518 2451; x_wconf 86' lang='lat' dir='ltr'><strong><em>quo</em></strong></span> <span class='ocrx_word' id='word_1_366' title='bbox 1540 2378 1802 2450; x_wconf 85' lang='lat' dir='ltr'><strong><em>plenitudo</em></strong></span> <span class='ocrx_word' id='word_1_367' title='bbox 1823 2379 2108 2432; x_wconf 85' lang='lat' dir='ltr'><strong><em>divinitatis</em></strong></span> <span class='ocrx_word' id='word_1_368' title='bbox 2139 2386 2268 2441; x_wconf 91' lang='lat' dir='ltr'><strong><em>erat,</em></strong></span> <span class='ocrx_word' id='word_1_369' title='bbox 2303 2395 2408 2432; x_wconf 90' lang='lat' dir='ltr'><strong><em>non</em></strong></span> <span class='ocrx_word' id='word_1_370' title='bbox 2434 2379 2713 2448; x_wconf 83' lang='lat' dir='ltr'><strong><em>indigebat,</em></strong></span> <span class='ocrx_word' id='word_1_371' title='bbox 2737 2387 2794 2430; x_wconf 90' lang='lat' dir='ltr'><strong><em>ut</em></strong></span> <span class='ocrx_word' id='word_1_372' title='bbox 2813 2383 3250 2435; x_wconf 78' lang='lat' dir='ltr'><strong><em>sacramentorum</em></strong></span> <span class='ocrx_word' id='word_1_373' title='bbox 3277 2395 3387 2448; x_wconf 85' lang='lat' dir='ltr'><strong><em>my-</em></strong></span> 
     </span>
    </p>
   </div>
   <div class='ocr_carea' id='block_1_24' title="bbox 124 2465 3385 2540">
    <p class='ocr_par' dir='ltr' id='par_1_24' title="bbox 124 2465 3385 2540">
     <span class='ocr_line' id='line_1_24' title="bbox 124 2465 3385 2540; baseline 0.002 -25"><span class='ocrx_word' id='word_1_374' title='bbox 124 2465 278 2517; x_wconf 86' lang='lat' dir='ltr'><strong><em>steriis</em></strong></span> <span class='ocrx_word' id='word_1_375' title='bbox 303 2466 644 2534; x_wconf 87' lang='lat' dir='ltr'><strong><em>impleretur;</em></strong></span> <span class='ocrx_word' id='word_1_376' title='bbox 674 2467 776 2521; x_wconf 86' lang='lat' dir='ltr'><strong><em>sed-</em></strong></span> <span class='ocrx_word' id='word_1_377' title='bbox 792 2469 909 2522; x_wconf 88' lang='lat' dir='ltr'><strong><em>ideo</em></strong></span> <span class='ocrx_word' id='word_1_378' title='bbox 946 2470 1244 2537; x_wconf 81' lang='lat' dir='ltr'><strong><em>mysterium</em></strong></span> <span class='ocrx_word' id='word_1_379' title='bbox 1272 2469 1483 2534; x_wconf 89' lang='lat' dir='ltr'><strong><em>implere</em></strong></span> <span class='ocrx_word' id='word_1_380' title='bbox 1503 2469 1679 2528; x_wconf 80' lang='lat' dir='ltr'><strong><em>voluit,</em></strong></span> <span class='ocrx_word' id='word_1_381' title='bbox 1721 2484 1826 2521; x_wconf 91' lang='lat' dir='ltr'><strong><em>non</em></strong></span> <span class='ocrx_word' id='word_1_382' title='bbox 1847 2476 1903 2520; x_wconf 90' lang='lat' dir='ltr'><strong><em>ut</em></strong></span> <span class='ocrx_word' id='word_1_383' title='bbox 1929 2469 2040 2538; x_wconf 82' lang='lat' dir='ltr'><strong><em>ipse</em></strong></span> <span class='ocrx_word' id='word_1_384' title='bbox 2068 2471 2350 2539; x_wconf 87' lang='lat' dir='ltr'><strong><em>profectum</em></strong></span> <span class='ocrx_word' id='word_1_385' title='bbox 2388 2475 2608 2537; x_wconf 88' lang='lat' dir='ltr'><strong><em>caperet,</em></strong></span> <span class='ocrx_word' id='word_1_386' title='bbox 2633 2469 2724 2522; x_wconf 87' lang='lat' dir='ltr'><strong><em>sed</em></strong></span> <span class='ocrx_word' id='word_1_387' title='bbox 2744 2478 2800 2522; x_wconf 85' lang='lat' dir='ltr'><strong><em>ut</em></strong></span> <span class='ocrx_word' id='word_1_388' title='bbox 2823 2469 2966 2524; x_wconf 85' lang='lat' dir='ltr'><strong><em>nobis</em></strong></span> <span class='ocrx_word' id='word_1_389' title='bbox 2991 2468 3254 2538; x_wconf 84' lang='lat' dir='ltr'><strong><em>plenitudo</em></strong></span> <span class='ocrx_word' id='word_1_390' title='bbox 3274 2486 3385 2540; x_wconf 84' lang='lat' dir='ltr'><strong><em>my-</em></strong></span> 
     </span>
    </p>
   </div>
   <div class='ocr_carea' id='block_1_25' title="bbox 125 2559 3387 2630">
    <p class='ocr_par' dir='ltr' id='par_1_25' title="bbox 125 2559 3387 2630">
     <span class='ocr_line' id='line_1_25' title="bbox 125 2559 3387 2630; baseline 0.002 -24"><span class='ocrx_word' id='word_1_391' title='bbox 125 2559 253 2610; x_wconf 86' lang='lat' dir='ltr'><strong><em>sterii</em></strong></span> <span class='ocrx_word' id='word_1_392' title='bbox 276 2560 568 2628; x_wconf 76' lang='lat' dir='ltr'><strong><em>proficeret.</em></strong></span> <span class='ocrx_word' id='word_1_393' title='bbox 609 2560 840 2630; x_wconf 84' lang='lat' dir='ltr'><strong><em>Denique</em></strong></span> <span class='ocrx_word' id='word_1_394' title='bbox 878 2561 1074 2615; x_wconf 83' lang='lat' dir='ltr'><strong><em>Joanni</em></strong></span> <span class='ocrx_word' id='word_1_395' title='bbox 1123 2559 1374 2630; x_wconf 68' lang='lat' dir='ltr'><strong><em>Baptista</em></strong></span> <span class='ocrx_word' id='word_1_396' title='bbox 1410 2560 1652 2614; x_wconf 89' lang='lat' dir='ltr'><strong><em>renitenti</em></strong></span> <span class='ocrx_word' id='word_1_397' title='bbox 1687 2569 1736 2614; x_wconf 91' lang='lat' dir='ltr'><strong><em>et</em></strong></span> <span class='ocrx_word' id='word_1_398' title='bbox 1761 2559 1953 2618; x_wconf 80' lang='lat' dir='ltr'><strong><em>dicenti</em></strong></span> <span class='ocrx_word' id='word_1_399' title='bbox 1982 2577 1999 2612; x_wconf 91' lang='lat'><em>:</em></span> <span class='ocrx_word' id='word_1_400' title='bbox 2035 2559 2205 2627; x_wconf 74' lang='lat' dir='ltr'><strong><em>Egon</em></strong></span> <span class='ocrx_word' id='word_1_401' title='bbox 2238 2569 2290 2614; x_wconf 88' lang='lat' dir='ltr'><strong><em>te</em></strong></span> <span class='ocrx_word' id='word_1_402' title='bbox 2319 2560 2491 2614; x_wconf 85' lang='lat' dir='ltr'><strong><em>debeo</em></strong></span> <span class='ocrx_word' id='word_1_403' title='bbox 2520 2561 2796 2629; x_wconf 73' lang='lat' dir='ltr'><strong><em>baptizari,</em></strong></span> <span class='ocrx_word' id='word_1_404' title='bbox 2829 2567 2884 2614; x_wconf 90' lang='lat' dir='ltr'><strong><em>et</em></strong></span> <span class='ocrx_word' id='word_1_405' title='bbox 2911 2567 2967 2614; x_wconf 84' lang='lat' dir='ltr'><strong><em>tu</em></strong></span> <span class='ocrx_word' id='word_1_406' title='bbox 2990 2559 3144 2616; x_wconf 75' lang='lat' dir='ltr'><strong><em>venis</em></strong></span> <span class='ocrx_word' id='word_1_407' title='bbox 3173 2561 3238 2613; x_wconf 89' lang='lat' dir='ltr'><strong><em>ad</em></strong></span> <span class='ocrx_word' id='word_1_408' title='bbox 3268 2563 3387 2615; x_wconf 79' lang='lat' dir='ltr'><strong><em>me!</em></strong></span> 
     </span>
    </p>
   </div>
   <div class='ocr_carea' id='block_1_26' title="bbox 125 2647 3387 2721">
    <p class='ocr_par' dir='ltr' id='par_1_26' title="bbox 125 2647 3387 2721">
     <span class='ocr_line' id='line_1_26' title="bbox 125 2647 3387 2721; baseline 0.002 -24"><span class='ocrx_word' id='word_1_409' title='bbox 125 2647 190 2699; x_wconf 87' lang='lat' dir='ltr'><strong><em>ait</em></strong></span> <span class='ocrx_word' id='word_1_410' title='bbox 215 2647 286 2701; x_wconf 83' lang='lat' dir='ltr'><strong><em>illi</em></strong></span> <span class='ocrx_word' id='word_1_411' title='bbox 313 2647 567 2703; x_wconf 79' lang='lat' dir='ltr'><strong><em>Dominus</em></strong></span> <span class='ocrx_word' id='word_1_412' title='bbox 599 2667 615 2704; x_wconf 93' lang='lat'><em>:</em></span> <span class='ocrx_word' id='word_1_413' title='bbox 645 2649 775 2706; x_wconf 86' lang='lat' dir='ltr'><strong><em>Sine</em></strong></span> <span class='ocrx_word' id='word_1_414' title='bbox 797 2651 958 2704; x_wconf 89' lang='lat' dir='ltr'><strong><em>modo</em></strong></span> <span class='ocrx_word' id='word_1_415' title='bbox 992 2669 1005 2703; x_wconf 90' lang='lat'><strong>:</strong></span> <span class='ocrx_word' id='word_1_416' title='bbox 1038 2651 1118 2706; x_wconf 89' lang='lat' dir='ltr'><strong><em>sic</em></strong></span> <span class='ocrx_word' id='word_1_417' title='bbox 1144 2653 1285 2705; x_wconf 89' lang='lat' dir='ltr'><strong><em>enim</em></strong></span> <span class='ocrx_word' id='word_1_418' title='bbox 1335 2658 1549 2719; x_wconf 85' lang='lat' dir='ltr'><strong><em>oportet</em></strong></span> <span class='ocrx_word' id='word_1_419' title='bbox 1577 2666 1675 2705; x_wconf 89' lang='lat' dir='ltr'><strong><em>nos</em></strong></span> <span class='ocrx_word' id='word_1_420' title='bbox 1704 2652 1929 2719; x_wconf 87' lang='lat' dir='ltr'><strong><em>implere</em></strong></span> <span class='ocrx_word' id='word_1_421' title='bbox 1958 2667 2172 2706; x_wconf 88' lang='lat' dir='ltr'><strong><em>omnem</em></strong></span> <span class='ocrx_word' id='word_1_422' title='bbox 2194 2651 2471 2718; x_wconf 84' lang='lat' dir='ltr'><strong><em>justitiam.</em></strong></span> <span class='ocrx_word' id='word_1_423' title='bbox 2499 2651 2744 2721; x_wconf 83' lang='lat' dir='ltr'><strong><em>Implere,</em></strong></span> <span class='ocrx_word' id='word_1_424' title='bbox 2790 2652 2981 2720; x_wconf 81' lang='lat' dir='ltr'><strong><em>inquit,</em></strong></span> <span class='ocrx_word' id='word_1_425' title='bbox 3008 2664 3212 2706; x_wconf 84' lang='lat' dir='ltr'><strong><em>omnem</em></strong></span> <span class='ocrx_word' id='word_1_426' title='bbox 3230 2651 3387 2721; x_wconf 82' lang='lat' dir='ltr'><strong><em>justi-</em></strong></span> 
     </span>
    </p>
   </div>
   <div class='ocr_carea' id='block_1_27' title="bbox 125 2737 3388 2811">
    <p class='ocr_par' dir='ltr' id='par_1_27' title="bbox 125 2737 3388 2811">
     <span class='ocr_line' id='line_1_27' title="bbox 125 2737 3388 2811; baseline 0.001 -22"><span class='ocrx_word' id='word_1_427' title='bbox 125 2740 257 2791; x_wconf 85' lang='lat' dir='ltr'><strong><em>tiam.</em></strong></span> <span class='ocrx_word' id='word_1_428' title='bbox 280 2737 383 2792; x_wconf 87' lang='lat' dir='ltr'><strong><em>Cur</em></strong></span> <span class='ocrx_word' id='word_1_429' title='bbox 407 2757 532 2810; x_wconf 89' lang='lat' dir='ltr'><strong><em>ergo</em></strong></span> <span class='ocrx_word' id='word_1_430' title='bbox 555 2741 844 2810; x_wconf 74' lang='lat' dir='ltr'><strong><em>baptizatur</em></strong></span> <span class='ocrx_word' id='word_1_431' title='bbox 872 2740 1122 2800; x_wconf 87' lang='lat' dir='ltr'><strong><em>Dominus</em></strong></span> <span class='ocrx_word' id='word_1_432' title='bbox 1139 2741 1164 2793; x_wconf 83' lang='lat'><strong><em>.’</em></strong></span> <span class='ocrx_word' id='word_1_433' title='bbox 1191 2738 1317 2795; x_wconf 87' lang='lat' dir='ltr'><strong><em>Non</em></strong></span> <span class='ocrx_word' id='word_1_434' title='bbox 1331 2741 1542 2810; x_wconf 83' lang='lat' dir='ltr'><strong><em>justitia</em></strong></span> <span class='ocrx_word' id='word_1_435' title='bbox 1563 2741 1817 2811; x_wconf 84' lang='lat' dir='ltr'><strong><em>justiﬁcat</em></strong></span> <span class='ocrx_word' id='word_1_436' title='bbox 1838 2740 2116 2804; x_wconf 82' lang='lat' dir='ltr'><strong><em>Christum,</em></strong></span> <span class='ocrx_word' id='word_1_437' title='bbox 2141 2740 2232 2793; x_wconf 87' lang='lat' dir='ltr'><strong><em>sed</em></strong></span> <span class='ocrx_word' id='word_1_438' title='bbox 2267 2741 2381 2810; x_wconf 88' lang='lat' dir='ltr'><strong><em>ipsa</em></strong></span> <span class='ocrx_word' id='word_1_439' title='bbox 2403 2741 2608 2810; x_wconf 87' lang='lat' dir='ltr'><strong><em>justitia</em></strong></span> <span class='ocrx_word' id='word_1_440' title='bbox 2630 2741 3032 2810; x_wconf 77' lang='lat' dir='ltr'><strong><em>sanctiﬁcatum</em></strong></span> <span class='ocrx_word' id='word_1_441' title='bbox 3070 2740 3306 2804; x_wconf 83' lang='lat' dir='ltr'><strong><em>Christo;</em></strong></span> <span class='ocrx_word' id='word_1_442' title='bbox 3338 2751 3388 2793; x_wconf 87' lang='lat' dir='ltr'><strong><em>et</em></strong></span> 
     </span>
    </p>
   </div>
   <div class='ocr_carea' id='block_1_28' title="bbox 125 2827 3387 2902">
    <p class='ocr_par' dir='ltr' id='par_1_28' title="bbox 125 2827 3387 2902">
     <span class='ocr_line' id='line_1_28' title="bbox 125 2827 3387 2902; baseline 0.002 -24"><span class='ocrx_word' id='word_1_443' title='bbox 125 2827 386 2898; x_wconf 85' lang='lat' dir='ltr'><strong><em>semiplena</em></strong></span> <span class='ocrx_word' id='word_1_444' title='bbox 405 2831 568 2883; x_wconf 74' lang='lat' dir='ltr'><strong><em>uirtus</em></strong></span> <span class='ocrx_word' id='word_1_445' title='bbox 609 2830 673 2883; x_wconf 89' lang='lat' dir='ltr'><strong><em>ab</em></strong></span> <span class='ocrx_word' id='word_1_446' title='bbox 717 2847 775 2884; x_wconf 92' lang='lat' dir='ltr'><strong><em>eo</em></strong></span> <span class='ocrx_word' id='word_1_447' title='bbox 813 2831 1072 2902; x_wconf 74' lang='lat' dir='ltr'><strong><em>impletur,</em></strong></span> <span class='ocrx_word' id='word_1_448' title='bbox 1105 2831 1185 2882; x_wconf 90' lang='lat' dir='ltr'><strong><em>cui</em></strong></span> <span class='ocrx_word' id='word_1_449' title='bbox 1207 2832 1342 2884; x_wconf 87' lang='lat' dir='ltr'><strong><em>inest</em></strong></span> <span class='ocrx_word' id='word_1_450' title='bbox 1362 2830 1630 2899; x_wconf 84' lang='lat' dir='ltr'><strong><em>plenitudo</em></strong></span> <span class='ocrx_word' id='word_1_451' title='bbox 1659 2832 1965 2884; x_wconf 79' lang='lat' dir='ltr'><strong><em>virtutum...</em></strong></span> <span class='ocrx_word' id='word_1_452' title='bbox 1997 2827 2134 2892; x_wconf 85' lang='lat' dir='ltr'><strong><em>Quid</em></strong></span> <span class='ocrx_word' id='word_1_453' title='bbox 2157 2832 2292 2882; x_wconf 90' lang='lat' dir='ltr'><strong><em>enim</em></strong></span> <span class='ocrx_word' id='word_1_454' title='bbox 2321 2830 2399 2883; x_wconf 87' lang='lat' dir='ltr'><strong><em>illi</em></strong></span> <span class='ocrx_word' id='word_1_455' title='bbox 2439 2833 2841 2884; x_wconf 86' lang='lat' dir='ltr'><strong><em>consecrationis</em></strong></span> <span class='ocrx_word' id='word_1_456' title='bbox 2864 2837 3067 2901; x_wconf 86' lang='lat' dir='ltr'><strong><em>poterat</em></strong></span> <span class='ocrx_word' id='word_1_457' title='bbox 3105 2829 3387 2902; x_wconf 79' lang='lat' dir='ltr'><strong><em>(Joannes)</em></strong></span> 
     </span>
    </p>
   </div>
   <div class='ocr_carea' id='block_1_29' title="bbox 125 2917 3388 2990">
    <p class='ocr_par' dir='ltr' id='par_1_29' title="bbox 125 2917 3388 2990">
     <span class='ocr_line' id='line_1_29' title="bbox 125 2917 3388 2990; baseline 0.004 -25"><span class='ocrx_word' id='word_1_458' title='bbox 125 2917 331 2981; x_wconf 84' lang='lat' dir='ltr'><strong><em>tradere,</em></strong></span> <span class='ocrx_word' id='word_1_459' title='bbox 363 2935 396 2971; x_wconf 92' lang='lat' dir='ltr'><strong><em>a</em></strong></span> <span class='ocrx_word' id='word_1_460' title='bbox 419 2935 521 2988; x_wconf 84' lang='lat' dir='ltr'><strong><em>quo</em></strong></span> <span class='ocrx_word' id='word_1_461' title='bbox 551 2918 1016 2987; x_wconf 77' lang='lat' dir='ltr'><strong><em>sanctiﬁcationem</em></strong></span> <span class='ocrx_word' id='word_1_462' title='bbox 1037 2920 1269 2989; x_wconf 87' lang='lat' dir='ltr'><strong><em>accipere</em></strong></span> <span class='ocrx_word' id='word_1_463' title='bbox 1288 2921 1398 2988; x_wconf 89' lang='lat' dir='ltr'><strong><em>ipse</em></strong></span> <span class='ocrx_word' id='word_1_464' title='bbox 1417 2917 1643 2988; x_wconf 87' lang='lat' dir='ltr'><strong><em>optabat.</em></strong></span> <span class='ocrx_word' id='word_1_465' title='bbox 1677 2920 1843 2988; x_wconf 86' lang='lat' dir='ltr'><strong><em>igitur</em></strong></span> <span class='ocrx_word' id='word_1_466' title='bbox 1870 2936 2009 2984; x_wconf 88' lang='lat' dir='ltr'><strong><em>cum,</em></strong></span> <span class='ocrx_word' id='word_1_467' title='bbox 2040 2926 2180 2974; x_wconf 86' lang='lat' dir='ltr'><strong><em>teste</em></strong></span> <span class='ocrx_word' id='word_1_468' title='bbox 2207 2917 2460 2981; x_wconf 87' lang='lat' dir='ltr'><strong><em>Maximo,</em></strong></span> <span class='ocrx_word' id='word_1_469' title='bbox 2492 2927 2599 2974; x_wconf 88' lang='lat' dir='ltr'><strong><em>tam</em></strong></span> <span class='ocrx_word' id='word_1_470' title='bbox 2630 2920 2785 2975; x_wconf 81' lang='lat' dir='ltr'><strong><em>fuerit</em></strong></span> <span class='ocrx_word' id='word_1_471' title='bbox 2812 2930 3018 2975; x_wconf 88' lang='lat' dir='ltr'><strong><em>sanctus</em></strong></span> <span class='ocrx_word' id='word_1_472' title='bbox 3040 2928 3165 2974; x_wconf 85' lang='lat' dir='ltr'><strong><em>ante</em></strong></span> <span class='ocrx_word' id='word_1_473' title='bbox 3183 2921 3388 2990; x_wconf 82' lang='lat' dir='ltr'><strong><em>baptis-</em></strong></span> 
     </span>
    </p>
   </div>
   <div class='ocr_carea' id='block_1_30' title="bbox 126 3006 3388 3079">
    <p class='ocr_par' dir='ltr' id='par_1_30' title="bbox 126 3006 3388 3079">
     <span class='ocr_line' id='line_1_30' title="bbox 126 3006 3388 3079; baseline 0.002 -23"><span class='ocrx_word' id='word_1_474' title='bbox 126 3021 255 3058; x_wconf 84' lang='lat' dir='ltr'><strong><em>mum</em></strong></span> <span class='ocrx_word' id='word_1_475' title='bbox 289 3006 532 3062; x_wconf 84' lang='lat' dir='ltr'><strong><em>Christus</em></strong></span> <span class='ocrx_word' id='word_1_476' title='bbox 580 3023 740 3076; x_wconf 86' lang='lat' dir='ltr'><strong><em>quam</em></strong></span> <span class='ocrx_word' id='word_1_477' title='bbox 776 3016 1029 3078; x_wconf 87' lang='lat' dir='ltr'><strong><em>suscepto</em></strong></span> <span class='ocrx_word' id='word_1_478' title='bbox 1068 3008 1336 3077; x_wconf 85' lang='lat' dir='ltr'><strong><em>baptismo</em></strong></span> <span class='ocrx_word' id='word_1_479' title='bbox 1375 3007 1490 3070; x_wconf 84' lang='lat' dir='ltr'><strong><em>fuit,</em></strong></span> <span class='ocrx_word' id='word_1_480' title='bbox 1538 3016 1794 3072; x_wconf 64' lang='lat' dir='ltr'><strong><em>tantaque</em></strong></span> <span class='ocrx_word' id='word_1_481' title='bbox 1846 3008 2000 3076; x_wconf 90' lang='lat' dir='ltr'><strong><em>fuerit</em></strong></span> <span class='ocrx_word' id='word_1_482' title='bbox 2046 3009 2355 3061; x_wconf 73' lang='lat' dir='ltr'><strong><em>innocentia:</em></strong></span> <span class='ocrx_word' id='word_1_483' title='bbox 2414 3017 2472 3060; x_wconf 92' lang='lat' dir='ltr'><strong><em>ut</em></strong></span> <span class='ocrx_word' id='word_1_484' title='bbox 2535 3008 2676 3061; x_wconf 89' lang='lat' dir='ltr'><strong><em>nullo</em></strong></span> <span class='ocrx_word' id='word_1_485' title='bbox 2722 3009 2996 3079; x_wconf 85' lang='lat' dir='ltr'><strong><em>indigeret,</em></strong></span> <span class='ocrx_word' id='word_1_486' title='bbox 3039 3011 3191 3063; x_wconf 85' lang='lat' dir='ltr'><strong><em>sciret</em></strong></span> <span class='ocrx_word' id='word_1_487' title='bbox 3238 3011 3388 3073; x_wconf 85' lang='lat' dir='ltr'><strong><em>dare,</em></strong></span> 
     </span>
    </p>
   </div>
   <div class='ocr_carea' id='block_1_31' title="bbox 126 3097 3387 3171">
    <p class='ocr_par' dir='ltr' id='par_1_31' title="bbox 126 3097 3387 3171">
     <span class='ocr_line' id='line_1_31' title="bbox 126 3097 3387 3171; baseline 0.002 -22"><span class='ocrx_word' id='word_1_488' title='bbox 126 3100 326 3152; x_wconf 86' lang='lat' dir='ltr'><strong><em>nesciret</em></strong></span> <span class='ocrx_word' id='word_1_489' title='bbox 371 3102 640 3170; x_wconf 87' lang='lat' dir='ltr'><strong><em>accipere;</em></strong></span> <span class='ocrx_word' id='word_1_490' title='bbox 681 3116 891 3170; x_wconf 86' lang='lat' dir='ltr'><strong><em>cumque</em></strong></span> <span class='ocrx_word' id='word_1_491' title='bbox 935 3117 1038 3152; x_wconf 86' lang='lat' dir='ltr'><strong><em>non</em></strong></span> <span class='ocrx_word' id='word_1_492' title='bbox 1079 3099 1195 3152; x_wconf 89' lang='lat' dir='ltr'><strong><em>ideo</em></strong></span> <span class='ocrx_word' id='word_1_493' title='bbox 1244 3099 1515 3152; x_wconf 84' lang='lat' dir='ltr'><strong><em>accesserit</em></strong></span> <span class='ocrx_word' id='word_1_494' title='bbox 1563 3099 1631 3151; x_wconf 90' lang='lat' dir='ltr'><strong><em>ad</em></strong></span> <span class='ocrx_word' id='word_1_495' title='bbox 1677 3098 1987 3168; x_wconf 86' lang='lat' dir='ltr'><strong><em>baptismum</em></strong></span> <span class='ocrx_word' id='word_1_496' title='bbox 2023 3107 2078 3150; x_wconf 88' lang='lat' dir='ltr'><strong><em>ut</em></strong></span> <span class='ocrx_word' id='word_1_497' title='bbox 2117 3097 2540 3156; x_wconf 79' lang='lat' dir='ltr'><strong><em>sanctiﬁcaretur</em></strong></span> <span class='ocrx_word' id='word_1_498' title='bbox 2583 3101 2693 3169; x_wconf 87' lang='lat' dir='ltr'><strong><em>ipse</em></strong></span> <span class='ocrx_word' id='word_1_499' title='bbox 2735 3097 2867 3171; x_wconf 72' lang='grc' dir='ltr'>[ιιι]</span> <span class='ocrx_word' id='word_1_500' title='bbox 2896 3107 2985 3152; x_wconf 90' lang='lat' dir='ltr'><strong><em>aut</em></strong></span> <span class='ocrx_word' id='word_1_501' title='bbox 3030 3102 3387 3170; x_wconf 82' lang='lat' dir='ltr'><strong><em>purificaretur</em></strong></span> 
     </span>
    </p>
   </div>
   <div class='ocr_carea' id='block_1_32' title="bbox 127 3189 3386 3261">
    <p class='ocr_par' dir='ltr' id='par_1_32' title="bbox 127 3189 3386 3261">
     <span class='ocr_line' id='line_1_32' title="bbox 127 3189 3386 3261; baseline 0.002 -21"><span class='ocrx_word' id='word_1_502' title='bbox 127 3190 274 3257; x_wconf 75' lang='lat' dir='ltr'><strong><em>uquis,</em></strong></span> <span class='ocrx_word' id='word_1_503' title='bbox 316 3192 394 3243; x_wconf 87' lang='lat' dir='ltr'><strong><em>cui</em></strong></span> <span class='ocrx_word' id='word_1_504' title='bbox 417 3194 522 3244; x_wconf 77' lang='lat' dir='ltr'><strong><em>vita</em></strong></span> <span class='ocrx_word' id='word_1_505' title='bbox 554 3202 891 3245; x_wconf 66' lang='lat' dir='ltr'><strong><em>attemacum</em></strong></span> <span class='ocrx_word' id='word_1_506' title='bbox 931 3189 1094 3243; x_wconf 80' lang='lat' dir='ltr'><strong><em>Patre</em></strong></span> <span class='ocrx_word' id='word_1_507' title='bbox 1113 3197 1207 3255; x_wconf 90' lang='lat' dir='ltr'><strong><em>est,</em></strong></span> <span class='ocrx_word' id='word_1_508' title='bbox 1249 3189 1344 3243; x_wconf 90' lang='lat' dir='ltr'><strong><em>sed</em></strong></span> <span class='ocrx_word' id='word_1_509' title='bbox 1386 3197 1445 3242; x_wconf 88' lang='lat' dir='ltr'><strong><em>ut</em></strong></span> <span class='ocrx_word' id='word_1_510' title='bbox 1491 3189 1833 3244; x_wconf 86' lang='lat' dir='ltr'><strong><em>conditionem</em></strong></span> <span class='ocrx_word' id='word_1_511' title='bbox 1887 3199 2076 3243; x_wconf 68' lang='lat' dir='ltr'><strong><em>nostra</em></strong></span> <span class='ocrx_word' id='word_1_512' title='bbox 2124 3191 2301 3242; x_wconf 86' lang='lat' dir='ltr'><strong><em>mortis</em></strong></span> <span class='ocrx_word' id='word_1_513' title='bbox 2349 3191 2608 3259; x_wconf 79' lang='lat' dir='ltr'><strong><em>auferret;</em></strong></span> <span class='ocrx_word' id='word_1_514' title='bbox 2649 3190 2895 3259; x_wconf 82' lang='lat' dir='ltr'><strong><em>adeoque</em></strong></span> <span class='ocrx_word' id='word_1_515' title='bbox 2937 3199 2990 3244; x_wconf 89' lang='lat' dir='ltr'><strong><em>ut</em></strong></span> <span class='ocrx_word' id='word_1_516' title='bbox 3036 3189 3386 3261; x_wconf 78' lang='lat' dir='ltr'><strong><em>baptizaretur</em></strong></span> 
     </span>
    </p>
   </div>
   <div class='ocr_carea' id='block_1_33' title="bbox 128 3281 3384 3356">
    <p class='ocr_par' dir='ltr' id='par_1_33' title="bbox 128 3281 3384 3356">
     <span class='ocr_line' id='line_1_33' title="bbox 128 3281 3384 3356; baseline 0.001 -22"><span class='ocrx_word' id='word_1_517' title='bbox 128 3298 216 3335; x_wconf 87' lang='lat' dir='ltr'><strong><em>non</em></strong></span> <span class='ocrx_word' id='word_1_518' title='bbox 260 3281 375 3348; x_wconf 86' lang='lat' dir='ltr'><strong><em>sibi,</em></strong></span> <span class='ocrx_word' id='word_1_519' title='bbox 416 3284 508 3337; x_wconf 86' lang='lat' dir='ltr'><strong><em>sed</em></strong></span> <span class='ocrx_word' id='word_1_520' title='bbox 548 3284 722 3348; x_wconf 88' lang='lat' dir='ltr'><strong><em>nobis,</em></strong></span> <span class='ocrx_word' id='word_1_521' title='bbox 775 3292 927 3354; x_wconf 85' lang='lat' dir='ltr'><strong><em>utque</em></strong></span> <span class='ocrx_word' id='word_1_522' title='bbox 965 3300 1126 3356; x_wconf 88' lang='lat' dir='ltr'><strong><em>aquas</em></strong></span> <span class='ocrx_word' id='word_1_523' title='bbox 1180 3284 1530 3353; x_wconf 85' lang='lat' dir='ltr'><strong><em>sanctificaret</em></strong></span> <span class='ocrx_word' id='word_1_524' title='bbox 1581 3283 1996 3353; x_wconf 83' lang='lat' dir='ltr'><strong><em>puriﬁcaretque,</em></strong></span> <span class='ocrx_word' id='word_1_525' title='bbox 2043 3291 2195 3352; x_wconf 80' lang='lat' dir='ltr'><strong><em>atque</em></strong></span> <span class='ocrx_word' id='word_1_526' title='bbox 2231 3290 2288 3335; x_wconf 87' lang='lat' dir='ltr'><strong><em>ut</em></strong></span> <span class='ocrx_word' id='word_1_527' title='bbox 2341 3292 2661 3336; x_wconf 87' lang='lat' dir='ltr'><strong><em>consecraret</em></strong></span> <span class='ocrx_word' id='word_1_528' title='bbox 2708 3283 2901 3351; x_wconf 81' lang='lat' dir='ltr'><strong><em>ﬂuenta</em></strong></span> <span class='ocrx_word' id='word_1_529' title='bbox 2960 3300 3075 3355; x_wconf 70' lang='lat' dir='ltr'><strong><em>qua:</em></strong></span> <span class='ocrx_word' id='word_1_530' title='bbox 3127 3293 3384 3354; x_wconf 88' lang='lat' dir='ltr'><strong><em>tangeret,</em></strong></span> 
     </span>
    </p>
   </div>
   <div class='ocr_carea' id='block_1_34' title="bbox 128 3365 3385 3444">
    <p class='ocr_par' dir='ltr' id='par_1_34' title="bbox 128 3365 3385 3444">
     <span class='ocr_line' id='line_1_34' title="bbox 128 3365 3385 3444; baseline 0.002 -23"><span class='ocrx_word' id='word_1_531' title='bbox 128 3386 180 3422; x_wconf 83' lang='lat' dir='ltr'><strong><em>ac</em></strong></span> <span class='ocrx_word' id='word_1_532' title='bbox 229 3389 317 3440; x_wconf 87' lang='lat' dir='ltr'><strong><em>pro</em></strong></span> <span class='ocrx_word' id='word_1_533' title='bbox 365 3374 565 3427; x_wconf 86' lang='lat' dir='ltr'><strong><em>cunctis</em></strong></span> <span class='ocrx_word' id='word_1_534' title='bbox 622 3365 1026 3444; x_wconf 82' lang='lat' dir='ltr'><strong><em>regenerationis</em></strong></span> <span class='ocrx_word' id='word_1_535' title='bbox 1080 3373 1367 3426; x_wconf 88' lang='lat' dir='ltr'><strong><em>institueret</em></strong></span> <span class='ocrx_word' id='word_1_536' title='bbox 1431 3372 1730 3436; x_wconf 77' lang='lat' dir='ltr'><strong><em>lavacrum;</em></strong></span> <span class='ocrx_word' id='word_1_537' title='bbox 1787 3387 2048 3440; x_wconf 87' lang='lat' dir='ltr'><strong><em>cumque,</em></strong></span> <span class='ocrx_word' id='word_1_538' title='bbox 2101 3370 2390 3426; x_wconf 78' lang='lat' dir='ltr'><strong><em>conﬁtente</em></strong></span> <span class='ocrx_word' id='word_1_539' title='bbox 2443 3373 2634 3427; x_wconf 85' lang='lat' dir='ltr'><strong><em>eodem</em></strong></span> <span class='ocrx_word' id='word_1_540' title='bbox 2670 3372 2938 3439; x_wconf 82' lang='lat' dir='ltr'><strong><em>Maximo,</em></strong></span> <span class='ocrx_word' id='word_1_541' title='bbox 2993 3389 3094 3427; x_wconf 86' lang='lat' dir='ltr'><strong><em>non</em></strong></span> <span class='ocrx_word' id='word_1_542' title='bbox 3143 3374 3212 3426; x_wconf 91' lang='lat' dir='ltr'><strong><em>ad</em></strong></span> <span class='ocrx_word' id='word_1_543' title='bbox 3251 3392 3385 3444; x_wconf 66' lang='lat' dir='ltr'><strong><em>.pra-</em></strong></span> 
     </span>
    </p>
   </div>
   <div class='ocr_carea' id='block_1_35' title="bbox 128 3460 3385 3537">
    <p class='ocr_par' dir='ltr' id='par_1_35' title="bbox 128 3460 3385 3537">
     <span class='ocr_line' id='line_1_35' title="bbox 128 3460 3385 3537; baseline 0.002 -25"><span class='ocrx_word' id='word_1_544' title='bbox 128 3463 297 3528; x_wconf 81' lang='lat' dir='ltr'><strong><em>fectum</em></strong></span> <span class='ocrx_word' id='word_1_545' title='bbox 315 3460 514 3517; x_wconf 85' lang='lat' dir='ltr'><strong><em>Christi</em></strong></span> <span class='ocrx_word' id='word_1_546' title='bbox 545 3463 844 3516; x_wconf 83' lang='lat' dir='ltr'><strong><em>necessaria</em></strong></span> <span class='ocrx_word' id='word_1_547' title='bbox 866 3463 1025 3534; x_wconf 86' lang='lat' dir='ltr'><strong><em>fuerit</em></strong></span> <span class='ocrx_word' id='word_1_548' title='bbox 1053 3464 1395 3527; x_wconf 87' lang='lat' dir='ltr'><strong><em>consecratio,</em></strong></span> <span class='ocrx_word' id='word_1_549' title='bbox 1435 3472 1547 3516; x_wconf 87' lang='lat' dir='ltr'><strong><em>cum</em></strong></span> <span class='ocrx_word' id='word_1_550' title='bbox 1576 3463 1685 3533; x_wconf 89' lang='lat' dir='ltr'><strong><em>ipse</em></strong></span> <span class='ocrx_word' id='word_1_551' title='bbox 1727 3463 1795 3517; x_wconf 87' lang='lat' dir='ltr'><strong><em>sit</em></strong></span> <span class='ocrx_word' id='word_1_552' title='bbox 1840 3470 2220 3516; x_wconf 88' lang='lat' dir='ltr'><strong><em>sacramentum</em></strong></span> <span class='ocrx_word' id='word_1_553' title='bbox 2254 3478 2314 3515; x_wconf 90' lang='lat' dir='ltr'><strong><em>ac</em></strong></span> <span class='ocrx_word' id='word_1_554' title='bbox 2362 3462 2626 3533; x_wconf 83' lang='lat' dir='ltr'><strong><em>plenitudo</em></strong></span> <span class='ocrx_word' id='word_1_555' title='bbox 2675 3467 2938 3534; x_wconf 82' lang='lat' dir='ltr'><strong><em>mysterii;</em></strong></span> <span class='ocrx_word' id='word_1_556' title='bbox 2980 3465 3083 3522; x_wconf 70' lang='lat' dir='ltr'><strong><em>sed</em></strong></span> <span class='ocrx_word' id='word_1_557' title='bbox 3117 3466 3230 3519; x_wconf 83' lang='lat' dir='ltr'><strong><em>ideo</em></strong></span> <span class='ocrx_word' id='word_1_558' title='bbox 3278 3483 3385 3537; x_wconf 82' lang='lat' dir='ltr'><strong><em>mg-</em></strong></span> 
     </span>
    </p>
   </div>
   <div class='ocr_carea' id='block_1_36' title="bbox 128 3550 3383 3626">
    <p class='ocr_par' dir='ltr' id='par_1_36' title="bbox 128 3550 3383 3626">
     <span class='ocr_line' id='line_1_36' title="bbox 128 3550 3383 3626; baseline 0.004 -28"><span class='ocrx_word' id='word_1_559' title='bbox 128 3550 317 3600; x_wconf 83' lang='lat' dir='ltr'><strong><em>tterium</em></strong></span> <span class='ocrx_word' id='word_1_560' title='bbox 345 3550 558 3618; x_wconf 85' lang='lat' dir='ltr'><strong><em>implere</em></strong></span> <span class='ocrx_word' id='word_1_561' title='bbox 578 3550 687 3620; x_wconf 85' lang='lat' dir='ltr'><strong><em>ipse</em></strong></span> <span class='ocrx_word' id='word_1_562' title='bbox 707 3551 942 3617; x_wconf 70' lang='lat' dir='ltr'><strong><em>valuerit,-</em></strong></span> <span class='ocrx_word' id='word_1_563' title='bbox 970 3566 1073 3605; x_wconf 80' lang='lat' dir='ltr'><strong><em>non</em></strong></span> <span class='ocrx_word' id='word_1_564' title='bbox 1094 3558 1150 3602; x_wconf 90' lang='lat' dir='ltr'><strong><em>ut</em></strong></span> <span class='ocrx_word' id='word_1_565' title='bbox 1170 3552 1280 3622; x_wconf 88' lang='lat' dir='ltr'><strong><em>ipse</em></strong></span> <span class='ocrx_word' id='word_1_566' title='bbox 1299 3552 1587 3622; x_wconf 89' lang='lat' dir='ltr'><strong><em>profectum</em></strong></span> <span class='ocrx_word' id='word_1_567' title='bbox 1616 3561 1821 3621; x_wconf 90' lang='lat' dir='ltr'><strong><em>caperet</em></strong></span> <span class='ocrx_word' id='word_1_568' title='bbox 1847 3551 1972 3622; x_wconf 81' lang='lat' dir='ltr'><strong><em>(non</em></strong></span> <span class='ocrx_word' id='word_1_569' title='bbox 1997 3553 2132 3606; x_wconf 88' lang='lat' dir='ltr'><strong><em>enim</em></strong></span> <span class='ocrx_word' id='word_1_570' title='bbox 2158 3552 2235 3606; x_wconf 92' lang='lat' dir='ltr'><strong><em>illi</em></strong></span> <span class='ocrx_word' id='word_1_571' title='bbox 2262 3555 2662 3608; x_wconf 86' lang='lat' dir='ltr'><strong><em>consecrationis</em></strong></span> <span class='ocrx_word' id='word_1_572' title='bbox 2684 3554 2961 3625; x_wconf 80' lang='lat' dir='ltr'><strong><em>quidquam</em></strong></span> <span class='ocrx_word' id='word_1_573' title='bbox 2982 3555 3120 3609; x_wconf 78' lang='lat' dir='ltr'><strong><em>tradi</em></strong></span> <span class='ocrx_word' id='word_1_574' title='bbox 3139 3557 3383 3626; x_wconf 85' lang='lat' dir='ltr'><strong><em>poterat),</em></strong></span> 
     </span>
    </p>
   </div>
   <div class='ocr_carea' id='block_1_37' title="bbox 129 3640 3383 3718">
    <p class='ocr_par' dir='ltr' id='par_1_37' title="bbox 129 3640 3383 3718">
     <span class='ocr_line' id='line_1_37' title="bbox 129 3640 3383 3718; baseline 0.004 -27"><span class='ocrx_word' id='word_1_575' title='bbox 129 3640 278 3691; x_wconf 76' lang='lat' dir='ltr'><strong><em>sed-ut</em></strong></span> <span class='ocrx_word' id='word_1_576' title='bbox 304 3640 450 3694; x_wconf 86' lang='lat' dir='ltr'><strong><em>nobis</em></strong></span> <span class='ocrx_word' id='word_1_577' title='bbox 477 3642 742 3716; x_wconf 76' lang='lat' dir='ltr'><strong><em>plenitudo</em></strong></span> <span class='ocrx_word' id='word_1_578' title='bbox 759 3643 992 3712; x_wconf 80' lang='lat' dir='ltr'><strong><em>mysterii</em></strong></span> <span class='ocrx_word' id='word_1_579' title='bbox 1011 3642 1313 3712; x_wconf 78' lang='lat' dir='ltr'><strong><em>proﬁceret;</em></strong></span> <span class='ocrx_word' id='word_1_580' title='bbox 1343 3657 1484 3707; x_wconf 89' lang='lat' dir='ltr'><strong><em>cum,</em></strong></span> <span class='ocrx_word' id='word_1_581' title='bbox 1529 3643 1766 3711; x_wconf 87' lang='lat' dir='ltr'><strong><em>inqu-am,</em></strong></span> <span class='ocrx_word' id='word_1_582' title='bbox 1792 3645 1910 3700; x_wconf 70' lang='lat' dir='ltr'><strong><em>hmo</em></strong></span> <span class='ocrx_word' id='word_1_583' title='bbox 1939 3645 2010 3699; x_wconf 83' lang='lat' dir='ltr'><strong><em>ita</em></strong></span> <span class='ocrx_word' id='word_1_584' title='bbox 2036 3661 2096 3703; x_wconf 87' lang='lat' dir='ltr'><strong><em>se</em></strong></span> <span class='ocrx_word' id='word_1_585' title='bbox 2140 3645 2493 3717; x_wconf 85' lang='lat' dir='ltr'><strong><em>(concedente</em></strong></span> <span class='ocrx_word' id='word_1_586' title='bbox 2541 3646 2796 3718; x_wconf 88' lang='lat' dir='ltr'><strong><em>Maximo)</em></strong></span> <span class='ocrx_word' id='word_1_587' title='bbox 2821 3648 3078 3713; x_wconf 81' lang='lat' dir='ltr'><strong><em>habeant,</em></strong></span> <span class='ocrx_word' id='word_1_588' title='bbox 3110 3648 3236 3718; x_wconf 84' lang='lat' dir='ltr'><strong><em>quid</em></strong></span> <span class='ocrx_word' id='word_1_589' title='bbox 3281 3657 3383 3715; x_wconf 66' lang='lat' dir='ltr'><strong><em>est,</em></strong></span> 
     </span>
    </p>
   </div>
   <div class='ocr_carea' id='block_1_38' title="bbox 129 3730 3382 3808">
    <p class='ocr_par' dir='ltr' id='par_1_38' title="bbox 129 3730 3382 3808">
     <span class='ocr_line' id='line_1_38' title="bbox 129 3730 3382 3808; baseline 0.004 -27"><span class='ocrx_word' id='word_1_590' title='bbox 129 3730 259 3798; x_wconf 84' lang='lat' dir='ltr'><strong><em>quod</em></strong></span> <span class='ocrx_word' id='word_1_591' title='bbox 287 3744 614 3802; x_wconf 83' lang='lat' dir='ltr'><strong><em>quemquam</em></strong></span> <span class='ocrx_word' id='word_1_592' title='bbox 642 3731 783 3786; x_wconf 87' lang='lat' dir='ltr'><strong><em>dicta</em></strong></span> <span class='ocrx_word' id='word_1_593' title='bbox 814 3731 901 3785; x_wconf 81' lang='lat' dir='ltr'><strong><em>ilia</em></strong></span> <span class='ocrx_word' id='word_1_594' title='bbox 929 3730 1399 3799; x_wconf 77' lang='lat' dir='ltr'><strong><em>Maximiejusdem</em></strong></span> <span class='ocrx_word' id='word_1_595' title='bbox 1428 3733 1770 3799; x_wconf 84' lang='lat' dir='ltr'><strong><em>conturbent,</em></strong></span> <span class='ocrx_word' id='word_1_596' title='bbox 1802 3748 1921 3801; x_wconf 72' lang='lat' dir='ltr'><strong><em>qum</em></strong></span> <span class='ocrx_word' id='word_1_597' title='bbox 1967 3744 2092 3789; x_wconf 84' lang='lat' dir='ltr'><strong><em>sunt</em></strong></span> <span class='ocrx_word' id='word_1_598' title='bbox 2137 3736 2205 3791; x_wconf 86' lang='lat' dir='ltr'><strong><em>de</em></strong></span> <span class='ocrx_word' id='word_1_599' title='bbox 2255 3745 2456 3800; x_wconf 88' lang='lat' dir='ltr'><strong><em>renato,</em></strong></span> <span class='ocrx_word' id='word_1_600' title='bbox 2505 3737 2573 3791; x_wconf 89' lang='lat' dir='ltr'><strong><em>de</em></strong></span> <span class='ocrx_word' id='word_1_601' title='bbox 2602 3748 2917 3807; x_wconf 83' lang='lat' dir='ltr'><strong><em>regenerato,</em></strong></span> <span class='ocrx_word' id='word_1_602' title='bbox 2941 3738 3008 3792; x_wconf 88' lang='lat' dir='ltr'><strong><em>de</em></strong></span> <span class='ocrx_word' id='word_1_603' title='bbox 3037 3741 3382 3808; x_wconf 82' lang='lat' dir='ltr'><strong><em>sanctiﬁcata,</em></strong></span> 
     </span>
    </p>
   </div>
   <div class='ocr_carea' id='block_1_39' title="bbox 129 3822 3385 3900">
    <p class='ocr_par' dir='ltr' id='par_1_39' title="bbox 129 3822 3385 3900">
     <span class='ocr_line' id='line_1_39' title="bbox 129 3822 3385 3900; baseline 0.005 -27"><span class='ocrx_word' id='word_1_604' title='bbox 129 3822 283 3892; x_wconf 68' lang='lat' dir='ltr'><strong><em>aequm</em></strong></span> <span class='ocrx_word' id='word_1_605' title='bbox 309 3834 610 3879; x_wconf 86' lang='lat' dir='ltr'><strong><em>consecrato</em></strong></span> <span class='ocrx_word' id='word_1_606' title='bbox 639 3825 890 3893; x_wconf 85' lang='lat' dir='ltr'><strong><em>baptismi</em></strong></span> <span class='ocrx_word' id='word_1_607' title='bbox 919 3825 1074 3893; x_wconf 78' lang='lat' dir='ltr'><strong><em>aquis</em></strong></span> <span class='ocrx_word' id='word_1_608' title='bbox 1121 3823 1412 3880; x_wconf 83' lang='lat' dir='ltr'><strong><em>Servatore</em></strong></span> <span class='ocrx_word' id='word_1_609' title='bbox 1435 3824 1687 3882; x_wconf 85' lang='lat' dir='ltr'><strong><em>Christo?</em></strong></span> <span class='ocrx_word' id='word_1_610' title='bbox 1716 3827 1850 3881; x_wconf 85' lang='lat' dir='ltr'><strong><em>Nam</em></strong></span> <span class='ocrx_word' id='word_1_611' title='bbox 1879 3829 1970 3897; x_wconf 89' lang='lat' dir='ltr'><strong><em>qui</em></strong></span> <span class='ocrx_word' id='word_1_612' title='bbox 2021 3826 2194 3894; x_wconf 84' lang='lat' dir='ltr'><strong><em>nobis,</em></strong></span> <span class='ocrx_word' id='word_1_613' title='bbox 2245 3845 2352 3884; x_wconf 90' lang='lat' dir='ltr'><strong><em>non</em></strong></span> <span class='ocrx_word' id='word_1_614' title='bbox 2382 3831 2503 3895; x_wconf 88' lang='lat' dir='ltr'><strong><em>sibi,</em></strong></span> <span class='ocrx_word' id='word_1_615' title='bbox 2544 3828 2817 3885; x_wconf 86' lang='lat' dir='ltr'><strong><em>Christum</em></strong></span> <span class='ocrx_word' id='word_1_616' title='bbox 2865 3831 3027 3886; x_wconf 82' lang='lat' dir='ltr'><strong><em>fuisse</em></strong></span> <span class='ocrx_word' id='word_1_617' title='bbox 3056 3834 3385 3900; x_wconf 75' lang='lat' dir='ltr'><strong><em>baptizatum</em></strong></span> 
     </span>
    </p>
   </div>
   <div class='ocr_carea' id='block_1_40' title="bbox 127 3916 3382 3985">
    <p class='ocr_par' dir='ltr' id='par_1_40' title="bbox 127 3916 3382 3985">
     <span class='ocr_line' id='line_1_40' title="bbox 127 3916 3382 3985; baseline 0.004 -18"><span class='ocrx_word' id='word_1_618' title='bbox 127 3916 327 3981; x_wconf 81' lang='lat' dir='ltr'><strong><em>scribit;</em></strong></span> <span class='ocrx_word' id='word_1_619' title='bbox 357 3918 519 3982; x_wconf 82' lang='lat' dir='ltr'><strong><em>idem,</em></strong></span> <span class='ocrx_word' id='word_1_620' title='bbox 543 3924 693 3971; x_wconf 86' lang='lat' dir='ltr'><strong><em>certe</em></strong></span> <span class='ocrx_word' id='word_1_621' title='bbox 714 3923 960 3969; x_wconf 85' lang='lat' dir='ltr'><strong><em>renatum</em></strong></span> <span class='ocrx_word' id='word_1_622' title='bbox 990 3931 1053 3972; x_wconf 89' lang='lat' dir='ltr'><strong><em>ac</em></strong></span> <span class='ocrx_word' id='word_1_623' title='bbox 1080 3923 1454 3984; x_wconf 73' lang='lat' dir='ltr'><strong><em>regeneratum</em></strong></span> <span class='ocrx_word' id='word_1_624' title='bbox 1490 3916 1693 3984; x_wconf 87' lang='lat' dir='ltr'><strong><em>dicens,</em></strong></span> <span class='ocrx_word' id='word_1_625' title='bbox 1724 3919 1855 3972; x_wconf 82' lang='lat' dir='ltr'><strong><em>satis</em></strong></span> <span class='ocrx_word' id='word_1_626' title='bbox 1875 3918 2073 3972; x_wconf 88' lang='lat' dir='ltr'><strong><em>indicat</em></strong></span> <span class='ocrx_word' id='word_1_627' title='bbox 2105 3937 2118 3971; x_wconf 90' lang='lat'>:</span> <span class='ocrx_word' id='word_1_628' title='bbox 2152 3935 2258 3974; x_wconf 91' lang='lat' dir='ltr'><strong><em>non</em></strong></span> <span class='ocrx_word' id='word_1_629' title='bbox 2289 3920 2342 3974; x_wconf 90' lang='lat' dir='ltr'><strong><em>in</em></strong></span> <span class='ocrx_word' id='word_1_630' title='bbox 2371 3935 2429 3974; x_wconf 87' lang='lat' dir='ltr'><strong><em>se</em></strong></span> <span class='ocrx_word' id='word_1_631' title='bbox 2449 3919 2740 3984; x_wconf 88' lang='lat' dir='ltr'><strong><em>Christum,</em></strong></span> <span class='ocrx_word' id='word_1_632' title='bbox 2773 3921 2864 3975; x_wconf 89' lang='lat' dir='ltr'><strong><em>sed</em></strong></span> <span class='ocrx_word' id='word_1_633' title='bbox 2893 3923 2943 3975; x_wconf 91' lang='lat' dir='ltr'><strong><em>in</em></strong></span> <span class='ocrx_word' id='word_1_634' title='bbox 2975 3924 3230 3978; x_wconf 86' lang='lat' dir='ltr'><strong><em>membris</em></strong></span> <span class='ocrx_word' id='word_1_635' title='bbox 3252 3925 3382 3985; x_wconf 89' lang='lat' dir='ltr'><strong><em>suis,</em></strong></span> 
     </span>
    </p>
   </div>
   <div class='ocr_carea' id='block_1_41' title="bbox 126 4003 3386 4084">
    <p class='ocr_par' dir='ltr' id='par_1_41' title="bbox 126 4003 3386 4084">
     <span class='ocr_line' id='line_1_41' title="bbox 126 4003 3386 4084; baseline 0.004 -29"><span class='ocrx_word' id='word_1_636' title='bbox 126 4003 406 4071; x_wconf 71' lang='lat' dir='ltr'><strong><em>cuiusmodi</em></strong></span> <span class='ocrx_word' id='word_1_637' title='bbox 437 4022 538 4061; x_wconf 89' lang='lat' dir='ltr'><strong><em>nos</em></strong></span> <span class='ocrx_word' id='word_1_638' title='bbox 568 4006 834 4074; x_wconf 87' lang='lat' dir='ltr'><strong><em>baptismo</em></strong></span> <span class='ocrx_word' id='word_1_639' title='bbox 865 4004 1148 4072; x_wconf 79' lang='lat' dir='ltr'><strong><em>efﬁcimur,</em></strong></span> <span class='ocrx_word' id='word_1_640' title='bbox 1181 4007 1571 4062; x_wconf 76' lang='lat' dir='ltr'><strong><em>sanctiﬁcatum</em></strong></span> <span class='ocrx_word' id='word_1_641' title='bbox 1618 4010 1811 4075; x_wconf 81' lang='lat' dir='ltr'><strong><em>ipsum,</em></strong></span> <span class='ocrx_word' id='word_1_642' title='bbox 1843 4019 2088 4064; x_wconf 87' lang='lat' dir='ltr'><strong><em>renatum</em></strong></span> <span class='ocrx_word' id='word_1_643' title='bbox 2118 4021 2601 4082; x_wconf 87' lang='lat' dir='ltr'><strong><em>regeneratumque</em></strong></span> <span class='ocrx_word' id='word_1_644' title='bbox 2630 4014 2755 4067; x_wconf 80' lang='lat' dir='ltr'><strong><em>dici.</em></strong></span> <span class='ocrx_word' id='word_1_645' title='bbox 2788 4015 2961 4084; x_wconf 78' lang='lat' dir='ltr'><strong><em>Atque</em></strong></span> <span class='ocrx_word' id='word_1_646' title='bbox 2991 4017 3034 4069; x_wconf 88' lang='lat' dir='ltr'><strong><em>is</em></strong></span> <span class='ocrx_word' id='word_1_647' title='bbox 3063 4016 3176 4084; x_wconf 88' lang='lat' dir='ltr'><strong><em>ipsc</em></strong></span> <span class='ocrx_word' id='word_1_648' title='bbox 3213 4015 3386 4071; x_wconf 82' lang='lat' dir='ltr'><strong><em>Maxi-</em></strong></span> 
     </span>
    </p>
   </div>
   <div class='ocr_carea' id='block_1_42' title="bbox 137 4093 3387 4178">
    <p class='ocr_par' dir='ltr' id='par_1_42' title="bbox 137 4093 3387 4178">
     <span class='ocr_line' id='line_1_42' title="bbox 137 4093 3387 4178; baseline 0.005 -34"><span class='ocrx_word' id='word_1_649' title='bbox 137 4107 246 4146; x_wconf 87' lang='lat' dir='ltr'><strong><em>mus</em></strong></span> <span class='ocrx_word' id='word_1_650' title='bbox 269 4094 451 4147; x_wconf 84' lang='lat' dir='ltr'><strong><em>homii.</em></strong></span> <span class='ocrx_word' id='word_1_651' title='bbox 484 4094 581 4157; x_wconf 72' lang='lat'><strong><em>2!,</em></strong></span> <span class='ocrx_word' id='word_1_652' title='bbox 611 4109 730 4164; x_wconf 62' lang='lat' dir='ltr'><strong><em>quae</em></strong></span> <span class='ocrx_word' id='word_1_653' title='bbox 752 4103 838 4148; x_wconf 82' lang='lat' dir='ltr'><strong><em>est</em></strong></span> <span class='ocrx_word' id='word_1_654' title='bbox 867 4095 1052 4162; x_wconf 87' lang='lat' dir='ltr'><strong><em>quinta</em></strong></span> <span class='ocrx_word' id='word_1_655' title='bbox 1094 4095 1158 4148; x_wconf 91' lang='lat' dir='ltr'><strong><em>de</em></strong></span> <span class='ocrx_word' id='word_1_656' title='bbox 1201 4093 1524 4166; x_wconf 85' lang='lat' dir='ltr'><strong><em>Epiphania,</em></strong></span> <span class='ocrx_word' id='word_1_657' title='bbox 1556 4111 1679 4167; x_wconf 88' lang='lat' dir='ltr'><strong><em>pag.</em></strong></span> <span class='ocrx_word' id='word_1_658' title='bbox 1722 4097 1811 4163; x_wconf 76' lang='lat'><strong><em>58,</em></strong></span> <span class='ocrx_word' id='word_1_659' title='bbox 1861 4099 2061 4154; x_wconf 90' lang='lat' dir='ltr'><strong><em>idcirco</em></strong></span> <span class='ocrx_word' id='word_1_660' title='bbox 2090 4101 2382 4169; x_wconf 79' lang='lat' dir='ltr'><strong><em>profecisse</em></strong></span> <span class='ocrx_word' id='word_1_661' title='bbox 2410 4101 2701 4165; x_wconf 85' lang='lat' dir='ltr'><strong><em>Christum,</em></strong></span> <span class='ocrx_word' id='word_1_662' title='bbox 2733 4104 2836 4158; x_wconf 86' lang='lat' dir='ltr'><strong><em>dici</em></strong></span> <span class='ocrx_word' id='word_1_663' title='bbox 2882 4111 3081 4167; x_wconf 87' lang='lat' dir='ltr'><strong><em>monet,</em></strong></span> <span class='ocrx_word' id='word_1_664' title='bbox 3118 4121 3222 4160; x_wconf 90' lang='lat' dir='ltr'><strong><em>non</em></strong></span> <span class='ocrx_word' id='word_1_665' title='bbox 3252 4106 3387 4178; x_wconf 85' lang='lat' dir='ltr'><strong><em>quod</em></strong></span> 
     </span>
    </p>
   </div>
   <div class='ocr_carea' id='block_1_43' title="bbox 127 4184 3386 4264">
    <p class='ocr_par' dir='ltr' id='par_1_43' title="bbox 127 4184 3386 4264">
     <span class='ocr_line' id='line_1_43' title="bbox 127 4184 3386 4264; baseline 0.004 -30"><span class='ocrx_word' id='word_1_666' title='bbox 127 4184 349 4252; x_wconf 77' lang='lat' dir='ltr'><strong><em>proficiat</em></strong></span> <span class='ocrx_word' id='word_1_667' title='bbox 376 4185 570 4240; x_wconf 86' lang='lat' dir='ltr'><strong><em>Christi</em></strong></span> <span class='ocrx_word' id='word_1_668' title='bbox 595 4187 864 4251; x_wconf 87' lang='lat' dir='ltr'><strong><em>sanctitas,</em></strong></span> <span class='ocrx_word' id='word_1_669' title='bbox 889 4203 1003 4258; x_wconf 72' lang='lat' dir='ltr'><strong><em>qua:</em></strong></span> <span class='ocrx_word' id='word_1_670' title='bbox 1021 4189 1258 4258; x_wconf 86' lang='lat' dir='ltr'><strong><em>perfecta</em></strong></span> <span class='ocrx_word' id='word_1_671' title='bbox 1286 4196 1382 4250; x_wconf 89' lang='lat' dir='ltr'><strong><em>est,</em></strong></span> <span class='ocrx_word' id='word_1_672' title='bbox 1415 4187 1508 4241; x_wconf 85' lang='lat' dir='ltr'><strong><em>sed</em></strong></span> <span class='ocrx_word' id='word_1_673' title='bbox 1535 4189 1679 4256; x_wconf 85' lang='lat' dir='ltr'><strong><em>quod</em></strong></span> <span class='ocrx_word' id='word_1_674' title='bbox 1699 4189 1952 4259; x_wconf 81' lang='lat' dir='ltr'><strong><em>proficere</em></strong></span> <span class='ocrx_word' id='word_1_675' title='bbox 1979 4191 2199 4255; x_wconf 88' lang='lat' dir='ltr'><strong><em>dicatur,</em></strong></span> <span class='ocrx_word' id='word_1_676' title='bbox 2230 4206 2343 4243; x_wconf 91' lang='lat' dir='ltr'><strong><em>cum</em></strong></span> <span class='ocrx_word' id='word_1_677' title='bbox 2370 4192 2427 4244; x_wconf 90' lang='lat' dir='ltr'><strong><em>in</em></strong></span> <span class='ocrx_word' id='word_1_678' title='bbox 2455 4191 2601 4244; x_wconf 86' lang='lat' dir='ltr'><strong><em>nobis</em></strong></span> <span class='ocrx_word' id='word_1_679' title='bbox 2631 4194 2756 4262; x_wconf 86' lang='lat' dir='ltr'><strong><em>facit</em></strong></span> <span class='ocrx_word' id='word_1_680' title='bbox 2788 4192 3105 4246; x_wconf 88' lang='lat' dir='ltr'><strong><em>credulitatis</em></strong></span> <span class='ocrx_word' id='word_1_681' title='bbox 3134 4211 3386 4264; x_wconf 86' lang='lat' dir='ltr'><strong><em>augmen-</em></strong></span> 
     </span>
    </p>
   </div>
   <div class='ocr_carea' id='block_1_44' title="bbox 130 4275 3382 4354">
    <p class='ocr_par' dir='ltr' id='par_1_44' title="bbox 130 4275 3382 4354">
     <span class='ocr_line' id='line_1_44' title="bbox 130 4275 3382 4354; baseline 0.004 -30"><span class='ocrx_word' id='word_1_682' title='bbox 130 4285 240 4326; x_wconf 87' lang='lat' dir='ltr'><strong><em>tum.</em></strong></span> <span class='ocrx_word' id='word_1_683' title='bbox 270 4275 420 4341; x_wconf 87' lang='lat' dir='ltr'><strong><em>Quod</em></strong></span> <span class='ocrx_word' id='word_1_684' title='bbox 448 4293 576 4332; x_wconf 89' lang='lat' dir='ltr'><strong><em>cum</em></strong></span> <span class='ocrx_word' id='word_1_685' title='bbox 603 4278 678 4331; x_wconf 87' lang='lat' dir='ltr'><strong><em>ita</em></strong></span> <span class='ocrx_word' id='word_1_686' title='bbox 699 4278 789 4342; x_wconf 85' lang='lat' dir='ltr'><strong><em>sit,</em></strong></span> <span class='ocrx_word' id='word_1_687' title='bbox 807 4293 904 4332; x_wconf 90' lang='lat' dir='ltr'><strong><em>cur</em></strong></span> <span class='ocrx_word' id='word_1_688' title='bbox 927 4292 1038 4333; x_wconf 87' lang='lat' dir='ltr'><strong><em>non</em></strong></span> <span class='ocrx_word' id='word_1_689' title='bbox 1067 4279 1212 4344; x_wconf 89' lang='lat' dir='ltr'><strong><em>item,</em></strong></span> <span class='ocrx_word' id='word_1_690' title='bbox 1244 4294 1367 4334; x_wconf 88' lang='lat' dir='ltr'><strong><em>cum</em></strong></span> <span class='ocrx_word' id='word_1_691' title='bbox 1395 4279 1510 4348; x_wconf 84' lang='lat' dir='ltr'><strong><em>ipse</em></strong></span> <span class='ocrx_word' id='word_1_692' title='bbox 1531 4277 1804 4334; x_wconf 84' lang='lat' dir='ltr'><strong><em>Christum</em></strong></span> <span class='ocrx_word' id='word_1_693' title='bbox 1834 4289 2085 4346; x_wconf 83' lang='lat' dir='ltr'><strong><em>renatum,</em></strong></span> <span class='ocrx_word' id='word_1_694' title='bbox 2135 4290 2488 4350; x_wconf 86' lang='lat' dir='ltr'><strong><em>regeneratum</em></strong></span> <span class='ocrx_word' id='word_1_695' title='bbox 2524 4282 3000 4354; x_wconf 79' lang='lat' dir='ltr'><strong><em>sanctiﬁcatumque</em></strong></span> <span class='ocrx_word' id='word_1_696' title='bbox 3027 4284 3222 4338; x_wconf 85' lang='lat' dir='ltr'><strong><em>alicubi</em></strong></span> <span class='ocrx_word' id='word_1_697' title='bbox 3247 4286 3382 4338; x_wconf 87' lang='lat' dir='ltr'><strong><em>scri—</em></strong></span> 
     </span>
    </p>
   </div>
   <div class='ocr_carea' id='block_1_45' title="bbox 130 4363 3384 4445">
    <p class='ocr_par' dir='ltr' id='par_1_45' title="bbox 130 4363 3384 4445">
     <span class='ocr_line' id='line_1_45' title="bbox 130 4363 3384 4445; baseline 0.005 -31"><span class='ocrx_word' id='word_1_698' title='bbox 130 4363 214 4427; x_wconf 80' lang='lat' dir='ltr'><strong><em>bit,</em></strong></span> <span class='ocrx_word' id='word_1_699' title='bbox 246 4365 358 4418; x_wconf 82' lang='lat' dir='ltr'><strong><em>ideo</em></strong></span> <span class='ocrx_word' id='word_1_700' title='bbox 380 4367 665 4436; x_wconf 80' lang='lat' dir='ltr'><strong><em>scripsisse</em></strong></span> <span class='ocrx_word' id='word_1_701' title='bbox 693 4367 995 4422; x_wconf 81' lang='lat' dir='ltr'><strong><em>censendus</em></strong></span> <span class='ocrx_word' id='word_1_702' title='bbox 1023 4376 1123 4434; x_wconf 91' lang='lat' dir='ltr'><strong><em>est,</em></strong></span> <span class='ocrx_word' id='word_1_703' title='bbox 1155 4369 1297 4437; x_wconf 86' lang='lat' dir='ltr'><strong><em>quod</em></strong></span> <span class='ocrx_word' id='word_1_704' title='bbox 1325 4381 1555 4434; x_wconf 88' lang='lat' dir='ltr'><strong><em>renatus,</em></strong></span> <span class='ocrx_word' id='word_1_705' title='bbox 1588 4381 1935 4442; x_wconf 84' lang='lat' dir='ltr'><strong><em>regeneratus,</em></strong></span> <span class='ocrx_word' id='word_1_706' title='bbox 1968 4373 2338 4441; x_wconf 86' lang='lat' dir='ltr'><strong><em>sanctificatus,</em></strong></span> <span class='ocrx_word' id='word_1_707' title='bbox 2371 4383 2694 4427; x_wconf 86' lang='lat' dir='ltr'><strong><em>consecratus</em></strong></span> <span class='ocrx_word' id='word_1_708' title='bbox 2723 4373 2929 4429; x_wconf 86' lang='lat' dir='ltr'><strong><em>dicatur</em></strong></span> <span class='ocrx_word' id='word_1_709' title='bbox 2957 4375 3218 4442; x_wconf 86' lang='lat' dir='ltr'><strong><em>Christus,</em></strong></span> <span class='ocrx_word' id='word_1_710' title='bbox 3261 4377 3384 4445; x_wconf 86' lang='lat' dir='ltr'><strong><em>quia</em></strong></span> 
     </span>
    </p>
   </div>
   <div class='ocr_carea' id='block_1_46' title="bbox 130 4451 3386 4538">
    <p class='ocr_par' dir='ltr' id='par_1_46' title="bbox 130 4451 3386 4538">
     <span class='ocr_line' id='line_1_46' title="bbox 130 4451 3386 4538; baseline 0.006 -36"><span class='ocrx_word' id='word_1_711' title='bbox 130 4451 267 4505; x_wconf 76' lang='lat' dir='ltr'><strong><em>lmbis</em></strong></span> <span class='ocrx_word' id='word_1_712' title='bbox 292 4453 521 4507; x_wconf 88' lang='lat' dir='ltr'><strong><em>instituit</em></strong></span> <span class='ocrx_word' id='word_1_713' title='bbox 543 4463 957 4520; x_wconf 85' lang='lat' dir='ltr'><strong><em>sacramentum,</em></strong></span> <span class='ocrx_word' id='word_1_714' title='bbox 988 4471 1097 4524; x_wconf 85' lang='lat' dir='ltr'><strong><em>quo</em></strong></span> <span class='ocrx_word' id='word_1_715' title='bbox 1127 4457 1478 4524; x_wconf 85' lang='lat' dir='ltr'><strong><em>renascimur,</em></strong></span> <span class='ocrx_word' id='word_1_716' title='bbox 1527 4472 1929 4528; x_wconf 85' lang='lat' dir='ltr'><strong><em>regeneramur,</em></strong></span> <span class='ocrx_word' id='word_1_717' title='bbox 1957 4460 2388 4514; x_wconf 78' lang='lat' dir='ltr'><strong><em>sanctiﬁcamur?</em></strong></span> <span class='ocrx_word' id='word_1_718' title='bbox 2434 4461 2567 4527; x_wconf 71' lang='lat' dir='ltr'><strong><em>Qpia</em></strong></span> <span class='ocrx_word' id='word_1_719' title='bbox 2595 4464 2649 4515; x_wconf 90' lang='lat' dir='ltr'><strong><em>in</em></strong></span> <span class='ocrx_word' id='word_1_720' title='bbox 2677 4461 2926 4518; x_wconf 78' lang='lat' dir='ltr'><strong><em>Iordanis</em></strong></span> <span class='ocrx_word' id='word_1_721' title='bbox 2953 4468 3103 4519; x_wconf 83' lang='lat' dir='ltr'><strong><em>undis</em></strong></span> <span class='ocrx_word' id='word_1_722' title='bbox 3133 4484 3293 4538; x_wconf 76' lang='lat' dir='ltr'><strong><em>aquas</em></strong></span> <span class='ocrx_word' id='word_1_723' title='bbox 3319 4469 3386 4520; x_wconf 83' lang='lat' dir='ltr'><strong><em>ad</em></strong></span> 
     </span>
    </p>
   </div>
   <div class='ocr_carea' id='block_1_47' title="bbox 132 4543 3377 4627">
    <p class='ocr_par' dir='ltr' id='par_1_47' title="bbox 132 4543 3377 4627">
     <span class='ocr_line' id='line_1_47' title="bbox 132 4543 3377 4627; baseline 0.007 -39"><span class='ocrx_word' id='word_1_724' title='bbox 132 4543 552 4608; x_wconf 79' lang='lat' dir='ltr'><strong><em>regenerationem</em></strong></span> <span class='ocrx_word' id='word_1_725' title='bbox 579 4543 794 4596; x_wconf 79' lang='lat' dir='ltr'><strong><em>huntani</em></strong></span> <span class='ocrx_word' id='word_1_726' title='bbox 813 4546 1012 4614; x_wconf 85' lang='lat' dir='ltr'><strong><em>generis</em></strong></span> <span class='ocrx_word' id='word_1_727' title='bbox 1039 4561 1131 4598; x_wconf 90' lang='lat' dir='ltr'><strong><em>suo</em></strong></span> <span class='ocrx_word' id='word_1_728' title='bbox 1161 4546 1414 4616; x_wconf 82' lang='lat' dir='ltr'><strong><em>baptismo</em></strong></span> <span class='ocrx_word' id='word_1_729' title='bbox 1438 4551 1757 4614; x_wconf 82' lang='lat' dir='ltr'><strong><em>consecravit</em></strong></span> <span class='ocrx_word' id='word_1_730' title='bbox 1801 4549 1910 4618; x_wconf 89' lang='lat' dir='ltr'><strong><em>(a)?</em></strong></span> <span class='ocrx_word' id='word_1_731' title='bbox 1938 4549 2071 4614; x_wconf 86' lang='lat' dir='ltr'><strong><em>Quia</em></strong></span> <span class='ocrx_word' id='word_1_732' title='bbox 2100 4548 2235 4620; x_wconf 85' lang='lat' dir='ltr'><strong><em>quod</em></strong></span> <span class='ocrx_word' id='word_1_733' title='bbox 2263 4549 2558 4620; x_wconf 74' lang='lat' dir='ltr'><strong><em>baptizatus</em></strong></span> <span class='ocrx_word' id='word_1_734' title='bbox 2579 4554 2646 4606; x_wconf 90' lang='lat' dir='ltr'><strong><em>sit</em></strong></span> <span class='ocrx_word' id='word_1_735' title='bbox 2671 4553 2848 4624; x_wconf 86' lang='lat' dir='ltr'><strong><em>Agnus</em></strong></span> <span class='ocrx_word' id='word_1_736' title='bbox 2873 4554 2992 4619; x_wconf 88' lang='lat' dir='ltr'><strong><em>Dei,</em></strong></span> <span class='ocrx_word' id='word_1_737' title='bbox 3026 4562 3377 4627; x_wconf 84' lang='lat' dir='ltr'><strong><em>regenerantis</em></strong></span> 
     </span>
    </p>
   </div>
   <div class='ocr_carea' id='block_1_48' title="bbox 130 4627 3377 4719">
    <p class='ocr_par' dir='ltr' id='par_1_48' title="bbox 130 4627 3377 4719">
     <span class='ocr_line' id='line_1_48' title="bbox 130 4627 3377 4719; baseline 0.008 -39"><span class='ocrx_word' id='word_1_738' title='bbox 130 4627 350 4695; x_wconf 85' lang='lat' dir='ltr'><strong><em>baptismi</em></strong></span> <span class='ocrx_word' id='word_1_739' title='bbox 374 4631 610 4684; x_wconf 82' lang='lat' dir='ltr'><strong><em>salutare</em></strong></span> <span class='ocrx_word' id='word_1_740' title='bbox 637 4629 783 4685; x_wconf 83' lang='lat' dir='ltr'><strong><em>nobis</em></strong></span> <span class='ocrx_word' id='word_1_741' title='bbox 809 4648 991 4686; x_wconf 85' lang='lat' dir='ltr'><strong><em>munus</em></strong></span> <span class='ocrx_word' id='word_1_742' title='bbox 1017 4635 1116 4704; x_wconf 89' lang='lat' dir='ltr'><strong><em>fuit</em></strong></span> <span class='ocrx_word' id='word_1_743' title='bbox 1139 4634 1427 4689; x_wconf 87' lang='lat' dir='ltr'><strong><em>dedicatum</em></strong></span> <span class='ocrx_word' id='word_1_744' title='bbox 1458 4636 1567 4706; x_wconf 87' lang='lat' dir='ltr'><strong><em>(b)?</em></strong></span> <span class='ocrx_word' id='word_1_745' title='bbox 1591 4636 1726 4701; x_wconf 83' lang='lat' dir='ltr'><strong><em>Quia</em></strong></span> <span class='ocrx_word' id='word_1_746' title='bbox 1751 4637 1860 4706; x_wconf 87' lang='lat' dir='ltr'><strong><em>jam</em></strong></span> <span class='ocrx_word' id='word_1_747' title='bbox 1885 4653 1990 4692; x_wconf 90' lang='lat' dir='ltr'><strong><em>non</em></strong></span> <span class='ocrx_word' id='word_1_748' title='bbox 2021 4641 2100 4694; x_wconf 89' lang='lat' dir='ltr'><strong><em>sui</em></strong></span> <span class='ocrx_word' id='word_1_749' title='bbox 2124 4656 2278 4693; x_wconf 88' lang='lat' dir='ltr'><strong><em>causa</em></strong></span> <span class='ocrx_word' id='word_1_750' title='bbox 2305 4642 2593 4710; x_wconf 76' lang='lat' dir='ltr'><strong><em>baptizatus</em></strong></span> <span class='ocrx_word' id='word_1_751' title='bbox 2614 4653 2708 4708; x_wconf 89' lang='lat' dir='ltr'><strong><em>est,</em></strong></span> <span class='ocrx_word' id='word_1_752' title='bbox 2738 4645 2833 4698; x_wconf 87' lang='lat' dir='ltr'><strong><em>sed</em></strong></span> <span class='ocrx_word' id='word_1_753' title='bbox 2856 4648 3022 4700; x_wconf 90' lang='lat' dir='ltr'><strong><em>nostri</em></strong></span> <span class='ocrx_word' id='word_1_754' title='bbox 3047 4648 3153 4719; x_wconf 85' lang='lat' dir='ltr'><strong><em>(c)?</em></strong></span> <span class='ocrx_word' id='word_1_755' title='bbox 3182 4649 3377 4716; x_wconf 88' lang='lat' dir='ltr'><strong><em>Quidni</em></strong></span> 
     </span>
    </p>
   </div>
   <div class='ocr_carea' id='block_1_49' title="bbox 131 4724 3383 4802">
    <p class='ocr_par' dir='ltr' id='par_1_49' title="bbox 131 4724 3383 4802">
     <span class='ocr_line' id='line_1_49' title="bbox 131 4724 3383 4802; baseline 0.007 -28"><span class='ocrx_word' id='word_1_756' title='bbox 131 4724 277 4778; x_wconf 84' lang='lat' dir='ltr'><strong><em>etiam</em></strong></span> <span class='ocrx_word' id='word_1_757' title='bbox 304 4735 521 4782; x_wconf 88' lang='lat' dir='ltr'><strong><em>renatus</em></strong></span> <span class='ocrx_word' id='word_1_758' title='bbox 552 4727 607 4781; x_wconf 89' lang='lat' dir='ltr'><strong><em>in</em></strong></span> <span class='ocrx_word' id='word_1_759' title='bbox 635 4728 860 4797; x_wconf 82' lang='lat' dir='ltr'><strong><em>mystico</em></strong></span> <span class='ocrx_word' id='word_1_760' title='bbox 887 4744 986 4783; x_wconf 91' lang='lat' dir='ltr'><strong><em>suo</em></strong></span> <span class='ocrx_word' id='word_1_761' title='bbox 1014 4743 1262 4798; x_wconf 87' lang='lat' dir='ltr'><strong><em>corpore,</em></strong></span> <span class='ocrx_word' id='word_1_762' title='bbox 1285 4730 1428 4799; x_wconf 89' lang='lat' dir='ltr'><strong><em>quod</em></strong></span> <span class='ocrx_word' id='word_1_763' title='bbox 1468 4738 1551 4785; x_wconf 84' lang='lat' dir='ltr'><strong><em>est</em></strong></span> <span class='ocrx_word' id='word_1_764' title='bbox 1579 4730 1839 4796; x_wconf 80' lang='lat' dir='ltr'><strong><em>Ecclesia,</em></strong></span> <span class='ocrx_word' id='word_1_765' title='bbox 1866 4731 1968 4787; x_wconf 84' lang='lat' dir='ltr'><strong><em>dici</em></strong></span> <span class='ocrx_word' id='word_1_766' title='bbox 2012 4734 2187 4802; x_wconf 90' lang='lat' dir='ltr'><strong><em>potuit</em></strong></span> <span class='ocrx_word' id='word_1_767' title='bbox 2223 4731 2465 4790; x_wconf 84' lang='lat' dir='ltr'><strong><em>Christus</em></strong></span> <span class='ocrx_word' id='word_1_768' title='bbox 2491 4748 2521 4787; x_wconf 86' lang='lat' dir='ltr'><strong><em>a</em></strong></span> <span class='ocrx_word' id='word_1_769' title='bbox 2551 4733 2813 4800; x_wconf 82' lang='lat' dir='ltr'><strong><em>Maximo;</em></strong></span> <span class='ocrx_word' id='word_1_770' title='bbox 2844 4752 2965 4792; x_wconf 90' lang='lat' dir='ltr'><strong><em>cum</em></strong></span> <span class='ocrx_word' id='word_1_771' title='bbox 2994 4738 3132 4792; x_wconf 81' lang='lat' dir='ltr'><strong><em>idem</em></strong></span> <span class='ocrx_word' id='word_1_772' title='bbox 3162 4751 3383 4797; x_wconf 86' lang='lat' dir='ltr'><strong><em>sanctus</em></strong></span> 
     </span>
    </p>
   </div>
   <div class='ocr_carea' id='block_1_50' title="bbox 130 4815 3387 4901">
    <p class='ocr_par' dir='ltr' id='par_1_50' title="bbox 130 4815 3387 4901">
     <span class='ocr_line' id='line_1_50' title="bbox 130 4815 3387 4901; baseline 0.006 -34"><span class='ocrx_word' id='word_1_773' title='bbox 130 4815 397 4886; x_wconf 84' lang='lat' dir='ltr'><strong><em>episcopus</em></strong></span> <span class='ocrx_word' id='word_1_774' title='bbox 421 4820 620 4874; x_wconf 84' lang='lat' dir='ltr'><strong><em>doceat</em></strong></span> <span class='ocrx_word' id='word_1_775' title='bbox 646 4838 658 4871; x_wconf 92' lang='lat'>:</span> <span class='ocrx_word' id='word_1_776' title='bbox 691 4818 757 4873; x_wconf 88' lang='lat' dir='ltr'><strong><em>In</em></strong></span> <span class='ocrx_word' id='word_1_777' title='bbox 786 4820 978 4874; x_wconf 89' lang='lat' dir='ltr'><strong><em>Christi</em></strong></span> <span class='ocrx_word' id='word_1_778' title='bbox 1017 4821 1324 4891; x_wconf 87' lang='lat' dir='ltr'><strong><em>baptismate</em></strong></span> <span class='ocrx_word' id='word_1_779' title='bbox 1351 4823 1692 4892; x_wconf 87' lang='lat' dir='ltr'><strong><em>spiritualiter</em></strong></span> <span class='ocrx_word' id='word_1_780' title='bbox 1720 4827 1880 4894; x_wconf 89' lang='lat' dir='ltr'><strong><em>fuisse</em></strong></span> <span class='ocrx_word' id='word_1_781' title='bbox 1909 4835 2161 4890; x_wconf 89' lang='lat' dir='ltr'><strong><em>renatam,</em></strong></span> <span class='ocrx_word' id='word_1_782' title='bbox 2207 4836 2258 4880; x_wconf 86' lang='lat' dir='ltr'><strong><em>et</em></strong></span> <span class='ocrx_word' id='word_1_783' title='bbox 2297 4828 2522 4899; x_wconf 86' lang='lat' dir='ltr'><strong><em>quotidie</em></strong></span> <span class='ocrx_word' id='word_1_784' title='bbox 2558 4832 2760 4882; x_wconf 87' lang='lat' dir='ltr'><strong><em>renasci</em></strong></span> <span class='ocrx_word' id='word_1_785' title='bbox 2787 4828 3115 4886; x_wconf 79' lang='lat' dir='ltr'><strong><em>Ecclesium?</em></strong></span> <span class='ocrx_word' id='word_1_786' title='bbox 3145 4831 3387 4901; x_wconf 82' lang='lat' dir='ltr'><strong><em>Quotidie</em></strong></span> 
     </span>
    </p>
   </div>
   <div class='ocr_carea' id='block_1_51' title="bbox 129 4908 3433 4995">
    <p class='ocr_par' dir='ltr' id='par_1_51' title="bbox 129 4908 3433 4995">
     <span class='ocr_line' id='line_1_51' title="bbox 129 4908 3433 4995; baseline 0.006 -38"><span class='ocrx_word' id='word_1_787' title='bbox 129 4908 252 4960; x_wconf 69' lang='lat' dir='ltr'><strong><em>enim</em></strong></span> <span class='ocrx_word' id='word_1_788' title='bbox 272 4909 337 4962; x_wconf 90' lang='lat' dir='ltr'><strong><em>ad</em></strong></span> <span class='ocrx_word' id='word_1_789' title='bbox 361 4913 764 4982; x_wconf 87' lang='lat' dir='ltr'><strong><em>regenerationis</em></strong></span> <span class='ocrx_word' id='word_1_790' title='bbox 803 4911 959 4981; x_wconf 66' lang='lat' dir='ltr'><strong><em>vitam</em></strong></span> <span class='ocrx_word' id='word_1_791' title='bbox 984 4912 1100 4980; x_wconf 90' lang='lat' dir='ltr'><strong><em>ipsa</em></strong></span> <span class='ocrx_word' id='word_1_792' title='bbox 1129 4914 1317 4967; x_wconf 88' lang='lat' dir='ltr'><strong><em>transit</em></strong></span> <span class='ocrx_word' id='word_1_793' title='bbox 1363 4912 1617 4978; x_wconf 87' lang='lat' dir='ltr'><strong><em>Ecclesia,</em></strong></span> <span class='ocrx_word' id='word_1_794' title='bbox 1659 4918 1862 4985; x_wconf 81' lang='lat' dir='ltr'><strong><em>quoties</em></strong></span> <span class='ocrx_word' id='word_1_795' title='bbox 1892 4918 1961 4969; x_wconf 82' lang='lat' dir='ltr'><strong><em>ad</em></strong></span> <span class='ocrx_word' id='word_1_796' title='bbox 2007 4917 2314 4987; x_wconf 86' lang='lat' dir='ltr'><strong><em>baptismum</em></strong></span> <span class='ocrx_word' id='word_1_797' title='bbox 2343 4919 2728 4974; x_wconf 86' lang='lat' dir='ltr'><strong><em>catechumenos</em></strong></span> <span class='ocrx_word' id='word_1_798' title='bbox 2758 4923 2952 4992; x_wconf 86' lang='lat' dir='ltr'><strong><em>recipit.</em></strong></span> <span class='ocrx_word' id='word_1_799' title='bbox 2999 4921 3264 4978; x_wconf 55' lang='lat' dir='ltr'><strong><em>Praeterea</em></strong></span> <span class='ocrx_word' id='word_1_800' title='bbox 3294 4940 3387 4979; x_wconf 88' lang='lat' dir='ltr'><strong><em>cur</em></strong></span> <span class='ocrx_word' id='word_1_801' title='bbox 3411 4984 3433 4995; x_wconf 41' lang='grc' dir='ltr'><strong><em>ο</em></strong></span> 
     </span>
    </p>
   </div>
   <div class='ocr_carea' id='block_1_52' title="bbox 130 4997 3381 5079">
    <p class='ocr_par' dir='ltr' id='par_1_52' title="bbox 130 4997 3381 5079">
     <span class='ocr_line' id='line_1_52' title="bbox 130 4997 3381 5079; baseline 0.006 -33"><span class='ocrx_word' id='word_1_802' title='bbox 130 4997 469 5055; x_wconf 81' lang='lat' dir='ltr'><strong><em>manifestatio</em></strong></span> <span class='ocrx_word' id='word_1_803' title='bbox 497 5000 710 5054; x_wconf 76' lang='lat' dir='ltr'><strong><em>virtutis</em></strong></span> <span class='ocrx_word' id='word_1_804' title='bbox 730 5001 1152 5070; x_wconf 87' lang='lat' dir='ltr'><strong><em>sanctitatisque,</em></strong></span> <span class='ocrx_word' id='word_1_805' title='bbox 1177 4999 1374 5056; x_wconf 88' lang='lat' dir='ltr'><strong><em>Christi</em></strong></span> <span class='ocrx_word' id='word_1_806' title='bbox 1402 5001 1771 5066; x_wconf 83' lang='lat' dir='ltr'><strong><em>sanctiﬁcatio,</em></strong></span> <span class='ocrx_word' id='word_1_807' title='bbox 1797 5006 2235 5072; x_wconf 86' lang='lat' dir='ltr'><strong><em>consecratioque</em></strong></span> <span class='ocrx_word' id='word_1_808' title='bbox 2255 5008 2434 5061; x_wconf 80' lang='lat' dir='ltr'><strong><em>vocari</em></strong></span> <span class='ocrx_word' id='word_1_809' title='bbox 2464 5008 2702 5075; x_wconf 89' lang='lat' dir='ltr'><strong><em>nequivit</em></strong></span> <span class='ocrx_word' id='word_1_810' title='bbox 2730 5023 2759 5062; x_wconf 88' lang='lat' dir='ltr'><strong><em>a</em></strong></span> <span class='ocrx_word' id='word_1_811' title='bbox 2791 5008 3050 5076; x_wconf 79' lang='lat' dir='ltr'><strong><em>Maximo;</em></strong></span> <span class='ocrx_word' id='word_1_812' title='bbox 3073 5028 3102 5065; x_wconf 88' lang='lat' dir='ltr'><strong><em>a</em></strong></span> <span class='ocrx_word' id='word_1_813' title='bbox 3125 5011 3381 5079; x_wconf 77' lang='lat' dir='ltr'><strong><em>Maximo,</em></strong></span> 
     </span>
    </p>
   </div>
   <div class='ocr_carea' id='block_1_53' title="bbox 132 5087 3382 5168">
    <p class='ocr_par' dir='ltr' id='par_1_53' title="bbox 132 5087 3382 5168">
     <span class='ocr_line' id='line_1_53' title="bbox 132 5087 3382 5168; baseline 0.006 -30"><span class='ocrx_word' id='word_1_814' title='bbox 132 5087 344 5156; x_wconf 84' lang='lat' dir='ltr'><strong><em>inquam,</em></strong></span> <span class='ocrx_word' id='word_1_815' title='bbox 375 5095 466 5160; x_wconf 87' lang='lat' dir='ltr'><strong><em>qui</em></strong></span> <span class='ocrx_word' id='word_1_816' title='bbox 509 5093 798 5147; x_wconf 84' lang='lat' dir='ltr'><strong><em>accessisse</em></strong></span> <span class='ocrx_word' id='word_1_817' title='bbox 825 5091 1094 5146; x_wconf 87' lang='lat' dir='ltr'><strong><em>Christum</em></strong></span> <span class='ocrx_word' id='word_1_818' title='bbox 1125 5092 1192 5146; x_wconf 88' lang='lat' dir='ltr'><strong><em>ad</em></strong></span> <span class='ocrx_word' id='word_1_819' title='bbox 1219 5093 1544 5163; x_wconf 86' lang='lat' dir='ltr'><strong><em>baptismum</em></strong></span> <span class='ocrx_word' id='word_1_820' title='bbox 1593 5102 1772 5161; x_wconf 84' lang='lat' dir='ltr'><strong><em>negat,</em></strong></span> <span class='ocrx_word' id='word_1_821' title='bbox 1821 5102 1880 5148; x_wconf 90' lang='lat' dir='ltr'><strong><em>ut</em></strong></span> <span class='ocrx_word' id='word_1_822' title='bbox 1908 5097 2194 5165; x_wconf 88' lang='lat' dir='ltr'><strong><em>profectum</em></strong></span> <span class='ocrx_word' id='word_1_823' title='bbox 2239 5108 2471 5168; x_wconf 86' lang='lat' dir='ltr'><strong><em>caperet;</em></strong></span> <span class='ocrx_word' id='word_1_824' title='bbox 2503 5099 2594 5152; x_wconf 84' lang='lat' dir='ltr'><strong><em>sed</em></strong></span> <span class='ocrx_word' id='word_1_825' title='bbox 2625 5115 2691 5154; x_wconf 90' lang='lat' dir='ltr'><strong><em>eo</em></strong></span> <span class='ocrx_word' id='word_1_826' title='bbox 2721 5099 2950 5154; x_wconf 82' lang='lat' dir='ltr'><strong><em>aﬂirmat</em></strong></span> <span class='ocrx_word' id='word_1_827' title='bbox 2980 5102 3286 5167; x_wconf 87' lang='lat' dir='ltr'><strong><em>accessisse,</em></strong></span> <span class='ocrx_word' id='word_1_828' title='bbox 3322 5114 3382 5157; x_wconf 92' lang='lat' dir='ltr'><strong><em>ut</em></strong></span> 
     </span>
    </p>
   </div>
   <div class='ocr_carea' id='block_1_54' title="bbox 134 5179 3389 5261">
    <p class='ocr_par' dir='ltr' id='par_1_54' title="bbox 134 5179 3389 5261">
     <span class='ocr_line' id='line_1_54' title="bbox 134 5179 3389 5261; baseline 0.007 -31"><span class='ocrx_word' id='word_1_829' title='bbox 134 5179 269 5234; x_wconf 86' lang='lat' dir='ltr'><strong><em>nobis</em></strong></span> <span class='ocrx_word' id='word_1_830' title='bbox 295 5183 609 5252; x_wconf 83' lang='lat' dir='ltr'><strong><em>proﬁceret;</em></strong></span> <span class='ocrx_word' id='word_1_831' title='bbox 640 5188 837 5254; x_wconf 85' lang='lat' dir='ltr'><strong><em>quique</em></strong></span> <span class='ocrx_word' id='word_1_832' title='bbox 866 5185 1213 5250; x_wconf 87' lang='lat' dir='ltr'><strong><em>indicaturus,</em></strong></span> <span class='ocrx_word' id='word_1_833' title='bbox 1261 5201 1370 5256; x_wconf 89' lang='lat' dir='ltr'><strong><em>quo</em></strong></span> <span class='ocrx_word' id='word_1_834' title='bbox 1399 5187 1613 5241; x_wconf 88' lang='lat' dir='ltr'><strong><em>demum</em></strong></span> <span class='ocrx_word' id='word_1_835' title='bbox 1649 5187 1808 5242; x_wconf 90' lang='lat' dir='ltr'><strong><em>modo</em></strong></span> <span class='ocrx_word' id='word_1_836' title='bbox 1858 5186 2168 5243; x_wconf 83' lang='lat' dir='ltr'><strong><em>enuntietur</em></strong></span> <span class='ocrx_word' id='word_1_837' title='bbox 2209 5190 2353 5257; x_wconf 86' lang='lat' dir='ltr'><strong><em>gigni</em></strong></span> <span class='ocrx_word' id='word_1_838' title='bbox 2399 5191 2666 5260; x_wconf 88' lang='lat' dir='ltr'><strong><em>baptismo</em></strong></span> <span class='ocrx_word' id='word_1_839' title='bbox 2694 5191 2939 5247; x_wconf 85' lang='lat' dir='ltr'><strong><em>Christus</em></strong></span> <span class='ocrx_word' id='word_1_840' title='bbox 2973 5211 2984 5244; x_wconf 90' lang='lat'>:</span> <span class='ocrx_word' id='word_1_841' title='bbox 3018 5209 3157 5258; x_wconf 90' lang='lat' dir='ltr'><strong><em>cum,</em></strong></span> <span class='ocrx_word' id='word_1_842' title='bbox 3193 5195 3389 5261; x_wconf 72' lang='lat' dir='ltr'><strong><em>inquit.</em></strong></span> 
     </span>
    </p>
   </div>
   <div class='ocr_carea' id='block_1_55' title="bbox 134 5271 3392 5353">
    <p class='ocr_par' dir='ltr' id='par_1_55' title="bbox 134 5271 3392 5353">
     <span class='ocr_line' id='line_1_55' title="bbox 134 5271 3392 5353; baseline 0.004 -32"><span class='ocrx_word' id='word_1_843' title='bbox 134 5283 232 5323; x_wconf 83' lang='lat' dir='ltr'><strong><em>cum</em></strong></span> <span class='ocrx_word' id='word_1_844' title='bbox 256 5271 391 5329; x_wconf 91' lang='lat' dir='ltr'><strong><em>Deus</em></strong></span> <span class='ocrx_word' id='word_1_845' title='bbox 418 5276 581 5330; x_wconf 86' lang='lat' dir='ltr'><strong><em>Pater</em></strong></span> <span class='ocrx_word' id='word_1_846' title='bbox 615 5293 710 5330; x_wconf 88' lang='lat' dir='ltr'><strong><em>sua</em></strong></span> <span class='ocrx_word' id='word_1_847' title='bbox 747 5294 864 5332; x_wconf 74' lang='lat' dir='ltr'><strong><em>noce</em></strong></span> <span class='ocrx_word' id='word_1_848' title='bbox 888 5277 1241 5348; x_wconf 80' lang='lat' dir='ltr'><strong><em>complectitur</em></strong></span> <span class='ocrx_word' id='word_1_849' title='bbox 1277 5278 1376 5341; x_wconf 85' lang='lat' dir='ltr'><strong><em>(ait</em></strong></span> <span class='ocrx_word' id='word_1_850' title='bbox 1397 5278 1562 5342; x_wconf 87' lang='lat' dir='ltr'><strong><em>enim,</em></strong></span> <span class='ocrx_word' id='word_1_851' title='bbox 1587 5278 1668 5331; x_wconf 89' lang='lat' dir='ltr'><strong><em>hic</em></strong></span> <span class='ocrx_word' id='word_1_852' title='bbox 1697 5285 1775 5331; x_wconf 89' lang='lat' dir='ltr'><strong><em>est</em></strong></span> <span class='ocrx_word' id='word_1_853' title='bbox 1821 5276 1990 5331; x_wconf 84' lang='lat' dir='ltr'><strong><em>Filius</em></strong></span> <span class='ocrx_word' id='word_1_854' title='bbox 2020 5295 2182 5344; x_wconf 87' lang='lat' dir='ltr'><strong><em>meus,</em></strong></span> <span class='ocrx_word' id='word_1_855' title='bbox 2212 5280 2343 5351; x_wconf 86' lang='lat' dir='ltr'><strong><em>etc.)</em></strong></span> <span class='ocrx_word' id='word_1_856' title='bbox 2388 5297 2401 5333; x_wconf 88' lang='lat'><strong>:</strong></span> <span class='ocrx_word' id='word_1_857' title='bbox 2429 5280 2589 5335; x_wconf 89' lang='lat' dir='ltr'><strong><em>Pater</em></strong></span> <span class='ocrx_word' id='word_1_858' title='bbox 2614 5282 2882 5336; x_wconf 88' lang='lat' dir='ltr'><strong><em>colendum</em></strong></span> <span class='ocrx_word' id='word_1_859' title='bbox 2935 5281 3168 5353; x_wconf 86' lang='lat' dir='ltr'><strong><em>gentibus</em></strong></span> <span class='ocrx_word' id='word_1_860' title='bbox 3217 5286 3392 5335; x_wconf 82' lang='lat' dir='ltr'><strong><em>mani-</em></strong></span> 
     </span>
    </p>
   </div>
   <div class='ocr_carea' id='block_1_56' title="bbox 135 5361 1061 5446">
    <p class='ocr_par' dir='ltr' id='par_1_56' title="bbox 135 5361 1061 5446">
     <span class='ocr_line' id='line_1_56' title="bbox 135 5361 1061 5446; baseline -0.002 -9"><span class='ocrx_word' id='word_1_861' title='bbox 135 5361 270 5428; x_wconf 65' lang='grc' dir='ltr'>[κιαι</span> <span class='ocrx_word' id='word_1_862' title='bbox 302 5365 398 5437; x_wconf 73' lang='grc' dir='ltr'><strong><em>(δ).</em></strong></span> <span class='ocrx_word' id='word_1_863' title='bbox 769 5440 773 5443; x_wconf 95' lang='lat'>_</span> <span class='ocrx_word' id='word_1_864' title='bbox 1059 5442 1061 5446; x_wconf 25' lang='grc' dir='ltr'><strong><em>λ</em></strong></span> 
     </span>
    </p>
   </div>
   <div class='ocr_carea' id='block_1_57' title="bbox 197 5448 3385 5530">
    <p class='ocr_par' dir='ltr' id='par_1_57' title="bbox 197 5448 3385 5530">
     <span class='ocr_line' id='line_1_57' title="bbox 197 5448 3385 5530; baseline 0.003 -23"><span class='ocrx_word' id='word_1_865' title='bbox 197 5448 299 5507; x_wconf 80' lang='grc' dir='ltr'><strong><em>ΧΠ.</em></strong></span> <span class='ocrx_word' id='word_1_866' title='bbox 335 5454 439 5511; x_wconf 85' lang='lat' dir='ltr'><strong><em>Sed</em></strong></span> <span class='ocrx_word' id='word_1_867' title='bbox 467 5457 724 5528; x_wconf 81' lang='lat' dir='ltr'><strong><em>quoniam</em></strong></span> <span class='ocrx_word' id='word_1_868' title='bbox 752 5456 820 5513; x_wconf 86' lang='lat' dir='ltr'><strong><em>de</em></strong></span> <span class='ocrx_word' id='word_1_869' title='bbox 844 5456 1118 5528; x_wconf 77' lang='lat' dir='ltr'><strong><em>baptissto</em></strong></span> <span class='ocrx_word' id='word_1_870' title='bbox 1141 5454 1429 5512; x_wconf 61' lang='lat' dir='ltr'><strong><em>Scrutare</em></strong></span> <span class='ocrx_word' id='word_1_871' title='bbox 1455 5456 1688 5525; x_wconf 80' lang='lat' dir='ltr'><strong><em>Christo,</em></strong></span> <span class='ocrx_word' id='word_1_872' title='bbox 1722 5459 1895 5530; x_wconf 86' lang='lat' dir='ltr'><strong><em>deque</em></strong></span> <span class='ocrx_word' id='word_1_873' title='bbox 1944 5459 2281 5516; x_wconf 87' lang='lat' dir='ltr'><strong><em>institutione</em></strong></span> <span class='ocrx_word' id='word_1_874' title='bbox 2317 5461 2664 5526; x_wconf 83' lang='lat' dir='ltr'><strong><em>baptismatis</em></strong></span> <span class='ocrx_word' id='word_1_875' title='bbox 2683 5470 2860 5518; x_wconf 87' lang='lat' dir='ltr'><strong><em>actum</em></strong></span> <span class='ocrx_word' id='word_1_876' title='bbox 2891 5478 2921 5517; x_wconf 86' lang='lat' dir='ltr'><strong><em>a</em></strong></span> <span class='ocrx_word' id='word_1_877' title='bbox 2951 5464 3121 5527; x_wconf 86' lang='lat' dir='ltr'><strong><em>nobis,</em></strong></span> <span class='ocrx_word' id='word_1_878' title='bbox 3165 5477 3231 5515; x_wconf 84' lang='lat' dir='ltr'><strong><em>ex</em></strong></span> <span class='ocrx_word' id='word_1_879' title='bbox 3259 5463 3385 5517; x_wconf 86' lang='lat' dir='ltr'><strong><em>doc-</em></strong></span> 
     </span>
    </p>
   </div>
   <div class='ocr_carea' id='block_1_58' title="bbox 137 5538 3383 5623">
    <p class='ocr_par' dir='ltr' id='par_1_58' title="bbox 137 5538 3383 5623">
     <span class='ocr_line' id='line_1_58' title="bbox 137 5538 3383 5623; baseline 0.004 -28"><span class='ocrx_word' id='word_1_880' title='bbox 137 5538 258 5595; x_wconf 83' lang='lat' dir='ltr'><strong><em>trina</em></strong></span> <span class='ocrx_word' id='word_1_881' title='bbox 284 5541 518 5612; x_wconf 70' lang='lat' dir='ltr'><strong><em>llaximi,</em></strong></span> <span class='ocrx_word' id='word_1_882' title='bbox 544 5546 805 5602; x_wconf 83' lang='lat' dir='ltr'><strong><em>hactenus</em></strong></span> <span class='ocrx_word' id='word_1_883' title='bbox 843 5554 958 5612; x_wconf 86' lang='lat' dir='ltr'><strong><em>est;</em></strong></span> <span class='ocrx_word' id='word_1_884' title='bbox 990 5561 1097 5602; x_wconf 91' lang='lat' dir='ltr'><strong><em>non</em></strong></span> <span class='ocrx_word' id='word_1_885' title='bbox 1136 5546 1234 5601; x_wconf 82' lang='lat' dir='ltr'><strong><em>abs</em></strong></span> <span class='ocrx_word' id='word_1_886' title='bbox 1260 5557 1321 5601; x_wconf 84' lang='lat' dir='ltr'><strong><em>re</em></strong></span> <span class='ocrx_word' id='word_1_887' title='bbox 1349 5547 1581 5603; x_wconf 87' lang='lat' dir='ltr'><strong><em>arbitror</em></strong></span> <span class='ocrx_word' id='word_1_888' title='bbox 1619 5547 1874 5616; x_wconf 76' lang='lat' dir='ltr'><strong><em>futurum,</em></strong></span> <span class='ocrx_word' id='word_1_889' title='bbox 1905 5550 1948 5605; x_wconf 88' lang='lat' dir='ltr'><strong><em>si</em></strong></span> <span class='ocrx_word' id='word_1_890' title='bbox 1977 5551 2166 5620; x_wconf 86' lang='lat' dir='ltr'><strong><em>paucis</em></strong></span> <span class='ocrx_word' id='word_1_891' title='bbox 2197 5565 2485 5621; x_wconf 78' lang='lat' dir='ltr'><strong><em>exponam,</em></strong></span> <span class='ocrx_word' id='word_1_892' title='bbox 2515 5568 2678 5620; x_wconf 87' lang='lat' dir='ltr'><strong><em>quam</em></strong></span> <span class='ocrx_word' id='word_1_893' title='bbox 2724 5561 2940 5608; x_wconf 79' lang='lat' dir='ltr'><strong><em>sanctus</em></strong></span> <span class='ocrx_word' id='word_1_894' title='bbox 2967 5553 3246 5623; x_wconf 85' lang='lat' dir='ltr'><strong><em>episcopus</em></strong></span> <span class='ocrx_word' id='word_1_895' title='bbox 3265 5566 3383 5618; x_wconf 60' lang='lat' dir='ltr'><strong><em>gra»</em></strong></span> 
     </span>
    </p>
   </div>
   <div class='ocr_carea' id='block_1_59' title="bbox 197 5646 2591 5796">
    <p class='ocr_par' dir='ltr' id='par_1_59' title="bbox 197 5646 2591 5796">
     <span class='ocr_line' id='line_1_59' title="bbox 197 5646 2591 5796; baseline 0.005 -95"><span class='ocrx_word' id='word_1_896' title='bbox 197 5646 267 5766; x_wconf 52' lang='grc' dir='ltr'><strong><em>(αξ</em></strong></span> <span class='ocrx_word' id='word_1_897' title='bbox 302 5649 493 5734; x_wconf 52' lang='lat' dir='ltr'><strong><em>Boniti.</em></strong></span> <span class='ocrx_word' id='word_1_898' title='bbox 522 5652 614 5717; x_wconf 55' lang='grc' dir='ltr'><strong><em>ᾗ..</em></strong></span> <span class='ocrx_word' id='word_1_899' title='bbox 646 5667 768 5724; x_wconf 82' lang='lat' dir='ltr'><strong><em>pag.</em></strong></span> <span class='ocrx_word' id='word_1_900' title='bbox 798 5652 886 5740; x_wconf 56' lang='lat'><strong><em>63,</em></strong></span> <span class='ocrx_word' id='word_1_901' title='bbox 915 5661 973 5708; x_wconf 85' lang='lat' dir='ltr'><strong><em>et</em></strong></span> <span class='ocrx_word' id='word_1_902' title='bbox 1000 5652 1195 5735; x_wconf 60' lang='lat' dir='ltr'><strong><em>Humi}.</em></strong></span> <span class='ocrx_word' id='word_1_903' title='bbox 1232 5651 1320 5715; x_wconf 74' lang='lat'><strong><em>29.</em></strong></span> <span class='ocrx_word' id='word_1_904' title='bbox 1344 5663 1471 5723; x_wconf 79' lang='lat' dir='ltr'><strong><em>pag.</em></strong></span> <span class='ocrx_word' id='word_1_905' title='bbox 1498 5653 1586 5710; x_wconf 88' lang='lat'><strong><em>87.</em></strong></span> <span class='ocrx_word' id='word_1_906' title='bbox 1991 5655 2188 5738; x_wconf 65' lang='lat' dir='ltr'><strong><em>Hemi].</em></strong></span> <span class='ocrx_word' id='word_1_907' title='bbox 2231 5658 2319 5722; x_wconf 77' lang='grc'><strong><em>51,</em></strong></span> <span class='ocrx_word' id='word_1_908' title='bbox 2353 5668 2471 5728; x_wconf 83' lang='lat' dir='ltr'><strong><em>pag.</em></strong></span> <span class='ocrx_word' id='word_1_909' title='bbox 2508 5659 2591 5723; x_wconf 79' lang='lat' dir='ltr'><strong><em>9i,</em></strong></span> 
     </span>
     <span class='ocr_line' id='line_1_60' title="bbox 198 5717 2591 5796; baseline 0.003 -25"><span class='ocrx_word' id='word_1_910' title='bbox 198 5717 259 5786; x_wconf 65' lang='grc' dir='ltr'><strong><em>(ὁ,</em></strong></span> <span class='ocrx_word' id='word_1_911' title='bbox 303 5719 495 5779; x_wconf 70' lang='lat' dir='ltr'><strong><em>ﬂoruit.</em></strong></span> <span class='ocrx_word' id='word_1_912' title='bbox 529 5724 618 5791; x_wconf 66' lang='lat'><strong><em>33,</em></strong></span> <span class='ocrx_word' id='word_1_913' title='bbox 644 5738 769 5796; x_wconf 77' lang='lat' dir='ltr'><strong><em>pag.</em></strong></span> <span class='ocrx_word' id='word_1_914' title='bbox 801 5723 890 5790; x_wconf 69' lang='lat'><strong><em>65,</em></strong></span> <span class='ocrx_word' id='word_1_915' title='bbox 925 5733 981 5779; x_wconf 90' lang='lat' dir='ltr'><strong><em>et</em></strong></span> <span class='ocrx_word' id='word_1_916' title='bbox 1007 5723 1203 5779; x_wconf 79' lang='lat' dir='ltr'><strong><em>Hunni.</em></strong></span> <span class='ocrx_word' id='word_1_917' title='bbox 1238 5724 1327 5789; x_wconf 74' lang='lat'><strong><em>50,</em></strong></span> <span class='ocrx_word' id='word_1_918' title='bbox 1356 5739 1477 5794; x_wconf 81' lang='lat' dir='ltr'><strong><em>pag.</em></strong></span> <span class='ocrx_word' id='word_1_919' title='bbox 1511 5723 1596 5779; x_wconf 87' lang='lat'><strong><em>90.</em></strong></span> <span class='ocrx_word' id='word_1_920' title='bbox 1943 5727 1961 5794; x_wconf 84' lang='lat'>)</span> <span class='ocrx_word' id='word_1_921' title='bbox 2000 5727 2194 5785; x_wconf 78' lang='lat' dir='ltr'><strong><em>ltomtl.</em></strong></span> <span class='ocrx_word' id='word_1_922' title='bbox 2229 5728 2312 5795; x_wconf 75' lang='lat'><strong><em>50,</em></strong></span> <span class='ocrx_word' id='word_1_923' title='bbox 2349 5744 2469 5796; x_wconf 77' lang='lat' dir='ltr'><strong><em>pag.</em></strong></span> <span class='ocrx_word' id='word_1_924' title='bbox 2517 5730 2591 5783; x_wconf 41' lang='lat'><strong><em>90.</em></strong></span> 
     </span>
    </p>
   </div>
   <div class='ocr_carea' id='block_1_60' title="bbox 198 5717 2602 5799">
    <p class='ocr_par' dir='ltr' id='par_1_60' title="bbox 198 5717 2602 5799">
     <span class='ocr_line' id='line_1_61' title="bbox 198 5717 2602 5799; baseline -0.001 -17"><span class='ocrx_word' id='word_1_925' title='bbox 198 5717 267 5786; x_wconf 72' lang='grc' dir='ltr'><strong><em>(ὁ)</em></strong></span> <span class='ocrx_word' id='word_1_926' title='bbox 303 5719 495 5779; x_wconf 70' lang='lat' dir='ltr'><strong><em>ﬂoruit.</em></strong></span> <span class='ocrx_word' id='word_1_927' title='bbox 529 5724 618 5791; x_wconf 66' lang='lat'><strong><em>33,</em></strong></span> <span class='ocrx_word' id='word_1_928' title='bbox 801 5717 890 5790; x_wconf 74' lang='lat'><strong><em>65,</em></strong></span> <span class='ocrx_word' id='word_1_929' title='bbox 925 5733 981 5779; x_wconf 90' lang='lat' dir='ltr'><strong><em>et</em></strong></span> <span class='ocrx_word' id='word_1_930' title='bbox 1007 5723 1203 5779; x_wconf 83' lang='lat' dir='ltr'><strong><em>Homii.</em></strong></span> <span class='ocrx_word' id='word_1_931' title='bbox 1238 5724 1327 5789; x_wconf 74' lang='lat'><strong><em>50,</em></strong></span> <span class='ocrx_word' id='word_1_932' title='bbox 1353 5717 1477 5794; x_wconf 68' lang='lat' dir='ltr'><strong><em>pag.</em></strong></span> <span class='ocrx_word' id='word_1_933' title='bbox 1511 5723 1596 5779; x_wconf 87' lang='lat'><strong><em>90.</em></strong></span> <span class='ocrx_word' id='word_1_934' title='bbox 1884 5717 1961 5796; x_wconf 57' lang='lat' dir='ltr'><strong><em>id)</em></strong></span> <span class='ocrx_word' id='word_1_935' title='bbox 2000 5727 2194 5785; x_wconf 82' lang='lat' dir='ltr'><strong><em>ltomil.</em></strong></span> <span class='ocrx_word' id='word_1_936' title='bbox 2229 5717 2316 5795; x_wconf 75' lang='lat'><strong><em>30,</em></strong></span> <span class='ocrx_word' id='word_1_937' title='bbox 2517 5717 2602 5783; x_wconf 63' lang='lat'><strong><em>96.</em></strong></span> 
     </span>
    </p>
   </div>
  </div>
