3898 6226
129 305 182 361 (15
1623 314 2000 369 ΡΒᾹΞΡΑΤΙΟ.
3356 323 3425 377 66

140 421 259 477 nobis
278 424 570 494 plenitudo
601 433 870 502 mysterii
902 430 1168 496 proﬁceret
1187 469 1198 482 .
1221 467 1233 480 .
1256 468 1267 481 .
1290 468 1302 481 .
1334 429 1420 481 Ait
1444 427 1672 481 Joannes
1695 443 1712 480 :
1759 446 1776 478 ι
1797 426 1909 498 Ego
1936 445 1968 480 a
1999 438 2046 481 te
2074 428 2228 481 debeo
2253 428 2527 498 baptizari.
2553 450 2570 480 ι
2616 431 2946 486 Contestatur
2987 449 3112 505 ergo
3141 434 3446 502 Dominum,

149 533 234 570 non
258 518 335 569 sui
378 535 552 572 causa
603 538 736 576 esse
777 523 1122 591 baptizatum,
1151 537 1264 574 cum
1303 530 1574 591 antequam
1601 519 1984 588 baptizaretur,
2033 520 2096 572 ab
2145 537 2203 573 eo
2232 537 2288 573 se
2313 525 2481 591 magis
2511 522 2766 592 baptizari
2794 523 3024 580 Joannes
3061 529 3445 596 expostulabat.

162 607 476 664 Demonstrat
497 613 647 664 enim
683 613 788 666 hoc
819 613 1067 676 dicendo,
1117 613 1364 680 majorem
1410 611 1632 681 gratiam
1672 610 1840 683 [LXIV]
1887 627 1998 664 esse
2020 611 2073 662 in
2101 614 2339 680 mysterio
2370 610 2612 677 Domini,
2658 632 2813 685 quam
2839 617 2895 669 in
2923 614 3173 688 (Joanne)
3202 622 3451 688 magistro

169 703 396 770 mysterii.
441 699 586 764 Quid
608 703 759 755 enim
788 702 872 755 illi
907 700 1156 771 (Christo)
1188 701 1587 754 consecrationis
1617 709 1818 770 poterat
1842 701 2045 753 tradere
2063 742 2076 764 ,
2109 717 2140 752 a
2165 718 2264 770 quo
2293 703 2756 771 sanctiﬁcationem
2781 707 2891 775 ipse
2912 705 3189 778 (Joannes)
3219 709 3452 777 accipere

169 793 403 862 optabat?
434 793 673 864 Inferior
696 795 840 847 enim
860 803 976 847 erat
997 795 1238 863 magister
1265 794 1480 857 meritis,
1509 809 1660 862 quam
1683 791 1962 861 discipulus
1992 793 2298 846 sanctitate?
2327 793 2517 847 Christi
2541 795 2677 847 enim
2695 798 3096 862 comparatione,
3127 806 3176 849 et
3199 799 3452 868 magister

178 885 440 954 (Joannes)
471 887 750 954 imperitus
772 926 788 950 ,
834 893 885 938 et
911 886 1115 954 justitia
1143 883 1452 953 semiplena,
1501 892 1551 935 et
1576 899 1711 954 aqua
1739 891 1814 934 est
1841 882 2146 935 turbulenta.
2193 885 2260 934 At
2297 882 2383 935 ubi
2424 883 2714 952 baptizatur
2741 885 3014 947 Dominus,
3047 886 3449 941 benedictionem

175 977 278 1044 ejus
305 985 352 1028 et
375 978 626 1045 magister
671 974 956 1045 (Joannes)
985 960 1210 1044 proficit,
1261 985 1309 1027 et
1330 975 1537 1042 justitia
1575 975 1835 1043 impletur,
1874 983 1924 1025 et
1945 973 2084 1025 unda
2129 984 2392 1042 purgatur.
2455 973 2690 1043 Purgata
2715 984 2791 1028 est
2810 976 2950 1028 unda
2969 1017 2983 1040 ,
3008 993 3136 1047 quae,
3171 995 3285 1030 cum
3313 991 3448 1030 esset

173 1069 282 1121 vilis
311 1078 358 1119 et
387 1068 603 1137 frigida,
634 1067 1008 1120 benedictionis
1022 1065 1310 1119 Dominicte
1331 1057 1501 1118 calore
1529 1064 1692 1117 ditata
1723 1073 1828 1133 est;
1856 1066 1930 1117 ita
1949 1075 2004 1116 ut
2032 1080 2144 1134 qute
2170 1065 2254 1116 vix
2282 1073 2434 1116 antea
2462 1063 2752 1116 mundanas
2776 1081 2944 1117 rerum
2964 1067 3194 1119 maculas
3215 1066 3443 1131 diluerit,

168 1176 304 1214 nunc
334 1174 680 1214 smauusus
708 1174 988 1212 runmce'r
1014 1172 1257 1215 uenus
1285 1173 1580 1211 unusnon.
1640 1154 1754 1208 Nec
1794 1157 2068 1217 miremini,
2097 1154 2232 1226 quod
2271 1172 2475 1222 aquam,
2511 1155 2604 1207 hoc
2643 1163 2720 1208 est
2740 1154 3077 1209 substantiam
3105 1157 3448 1225 corporalem,

166 1265 237 1303 AD
266 1265 655 1302 PURIFICANDAI
685 1263 886 1302 ANIIAI
914 1263 1122 1302 DICIIUS
1149 1263 1465 1301 PERVENIRE.
1520 1245 1705 1298 Perver

1909 1262 1986 1309 ne,
2032 1254 2267 1315 penetrat
2305 1246 2631 1297 conscientia:
2659 1247 2898 1298 universa
2926 1246 3162 1299 latibula.
3206 1245 3448 1308 Quamvis

161 1340 306 1391 enim
337 1340 452 1409 ipsa
498 1338 700 1392 subtilis
742 1348 789 1393 et
837 1341 1022 1403 tenuis,
1071 1338 1420 1392 benedictione
1464 1349 1634 1389 tamen
1681 1335 1871 1390 Christi
1920 1338 2060 1406 facta
2104 1335 2359 1400 subtilior,
2403 1352 2492 1404 per
2532 1336 2761 1389 occultas
2786 1338 2903 1390 vita:
2931 1355 3134 1400 causas,
3162 1339 3231 1390 ad
3255 1339 3452 1391 scelera

161 1429 362 1482 animle
389 1443 630 1482 somnus
658 1444 798 1482 noni:
829 1443 1176 1481 Ρειιτιιλκειτ.
1211 1426 1466 1482 Subtilior
1493 1442 1619 1479 eum
1652 1442 1748 1479 esr
1782 1442 2203 1480 BENBDICTIONUM
2232 1441 2452 1490 rLuxus,
2484 1441 2622 1487 quau
2653 1443 2899 1488 AQUABUI
2930 1443 3157 1481 uenus.
3229 1427 3378 1482 Unde
3405 1438 3453 1482 ct

160 1517 398 1571 diximus
419 1517 626 1587 quodin
652 1516 938 1571 Saluatoris
969 1515 1273 1585 baptismate
1294 1515 1576 1569 benedictio
1593 1556 1604 1578 ,
1631 1531 1744 1585 qua:
1779 1516 1999 1583 defluxit
2030 1527 2274 1585 tanquam
2299 1516 2482 1582 fluvius
2504 1517 2773 1584 specialis,
2799 1519 3026 1571 omnium
3057 1521 3313 1589 gurgitum
3346 1530 3455 1573 tra-

156 1618 278 1661 ctus
298 1618 349 1660 et
371 1617 670 1660 cunctorum
692 1608 913 1676 fontium
939 1622 1090 1659 venas
1119 1607 1374 1675 infecerit.
1401 1604 1595 1657 Mirum
1616 1606 1772 1666 enim,
1801 1605 2032 1672 inquam,
2058 1603 2180 1657 dum
2202 1604 2404 1657 Christo
2432 1606 2486 1656 in
2509 1604 2739 1659 Jordane
2762 1608 2950 1676 posito,
2976 1625 3225 1678 aquarum
3248 1608 3453 1678 quidem

156 1699 390 1767 ﬂumina
416 1697 673 1750 lavantur.
717 1695 823 1749 Sed
841 1706 891 1748 et
913 1696 1320 1749 benedictionum
1344 1696 1540 1762 fluenta
1571 1696 1864 1747 currebant.
1909 1693 2043 1746 Inde
2065 1695 2194 1747 alvei
2223 1712 2408 1765 gurges
2440 1695 2692 1749 turbidior
2717 1696 3005 1766 ferebatur;
3032 1699 3149 1751 hinc
3180 1700 3298 1768 fons
3329 1698 3455 1752 Sal-

157 1791 363 1842 actoris
392 1789 700 1857 purissimus
722 1785 1051 1851 emundabat,
1075 1794 1124 1838 et
1150 1794 1361 1855 stupore
1387 1785 1610 1855 quodam
1649 1784 1887 1838 deorsum
1927 1785 1998 1837 ad
2019 1785 2269 1838 Jordanis
2298 1786 2548 1854 originem
2577 1789 2893 1841 consecratio
2915 1787 3236 1856 baptismatis
3263 1805 3448 1842 ascen-

156 1876 340 1942 debat,
366 1887 415 1931 et
443 1887 626 1932 contra
647 1894 894 1943 aquarum
916 1878 1143 1945 fluvium,
1169 1874 1575 1929 benedictionum
1596 1875 1779 1943 ﬂuvius
1801 1876 2077 1945 ferebatur,
2099 1885 2204 1929 etc.
2230 1876 2379 1929 Alter
2398 1885 2480 1929 est
2507 1877 2653 1930 locus
2675 1887 2930 1946 exceptus
2955 1893 3024 1932 ex
3051 1894 3216 1934 serln.
3240 1879 3325 1946 15,
3361 1883 3456 1949 qui

155 1976 247 2024 est
267 1970 337 2021 de
356 1967 541 2022 Gratia
564 1967 822 2038 baptismi,
838 1980 960 2036 pag.
977 1966 1080 2018 429
1099 1981 1234 2034 seq.,
1254 1976 1442 2035 estque
1462 1966 1797 2034 hujusmodi:
1823 1965 1974 2029 Quod
1992 1968 2132 2019 salva
2156 1967 2260 2036 fide
2275 1967 2514 2023 dixerim.
2533 1969 2650 2020 licet
2671 1967 2923 2038 baptisma
2951 1977 3219 2039 utrumque
3235 1970 3456 2038 (nempe

162 2055 402 2112 Joannis
428 2063 484 2111 et
503 2055 724 2125 Christi)
746 2057 812 2109 sit
835 2055 1066 2121 Domini,
1102 2065 1244 2109 tanto
1271 2057 1470 2126 gratius
1497 2065 1618 2125 puto
1642 2056 1736 2108 hoc
1767 2054 2023 2126 baptisma
2053 2073 2162 2110 esse
2183 2073 2280 2128 quo
2308 2074 2401 2110 nos
2423 2058 2695 2123 abluimur,
2729 2076 2881 2129 quam
2904 2061 3034 2113 illud
3058 2060 3320 2131 (Joannis)
3350 2079 3450 2132 quo

170 2143 429 2200 Salvator
455 2145 764 2214 baptizatur.
807 2143 924 2196 Hoc
942 2146 1075 2197 enim
1097 2144 1384 2197 celebratur
1402 2161 1494 2214 per
1513 2142 1793 2209 Christum,
1824 2145 1956 2198 illud
1976 2135 2282 2198 celebratum
2311 2155 2385 2197 est
2424 2164 2514 2214 per
2557 2147 2832 2200 Joannem.
2877 2149 2940 2201 In
2974 2151 3066 2203 illo
3109 2168 3163 2203 se
3200 2155 3450 2221 magister

167 2230 459 2302 (Joannes)
482 2239 714 2294 excusat,
738 2232 793 2284 in
815 2233 913 2284 isto
935 2248 1027 2284 nos
1050 2229 1294 2284 Salvator
1312 2232 1514 2284 invitat.
1543 2229 1609 2284 In
1628 2231 1719 2284 illo
1743 2231 1949 2302 justitia
1977 2231 2277 2300 semiplena,
2301 2233 2354 2284 in
2384 2233 2482 2286 isto
2515 2232 2741 2288 Trinitas
2766 2239 3012 2307 perfecta.
3054 2239 3134 2291 Ad
3165 2239 3296 2292 illud
3322 2257 3449 2294 san-

168 2332 286 2376 ctus
309 2323 465 2388 venit,
490 2331 699 2376 sanctus
719 2339 953 2392 egressus
973 2331 1084 2387 est;
1109 2321 1179 2373 ad
1198 2322 1337 2375 istud
1355 2331 1594 2392 peccator
1614 2324 1767 2386 venit,
1793 2332 1842 2374 et
1861 2331 2076 2395 sanctus
2095 2322 2339 2374 abscedit.
2368 2322 2431 2375 In
2454 2324 2543 2377 illo
2567 2324 2847 2379 benedictio
2878 2331 3138 2397 confertur
3166 2335 3450 2400 mysteriis,

170 2417 226 2468 in
260 2416 362 2468 isto
389 2414 652 2484 mysteriis
676 2413 863 2466 delicta
897 2412 1140 2465 donatur.
1176 2412 1253 2466 Ac
1279 2412 1346 2466 de
1375 2412 1778 2479 comparatione
1805 2411 2056 2479 baptismi
2083 2409 2321 2476 Joannis,
2353 2427 2472 2465 cum
2502 2413 2769 2482 baptismo
2798 2415 3014 2482 Christi,
3049 2419 3330 2474 hactenus.

239 2501 382 2557 XIV.
424 2502 578 2556 Nunc
598 2501 665 2554 de
687 2500 978 2565 miraculis,
1002 2499 1176 2568 deque
1201 2499 1578 2568 praedicatione
1602 2497 1905 2553 Servatoris
1927 2497 2147 2566 Christi,
2181 2507 2239 2552 ut
2267 2498 2379 2553 ﬁeri
2404 2502 2618 2569 poterit,
2643 2502 2913 2558 brevibus.
2941 2504 3018 2560 Ac
3041 2508 3311 2563 miraculis
3333 2511 3453 2579 qui-

161 2595 290 2650 dem
308 2593 582 2648 Christum
602 2591 999 2646 manifestatum
1022 2590 1185 2645 fuisse
1204 2591 1392 2655 Deum,
1407 2591 1496 2658 qui
1521 2591 1808 2644 humanam
1828 2598 2074 2644 naturam
2096 2604 2320 2658 eamque
2342 2591 2735 2647 inﬁrmitatibus
2758 2594 2955 2648 nostris
2975 2595 3264 2650 obnoxiam
3277 2614 3454 2653 susce.

164 2694 344 2756 perat,
357 2692 548 2739 monet
563 2682 825 2736 Maximus
841 2683 1026 2736 homil.
1047 2681 1132 2746 l7,
1150 2696 1274 2751 pag.
1292 2682 1378 2736 50.
1398 2680 1650 2748 Christus,
1669 2682 1858 2750 inquit,
1877 2681 2132 2736 Dominus
2152 2692 2325 2736 noster
2340 2683 2408 2734 ad
2432 2691 2655 2736 terrenas
2677 2683 2921 2736 invitatus
2937 2686 3141 2754 nuptias
3158 2687 3455 2752 adverterat,

165 2793 274 2829 non
295 2785 351 2828 ut
371 2775 464 2828 illo
488 2774 826 2828 delectaretur
855 2773 1106 2837 convivio,
1137 2771 1227 2825 sed
1249 2780 1305 2824 ut
1327 2788 1382 2824 se
1402 2773 1700 2841 nuptiarum
1730 2787 1841 2824 esse
1861 2770 2240 2824 demonstraret
2265 2780 2560 2833 auctorem;
2589 2771 2893 2841 easdemque
2918 2774 3254 2842 sanctiﬁcans
3284 2775 3458 2829 divina

165 2867 332 2935 ipsius
346 2866 652 2917 incresceret
662 2860 1049 2932 virtus,quando
1063 2858 1438 2930 nuptiantibus,
1463 2859 1599 2930 quod
1613 2860 1738 2928 ipsis
1751 2859 2006 2929 defecerat
2022 2859 2211 2922 vinum,
2225 2859 2336 2926 ipse
2349 2858 2505 2910 dedit.
2531 2857 2682 2911 Dedit
2696 2859 2898 2928 quidem
2911 2861 3098 2913 vinum.
3116 2861 3261 2929 Aqua
3287 2863 3453 2932 reple-

168 2965 249 3007 tas
279 2950 433 3026 [va]
457 2952 672 3022 hydrias
700 2952 813 3020 ipse
840 2953 894 3004 in
926 2951 1041 3003 vina
1063 2951 1341 3003 mutavit...
1378 2949 1600 3003 Tantum
1624 2967 1746 3019 ergo
1777 2949 2001 3002 videntes
2031 2949 2336 3002 miraculum
2366 2949 2711 3011 crediderunt,
2744 2951 2818 3001 uti
2847 2949 2996 3002 habet
3025 2967 3190 3008 sermo
3220 2953 3450 3017 divinus,

167 3049 222 3099 in
251 3064 369 3100 eum
397 3044 641 3114 discipuli
661 3045 793 3114 ejus,
825 3061 931 3097 non
951 3043 1068 3113 jam
1096 3043 1230 3114 quod
1258 3045 1369 3108 ipse
1395 3052 1526 3095 esset
1549 3043 1791 3106 hominis,
1821 3041 1911 3094 sed
1941 3040 2037 3093 Dei
2067 3038 2115 3091 F
2118 3041 2255 3104 ilius,
2279 3039 2416 3110 quod
2443 3049 2586 3093 tanto
2625 3039 3052 3108 comprobabatur
3081 3043 3350 3097 miraculo.
3390 3045 3457 3099 Id

169 3154 366 3207 quoque
386 3145 436 3188 et
464 3151 578 3197 nos,
610 3137 817 3205 fratres,
851 3143 955 3187 toto
977 3133 1130 3187 corde
1158 3133 1450 3197 credamus,
1481 3133 1648 3201 ipsum
1677 3149 1874 3202 nempe,
1906 3133 1999 3184 etsi
2029 3140 2221 3185 nostra:
2243 3139 2532 3183 consortem
2564 3141 2784 3192 naturae,
2818 3142 3049 3201 paterna:
3078 3143 3248 3188 tamen
3279 3136 3460 3190 divina

171 3228 482 3281 substantia:
509 3242 621 3278 esse
648 3226 978 3295 coazqualem.
1013 3224 1081 3279 Et
1104 3226 1322 3279 homilia
1350 3225 1440 3290 2'5,
1487 3232 1605 3294 quae
1647 3233 1730 3280 est
1771 3225 1999 3294 septima
2043 3224 2106 3277 de
2141 3223 2460 3293 Epiphania,
2505 3239 2623 3292 pag.
2658 3223 2726 3276 69
2759 3243 2771 3276 :
2805 3224 3129 3279 Permutatio
3157 3243 3404 3296 aquarum
3434 3247 3465 3285 a

173 3335 268 3372 sua
286 3321 338 3371 in
365 3317 596 3370 alienam
625 3327 918 3370 creaturam
946 3318 1216 3387 praesentis
1245 3315 1506 3370 Creatoris
1528 3325 1600 3370 est
1633 3326 1820 3370 testata
1841 3317 2098 3370 virtutem.
2134 3312 2314 3385 Neque
2342 3331 2459 3368 vero
2481 3317 2747 3386 quisquam
2770 3327 3060 3369 convertere
3087 3335 3246 3387 aquas
3269 3319 3320 3370 in
3346 3335 3470 3372 usus

172 3420 348 3479 posset
376 3411 532 3473 alios,
563 3409 664 3461 nisi
692 3409 778 3460 ille
805 3409 890 3478 qui
919 3424 1006 3460 eas
1037 3409 1157 3477 fecit
1183 3424 1248 3460 ea:
1277 3408 1504 3461 nihilo...
1556 3406 1671 3460 Nec
1701 3405 2058 3469 dubitandum,
2091 3405 2402 3466 charissimi,
2436 3407 2556 3475 quia
2586 3407 2696 3474 ipse
2734 3422 2894 3476 aquas
2936 3407 3165 3460 traduxit
3195 3410 3247 3460 in
3274 3411 3466 3478 vinum,

173 3503 259 3571 qui
286 3518 375 3554 eas
399 3499 463 3551 ab
495 3501 642 3552 initio
663 3502 851 3552 creavit
881 3501 932 3552 in
964 3501 1121 3564 nives,
1154 3499 1357 3551 duravit
1385 3501 1440 3551 in
1463 3501 1746 3570 glaciem...
1781 3497 2124 3550 Crediderunt
2147 3495 2403 3565 discipuli,
2428 3512 2533 3548 non
2554 3498 2726 3565 utique
2747 3497 2840 3549 hoc
2869 3498 3003 3567 quod
3030 3498 3143 3566 fieri
3174 3498 3462 3564 cernebant,

179 3594 271 3645 sed
301 3591 436 3644 illud
464 3591 602 3662 quod
631 3590 857 3643 carnalis
885 3590 1051 3642 videre
1094 3607 1196 3642 non
1232 3591 1392 3660 possit
1423 3597 1677 3657 aspectus.
1712 3586 2069 3652 Crediderunt,
2120 3603 2220 3640 non
2264 3587 2398 3656 quod
2445 3585 2679 3638 Christus
2722 3585 2875 3638 Iesus
2911 3587 3049 3655 filius
3078 3599 3207 3641 esset
3235 3590 3466 3658 virginis,

174 3683 314 3752 quod
342 3681 623 3745 sciebatur,
648 3681 739 3733 sed
767 3680 902 3750 quod
930 3680 1066 3732 idem
1109 3679 1415 3749 Unigenitus
1445 3689 1576 3732 esset
1620 3679 1894 3742 Altissimi,
1919 3678 2053 3747 quod
2093 3680 2148 3730 in
2177 3695 2328 3747 opere
2357 3676 2689 3747 probabatur.
2729 3676 2877 3729 Unde
2901 3687 2951 3730 et
2981 3695 3094 3742 nos,
3120 3681 3330 3748 fratres,
3363 3688 3468 3735 toto

174 3771 336 3825 corde
373 3770 648 3824 credamus
685 3771 850 3836 ipsum
880 3785 990 3821 esse
1016 3768 1113 3821 Dei
1143 3767 1360 3832 Filium,
1391 3786 1538 3839 quem
1566 3768 1612 3819 F
1617 3770 1761 3821 ilium
1791 3770 2013 3822 hominis
2043 3770 2366 3838 confitemur.
2399 3767 2680 3821 Credamus
2711 3767 2855 3820 illum
2881 3777 2929 3820 et
2959 3777 3150 3834 nostra:
3179 3779 3467 3823 consortem

173 3872 391 3915 natura:
419 3872 469 3914 et
495 3869 729 3930 paterna
756 3857 1058 3913 substantia:
1091 3860 1422 3929 coa'qualem,
1465 3860 1706 3928 quoniam
1754 3866 1805 3910 et
1825 3859 2016 3927 nuptiis
2055 3859 2290 3928 interfuit
2329 3867 2384 3909 ut
2411 3858 2584 3921 homo,
2622 3868 2674 3911 et
2715 3875 2877 3928 aquas
2907 3859 2959 3911 in
2997 3859 3115 3911 vina
3160 3861 3375 3913 mutavit
3413 3868 3470 3913 ut

177 3951 345 4005 Deus.
378 3950 497 4016 Quo
527 3950 687 4019 plane
710 3948 952 4003 recidunt
980 3963 1100 4018 qua:
1125 3949 1263 4003 idem
1292 3957 1510 4003 sanctus
1539 3951 1765 4003 antistes
1807 3950 2117 4019 complexus
2159 3958 2241 4004 est
2285 3949 2506 4004 homilia
2544 3949 2632 4015 24,
2665 3964 2787 4018 pag.
2819 3951 2883 4003 70
2913 3965 3050 4019 seq.,
3082 3962 3136 4005 et
3156 3952 3344 4007 homil.
3375 3954 3466 4018 29,

175 4058 307 4114 pag.
341 4044 410 4096 87
437 4057 576 4110 seq.,
609 4049 664 4094 et
691 4040 876 4094 homil.
912 4040 997 4107 '52,
1029 4056 1148 4110 qua:
1177 4049 1259 4094 est
1287 4042 1350 4094 de
1378 4040 1567 4095 Christi
1600 4041 1864 4110 Baptismo
1893 4050 2102 4110 quarta,
2134 4057 2258 4111 pag.
2309 4041 2395 4105 95,
2428 4058 2535 4111 quo
2572 4043 2692 4098 loco
2725 4062 2738 4096 :
2773 4043 3081 4111 Salvatoris,
3126 4047 3316 4114 inquit,
3357 4047 3468 4103 Do-

175 4136 313 4188 mini
342 4135 510 4188 nostri
534 4132 570 4184 Ι
575 4149 664 4186 esu
691 4130 885 4184 Christi
913 4133 1233 4202 omnipotens
1264 4135 1422 4185 virtus
1448 4150 1513 4185 ex
1540 4133 1759 4186 lectione
1787 4151 1941 4205 quam
1970 4134 2121 4188 modo
2153 4135 2438 4188 audivimus
2467 4135 2728 4188 evidenter
2749 4136 3026 4205 colligitur.
3067 4136 3310 4200 Quamvis
3333 4143 3470 4193 enim

173 4224 564 4294 omnipotentia
587 4222 745 4284 illius,
774 4236 873 4290 qua
903 4221 956 4272 in
985 4221 1238 4290 principio
1259 4237 1430 4274 rerum
1460 4238 1562 4272 una
1607 4237 1721 4273 cum
1750 4221 1912 4276 Patre
1939 4230 1987 4274 et
2021 4221 2222 4292 Spiritu
2250 4233 2430 4276 sancto
2460 4223 2638 4275 caelum
2665 4239 2731 4275 ea:
2759 4223 2922 4276 nihilo
2952 4227 3139 4277 creavit
3177 4236 3227 4278 et
3257 4237 3468 4290 terram,

171 4319 346 4370 latere
373 4315 634 4367 videretur
659 4312 713 4364 in
739 4312 965 4372 homine,
998 4327 1144 4380 quem
1191 4328 1284 4380 pro
1331 4322 1508 4364 nostra
1545 4323 1896 4382 assumpserat
1941 4313 2307 4382 redemptione,
2338 4316 2448 4366 suis
2485 4323 2559 4366 est
2591 4323 2766 4367 tamen
2799 4316 3064 4384 discipulis
3107 4319 3465 4387 manifestata.

179 4402 330 4456 Nam
360 4419 478 4455 cum
507 4401 576 4453 ad
598 4403 805 4470 nuptias
829 4401 1007 4453 veteris
1034 4401 1258 4452 instituti
1281 4402 1497 4454 uenisset
1525 4403 1579 4453 in
1600 4401 1744 4454 Cana
1769 4401 2020 4466 Galiltete,
2044 4414 2093 4457 et
2123 4405 2186 4457 de
2208 4413 2413 4474 repente
2439 4403 2821 4457 convivantibus
2845 4405 3090 4475 defuisset
3117 4409 3308 4474 vinum,
3335 4411 3467 4478 ipse,

174 4497 270 4566 qui
298 4494 495 4563 nuptiis
525 4492 626 4544 illis
656 4508 758 4544 non
778 4503 892 4544 erat
918 4491 1224 4561 dedignatus
1254 4491 1456 4555 adesse,
1486 4495 1691 4561 nuptias
1722 4511 1914 4565 quoque
1950 4495 2068 4547 illas
2097 4495 2348 4548 miraculo
2387 4494 2544 4547 voluit
2583 4495 2935 4560 comprobare,
2969 4505 3122 4566 atque
3149 4514 3312 4569 aquas
3341 4516 3468 4553 con-

178 4587 336 4638 vertit
366 4587 421 4636 in
447 4584 637 4634 vinum.
670 4581 914 4660 Necalio
943 4583 1214 4650 pertinent
1240 4595 1359 4650 quae
1389 4582 1528 4636 idem
1557 4585 1897 4652 persequitur
1932 4585 2115 4639 homil.
2160 4585 2245 4650 54,
2288 4570 2410 4654 βδεῖ
2454 4583 2523 4637 96
2566 4600 2681 4653 seq.
2710 4584 2829 4638 Jam
2862 4602 2991 4641 vero
3018 4601 3269 4643 sermone
3296 4586 3348 4655 9,
3377 4593 3467 4658 qui

178 4687 268 4729 est
299 4675 492 4728 tertius
519 4673 580 4724 de
611 4672 907 4742 Epiphania
938 4672 1166 4737 Domini,
1198 4687 1320 4741 pag.
1351 4672 1452 4727 M8
1482 4691 1496 4724 :
1532 4671 1688 4738 Quia,
1720 4675 1910 4742 inquit,
1943 4685 2062 4727 tunc
2090 4677 2309 4744 primum
2345 4677 2587 4743 apparuit
2616 4675 2860 4729 Salvator
2887 4677 2940 4728 in
2968 4678 3181 4742 mundo,
3211 4679 3327 4747 ipsa
3361 4679 3470 4735 dies

173 4771 372 4824 eodem
418 4767 662 4821 vocabulo
700 4766 998 4835 Epiphania
1027 4775 1323 4833 nuncupata
1351 4775 1445 4818 est.
1481 4764 1747 4828 Quomodo
1776 4779 1946 4821 autem
1971 4768 2293 4836 apparuerit,
2321 4782 2674 4836 requiramus;
2721 4783 2826 4819 non
2866 4767 3003 4834 quod
3027 4768 3082 4820 in
3119 4769 3310 4822 mundo
3349 4781 3470 4824 ante

181 4881 294 4916 non
318 4863 495 4932 fuerit,
522 4875 634 4912 cum
660 4859 882 4912 mundus
909 4876 1002 4929 per
1029 4862 1196 4930 ipsum
1225 4861 1391 4929 factus
1419 4861 1517 4923 sit;
1543 4861 1632 4911 sed
1652 4859 1786 4927 quod
1812 4867 1933 4910 tunc
1958 4859 2179 4926 primum
2206 4858 2367 4926 signis
2401 4866 2550 4927 atque
2589 4857 2851 4910 miraculis
2886 4858 3200 4913 credentium
3231 4862 3469 4917 cordibus

181 4955 334 5008 Deus
364 4950 600 5004 Christus
631 4951 878 5013 illuxerit,
911 4959 959 5003 et
999 4952 1052 5002 in
1081 4947 1376 5003 tenebrosus
1405 4948 1746 5009 conscientias
1788 4947 2051 5000 hominum
2087 4948 2210 5015 ﬁdei
2237 4947 2481 5015 splendor
2520 4947 2850 4999 advenerit...
2886 4949 3141 5017 Apparuit
3165 4959 3335 5004 autem
3364 4970 3469 5007 non

180 5059 300 5099 tam
321 5043 486 5098 oculis
516 5042 778 5096 hominum
804 5058 958 5109 quam
984 5042 1160 5094 saluti.
1189 5038 1332 5093 Nam
1360 5043 1404 5094 si
1433 5042 1576 5108 prius
1607 5049 1759 5092 natus
1784 5055 1848 5092 ea:
1871 5040 2067 5108 virgine
2110 5036 2270 5090 oculis
2300 5035 2597 5088 carnalibus
2631 5035 2918 5100 videbatur,
2958 5046 3129 5090 tamen
3166 5055 3270 5093 non
3300 5057 3454 5109 appa~

183 5141 359 5204 rebat,
392 5139 636 5209 quoniam
663 5136 898 5190 virtutem
925 5136 1034 5205 ejus
1064 5135 1230 5187 adhuc
1249 5134 1372 5202 fidei
1400 5133 1537 5187 acies
1577 5131 1919 5202 ignorabat...
1957 5129 2146 5183 Postea
2174 5120 2316 5182 enim.
2349 5143 2501 5198 quam
2543 5127 2913 5180 humanitatem
2960 5144 3107 5182 suam
3149 5131 3468 5188 mirabilibus

184 5230 501 5294 declaravit,
535 5227 772 5282 humanis
801 5225 1054 5280 mentibus
1078 5233 1326 5296 tanquam
1364 5239 1521 5278 novus
1563 5231 1612 5276 et
1650 5223 1946 5292 inopinatus
1974 5237 2250 5291 apparens,
2277 5219 2448 5273 oculos
2480 5219 2726 5289 quosdam
2766 5217 2933 5291 [LXVI]
2973 5221 3144 5274 cordis
3182 5223 3394 5291 infudit,
3416 5237 3470 5277 ut

182 5331 528 5394 cognosceret
555 5337 759 5383 sensus,
782 5334 932 5388 quem
959 5335 1062 5372 non
1090 5320 1324 5387 cognovit
1344 5325 1598 5386 aspectus.
1632 5315 1780 5369 Unde
1807 5316 1866 5385 ﬁt
1894 5325 1949 5367 ut
1978 5331 2070 5367 nos
2099 5313 2353 5367 Christum
2393 5311 2672 5365 Dominum
2708 5330 2798 5376 per
2825 5311 3000 5381 ﬁdem,
3033 5328 3179 5382 quem
3207 5328 3467 5383 nunquam

185 5416 433 5476 uidimus,
465 5412 904 5482 contemplemur;
930 5410 1103 5464 Judtei
1130 5427 1276 5480 quem
1301 5417 1670 5479 perspexerant
1697 5408 1877 5471 oculis,
1908 5407 2240 5475 palpaverunt
2270 5404 2523 5466 manibus,
2555 5403 2803 5470 hodieque
2830 5419 2933 5455 non
2958 5402 3183 5455 videant.
3219 5401 3470 5466 Requira-

181 5519 308 5556 mus
336 5504 490 5574 igitur
518 5502 656 5571 quod
683 5503 892 5570 signum
916 5510 1152 5566 aperatus
1173 5500 1261 5563 sit,
1285 5510 1340 5550 ut
1370 5499 1689 5551 divinitatem
1718 5514 1867 5551 suam
1894 5499 2096 5567 populis
2127 5496 2431 5548 declararet.
2477 5494 2677 5546 Dicitur
2715 5495 2810 5548 hoc
2837 5496 3058 5564 primum
3097 5495 3277 5564 fecisse
3304 5493 3467 5545 mira-

183 5592 385 5658 culum,
414 5606 471 5647 ut
511 5610 708 5666 aquam
749 5599 973 5645 mutaret
1001 5592 1054 5644 in
1093 5593 1284 5644 vinum.
1319 5590 1570 5658 Magnum
1607 5589 1764 5659 plane
1790 5590 2010 5659 signum,
2052 5598 2099 5640 et
2122 5587 2189 5639 ad
2218 5584 2315 5639 Dei
2354 5585 2661 5638 credendam
2683 5585 2939 5652 sufficiens
2967 5585 3305 5653 majestatem.
3341 5580 3466 5643 Quis

209 5694 304 5734 non
323 5685 559 5752 miretur,
585 5687 642 5738 in
671 5682 821 5737 aliud
841 5699 992 5751 quam
1021 5693 1170 5736 erant
1198 5684 1447 5737 elementa
1474 5697 1585 5736 esse
1610 5679 1901 5734 translata?
1932 5676 2098 5733 Nemo
2127 5679 2260 5733 enim
2281 5685 2446 5748 potest
2475 5685 2672 5732 mutare
2694 5684 2955 5739 naturam,
2985 5675 3088 5729 nisi
3109 5674 3197 5742 qui
3217 5671 3464 5728 Dmninus
