3898 6226
531 283 597 335 67
1955 284 2156 339 ΡῐὶᾹΞΡ
2167 285 2334 342 ΑἩΟ.
3711 292 3763 344 68

530 407 610 451 est
632 407 848 454 neutra.
879 398 1203 455 Credendum
1232 410 1307 454 est
1321 400 1434 470 jam
1458 415 1520 452 ex
1542 399 1635 452 hoc
1665 399 1934 452 mortalem
1961 399 2218 456 hominem
2252 401 2307 452 in
2343 400 2780 459 immortalitatem
2808 418 2957 469 posse
2983 406 3234 469 converti,
3273 401 3482 474 quando
3523 402 3632 455 uilis
3664 409 3760 458 sub-

530 489 723 543 stantia
743 490 797 542 in
825 491 1105 560 pretiosam
1129 499 1209 543 est
1231 504 1474 545 conversa
1496 487 1860 542 substantiam.
1894 485 2075 541 Nolim
2100 489 2257 552 enim,
2281 489 2507 553 auditor,
2539 491 2748 544 nomina
2777 500 2974 544 tantum
3001 492 3282 561 perspicias
3311 492 3414 544 vini
3441 499 3494 543 et
3521 508 3678 561 aqua,
3696 497 3763 546 sed

528 576 576 629 si
601 577 676 631 vis
697 580 980 645 potentiam
1007 577 1362 644 comprobare,
1387 578 1619 630 virtutem
1657 591 1828 629 rerum
1854 578 2046 644 aspice.
2080 575 2244 630 Tanto
2265 579 2403 632 enim
2439 580 2596 632 altius
2633 581 2804 634 nescio
2843 581 2967 652 quid
3003 581 3447 640 demonstratur...
3480 579 3599 634 [loc
3636 585 3764 653 igitur

527 665 740 734 dignum
775 673 853 721 est
880 665 1105 730 credere,
1135 665 1342 735 operari
1369 663 1647 718 Dominum
1681 664 1919 729 voluisse,
1951 672 2007 717 ut
2035 680 2125 734 per
2169 664 2264 719 hoc
2299 674 2558 720 terrenum
2603 667 2825 738 signum,
2870 669 3097 738 futurum
3126 669 3238 737 jam
3274 679 3390 720 ntnc
3419 683 3451 720 a
3479 670 3765 737 sapientibus

527 751 730 808 calcate
757 757 1055 825 mysterium
1082 755 1351 810 videretur.
1384 751 1527 808 Nam
1553 751 1856 807 simirabile
1890 762 1966 807 est
1998 754 2188 824 utique,
2219 770 2333 825 qua
2369 754 2683 826 defecerant,
2731 757 2951 810 convivis
2995 757 3112 810 vina
3154 757 3434 827 supplesse,
3479 769 3668 828 quanto
3706 777 3765 821 es;

527 842 834 910 mirabilius,
867 846 1023 902 vitam
1052 861 1166 918 quia
1185 852 1262 900 est
1287 844 1557 909 exhausta,
1582 841 1871 898 hominibus
1909 860 2203 914 reparasse.
2235 845 2312 900 De
2332 845 2542 901 ceteris
2570 844 2825 916 prodigiis
2853 860 2884 899 a
2915 844 3130 901 Christo
3157 846 3396 917 patratis,
3423 855 3483 900 ut
3509 846 3576 906 de
3604 861 3766 909 curato

528 942 750 1004 repente
778 937 870 992 illo
896 937 1049 1008 cujus
1075 938 1220 992 arida
1249 945 1366 992 erat
1382 951 1588 1002 manus,
1620 935 1687 991 de
1714 936 1960 993 restituta
1989 938 2284 1008 paralytico
2305 937 2556 1001 sanitate,
2585 937 2759 1006 deque
2784 935 2944 992 Petro
2975 936 3171 992 Christi
3209 930 3406 993 virtute
3433 954 3596 1008 super
3622 956 3766 1009 aquas

526 1023 850 1092 ambulante,
875 1027 1060 1082 scribit
1087 1027 1349 1081 Maximus
1374 1026 1565 1080 homil.
1597 1025 1693 1080 108
1720 1035 1774 1080 et
1804 1025 1925 1082 116.
1955 1026 2134 1098 Atque
2178 1028 2233 1084 in
2278 1027 2381 1084 hac
2422 1026 2636 1096 quidem
2677 1035 2965 1097 postrema,
3009 1042 3130 1096 pag.
3178 1021 3284 1082 385
3315 1027 3611 1084 :‘Dominus
3637 1029 3766 1084 Iesus

524 1109 777 1176 Christus,
800 1113 989 1181 inquit,
1020 1116 1279 1185 ingressus
1308 1113 1519 1180 sabbato
1548 1131 1886 1186 synagogam,
1920 1115 2140 1170 hominis
2171 1116 2404 1169 habentis
2432 1131 2640 1168 manum
2668 1115 2872 1170 aridam
2900 1116 3125 1185 spiritali
3150 1117 3405 1170 medicina
3435 1119 3652 1186 curavit,
3677 1136 3764 1173 non

525 1186 772 1269 appositis
796 1201 1072 1259 herbarum
1099 1205 1282 1271 succis,
1319 1221 1422 1259 non
1460 1204 1836 1275 pigmentorum
1863 1203 2286 1259 medicaminibus
2325 1204 2600 1275 colligatis,
2631 1205 2722 1257 sed
2749 1202 2898 1259 verbo
2925 1201 3135 1273 jubens,
3174 1215 3224 1258 et
3267 1207 3323 1259 in
3367 1207 3449 1259 ira
3485 1210 3766 1276 praecipiens

535 1292 727 1360 refudit
751 1294 954 1361 corpori
980 1295 1323 1348 sanitatem...
1357 1293 1522 1348 Verbo
1549 1293 1707 1365 igitur
1725 1292 1892 1364 jubet,
1914 1305 1970 1346 ut
1990 1295 2158 1348 arenti
2186 1294 2412 1348 dextera:
2438 1308 2682 1347 venarum
2704 1308 2759 1347 se
2787 1307 2964 1347 succus
2992 1293 3299 1361 infunderet.
3334 1291 3460 1348 Non
3479 1296 3664 1348 mirum
3686 1305 3764 1359 est,

524 1382 571 1434 si
595 1381 639 1435 is
664 1392 891 1436 arentem
919 1384 1175 1452 reparavit
1201 1384 1485 1449 dexteram,
1510 1385 1597 1455 qui
1619 1392 1778 1438 totum
1801 1400 1983 1454 corpus
2014 1385 2076 1437 de
2101 1385 2269 1437 arenti
2297 1383 2500 1452 pulvere
2515 1384 2815 1452 procreavit,
2844 1392 2894 1436 et
2917 1383 2972 1437 id
2997 1382 3134 1437 verbi
3154 1385 3369 1453 imperio
3388 1387 3627 1453 restituit,
3651 1391 3768 1457 quod

531 1473 585 1524 in
611 1474 866 1542 principio
895 1475 1098 1544 factura
1137 1477 1450 1546 operationis
1477 1477 1718 1540 instituit,
1758 1476 1890 1530 velut
1929 1485 2189 1530 auctorem
2231 1493 2380 1530 suum
2411 1477 2612 1546 plasma
2638 1492 2948 1546 cognoscens
2995 1476 3304 1548 obsequitur.
3353 1477 3584 1534 Humilia
3623 1498 3768 1551 porro

526 1560 649 1625 108,
681 1576 802 1632 pag.
833 1563 955 1627 360,
987 1572 1111 1634 post
1156 1565 1245 1620 ubi
1287 1565 1555 1622 Maximus
1595 1565 1950 1634 obloquentes
1995 1564 2291 1621 Pharisaaos
2333 1565 2592 1631 meminit,
2624 1573 2784 1634 atque
2824 1565 3214 1634 interrogantes
3241 1568 3359 1642 quis
3398 1570 3486 1624 ille
3524 1581 3667 1628 esset
3691 1576 3768 1641 qui

523 1652 822 1723 paralytico
850 1653 1063 1712 dixerat
1087 1673 1102 1708 :
1132 1654 1264 1722 Fili,
1287 1659 1614 1712 remittuntur
1632 1655 1724 1710 tibi
1743 1667 1952 1728 peccata
1973 1667 2078 1722 tua,
2102 1671 2221 1711 cum
2250 1656 2467 1722 remitti,
2495 1657 2598 1712 nisi
2625 1671 2656 1710 a
2684 1655 2815 1721 Deo,
2845 1665 3065 1726 peccata
3096 1673 3201 1711 non
3230 1659 3462 1728 possint;
3489 1669 3603 1715 tum
3623 1662 3768 1716 allata

519 1731 874 1810 ruspomione
901 1742 1117 1811 Christi,
1145 1743 1283 1809 Quid
1308 1756 1384 1800 est
1405 1748 1613 1816 facilius
1644 1747 1830 1808 dicere,
1874 1745 2220 1799 Remittuntur
2249 1747 2337 1800 tibi
2365 1755 2575 1816 peccata
2615 1755 2719 1811 tua,
2751 1764 2820 1800 an
2847 1747 3034 1813 dicere,
3057 1747 3224 1818 Surge
3247 1758 3298 1806 et
3325 1750 3554 1816 ambula,
3583 1755 3767 1807 etc.?..-

517 1830 795 1887 Scrutatur
821 1834 1133 1899 animarum,
1165 1835 1356 1904 inquit,
1399 1837 1643 1906 prtevenit
1673 1835 1918 1888 mentium
1955 1832 2183 1904 maligna
2211 1833 2447 1896 consilia,
2476 1841 2534 1886 et
2581 1833 2787 1886 deitatis
2813 1849 2921 1888 sua:
2946 1835 3229 1904 potentiam
3259 1825 3429 1904 operis
3457 1841 3771 1892 attestatione

515 1924 838 1986 monstravit,
867 1923 989 1980 dum
1015 1921 1253 1994 dissipati
1281 1925 1510 1992 corporis
1531 1923 1754 1976 membra
1773 1922 2048 1992 componit,
2073 1935 2252 1975 nervos
2275 1921 2504 1993 stringit,
2519 1921 2697 1991 jungit
2714 1937 2852 1986 ossa,
2873 1923 3092 1991 complet
3109 1924 3322 1987 viscera,
3348 1925 3526 1994 ﬁrmat
3546 1936 3709 1991 artus,
3730 1940 3772 1980 et

515 2027 717 2082 gressus
746 2013 816 2066 ad
841 2030 1047 2070 cursum
1066 2015 1286 2069 suscitat
1312 2015 1366 2066 in
1387 2015 1496 2066 vivo
1525 2011 1772 2065 cadavere
1790 2012 1906 2080 jam
1934 2012 2178 2081 sepultos.
2208 2009 2349 2064 Tolle
2375 2009 2558 2063 lectum
2586 2019 2744 2074 tuum,
2767 2010 2864 2067 hoc
2896 2020 2975 2066 est
2999 2021 3154 2080 porta
3187 2023 3504 2084 portantem,
3527 2024 3578 2068 et
3608 2031 3771 2068 omnes

514 2108 653 2154 muta
673 2101 825 2166 vices,
841 2103 1051 2172 utquod
1069 2113 1148 2164 est
1167 2103 1487 2172 inﬁrmitatis
1512 2100 1872 2164 testimonium,
1896 2101 1964 2154 sit
1983 2102 2221 2171 probatio
2241 2100 2502 2166 sanitatis,
2528 2106 2632 2154 etc.
2655 2099 2730 2154 De
2748 2099 2963 2156 Christo
2983 2112 3161 2158 autem
3176 2104 3504 2160 concedente
3519 2115 3576 2161 ut
3593 2105 3771 2161 Petrus

515 2204 679 2258 tuper
699 2205 868 2258 aquas
897 2191 1214 2255 ambularet,
1246 2191 1407 2260 paulo
1437 2196 1561 2243 ante
1588 2189 1783 2257 pagina
1811 2203 2001 2258 nempe
2027 2188 2128 2242 357
2149 2189 2388 2243 dixerat:
2414 2185 2607 2243 Nonne
2628 2188 2708 2242 hic
2727 2197 2804 2243 est
2823 2193 2908 2263 qui
2929 2190 3076 2246 Petri
3097 2194 3311 2263 pedibus
3324 2196 3554 2250 marinos
3571 2198 3770 2250 vortices

518 2281 710 2358 [uult]
738 2283 1024 2349 inclinavit,
1048 2293 1104 2337 ut
1123 2284 1219 2337 iter
1245 2283 1492 2364 liquidum
1511 2283 1749 2335 humanis
1778 2281 2033 2352 gressibus
2053 2283 2273 2337 solidum
2288 2281 2542 2352 praberet
2568 2279 2857 2352 obsequium
2872 2283 2897 2335 ?
2914 2289 3018 2336 etc.
3051 2281 3167 2336 lam
3196 2299 3326 2338 vero
3353 2299 3518 2340 serm.
3540 2283 3633 2349 9b,
3656 2299 3767 2355 pag.

518 2371 645 2437 659,
690 2372 759 2427 de
786 2374 1057 2432 miraculis
1083 2374 1420 2430 curationum
1449 2371 1740 2440 generatim
1769 2371 2000 2434 disserit,
2032 2380 2087 2426 et
2112 2387 2232 2443 pag.
2261 2370 2386 2435 649.,
2432 2371 2499 2426 de
2526 2371 2711 2425 sedata
2739 2385 2770 2423 a
2797 2368 3013 2426 Christo
3041 2379 3378 2440 tempestate,
3411 2380 3466 2426 et
3494 2389 3658 2427 serm.
3688 2373 3768 2437 95,

523 2477 647 2533 pag.
691 2462 796 2516 6“
825 2479 966 2532 seq.,
995 2463 1064 2520 de
1091 2463 1322 2518 mirabili
1350 2462 1571 2532 piscium
1599 2470 1839 2530 captura,
1870 2468 1926 2515 et
1963 2476 2124 2518 serm.
2158 2461 2279 2526 406,
2308 2475 2429 2531 pag.
2461 2460 2583 2527 668,
2613 2463 2680 2516 de
2708 2462 2940 2532 quinque
2967 2462 3195 2531 panibus
3221 2477 3284 2516 ac
3309 2463 3516 2518 duobus
3543 2465 3772 2534 piscibus

517 2553 713 2623 quibus
738 2550 982 2608 Christus
1001 2554 1239 2623 quinque
1267 2553 1540 2608 hominum
1560 2551 1723 2605 millia
1745 2551 1995 2620 explevit.
2021 2550 2254 2623 Quinque
2272 2568 2430 2622 panes
2465 2551 2601 2606 illati
2625 2561 2762 2617 sunt,
2789 2552 2983 2619 inquit,
3010 2559 3060 2605 et
3083 2552 3347 2606 duodecim
3370 2556 3769 2625 fragmentoruat

516 2643 726 2712 copltini
752 2651 870 2696 sunt
898 2643 1067 2697 relati.
1099 2642 1227 2697 Plus
1248 2659 1375 2714 ergo
1401 2642 1664 2697 inveniunt
1687 2643 1771 2711 qui
1798 2639 2041 2712 reliquias
2067 2643 2339 2712 colligunt,
2361 2658 2514 2714 quam
2539 2641 2723 2696 detulit
2742 2641 2831 2713 qui
2862 2640 3039 2695 cibum
3055 2643 3280 2698 convivio
3307 2645 3639 2700 ministravit.
3671 2646 3769 2700 De-

512 2735 664 2804 nique
683 2735 931 2788 saturatis
958 2734 1178 2805 quinque
1205 2733 1427 2788 millibus
1455 2734 1696 2796 virorum,
1727 2733 1812 2786 via:
1842 2731 2109 2786 duodecim
2138 2731 2359 2802 apostoli
2396 2731 2666 2786 duodecim
2689 2731 2936 2801 cophinos
2974 2732 3308 2798 sustulerunt,
3339 2736 3475 2805 quod
3495 2754 3630 2790 unus
3647 2756 3770 2807 puer

512 2838 690 2886 manu,
720 2832 994 2893 antequam
1007 2822 1205 2893 aliquid
1229 2821 1618 2892 expenderet”,
1647 2820 1905 2874 attulerat.
1929 2810 2016 2872 Ita
2037 2819 2188 2888 panis
2215 2819 2271 2872 in
2298 2835 2455 2872 manu
2482 2817 2695 2873 Domini
2719 2818 3091 2887 multiplicatur
3127 2822 3248 2876 dum
3276 2824 3558 2894 frangitur,
3589 2829 3767 2880 crescit

511 2913 632 2965 dum
653 2914 919 2973 minuitur,
943 2912 1064 2966 dum
1101 2921 1341 2982 erogatur
1361 2912 1604 2981 augescit,
1627 2919 1777 2981 atque
1815 2908 2020 2962 utiliore
2047 2906 2314 2977 dispendio
2337 2899 2573 2961 creatura
2600 2906 2701 2960 cibi
2721 2907 2936 2978 populos
2964 2910 3135 2978 pascit
3159 2918 3208 2963 et
3244 2911 3487 2981 proﬁcit;
3513 2914 3698 2968 crescit
3720 2916 3766 2968 is

509 3020 602 3059 ore
622 3004 1012 3068 comedentium,
1035 3003 1171 3075 φιοό
1189 3003 1360 3057 minus
1380 3000 1655 3073 putabatur
1676 3002 1731 3056 in
1763 3001 1996 3056 manibus
2025 3001 2397 3055 ministrorum.
2431 2999 2665 3072 Denique
2690 3001 2766 3053 ait
2794 3010 3002 3054 sanctus
3039 3002 3274 3057 Andreas
3305 3020 3319 3056 :
3367 3002 3461 3058 Est
3485 3022 3617 3073 puer
3640 3023 3768 3060 unus

511 3095 615 3160 hic,
646 3093 734 3166 qui
752 3093 903 3148 habet
930 3094 1151 3165 quinque
1169 3108 1329 3163 panes
1348 3100 1399 3145 et
1423 3091 1550 3145 deos
1571 3091 1758 3161 pisces,
1778 3099 1828 3144 et
1847 3090 2062 3162 reliqua.
2086 3088 2278 3145 Mirum
2297 3089 2454 3159 igitur
2477 3089 2533 3141 in
2560 3087 2768 3142 modum
2790 3088 3142 3144 benedictione
3169 3088 3360 3144 Christi
3383 3089 3600 3146 Domini
3622 3097 3767 3160 penis

507 3185 676 3240 solida
697 3193 885 3240 natura
905 3187 1040 3255 ﬁuit,
1065 3183 1314 3250 abundat,
1341 3183 1605 3248 exuberat,
1633 3191 1683 3237 et
1719 3173 1940 3254 quodam
1964 3183 2153 3254 vigoris
2189 3183 2387 3253 irriguo
2427 3180 2824 3245 comedentibus,
2848 3198 2951 3237 non
2963 3183 3080 3254 jam
3117 3199 3368 3255 aquarum
3396 3186 3515 3254 fons
3535 3184 3764 3253 efﬁcitur,

505 3277 600 3330 sed
622 3293 879 3333 escarum.
922 3275 1162 3347 Legimus
1189 3275 1244 3330 in
1274 3274 1555 3345 prophetis,
1599 3271 1735 3344 quod
1773 3273 1908 3327 idem
1951 3270 2204 3326 Dominus
2247 3278 2424 3342 potum
2447 3270 2735 3325 sitientibus
2762 3271 2829 3326 de
2845 3272 2977 3326 duro
3001 3290 3132 3328 saxo
3159 3273 3458 3344 protulerit;
3485 3290 3602 3328 ecce
3637 3290 3767 3328 nunc

503 3364 842 3423 esurientibus
869 3368 936 3422 de
962 3368 1098 3422 sicco
1126 3383 1260 3438 pane
1280 3366 1525 3420 saturatis
1548 3365 1741 3434 ﬂuenta
1763 3363 2028 3432 produxit.
2054 3361 2194 3428 Quin
2221 3362 2386 3416 etiam
2405 3375 2656 3416 sermone
2677 3359 2780 3415 1οἹ
2808 3360 2875 3416 de
2899 3361 3059 3416 simili
3083 3360 3324 3431 prodigio
3345 3368 3553 3428 septem
3575 3374 3768 3429 panum

505 3458 702 3526 quibus
727 3457 970 3512 Christus
993 3466 1225 3526 quatuor
1243 3455 1407 3509 millia
1430 3455 1666 3510 virorum
1689 3453 1918 3518 satiavit,
1943 3452 2120 3522 deque
2152 3459 2301 3507 muto
2323 3466 2388 3507 ac
2419 3451 2582 3506 surdo
2603 3451 2690 3506 cui
2712 3451 2960 3507 audiendi
2981 3451 3341 3523 loquendique
3363 3449 3590 3506 facultas
3609 3452 3763 3506 resti-

504 3556 619 3602 tuta
640 3563 671 3601 a
693 3546 910 3602 Christo
939 3547 1056 3612 fuit,
1080 3546 1253 3614 deque
1283 3552 1467 3600 sanas
1497 3540 1872 3598 illia'mulieris
1901 3541 2218 3597 Chananeus
2249 3550 2493 3607 acturus,
2529 3554 2650 3611 pag.
2695 3540 2827 3607 669,
2854 3543 3038 3598 scribit
3075 3543 3180 3597 hoc
3201 3540 3362 3595 modo
3389 3557 3403 3594 :
3427 3541 3766 3594 Altitudineiu

508 3636 809 3692 Divinitatis
833 3653 962 3701 sua,
1001 3644 1051 3690 et
1087 3635 1493 3692 misericordiam
1519 3633 1855 3687 humanitatis
1883 3633 2056 3688 multis
2081 3642 2131 3687 et
2155 3635 2313 3688 variis
2337 3633 2503 3686 modis
2532 3633 2586 3684 in
2626 3629 2910 3702 Scripturis
2933 3634 3128 3688 sanctis
3149 3631 3403 3686 Dominus
3427 3642 3601 3686 noster
3615 3629 3764 3686 Iesus

500 3728 712 3784 Christu
757 3729 998 3793 ostendit,
1017 3726 1444 3797 quemadmodum
1461 3726 1608 3790 solet,
1627 3725 1680 3777 in
1702 3724 1956 3793 mysteriis
1971 3732 2021 3776 et
2039 3725 2397 3790 sacramentis,
2414 3733 2470 3777 ut
2488 3733 2539 3778 et
2555 3733 2780 3794 petentes
2803 3724 3078 3792 accipiant,
3099 3730 3152 3776 et
3177 3733 3464 3792 quarentes
3482 3726 3761 3782 inveniant,

496 3829 552 3870 et
573 3818 905 3888 pulsantibus
931 3816 1215 3887 aperiatur.
1258 3811 1449 3870 Omnia
1475 3815 1610 3868 enim
1637 3828 1749 3883 qua:
1777 3813 1831 3865 in
1858 3812 1954 3866 hoc
1999 3812 2192 3865 mundo
2215 3811 2306 3866 sub
2333 3813 2616 3884 fragilitate
2652 3822 2829 3868 nostra
2856 3810 3086 3866 exhibuit
3111 3813 3393 3878 miracula,
3434 3813 3578 3867 nobis
3607 3814 3764 3884 proﬁ-

498 3909 662 3962 ciunt.
706 3908 830 3964 Neu
859 3909 1035 3979 utique
1080 3906 1194 3962 sine
1231 3921 1389 3961 ctntsa
1417 3901 1639 3974 faciebat
1665 3918 1726 3956 ea
1758 3901 2026 3966 Dominus,
2055 3901 2131 3954 vel
2157 3902 2306 3971 quasi
2333 3902 2528 3971 frustra
2555 3911 2607 3955 et
2647 3902 2891 3954 inaniter.
2933 3897 3155 3954 Verbum
3174 3898 3274 3953 Dei
3299 3909 3377 3954 est
3403 3899 3659 3964 Christus,
3681 3903 3763 3972 qui

499 4018 602 4056 ncn
633 4002 760 4056 solis
783 3999 964 4065 verbis,
990 3999 1081 4054 sed
1099 3998 1257 4054 etiam
1277 3998 1427 4067 factis
1451 3996 1673 4065 loquitur
1692 3993 2093 4049 hominibus.....
2126 3993 2192 4047 In
2230 3993 2479 4048 alterutra
2499 4001 2651 4065 parte
2677 3991 2755 4047 vel
2778 3993 2864 4064 qui
2893 3990 3059 4049 solum
3096 3990 3350 4045 hominem
3371 3993 3533 4062 fuisse
3552 3992 3761 4055 discit,

496 4091 721 4161 gloriam
742 4077 950 4159 negabit
967 4086 1286 4148 Conditoris;
1316 4087 1390 4138 vel
1417 4084 1504 4154 qui
1524 4083 1688 4136 solum
1715 4081 1899 4146 Deum,
1923 4081 2129 4152 negabit
2159 4081 2563 4134 misericordiam
2594 4079 2970 4151 Redemptoris.
2993 4076 3194 4148 Nempe
3216 4077 3351 4149 quod
3382 4094 3535 4147 super
3561 4079 3762 4134 turbent

495 4185 764 4236 miseretur
803 4181 1077 4247 Dominus,
1103 4197 1168 4233 ne
1190 4178 1267 4234 vel
1293 4177 1488 4241 inedia,
1513 4176 1592 4230 vel
1620 4175 1867 4247 longioris
1888 4176 1983 4239 vise
2005 4168 2218 4244 deficiat
2237 4172 2428 4237 labore,
2454 4173 2680 4226 norimus
2702 4169 2941 4240 affectum
2961 4179 3112 4240 atque
3137 4170 3545 4239 compassionem
3571 4169 3761 4224 huma-

494 4290 579 4328 nat
600 4272 902 4344 fragilitatis
916 4289 944 4337 ;.
963 4271 1099 4342 quod
1118 4279 1288 4324 autem
1319 4267 1381 4321 de
1407 4276 1596 4336 septem
1623 4264 1840 4336 panibus
1867 4275 1918 4319 et
1936 4265 2114 4336 paucis
2142 4263 2366 4333 piscibus
2393 4264 2601 4316 satiavit
2631 4271 2847 4334 quatuor
2883 4260 3050 4314 millia
3076 4260 3360 4322 hominum,
3391 4258 3653 4314 credimus
3681 4261 3763 4314 di-

493 4367 627 4420 vina
652 4379 780 4433 opus
807 4379 920 4415 esse
945 4361 1261 4414 virtutis.....
1287 4356 1496 4412 Relictis
1536 4354 1733 4409 Judmis
1772 4357 1909 4410 venit
1935 4356 1989 4408 in
2017 4353 2206 4425 ﬁnibus
2231 4355 2475 4426 gentium,
2498 4353 2584 4406 ubi
2607 4353 2789 4406 mulier
2816 4352 3230 4406 Chananca.....
3253 4351 3540 4405 Dominum
3577 4353 3761 4424 depre-

493 4463 658 4517 catur,
683 4467 797 4522 qua
823 4449 1004 4504 tandiu
1024 4447 1318 4519 postulavit,
1344 4445 1505 4499 donec
1533 4444 1786 4511 acciperet
1804 4441 1940 4515 quod
1978 4441 2198 4512 petebat.
2229 4441 2359 4494 Post
2394 4441 2504 4493 hac
2541 4439 2724 4493 iterum
2751 4440 2946 4493 curavit
2971 4448 3169 4522 mutum
3194 4447 3244 4492 et
3273 4439 3503 4492 surdum.
3537 4438 3686 4511 Ergo
3703 4443 3758 4496 iu

491 4544 573 4596 his
797 4555 911 4596 cum
932 4536 1203 4594 multitudo
1218 4534 1396 4604 populi
1422 4533 1783 4594 concurrisset,
1816 4546 1908 4583 nec
1939 4528 2185 4584 haberent
2221 4529 2357 4600 quod
2383 4528 2822 4582 manducarent...
2851 4526 3001 4582 Dixit
3025 4519 3344 4582 Dominus...
3376 4527 3656 4584 Dimittere
3671 4547 3770 4586 eos.

481 4632 699 4705 jejunus
711 4630 858 4684 nolo.
869 4666 905 4695 ._.
928 4622 1134 4698 [una]
1150 4623 1342 4677 Dicunt
1359 4620 1594 4691 discipuli
1605 4620 1750 4690 ejus:
1772 4618 1919 4675 Unde
1936 4621 2061 4672 istos
2076 4619 2186 4690 quis
2207 4620 2392 4688 poterit
2406 4627 2642 4671 saturare
2655 4615 2873 4688 panibus
2893 4619 2948 4671 in
2969 4618 3273 4671 solitudine?
3285 4618 3467 4671 Adhuc
3493 4622 3758 4686 apostolos

491 4721 699 4777 tenebat
719 4719 1077 4781 incredulitas,
1109 4716 1270 4770 donec
1297 4715 1539 4783 mysteria
1562 4710 1944 4773 repeterentur;
1975 4725 2065 4762 nec
2085 4708 2490 4764 recordabantur
2517 4707 2653 4779 quod
2695 4710 2884 4777 fecerat
2910 4708 2975 4762 de
2997 4710 3219 4781 quinque
3238 4709 3458 4778 panibus
3485 4719 3535 4764 et
3556 4711 3760 4768 duabus

758 4807 828 4862 Et
865 4807 1200 4876 interrogavit
1231 4819 1316 4858 eos
1348 4810 1468 4872 quot
1496 4817 1654 4871 panes
1677 4801 1942 4854 haberent.
1971 4795 2072 4863 Qui
2093 4796 2335 4852 dixerunt
2356 4807 2569 4868 septem,
2595 4805 2643 4850 et
2661 4798 2905 4867 prccepit
2924 4796 3104 4861 turba,
3128 4806 3185 4851 ut
3203 4798 3582 4854 discumberent
3601 4818 3761 4875 super

497 4915 688 4958 terram
715 4941 756 4955 ..
773 4899 842 4954 Et
869 4897 1317 4960 manducaverunt,
1349 4903 1398 4948 et
1425 4893 1647 4948 saturati
1667 4901 1802 4957 sunt,
1835 4903 1884 4946 et
1902 4891 2217 4946 sustulerunt
2237 4899 2430 4960 septem
2455 4897 2655 4959 sportas
2686 4888 2886 4957 plenas.
2903 4886 3074 4942 Erant
3095 4897 3267 4942 autem
3290 4890 3379 4960 qui
3406 4891 3762 4948 manducaue-

487 5003 626 5057 runt,
649 4993 797 5064 quasi
822 4999 1040 5062 quatuor
1063 4987 1230 5044 millia
1254 4996 1402 5038 extra
1423 4983 1656 5038 mulieres
1678 4993 1726 5036 et
1754 4983 2044 5053 infantes...
2073 4980 2140 5034 In
2170 4979 2424 5050 superiori
2452 4978 2668 5031 lectione
2710 4977 2773 5030 de
2799 4978 3020 5047 quinque
3044 4975 3263 5046 panibus
3290 4987 3339 5030 et
3365 4979 3562 5035 duobus
3591 4980 3760 5051 pisci-

485 5087 578 5140 bu,
598 5081 816 5158 enim
839 5081 1007 5137 αίιιία
1032 5079 1296 5134 ham
1314 5075 1553 5138 satiavit;
1584 5073 1666 5126 hic
1684 5081 1876 5142 septem
1895 5070 2112 5140 panibus
2135 5067 2384 5123 saturavit
2411 5073 2635 5138 quatuor
2660 5064 3140 5158 millia‘hominum,
3166 5075 3269 5120 etc.
3384 5082 3642 5158 sermone
3662 5069 3755 5132 45.

486 5153 742 5248 νεείὸιέ
760 5194 775 5230 :
805 5174 934 5230 Erat
951 5174 1008 5227 in
1030 5170 1235 5226 Christo
1261 5177 1311 5222 et
1338 5165 1605 5238 regnantis
1633 5161 1940 5225 dominatio,
1969 5166 2020 5214 et
2047 5160 2384 5248 ministerium
2411 5158 2802 5248 servientis"...
2822 5153 2954 5209 Erat
2974 5155 3029 5208 in
3069 5156 3248 5248 forma
3275 5153 3368 5209 Dei
3394 5154 3754 5248 Christus..."

484 5242 601 5327 ξιιῶ
623 5272 883 5337 praecepto
909 5263 1072 5329 ipsius
1100 5259 1166 5312 de
1187 5257 1405 5310 obsessis
1447 5249 1746 5322 corporibus
1773 5263 1836 5301 ac
1862 5248 2071 5308 vetustis
2093 5263 2123 5301 e
2153 5246 2377 5337 sedibus
2390 5245 2728 5337 reclamantes
2767 5244 3024 5337 dfmones
3050 5242 3394 5337 pellebantur,
3414 5243 3550 5300 εηι
3568 5248 3630 5300 ί,
3655 5247 3760 5305 pd

487 5324 675 5435 forma,
1042 5353 1097 5405 in
1115 5348 1355 5419 ﬂuctibus
1379 5343 1522 5399 unda
1545 5339 1769 5396 solidata
1788 5337 2091 5435 venerandis
2111 5336 2222 5405 ejus
2241 5335 2474 5435 ovestigiis
2794 5331 2976 5435 Totum
3003 5333 3138 5385 enim
3164 5331 3498 5435 utnDorninus
3527 5343 3755 5435 pana,

486 5421 536 5504 et
557 5421 715 5502 totum
743 5442 1034 5514 patiebatur
1052 5449 1109 5493 ut
1127 5451 1321 5497 servus.
1355 5433 1462 5492 Sed
1493 5432 1609 5509 jam
1637 5428 1897 5482 videamus
1933 5425 2118 5496 quibus
2145 5424 2466 5494 potissimum
2503 5423 2768 5476 virtutibus
2793 5421 3070 5490 quibusque
3091 5421 3336 5514 gradibus
3353 5424 3444 5477 ille
3468 5426 3559 5491 qui
3576 5441 3760 5482 εει-ιω

487 5549 598 5593 στω
620 5513 781 5591 om
801 5552 860 5592 σε
877 5550 992 5591 «εκ
1015 5534 1123 5593 suis
1150 5527 1414 5597 discipulis
1436 5521 1776 5592 conﬁrmavit.
1804 5517 1982 5571 Primo
2021 5517 2247 5573 omnium
2271 5515 2561 5584 ﬁdelissimi
2588 5515 2902 5569 centurionis
2943 5513 3288 5568 necessarium
3311 5516 3588 5584 fortuitum,
3639 5535 3759 5576 cum

487 5630 665 5686 let/tali
683 5637 950 5697 urgeretur
976 5620 1317 5688 incommodo,
1346 5625 1554 5687 rogatus
1583 5613 1647 5666 ab
1675 5613 1784 5681 ejus
1817 5611 2025 5665 domino
2049 5649 2064 5674 ,
2094 5610 2277 5664 absens
2304 5607 2579 5675 absentem,
2610 5615 2667 5661 ut
2695 5622 2808 5662 vere
2827 5605 2994 5674 Deus,
3017 5606 3176 5660 missa
3203 5605 3430 5660 sanitate
3459 5610 3689 5678 cumis,
3709 5623 3762 5668 es
