3898 6226
149 326 205 381 69
1550 312 1933 369 PRAEFATIO.
2777 360 2781 362 ν
3335 311 3403 366 7h

149 443 374 506 ingratum
393 433 559 500 illum,
589 449 743 507 quem
759 433 918 504 paulo
938 431 1136 502 longius
1176 428 1550 484 decumbentem
1590 430 1931 498 corporaliter
1953 442 2056 480 non
2085 425 2304 490 videbat,
2336 425 2542 482 deitatis
2580 440 2688 479 suce
2708 428 2870 479 oculis
2899 427 3139 479 uisitauit.
3169 424 3400 496 Denique

149 524 435 580 miserandae
456 525 628 578 uidua
646 524 857 578 unicum
897 523 1080 593 ﬁlium,
1109 539 1222 576 cum
1237 521 1351 592 jam
1375 519 1699 589 sepeliendus
1717 517 1846 572 lecto
1866 508 2161 588 portaretur
2186 517 2255 570 ad
2275 516 2544 581 tumulum,
2559 517 2813 595 gjussione
2846 517 3151 587 oioiﬁcantis
3194 515 3398 587 imperii

149 617 450 680 suscitatam,
477 617 600 670 vitae
621 615 775 670 simul
800 629 862 666 ac
900 613 1051 668 matri
1079 611 1274 666 medias
1302 611 1435 678 inter
1455 609 1650 674 turbas,
1678 617 1727 660 et
1744 616 1904 660 morte
1931 607 2045 676 ipsa
2075 614 2217 671 teste,
2247 605 2487 661 restituit.
2511 604 2640 659 Post
2659 604 2782 659 lues
2808 606 3134 659 sacerdotum
3163 606 3396 676 principe

149 723 232 774 pro
252 705 409 758 salute
434 679 565 773 ﬁlia
585 719 698 758 sua:
717 700 1053 771 supplicante,
1068 701 1205 770 ipse,
1237 700 1323 769 qui
1345 679 1501 751 vitam
1527 695 1760 749 nascenti
1787 693 2020 756 dederat,
2051 693 2310 759 defuncta:
2331 691 2518 762 puella:
2542 693 2774 746 animam
2814 691 3080 762 proprium
3105 693 3312 755 induxit
3339 696 3391 747 in

146 807 330 859 corpus.
361 791 432 844 Ac
460 807 526 844 ne
544 789 814 844 miraculis
854 789 1150 842 recentioris
1178 787 1346 841 obitus
1374 784 1512 856 apud
1538 787 1723 854 impios
1752 783 1988 837 concludi
2026 791 2315 836 remaneret
2337 782 2448 836 ulla
2474 783 2717 852 suspicio,
2741 791 2789 843 et
2815 791 3117 853 putarentur
3138 801 3241 838 non
3282 801 3398 838 esse

147 881 313 934 mortui
341 889 444 933 tam
466 881 708 934 velociter
726 879 977 942 suscitati,
1009 876 1078 929 ad
1101 877 1237 930 beati
1257 874 1445 929 Lazari
1465 875 1693 945 pergitur
1719 875 2057 944 sepulturam,
2087 874 2172 944 qui
2199 872 2574 944 quatriduanus
2601 882 2651 925 et
2678 872 2886 943 fetidus,
2921 873 3138 927 vinculis
3163 875 3396 945 insuper,

145 981 192 1020 ut
211 971 357 1024 moris
385 979 479 1034 est,
513 969 809 1040 colligatus,
833 968 902 1020 ad
923 974 1229 1037 preceptum
1251 963 1442 1018 Christi
1459 965 1688 1018 vocantis
1707 963 1973 1026 exsiliens,
2004 963 2170 1032 factus
2192 970 2269 1015 est
2295 962 2537 1015 continuo
2561 959 2786 1014 Domino
2807 975 2899 1014 suo
2923 960 2978 1013 in
3000 960 3250 1029 colloquio
3265 978 3383 1031 par-

147 1061 307 1127 ticeps,
330 1068 377 1112 et
400 1059 454 1112 in
475 1075 675 1112 mensae
704 1061 948 1112 societate
968 1056 1198 1110 conviva.
1234 1052 1362 1118 Quae
1389 1055 1562 1108 omnia
1585 1057 1724 1124 facta
1745 1063 1865 1108 sunt
1896 1053 2108 1116 idcirco,
2138 1053 2451 1118 charissimi,
2477 1059 2536 1106 ut
2573 1069 2723 1107 nemo
2747 1053 2948 1123 penitus
2970 1053 3036 1106 de
3072 1052 3183 1121 ejus
3226 1054 3391 1108 reditu

145 1148 200 1199 ab
219 1147 389 1216 inferis
418 1147 726 1217 disputaret.
749 1147 825 1201 Ac
845 1145 911 1200 de
933 1145 1203 1199 miraculis
1224 1144 1439 1213 quidem
1462 1144 1610 1198 satis.
1638 1143 1768 1197 Nam
1795 1145 2008 1212 longum
2030 1153 2112 1199 est
2135 1146 2237 1199 iter
2258 1144 2329 1199 ad
2368 1145 2567 1199 omnia.
2593 1143 2732 1223 Quae.
2745 1160 2875 1200 vero
2919 1146 2971 1199 in
2995 1154 3170 1200 morte
3191 1145 3392 1200 Christi
3446 1146 3457 1151 ’

145 1252 372 1301 evenere,
398 1253 629 1307 qumque
651 1237 902 1306 deinceps
922 1230 989 1289 ab
1012 1246 1078 1289 eo
1100 1242 1312 1304 patrata
1336 1241 1477 1294 sunt,
1504 1241 1557 1287 et
1575 1248 1692 1300 quia
1716 1233 1978 1288 Maximus
2000 1233 2114 1287 {use
2136 1229 2459 1302 copioseque
2484 1240 2696 1297 tractat,
2723 1230 2785 1286 ea
2821 1234 3066 1300 equidem
3091 1245 3392 1303 opportune

144 1336 268 1396 post,
293 1345 409 1383 cum
434 1337 645 1397 tempus
669 1326 955 1390 monuerit,
980 1324 1297 1379 describam.
1325 1324 1476 1377 Nunc
1497 1324 1563 1377 de
1586 1325 1966 1392 praedicatione
2008 1323 2205 1378 Christi
2247 1326 2449 1394 paucis.
2476 1323 2592 1378 Jam
2616 1339 2746 1380 vero
2766 1339 2886 1393 qua:
2908 1323 3162 1379 Servatur
3183 1325 3394 1393 generis

144 1419 339 1472 humani
361 1427 451 1472 aut
471 1419 650 1488 palam
674 1424 963 1487 aperteque
986 1423 1077 1469 aut
1098 1415 1367 1485 parabolis
1390 1431 1518 1469 usus
1539 1416 1737 1480 docuit,
1762 1417 2145 1486 comprehensa
2167 1432 2199 1471 a
2233 1417 2466 1471 Maximo
2487 1417 2644 1472 video
2683 1415 2846 1471 fuisse
2867 1417 3092 1488 humilia
3113 1417 3234 1482 108,
3260 1432 3385 1486 pag.

141 1503 233 1558 557
253 1520 418 1574 seqq;
446 1503 566 1571 109,
592 1518 714 1574 pag.
742 1502 836 1557 561
865 1517 1046 1571 seqq.;
1080 1501 1200 1568 111,
1225 1516 1348 1570 pag.
1377 1501 1479 1555 569
1500 1517 1650 1573 seq.;

1850 1519 1965 1572 pag.
2015 1504 2135 1569 580,
2158 1520 2334 1575 seqq.;
2362 1505 2481 1570 116,
2510 1520 2630 1574 pag.
2659 1505 2762 1559 585
2786 1521 2965 1574 seqq.;
2993 1507 3113 1572 117,
3139 1520 3258 1576 pag.
3285 1507 3389 1560 586

140 1609 300 1664 seqq.;
325 1611 482 1649 serm.
508 1593 563 1660 2,
583 1607 712 1665 pag.
740 1591 842 1646 598
864 1607 1036 1662 seqq.,
1063 1591 1289 1660 aliisque
1312 1591 1366 1645 in
1390 1591 1520 1645 locis
1543 1607 1662 1660 quae
1685 1607 1750 1645 ne
1774 1607 2058 1648 numerare
2077 1593 2289 1661 quidem
2311 1602 2482 1648 vacat.
2511 1594 2626 1648 Hoc
2646 1594 2810 1648 breve
2831 1594 3073 1657 alierum,
3097 1595 3241 1664 quod
3260 1611 3390 1650 san-

139 1690 247 1736 ctus
267 1682 483 1736 antistes
505 1676 676 1755 [uix]
705 1679 1082 1734 animadvertit
1127 1679 1485 1744 sermone'57,
1536 1680 1627 1746 qui
1671 1687 1753 1733 est
1800 1695 1974 1734 nonus
1991 1681 2058 1734 de
2100 1680 2374 1736 Paschalis
2404 1683 2761 1748 Solemnitcte,
2794 1696 2931 1752 pag.
2958 1671 3102 1738 ‘95:
3135 1685 3390 1760 Suscepto

139 1787 280 1824 carne
308 1774 368 1826 de
390 1774 607 1844 virgine,
638 1788 704 1826 ne
723 1788 874 1843 quam
910 1773 966 1825 in
1006 1769 1112 1840 ﬁde
1134 1779 1330 1824 nostris
1365 1771 1704 1838 confessionis
1733 1769 1968 1824 nebulam
2014 1781 2327 1841 pateremur,
2369 1789 2509 1830 'ro'ro
2537 1789 2952 1829 PBEDICA'I‘IONIS
2994 1789 3106 1828 sunt
3138 1776 3386 1829 teneone

139 1875 294 1914 rerum
319 1877 373 1914 se
399 1863 660 1915 reuelabat
684 1860 868 1926 Deum,
898 1863 1184 1935 perfectum
1211 1859 1505 1914 ostendebat
1531 1867 1581 1913 et
1608 1860 1877 1914 hominem.
1898 1857 2084 1916 Flebat
2105 1865 2309 1935 quippe,
2337 1874 2394 1918 ut
2413 1875 2589 1920 nostro
2617 1865 2794 1920 dolore
2812 1882 3030 1920 maerens
3045 1883 3065 1930 ;
3091 1866 3182 1918 sed
3206 1874 3265 1919 ut
3290 1882 3386 1924 sua

137 1953 304 2004 uirtute
326 1960 507 2021 potens
545 1954 818 2006 miseratus
847 1967 1098 2005 siccorum
1127 1950 1384 2015 tenebras,
1417 1951 1531 2003 huic
1552 1951 1767 2004 necdum
1796 1954 2047 2023 formatos
2074 1956 2293 2026 faciebat
2321 1957 2522 2022 oculos,
2554 1957 2632 2010 illi
2668 1956 2912 2011 reddebat
2940 1960 3180 2012 amissos.
3217 1955 3384 2009 Nuri-

137 2055 254 2108 gans
273 2057 381 2094 cum
401 2041 670 2112 discipulis
696 2044 801 2096 suis
829 2057 1008 2095 somno
1045 2041 1270 2098 hominis
1298 2041 1582 2094 dormiebat
1610 2042 1662 2093 in
1694 2044 1884 2110 puppi;
1910 2044 1999 2096 sed
2022 2049 2241 2100 conscia:
2279 2049 2568 2118 majestatis
2596 2050 2814 2118 imperio
2851 2049 3224 2118 insurgentium
3250 2047 3382 2116 ﬂuc-

136 2139 262 2181 tuum
295 2133 450 2185 moles
486 2135 813 2204 mina’cesque
841 2139 1016 2185 ventos
1069 2146 1252 2183 serena
1298 2132 1532 2198 protinus
1581 2132 1952 2201 tranquillitate
1991 2139 2319 2205 campescuit.
2371 2137 2686 2192 Moriturum
2727 2155 2800 2203 se,
2844 2147 2900 2191 ut
2947 2139 3240 2208 temporalis
3269 2138 3383 2191 vita:

138 2218 272 2273 homo
308 2223 585 2290 sepissime
632 2223 945 2287 testabatur;
975 2222 1067 2276 sed
1105 2228 1163 2274 ut
1209 2231 1429 2274 a'ternus
1464 2220 1622 2285 Deus,
1653 2224 1832 2292 refugo
1862 2225 1912 2276 in
1944 2239 2154 2293 corpore
2181 2228 2320 2280 vitali
2368 2229 2583 2297 spiritu,
2631 2228 2701 2281 ad
2748 2228 2910 2281 lucem
2957 2237 3186 2282 mortuos
3214 2227 3382 2284 redire

143 2314 382 2381 prttcepit.

206 2401 308 2456 XV.
342 2401 626 2456 Venditum
653 2417 817 2472 porro
857 2401 923 2456 ad
951 2407 1247 2456 extremum
1276 2415 1305 2453 a
1332 2398 1465 2453 Juda
1508 2399 1814 2468 proditore,
1865 2416 1963 2471 per
2000 2416 2264 2456 summum
2303 2405 2478 2458 scelus
2515 2404 2676 2458 fuisse
2717 2403 3055 2459 Servatorem
3085 2403 3376 2465 Christum,

140 2508 349 2562 eamque
377 2495 445 2549 ob
474 2510 590 2549 rem
618 2493 809 2548 ludam
840 2495 1012 2564 ipsum
1040 2493 1204 2547 fuisse
1239 2507 1333 2546 sua
1361 2492 1624 2546 sententia
1653 2491 2060 2547 condemnatum
2078 2529 2093 2554 ,
2123 2491 2382 2547 Maximus
2409 2492 2567 2546 docet
2592 2493 2811 2546 humilia
2835 2492 2924 2555 47,
2953 2507 3074 2562 pag.
3109 2492 3241 2557 MA;
3273 2491 3375 2555 48,

139 2598 251 2651 pug.
280 2585 376 2637 H7
403 2599 553 2654 seqq.
584 2585 811 2639 Humilia
842 2594 1020 2639 autem
1048 2584 1137 2648 51,
1170 2598 1289 2654 pag.
1317 2581 1438 2648 157,
1469 2583 1730 2637 latronem
1767 2583 1859 2652 qui
1897 2584 1949 2636 in
1991 2589 2148 2636 cnice
2175 2582 2450 2636 confessus
2471 2580 2738 2636 Christum
2761 2589 2870 2645 est,
2895 2596 3022 2635 cum.
3039 2580 3173 2634 Juda
3193 2619 3209 2643 ,
3237 2581 3377 2638 idem

139 2670 376 2727 Maximus
402 2674 686 2727 conferens
718 2690 732 2724 :
766 2671 922 2726 Recte
947 2659 1354 2743 plane,’inquit,
1385 2671 1638 2726 Dominus
1667 2670 1785 2723 huic
1809 2671 2065 2738 (latroni)
2095 2672 2254 2724 donat
2275 2671 2601 2740 paradisum,
2633 2673 2929 2742 quiaquem
2954 2670 3124 2724 Iudas
3153 2670 3377 2727 Iscariot

137 2765 182 2814 in
208 2762 397 2816 hortulo
427 2763 663 2832 paradisi
692 2762 1035 2825 distraxerat,
1068 2762 1150 2815 hic
1177 2763 1230 2815 in
1259 2762 1422 2814 crucis
1459 2760 1687 2830 patibulo
1716 2760 2006 2828 coit‘ﬁtetur.
2058 2758 2199 2813 Mira
2246 2761 2371 2813 res!
2399 2760 2671 2828 conﬁtetur
2715 2760 2849 2814 latro
2896 2765 3044 2831 quem
3095 2761 3377 2830 discipulus

136 2847 404 2920 abnegavit.
437 2849 598 2915 Mira,
625 2852 867 2921 inquam,
899 2850 1021 2903 res!
1047 2842 1208 2902 Latro
1238 2849 1546 2918 honoriﬁcat
1573 2849 1880 2913 patientem,
1923 2864 2068 2919 quem
2111 2847 2276 2902 ludas
2325 2849 2554 2916 prodidit
2600 2851 2935 2904 osculantem.
2991 2850 3068 2904 Ab
3110 2852 3206 2906 hoc
3233 2853 3377 2921 pacis

135 2939 463 2993 blandimenta
504 2941 810 3011 cenduntur,
849 2940 910 2993 ab
958 2941 1046 2994 illo
1093 2941 1258 2993 crucis
1300 2940 1512 2994 vulnera
1537 2939 1905 3008 praedicantur.
1950 2939 2016 2993 Et
2043 2941 2257 2994 humilia
2286 2939 2374 3004 52,
2405 2955 2527 3009 pag.
2557 2938 2695 2994 462:
2724 2942 2894 2996 ludas
2920 2952 3192 3012 postquam
3217 2943 3376 3012 ﬁdem

133 3030 355 3097 perdidit,
387 3033 735 3086 innocentiam
766 3032 1080 3102 apostolatus
1109 3033 1300 3085 amisit.
1336 3031 1576 3085 Omnium
1603 3032 1739 3084 enim
1767 3031 2033 3083 criminum
2061 3046 2176 3082 reus
2217 3031 2382 3100 factus
2423 3038 2525 3091 est,
2556 3039 2826 3100 postquam
2860 3033 3106 3084 uirtutum
3145 3033 3373 3086 omnium

135 3121 392 3177 Dominum
419 3125 708 3195 denegavit.
743 3164 756 3178 .
793 3164 806 3178 .
843 3164 856 3177 .
893 3164 905 3176 .
942 3165 956 3178 .
989 3123 1143 3178 Facit
1169 3127 1328 3196 igitur
1353 3134 1403 3178 et
1430 3125 1562 3194 ﬁdes
1586 3125 1880 3178 innocentes
1906 3125 2152 3188 latrones,
2182 3133 2233 3176 et
2259 3123 2479 3193 perﬁdia
2507 3124 2768 3191 apostolos
2793 3124 3116 3176 criminosas.
3142 3120 3248 3176 Sed
3273 3122 3376 3175 hac

134 3213 195 3267 de
220 3229 274 3268 re
301 3214 451 3284 plura
499 3215 749 3284 persequi
779 3230 885 3269 non
915 3221 996 3268 est
1024 3229 1177 3284 opus.
1232 3214 1307 3268 De
1348 3213 1550 3283 judicio
1579 3215 1632 3267 in
1659 3211 1926 3267 Christum
1956 3206 2198 3267 instituto
2227 3226 2257 3264 a
2287 3210 2459 3266 Pilato
2485 3210 2682 3266 Judaxe
2703 3210 2930 3280 pmside
2955 3209 3120 3279 (quod
3148 3208 3370 3278 quidem

128 3303 365 3368 judicium
395 3305 605 3373 injuria:
635 3304 848 3373 plenum
880 3302 1257 3372 injustitiznque
1285 3301 1414 3372 fuit)
1445 3303 1658 3371 egregie
1686 3300 1946 3355 Maximus
1970 3300 2182 3354 disserit
2209 3299 2425 3353 humilia
2451 3298 2541 3364 b6,
2571 3313 2692 3367 pag.
2720 3297 2840 3352 146.
2882 3298 2940 3351 lu
2982 3295 3183 3350 Christi
3209 3312 3370 3352 accu—

130 3401 319 3446 satores
347 3402 524 3447 autem
547 3391 825 3458 Hebraeos,
855 3393 945 3460 qui
972 3405 1032 3446 se
1059 3406 1292 3459 suosque
1320 3398 1567 3459 posteros
1588 3391 1727 3443 irent
1753 3390 2050 3457 perditum,
2082 3389 2158 3442 sic
2185 3387 2346 3442 habet
2372 3399 2534 3441 serm.
2565 3385 2652 3450 29,
2685 3399 2808 3456 pag.
2841 3384 2946 3439 475
2973 3400 3090 3454 seq.
3117 3404 3129 3437 :
3162 3383 3373 3439 Crudeli

128 3484 358 3535 sententia
383 3499 477 3536 sua
526 3475 666 3552 ﬁlios
703 3489 1036 3552 posterosque
1076 3495 1194 3534 suos
1240 3480 1512 3534 sceleribus
1556 3479 1893 3539 addixerunt,
1937 3478 2158 3531 dicentes
2185 3493 2200 3528 :
2230 3495 2248 3526 ς
2277 3474 2504 3545 Sanguis
2531 3475 2642 3544 ejus
2671 3491 2824 3543 super
2847 3490 2942 3526 nos
2978 3483 3028 3526 et
3054 3490 3207 3541 super
3231 3473 3373 3542 ﬁlios

131 3577 362 3622 nostros.»
396 3568 634 3622 Crudelis
663 3570 915 3622 sententia
940 3557 1259 3633 Iudaeorum,
1290 3568 1378 3636 qui
1405 3565 1638 3642 facinore
1663 3582 1754 3619 suo
1793 3582 1896 3618 non
1923 3568 2090 3618 solum
2114 3573 2391 3634 praesentes
2434 3564 2619 3617 liberos
2648 3562 2917 3626 damnant,
2950 3563 3039 3616 sed
3067 3564 3226 3616 etiam
3266 3579 3370 3618 non

131 3669 264 3712 natos
288 3660 538 3714 occidunt.
573 3657 807 3722 Quantos
835 3660 970 3712 enim
998 3659 1095 3711 hac
1120 3674 1238 3712 voce
1266 3653 1336 3710 ad
1364 3657 1728 3710 conscientiam
1774 3657 2022 3727 facinoris
2059 3663 2270 3720 vocant,
2315 3671 2438 3724 quos
2466 3655 2682 3707 scientia
2723 3655 2954 3706 criminis
2993 3670 3099 3707 non
3144 3653 3368 3707 tenebat.

130 3744 360 3811 Crudelis,
391 3750 622 3818 inquam,
646 3749 900 3818 impietas,
923 3747 1058 3817 quod
1075 3757 1308 3816 posteros
1336 3756 1458 3800 ante
1481 3749 1536 3799 in
1563 3755 1760 3800 reatum
1781 3756 1943 3812 vocat,
1975 3763 2125 3815 quam
2153 3746 2387 3815 producit
2419 3747 2472 3798 in
2500 3745 2681 3809 lucem,
2707 3753 2764 3797 ut
2787 3747 2930 3813 prius
2959 3747 3146 3815 futuris
3169 3748 3372 3799 contin-

128 3844 255 3905 geret
277 3854 483 3906 peccare
509 3854 667 3910 quam
692 3839 874 3890 vivere.
907 3835 1117 3891 Cruenti
1152 3837 1306 3905 plane
1333 3839 1616 3907 genitores,
1647 3837 1731 3906 qui
1777 3846 1896 3889 ante
1920 3837 2194 3905 parricidae
2245 3838 2369 3906 facti
2396 3844 2514 3889 sunt
2558 3852 2712 3907 quam
2756 3845 3024 3905 parentes;
3053 3846 3104 3890 et
3138 3847 3264 3889 ante
3282 3854 3370 3892 eos

129 3926 276 3978 socios
302 3942 418 3980 suos
445 3927 724 3981 sceleribus
750 3935 1155 3996 assumpserunt,
1185 3943 1309 3995 quos
1337 3934 1509 3978 utrum
1561 3928 1825 3994 sanguinis
1874 3928 2148 3995 participes
2193 3935 2400 3995 possent
2449 3924 2652 3989 habere,
2684 3927 2993 3980 nescierunt.
3041 3924 3164 3979 Non
3208 3927 3370 3996 igitur

130 4013 395 4068 mirandum
423 4027 499 4069 est
538 4018 586 4069 si
627 4018 680 4069 in
710 4015 1038 4071 Saloatorem
1065 4023 1172 4068 tam
1200 4014 1428 4068 crudeles
1455 4016 1684 4085 fuerunt,
1703 4015 1795 4083 qui
1832 4016 2136 4066 exstiterunt
2179 4015 2231 4066 in
2277 4029 2396 4066 suos
2438 4021 2666 4082 posteros
2696 4021 2803 4065 tam
2831 4013 3081 4068 crudeles.
3114 4011 3368 4068 Tacuisse

130 4114 241 4154 vero
266 4101 552 4169 Christum,
586 4104 712 4158 dum
739 4111 1099 4168 accusaretur,
1131 4102 1280 4176 [ιιι]
1305 4104 1569 4160 Maximus
1613 4111 1827 4167 monet,
1878 4104 2209 4172 tacendoque
2237 4120 2386 4158 suam
2416 4103 2762 4158 conﬁrmasse
2790 4104 3170 4167 innocentiam,
3205 4114 3367 4174 atque

131 4188 380 4243 Veturiam
408 4201 740 4262 reportasse.
769 4190 1000 4246 Humilia
1026 4191 1114 4254 46,
1144 4207 1266 4261 pag.
1300 4192 1395 4244 Mi
1421 4207 1559 4262 seq.:
1592 4193 1813 4259 Mirum,
1845 4195 2031 4261 inquit,
2069 4196 2289 4263 forsitan
2313 4195 2562 4260 videatur,
2595 4197 2802 4265 fratres,
2826 4212 2917 4248 cur
2947 4193 3200 4249 Dominus
3226 4195 3365 4264 apud

129 4278 374 4340 president
403 4280 636 4334 Pilatum
663 4297 694 4334 a
716 4280 1031 4350 principibus
1059 4283 1382 4335 sacerdotum
1410 4291 1691 4348 accusetur,
1722 4291 1781 4336 et‘
1799 4293 1965 4337 taceat
1983 4325 1994 4347 ,
2026 4301 2117 4337 nec
2145 4287 2420 4355 nequitiam
2456 4287 2634 4340 eorum
2668 4301 2762 4338 sua
2793 4287 3124 4352 responsione
3153 4286 3365 4338 convin-

127 4375 228 4428 cat;
255 4383 360 4421 curn
389 4373 563 4440 utique
586 4373 841 4441 ingestam
869 4373 1250 4425 accusationem
1275 4373 1481 4424 nonnisi
1510 4374 1738 4442 refellere
1757 4375 1919 4426 soleat
1946 4372 2213 4427 subsecuta
2234 4375 2481 4444 defensio.
2507 4374 2718 4439 Mirum,
2739 4376 2972 4441 inquam,
3001 4369 3115 4443 fiat,
3143 4376 3354 4444 fratres,

128 4460 248 4521 quod
273 4471 516 4530 arguatur
545 4461 811 4524 Salvator,
845 4472 893 4514 et
921 4470 1105 4514 taceat.
1151 4461 1500 4514 Taciturnitas
1527 4465 1661 4514 enim
1690 4464 1942 4516 interdum
1986 4481 2078 4533 pro
2117 4479 2370 4518 consensu
2413 4464 2654 4528 habetur;
2697 4464 2896 4517 videtur
2925 4471 3141 4533 namque
3169 4464 3363 4533 conﬁr-

129 4562 253 4599 mare
276 4553 403 4619 quod
429 4552 693 4623 objicitur,
727 4569 840 4606 cum
868 4569 971 4606 non
1011 4554 1116 4607 vult
1143 4555 1450 4623 respondere
1477 4555 1611 4621 quod
1638 4558 1899 4623 quaeritur.
1931 4558 2319 4611 Accusationem
2363 4575 2483 4628 ergo
2523 4574 2668 4610 suam
2697 4557 2947 4610 Dominus
2977 4554 3196 4608 tacendo
3233 4572 3361 4609 con-

130 4642 321 4707 ﬁrmat?
345 4644 466 4700 Non
496 4649 653 4716 plane
677 4648 1053 4700 accusationem
1080 4663 1227 4701 suam
1257 4631 1466 4700 tacendo
1494 4649 1790 4716 conﬁrmat,
1838 4650 1930 4703 sed
1974 4651 2187 4720 despicit
2227 4666 2333 4702 non
2380 4650 2678 4719 refellendo.
2732 4649 2870 4702 Bene
2913 4649 3049 4702 enim
3092 4656 3245 4713 tacet,
3277 4652 3362 4717 qui

128 4731 401 4802 defensione
427 4754 529 4790 non
558 4737 776 4806 indiget.
821 4737 1028 4789 Ambiat
1071 4736 1312 4807 defendi,
1342 4739 1425 4807 qui
1468 4741 1645 4790 metuit
1692 4742 1944 4808 superari.
1997 4738 2232 4792 Festinet
2259 4739 2414 4809 loqui,
2447 4741 2531 4807 qui
2562 4740 2704 4791 timet
2731 4740 2882 4791 vinci.
2926 4737 3163 4791 Christus
3192 4746 3362 4790 autem

128 4836 227 4873 cum
269 4813 656 4890 condemnatur,
699 4833 748 4876 et
775 4810 1020 4893 superat:
1048 4840 1162 4877 cum
1202 4824 1488 4894 judicatur,
1519 4834 1568 4877 et
1595 4827 1781 4887 vincit,
1815 4827 1945 4878 sicut
1972 4827 2045 4878 ait
2083 4826 2371 4894 propheta:
2409 4825 2477 4878 Ut
2497 4827 2800 4895 justiﬁceris
2829 4827 2884 4878 in
2908 4827 3227 4879 sermonibus
3259 4827 3361 4878 tuis

125 4918 169 4960 et
193 4913 352 4965 vincas
379 4929 490 4966 cum
507 4915 788 4985 judicaris.
820 4911 956 4977 Quid
983 4929 1103 4984 ergo
1129 4930 1254 4983 opus
1283 4915 1332 4967 ei
1357 4915 1490 4984 loqui
1518 4924 1638 4968 ante
1659 4916 1943 4984 judicium,
1976 4919 2055 4969 cui
2093 4918 2260 4980 ipsum
2292 4917 2547 4985 judicium
2574 4927 2686 4973 erat
2712 4917 2864 4985 plena
2893 4918 3149 4970 uictoria?
3185 4917 3361 4970 Vincit

126 5003 247 5051 enim
269 5017 377 5055 cum
396 5005 668 5072 judicatur
694 5002 956 5067 Christus,
982 5005 1101 5074 quia
1127 5006 1201 5057 sic
1226 5006 1469 5057 innocens
1512 5004 1856 5075 approbatur;
1883 5007 2019 5062 unde
2058 5009 2131 5059 ait
2158 5004 2362 5060 Pilatus
2385 5023 2403 5060 :
2435 5006 2691 5060 Innocens
2735 5023 2829 5077 ego
2869 5023 2982 5061 sum
3028 5023 3062 5059 a
3102 5009 3358 5077 sanguine

131 5091 262 5158 hujus
279 5094 423 5162 justi,
454 5106 562 5150 etc.
593 5094 714 5150 Jam
742 5111 871 5151 vero
902 5111 999 5165 pro
1027 5097 1239 5164 quibus,
1266 5097 1642 5164 quamobrem,
1674 5112 1832 5165 quam
1862 5114 2002 5152 saeva
2048 5099 2304 5154 Servatur
2339 5103 2551 5169 generis
2596 5103 2816 5157 humani
2859 5104 3157 5173 pertulerit,
3189 5119 3257 5158 ex
3289 5104 3356 5158 iis

128 5183 367 5246 (nm-mox
396 5185 614 5240 aﬂ'eram
662 5185 822 5255 plane
868 5185 1054 5253 liquet.
1105 5182 1458 5250 Homilia'52,
1490 5199 1610 5253 pag.
1643 5185 1766 5250 162,
1795 5188 1870 5241 sic
1915 5188 2113 5242 habet:
2145 5188 2290 5242 Unus
2337 5207 2519 5260 passus
2564 5201 2641 5244 est
2686 5209 2780 5258 pro
2821 5193 2987 5245 salute
3033 5202 3356 5245 cunctorum.

131 5267 306 5328 Rursus
333 5275 548 5331 humilia
578 5276 669 5339 50,
701 5290 823 5346 pag.
857 5276 963 5330 155
987 5293 1000 5328 :
1033 5275 1220 5330 Passio
1248 5275 1460 5341 Christi,
1491 5278 1677 5345 inquit,
1711 5287 1893 5331 nostra
1919 5280 2197 5348 redemptio
2224 5291 2326 5345 est,
2358 5298 2496 5335 mors
2525 5283 2635 5352 ejus
2664 5285 2766 5335 vita
2796 5292 2994 5337 nostra.
3029 5283 3156 5336 Ideo
3182 5292 3354 5335 autem

129 5361 249 5414 mala
287 5363 387 5418 hac
414 5377 604 5420 cuncta
630 5367 900 5428 sustinuit.
944 5374 1001 5418 ut
1027 5383 1122 5420 nos
1161 5366 1295 5420 bona
1323 5367 1496 5420 omnia
1526 5370 1849 5421 sentiremus.
1882 5367 2010 5422 Ideo
2056 5370 2411 5424 crudelitatem
2454 5373 2507 5424 in
2535 5389 2590 5426 se
2616 5376 2846 5425 exerceri
2888 5375 3099 5435 maluit,
3130 5383 3186 5425 ut
3215 5374 3359 5427 nobis

131 5451 508 5510 misericordiam
535 5459 837 5528 largiretur.
867 5459 1117 5527 Auferens
1155 5449 1294 5510 enini
1318 5473 1410 5526 per
1451 5474 1650 5511 crucem
1680 5462 1889 5512 humani
1921 5463 2122 5531 generis
2153 5463 2374 5530 injurias
2392 5503 2408 5527 ,
2439 5479 2524 5516 eas
2563 5478 2736 5515 omnes
2763 5465 2817 5515 in
2848 5479 2940 5528 sua
2969 5464 3207 5532 passione
3235 5477 3359 5513 oon-

134 5547 334 5611 sumpsit.
367 5546 740 5603 Consentanea
769 5535 925 5612 Sunt,
955 5562 1075 5615 qua:
1103 5549 1290 5602 scribit
1319 5549 1534 5602 humilia
1563 5548 1650 5614 85,
1684 5563 1803 5618 pag.
1833 5550 1956 5602 9.70.
1990 5551 2121 5603 Nam
2149 5569 2160 5603 :
2197 5551 2519 5622 Unigenitus,
2553 5552 2742 5620 inquit,
2773 5551 2870 5606 Dei
2899 5555 3163 5622 factus'est
3189 5551 3355 5603 Filius

133 5633 344 5696 heminis,
374 5641 540 5706 utqui
569 5648 772 5694 creator
798 5641 977 5693 mundi
1007 5649 1148 5705 erat,
1197 5641 1342 5707 fieret
1370 5650 1417 5692 et
1448 5641 1751 5710 redemptor.
1804 5639 1900 5704 Qui
1948 5643 2038 5696 sub
2088 5643 2275 5699 Pontio
2320 5643 2494 5700 Pilato
2539 5645 2819 5713 crucifixus
2865 5656 2971 5712 est,
3013 5657 3062 5700 et
3105 5645 3349 5714 sepultus.
