3898 6226
534 360 564 411 7
581 357 596 408 |
1018 296 1025 302 .
1957 336 2029 391 Ρῖῖ
2039 335 2073 386 ΑΙ

2256 332 2332 387 ἐι).
3714 331 3795 388 72

522 453 682 506 Nulla
709 455 856 510 nobis
895 457 962 508 sit
991 455 1053 508 de
1092 454 1282 507 Christi
1310 468 1460 505 cruce
1487 453 1746 521 confusio,
1778 451 1900 518 quia
1930 450 2170 502 habemus
2219 449 2283 501 de
2311 448 2422 517 ejus
2471 446 2713 516 passione
2761 449 3044 503 victoriam.
3075 487 3089 501 .
3117 487 3132 502 .
3158 487 3171 501 .
3208 445 3582 502 Immaculatus
3610 448 3789 519 Agnus

520 560 621 598 non
649 545 767 608 sibi,
799 544 892 599 sed
917 545 1061 599 nobis
1083 555 1159 600 est
1181 561 1381 615 passus.
1409 583 1424 598 .
1452 584 1465 597 .
1493 583 1508 596 .
1543 541 1656 596 Nec
1681 541 1969 613 incogitata
1996 543 2062 604 ei,
2091 541 2226 610 quod
2247 550 2538 609 peremptus
2565 551 2672 605 est,
2705 551 2794 593 aut
2819 543 3093 613 improvisa
3133 559 3215 596 res
3243 543 3460 606 accidit,
3489 543 3577 611 qui
3603 543 3790 595 dirissi-

521 636 642 686 tatis
681 651 791 688 siue
817 637 1030 688 consilio
1071 637 1263 689 idcirco
1293 635 1512 704 suscepit
1543 634 1820 698 hominem,
1851 641 1907 685 ut
1956 649 2049 703 pro
2097 633 2300 687 homine
2325 645 2495 702 posset
2522 632 2706 686 occidi.
2753 632 3074 702 Supplicium
3117 643 3288 687 autem
3333 635 3502 686 crucis
3531 635 3700 704 elegit,
3733 644 3788 685 ut

521 723 868 777 sublimiorem
896 725 1161 778 victoriam
1189 734 1396 794 pareret
1418 740 1567 795 paena
1595 723 1850 786 deterior;
1878 732 1927 776 et
1956 724 2046 793 qui
2079 737 2474 777 UNIVEBSITATIS
2502 738 2634 777 nouo
2664 738 3013 786 Puteanus,
3045 725 3191 793 quasi
3219 725 3272 776 in
3303 733 3575 791 conspectu
3613 723 3790 776 mundi

523 816 576 867 in
605 815 659 868 al
681 833 765 870 um
793 817 1081 870 sublevatus
1111 816 1460 882 occumberet;
1489 816 1644 870 simul
1675 825 1733 868 ut
1760 816 1846 887 qui
1874 816 2177 885 cruciﬁxum
2203 813 2461 878 viderent,
2493 813 2755 866 mirabilia
2783 822 3048 870 cernerent
3079 815 3331 882 cruciﬁxi.

595 901 670 958 De
697 907 871 960 crucis
919 915 1095 962 autem
1144 909 1399 978 symbolis
1443 908 1574 978 quid
1617 908 1790 964 dicam
1808 946 1824 972 ,
1853 922 1973 977 quae
1998 906 2077 961 sic
2103 904 2468 976 percensendo
2495 905 2779 974 explicavit
2819 903 3110 969 Maximus,
3141 912 3201 958 ut
3229 920 3292 958 ea
3319 903 3559 958 Justinus
3591 912 3793 957 marttr

525 997 667 1065 iique
696 1000 877 1052 cmteri
905 1001 1240 1068 explicarunt
1258 1042 1272 1065 ,
1302 1002 1394 1070 qui
1421 1001 1674 1070 deinceps
1701 1001 1961 1055 adversus
1987 998 2232 1053 ethnicos
2257 1011 2359 1065 pro
2401 995 2660 1062 religione
2684 991 2986 1048 Christiana
3026 1003 3416 1062 pugnaverant.
3449 995 3530 1049 Ac
3555 993 3792 1047 Justinus

527 1089 763 1158 quidem,
803 1090 1047 1158 apologia
1081 1091 1130 1154 1,
1157 1108 1307 1145 num.
1337 1092 1430 1160 55,
1463 1106 1587 1162 pag.
1612 1090 1680 1144 78
1705 1090 1832 1146 edit.
1867 1105 2019 1160 oper.
2048 1088 2266 1142 Veneta:
2291 1103 2380 1141 an.
2408 1086 2544 1140 1717
2569 1104 2582 1139 :
2623 1085 2922 1150 Intuemini,
2949 1086 3141 1154 inquit,
3171 1088 3363 1150 animo,
3401 1103 3712 1157 quaecunque
3737 1089 3791 1139 in

529 1179 718 1233 mundo
745 1189 1034 1246 versantur,
1065 1200 1134 1235 an
1179 1184 1291 1236 sine
1337 1183 1434 1236 hac
1485 1183 1654 1253 ﬁgura
1697 1180 2059 1235 administrari
2104 1188 2152 1232 et
2199 1179 2500 1232 commercio
2544 1174 2715 1248 [Lxxt]
2745 1181 2877 1230 inter
2902 1193 2957 1231 se
2992 1177 3239 1246 conjungi
3267 1177 3483 1245 possint.
3518 1176 3665 1230 Mare
3689 1194 3794 1230 non

529 1266 800 1331 scinditur,
832 1269 930 1321 nisi
955 1270 1235 1338 troplueum
1269 1271 1410 1335 illud,
1445 1271 1581 1342 quod
1605 1271 1792 1324 dicitur
1823 1271 2006 1333 velum,
2029 1270 2285 1340 integrum
2321 1269 2379 1321 in
2413 1269 2530 1320 navi
2558 1277 2786 1321 maneat.
2816 1265 2977 1321 Terra
3003 1284 3119 1321 vero
3151 1269 3337 1338 absque
3358 1284 3416 1320 eo
3447 1285 3554 1321 non
3579 1277 3776 1320 aratur.

531 1355 779 1412 Fossores
799 1375 927 1429 Opus
954 1377 1058 1414 non
1082 1362 1297 1432 faciunt,
1331 1379 1422 1416 nec
1455 1362 1714 1415 manuarii
1743 1363 1940 1431 pariter
1976 1359 2222 1428 artiﬁces,
2253 1359 2354 1411 nisi
2379 1357 2624 1411 adhibitis
2644 1358 2779 1410 hanc
2800 1359 3021 1428 ﬁguram
3052 1359 3445 1427 preferentibus
3476 1359 3793 1412 instrumen-

533 1446 619 1508 tis,
648 1452 753 1500 etc.
777 1444 1098 1520 Consonant
1115 1449 1196 1502 bis
1224 1465 1343 1519 qua:
1370 1449 1727 1504 Tertullianus
1754 1447 2069 1517 ApolOgetici
2089 1459 2206 1514 cap.
2235 1443 2320 1508 16,
2343 1444 2599 1500 Minutius
2625 1444 2843 1498 Felixin
2871 1441 3084 1500 Octavio
3113 1459 3234 1514 pag.
3261 1445 3364 1499 502
3390 1446 3521 1500 alit.
3554 1445 3795 1515 Lugdun.

533 1533 788 1589 Batavor.
838 1551 925 1589 an.
961 1535 1120 1602 1709,
1154 1548 1214 1591 ut
1243 1539 1479 1607 reliquos
1507 1546 1844 1608 prmteream,
1893 1538 2185 1606 diSputant.
2234 1534 2346 1604 Age
2372 1551 2500 1590 vero
2561 1535 2839 1602 Maximus,
2885 1552 2952 1590 an
2997 1551 3103 1591 non
3142 1537 3358 1591 homilia
3391 1536 3478 1603 50,
3523 1551 3645 1607 pag.
3673 1537 3796 1602 25b,

535 1626 757 1696 perinde
783 1630 894 1696 agit
939 1629 1008 1684 de
1043 1631 1192 1685 navis
1215 1632 1407 1686 arbore
1428 1673 1442 1696 ,
1485 1647 1606 1700 quae
1649 1646 1760 1700 pra:
1805 1647 1866 1685 se
1895 1631 2296 1684 similitudinem
2325 1631 2498 1685 crucis
2530 1630 2684 1694 ferat,
2715 1637 2770 1685 ct
2815 1631 2932 1685 sine
2959 1646 3062 1699 qua
3085 1632 3253 1686 scindi
3281 1647 3429 1686 mare
3458 1648 3568 1686 non
3595 1641 3756 1701 queat
3784 1635 3795 1685 !

536 1712 765 1780 Grande,
811 1716 1002 1784 inquit,
1035 1721 1200 1772 crucis
1223 1729 1300 1773 est
1326 1729 1727 1785 sacramentum,
1749 1728 1800 1773 et
1827 1721 1871 1772 si
1891 1719 2258 1789 intelligamus,
2303 1736 2394 1790 per
2431 1720 2526 1774 hoc
2555 1722 2760 1790 signum
2798 1722 2954 1774 etiam
2989 1721 3209 1776 mundus
3234 1723 3344 1792 ipse
3381 1724 3630 1778 salvat".
3662 1722 3801 1779 Nam

536 1821 653 1858 cum
679 1823 711 1858 a
730 1810 902 1860 nauus
924 1809 1174 1861 scinditur
1201 1827 1364 1874 mare,
1394 1811 1540 1880 prius
1580 1809 1646 1862 ab
1675 1810 1804 1879 ipsis
1832 1807 1989 1862 arbor
2014 1809 2249 1879 erigitur,
2291 1807 2454 1862 velum
2499 1808 2830 1872 distenditur,
2859 1816 2916 1861 ut
2945 1824 3095 1863 cruce
3120 1809 3331 1864 Domini
3363 1814 3526 1882 (acut,
3556 1829 3802 1884 aquarum

538 1893 734 1963 ﬁuenta
755 1903 1091 1964 rumpantur;
1113 1905 1162 1949 et
1181 1896 1274 1949 hoc
1303 1897 1560 1951 dominico
1587 1898 1752 1952 securi
1779 1899 1928 1968 signo
1949 1905 2150 1968 portum
2181 1897 2364 1950 salutis
2397 1905 2595 1968 petunt,
2626 1897 2905 1968 periculum
2948 1900 3128 1954 mortis
3146 1901 3387 1954 evadunt.
3437 1900 3635 1973 Figura
3668 1904 3803 1956 enim

539 1984 848 2035 sacramenti
876 1983 1110 2054 quendam
1133 1992 1208 2037 est
1230 1986 1394 2037 velum
1421 2001 1728 2056 suspensum
1760 1985 1816 2038 in
1843 1982 2044 2048 arbore,
2074 1986 2222 2054 quasi
2263 1982 2498 2039 Christus
2534 1987 2602 2038 sit
2632 1986 2888 2039 exaltatus
2908 1988 2964 2040 in
2993 2002 3158 2041 cruce.
3186 1987 3335 2042 Sicut
3365 1998 3539 2042 autem
3572 1988 3806 2043 Ecclesia

540 2071 654 2124 sine
679 2087 829 2124 cruce
855 2082 995 2124 stare
1011 2089 1116 2124 non
1141 2080 1327 2142 potest,
1351 2074 1426 2125 ita
1451 2083 1502 2126 et
1527 2075 1639 2127 sine
1659 2072 1845 2127 arbore
1863 2073 2008 2125 navis
2028 2073 2241 2142 inﬁrma
2272 2081 2462 2126 est.....
2493 2072 2600 2128 Sed
2630 2083 2680 2127 et
2705 2073 2868 2128 bonus
2899 2075 3127 2146 agricola
3146 2091 3260 2129 cum
3280 2083 3435 2147 parat
3463 2089 3614 2133 terra!
3640 2080 3806 2132 solum

542 2171 754 2225 vertere,
777 2171 826 2215 et
843 2164 960 2216 vitae
982 2163 1227 2216 alimenta
1245 2165 1555 2234 perquirere,
1581 2164 1792 2218 nonnisi
1815 2179 1908 2233 per
1937 2163 2142 2232 signum
2165 2163 2334 2214 crucis
2361 2161 2418 2214 id
2446 2164 2617 2233 facere
2634 2171 2879 2227 conatur,
2905 2164 3026 2218 dum
3053 2166 3190 2218 enim
3221 2173 3400 2219 aratro
3438 2166 3646 2220 dentale
3682 2168 3806 2220 sub-

541 2251 674 2324 iicit,
701 2253 860 2323 afﬁgit
879 2269 1050 2318 aures,
1072 2256 1254 2308 stivam
1273 2254 1480 2325 ingerit,
1506 2254 1731 2324 ﬁgurmn
1751 2249 1919 2307 crucis
1940 2253 2176 2306 imitatur
2193 2266 2213 2305 :
2235 2253 2520 2321 compactio
2550 2253 2688 2305 enim
2705 2254 2820 2322 ipsa
2845 2253 3128 2308 similitudo
3148 2255 3385 2326 quedam
3415 2265 3492 2309 est
3519 2256 3808 2310 Dominicc

543 2341 834 2397 Passionis.
866 2342 1039 2412 Pergit
1064 2342 1301 2400 Justinus
1325 2361 1339 2398 :
1365 2343 1610 2398 Humana
1629 2347 1798 2416 [arma
1816 2361 1922 2400 non
1942 2344 2050 2398 alia
2073 2359 2130 2398 re
2149 2341 2211 2396 ab
2232 2344 2578 2398 animantibus
2601 2346 2817 2399 rationis
2837 2346 3128 2416 expertibus
3148 2345 3341 2414 diﬁ'ert,
3365 2347 3464 2399 nisi
3484 2347 3622 2417 quod
3642 2355 3808 2400 erecta

543 2440 640 2500 est,
662 2441 712 2486 et
730 2435 1077 2488 extensionem
1097 2451 1340 2488 manuum
1361 2435 1670 2489 habet.......
1701 2451 1795 2488 nec
1823 2435 1967 2489 aliud
1983 2451 2139 2506 quam
2164 2435 2332 2487 crucis
2354 2436 2576 2505 formam
2597 2435 2838 2488 ostendit.
2862 2434 3064 2490 Horum
3086 2443 3212 2490 sunt
3230 2437 3442 2503 similia,
3465 2452 3586 2506 qum
3607 2439 3808 2508 profert

544 2521 907 2578 Tertulliauus
929 2523 981 2578 in
1006 2541 1023 2579 ι
1045 2527 1114 2578 ad
1134 2522 1388 2579 Nationes
1408 2526 1566 2590 libro,
1589 2540 1710 2595 cap.
1739 2525 1806 2576 12
1830 2542 1843 2577 :
1872 2523 2005 2596 Ipsi,
2030 2523 2218 2593 inquit,
2261 2526 2466 2594 corpori
2501 2533 2677 2578 nostro
2712 2525 2870 2576 tacita
2897 2530 2948 2578 et
2970 2533 3163 2580 secreta
3202 2525 3340 2580 linea
3375 2529 3672 2582 crucissitus
3713 2539 3807 2583 est.

546 2614 800 2669 Iinutius
844 2615 974 2670 item
1012 2615 1165 2671 Felix
1186 2617 1240 2669 in
1294 2614 1537 2682 Octavio,
1561 2629 1684 2685 pag.
1710 2614 1816 2669 50L
1859 2633 1874 2669 :
1907 2613 2078 2669 Deum
2116 2615 2267 2668 homo
2317 2614 2564 2684 porrectis
2594 2611 2825 2666 manibus
2856 2630 2990 2683 pura
3039 2624 3206 2669 mente
3231 2625 3518 2670 veneratur.
3546 2615 3635 2669 Ita
3659 2620 3809 2688 signa

547 2705 714 2758 crucis
739 2721 828 2758 aut
856 2708 989 2760 ratio
1009 2705 1264 2758 naturalis
1284 2706 1544 2772 innititur,
1573 2715 1664 2758 aut
1683 2714 1855 2758 vestra
1875 2705 2058 2776 religio
2083 2706 2360 2776 fortuna".
2401 2702 2540 2769 Quid
2561 2702 2856 2757 Maximus?
2878 2703 3033 2769 lbid.,
3057 2717 3180 2774 pag.
3221 2703 3321 2756 155
3346 2723 3358 2757 :
3390 2703 3586 2775 Ipsius,
3619 2707 3807 2774 inquit,

547 2794 774 2846 incessus
805 2795 1047 2859 hominis,
1074 2811 1188 2847 cum
1216 2811 1398 2848 manus
1427 2797 1686 2860 levaverit,
1709 2812 1909 2850 crucem
1929 2798 2115 2866 pingit.
2150 2795 2280 2849 Eam
2303 2803 2484 2848 autem
2524 2792 2594 2847 ob
2628 2809 2740 2847 rem
2781 2794 3033 2863 expansis
3072 2795 3317 2848 manibus
3339 2811 3495 2849 orare
3515 2796 3644 2849 olim
3685 2811 3809 2850 con-

550 2895 733 2935 suesse
753 2879 1088 2936 Christianos
1109 2881 1372 2937 Maximus
1393 2883 1790 2938 animadvertit.
1819 2882 1967 2938 Ideo.
1994 2883 2164 2950 inquit
2185 2882 2335 2946 ibid.,
2366 2881 2572 2936 elevatis
2601 2883 2837 2936 manibus
2861 2898 3011 2936 orare
3035 2885 3382 2953 prccipimur,
3415 2894 3472 2936 ut
3489 2886 3602 2951 ipso
3621 2901 3811 2956 quoque

551 2971 894 3025 membrorum
931 2982 1071 3043 gestu
1096 2974 1389 3043 passionem
1430 2973 1643 3029 Domini
1678 2976 1954 3045 fateamur.
1973 2974 2107 3040 Ejus
2147 2973 2549 3027 consuetudinis
2589 2973 2831 3027 meminit
2872 2972 3231 3028 Tertullianus
3272 2976 3326 3029 in
3369 2991 3434 3030 eo
3477 2976 3614 3030 lbro
3653 2992 3810 3045 quem

553 3060 825 3129 inscripsit
845 3059 910 3114 de
929 3058 1199 3126 Oratione,
1224 3079 1338 3132 cap.
1365 3061 1435 3116 12
1461 3081 1474 3115 :
1509 3060 1640 3127 Nos,
1667 3062 1857 3130 inquit,
1884 3077 1988 3116 non
2017 3060 2297 3114 attollimus
2320 3069 2517 3114 tantum
2539 3059 2792 3132 (manus),
2822 3059 2913 3113 sed
2932 3061 3086 3114 etiam
3114 3062 3452 3131 expendimus
3481 3081 3509 3116 e
3535 3063 3810 3118 Dominica

553 3151 810 3206 Passione
828 3151 1170 3218 modulantes,
1201 3161 1253 3205 et
1275 3162 1482 3206 orantes
1502 3153 1807 3222 conﬁtemur
1837 3150 2062 3204 Christo.
2081 3149 2150 3203 Et
2171 3147 2503 3217 Apologetici
2537 3163 2657 3218 cap.
2681 3148 2751 3204 '50
2775 3165 2789 3200 :
2816 3147 3061 3214 Sursum,
3085 3148 3276 3217 inquit,
3305 3152 3638 3220 suspicientes
3661 3149 3811 3205 Clari-

555 3239 732 3304 stiani,
754 3236 990 3292 manibus
1020 3241 1286 3309 expansis,
1324 3241 1445 3311 quia
1471 3241 1740 3303 innocuis;
1781 3240 1951 3308 capite
1987 3237 2144 3302 nudo,
2187 3239 2306 3308 quia
2344 3253 2448 3290 non
2479 3237 2847 3302 erubescimus;
2886 3236 3103 3307 denique
3139 3239 3252 3291 sine
3285 3223 3564 3305 monitore,
3597 3243 3722 3312 quia
3761 3241 3814 3292 de

555 3340 758 3402 pectore
776 3348 1004 3386 oramus.
1028 3329 1144 3384 tam
1166 3331 1272 3385 hoc
1301 3331 1392 3384 diu
1421 3338 1552 3384 ante
1580 3329 1968 3385 Tertullianum
2003 3329 2198 3383 litteris
2227 3329 2570 3396 consignarat
2600 3328 2851 3382 Clemens
2881 3327 3110 3382 Roman.
3153 3337 3303 3398 pont.
3329 3327 3499 3398 Epist.
3544 3331 3571 3383 1
3608 3330 3682 3384 ad
3721 3332 3814 3385 Co-

555 3424 742 3492 rinth.,
775 3440 924 3478 num.
953 3423 1006 3490 2,
1039 3439 1159 3494 pag.
1195 3425 1278 3492 10,
1303 3432 1433 3479 tom.
1456 3425 1478 3478 1
1501 3423 1789 3496 Epistolar.
1816 3424 2107 3478 Romancr.
2135 3423 2373 3492 pontiﬁc.
2401 3422 2527 3477 edit.
2565 3420 2732 3475 Paris.
2759 3421 3060 3476 Constantii
3082 3437 3171 3476 an.
3217 3421 3373 3475 1721.
3415 3423 3555 3479 Hinc
3594 3425 3648 3478 in
3674 3433 3816 3480 vete-

557 3514 707 3572 ribus
748 3513 1171 3569 Christianorum
1213 3517 1594 3582 monumentis,
1639 3514 2088 3569 cmmeterialibus
2129 3511 2458 3582 cumprimis,
2503 3511 2761 3580 imagines
2802 3510 3122 3566 exhibentur
3153 3516 3391 3567 virorum
3430 3513 3818 3582 mulierumque

557 3605 805 3661 manibus
827 3607 1062 3660 extensis
1086 3603 1275 3678 [Lxxn]
1299 3607 1587 3661 orantium.
1614 3603 1879 3660 Revertor
1899 3603 1966 3658 ad
1991 3603 2296 3657 Maximum.
2323 3602 2372 3656 ls
2393 3602 2461 3657 de
2483 3617 2639 3656 cruce
2661 3600 2859 3656 Christi
2903 3601 3142 3658 scribere
3162 3603 3336 3672 pergit
3355 3602 3462 3658 hoc
3481 3603 3640 3658 modo
3667 3623 3685 3658 :
3714 3604 3818 3658 Hoc

558 3700 716 3752 etiam
739 3699 971 3767 exemplo
1003 3697 1177 3752 Moses
1207 3706 1438 3760 sanctus,
1478 3714 1593 3751 cum
1621 3705 1803 3751 contra
1847 3695 2056 3748 Amalec
2098 3693 2282 3747 bellum
2317 3702 2528 3765 gereret,
2564 3710 2667 3748 non
2710 3695 2890 3758 armis,
2921 3711 3024 3748 non
3055 3696 3215 3764 ferro,
3246 3694 3339 3748 sed
3364 3695 3572 3749 elevatis
3599 3713 3719 3750 eum
3763 3697 3820 3748 ad

561 3787 726 3842 Deum
747 3788 980 3842 manibus
1001 3790 1273 3857 superavit.
1300 3787 1614 3841 Praetulerat
1636 3786 1686 3840 ei
1711 3785 1881 3840 facem
1903 3793 2058 3838 vetus
2081 3792 2268 3837 auctor
2291 3784 2342 3836 in
2367 3783 2553 3851 primis
2575 3782 2746 3850 Epist.
2773 3781 3014 3850 ascripta:
3039 3791 3226 3837 sancto
3249 3782 3527 3849 Barnabas,
3554 3801 3705 3839 num.
3744 3784 3816 3844 12.

560 3885 693 3931 tom.
721 3879 739 3930 I
764 3878 1122 3945 Apostolicor.
1157 3875 1394 3940 Patrum,
1438 3890 1558 3944 pag.
1607 3875 1668 3928 61
1695 3874 1824 3929 edit.
1869 3872 2097 3928 Londin.
2133 3886 2220 3924 an.
2261 3870 2414 3923 1746.
2442 3869 2610 3935 Hujus
2651 3877 2732 3923 est
2753 3869 3060 3938 exemplum
3080 3869 3318 3924 imitatus
3356 3869 3595 3927 Justinus
3627 3884 3821 3942 martyr

564 3969 787 4038 Dialogo
813 3986 928 4022 cum
961 3968 1002 4020 Γ
1005 3984 1252 4038 rypttone,
1284 3984 1435 4022 num.
1469 3966 1555 4032 9|,
1587 3979 1708 4035 pag.
1743 3963 1867 4029 198,
1906 3979 2014 4033 quo
2061 3964 2181 4017 loco
2212 3980 2225 4014 :
2266 3961 2392 4015 Cum
2419 3960 2635 4031 povulus
2681 3977 2795 4013 cum
2821 3961 3051 4024 Amalec,
3083 3960 3274 4028 inquit,
3297 3960 3484 4014 bellum
3511 3974 3735 4031 gereret,
3773 3977 3822 4012 ac

565 4056 715 4112 Nave
742 4058 901 4126 ﬁlius,
928 4058 1013 4127 qui
1050 4055 1203 4111 Iesus
1247 4056 1638 4126 cegnominatus
1666 4060 1772 4116 est,
1804 4054 1999 4122 primus
2034 4059 2170 4104 esset
2209 4050 2265 4102 in
2295 4049 2422 4112 acie,
2446 4046 2616 4100 Moses
2657 4048 2767 4116 ipse
2801 4045 2968 4099 Deum
3003 4046 3185 4099 orabat
3211 4047 3444 4100 manibus
3475 4051 3715 4118 utrinque
3742 4065 3823 4102 ea-

563 4151 740 4203 tensis.
781 4148 896 4202 liur
940 4157 1107 4200 autem
1138 4146 1382 4200 etAaron
1420 4160 1504 4198 eas
1535 4152 1640 4196 toto
1683 4142 1766 4194 die
1794 4139 2132 4198 sustinebant.
2176 4154 2240 4190 ne
2267 4153 2326 4190 eo
2357 4137 2571 4201 lassata,
2604 4135 3007 4188 demitterentur.
3029 4134 3090 4189 Si
3113 4135 3237 4205 quid
3274 4138 3410 4190 enim
3449 4137 3515 4189 de
3552 4138 3647 4192 hoc
3685 4141 3823 4208 signa

563 4251 766 4290 crucem
792 4237 1024 4288 imitante
1043 4235 1328 4299 remiserat,
1359 4231 1576 4302 papulas
1611 4228 1924 4291 vincebatur,
1955 4235 2010 4278 ut
2033 4229 2087 4279 in
2126 4224 2289 4279 Hosis
2319 4224 2465 4277 libris
2499 4224 2743 4292 scriptum
2781 4235 2875 4276 est.
2912 4220 2973 4275 Si
3011 4238 3126 4275 vero
3147 4224 3200 4275 in
3223 4232 3316 4276 hoc
3345 4229 3446 4277 situ
3475 4230 3822 4295 permanebat,

567 4323 748 4380 tandiu
767 4324 1062 4377 vincebatur
1088 4323 1318 4388 Amalec,
1349 4333 1399 4376 et
1417 4325 1504 4394 qui
1525 4322 1719 4376 viribus
1748 4320 2049 4390 pra’stabat,
2081 4337 2172 4388 per
2191 4335 2394 4372 crucem
2421 4317 2720 4386 praestabat.
2745 4315 2856 4369 Non
2881 4315 3186 4384 discrepant
3205 4330 3326 4384 quae
3347 4317 3680 4386 scripserant
3704 4319 3824 4373 Ter-

566 4415 819 4468 tullianus
854 4414 944 4468 lib.
971 4414 1226 4468 adversus
1247 4412 1479 4477 indutos,
1503 4428 1622 4482 cap.
1652 4413 1736 4476 10,
1761 4425 1882 4481 pag.
1912 4409 2033 4474 196,
2060 4417 2115 4462 et
2136 4408 2226 4461 lib.
2253 4423 2308 4461 m
2331 4415 2517 4461 contra
2543 4405 2884 4470 Marcioncm,
2917 4419 3035 4473 cap.
3065 4403 3149 4464 18.
3182 4419 3302 4472 pag.
3336 4405 3437 4459 408
3460 4409 3589 4460 edit.
3615 4407 3824 4463 Veneta

567 4517 656 4556 an.
693 4498 861 4562 17H;
887 4509 1103 4554 unctus
1126 4499 1433 4570 Cyprianus
1453 4501 1545 4554 lib.
1573 4517 1610 4554 ιι
1654 4499 2060 4562 Testimonior.,
2087 4513 2206 4567 cap.
2229 4497 2321 4562 21,
2345 4510 2468 4566 pag.
2493 4494 2561 4548 46
2593 4495 2722 4548 edit.
2746 4491 2919 4548 Oxon.
2946 4509 3034 4547 an.
3070 4491 3233 4560 1682;
3256 4493 3425 4549 Julius
3447 4496 3716 4554 Firmicm
3745 4499 3820 4553 lib.

566 4591 633 4644 de
655 4589 836 4644 Error.
863 4589 1132 4658 profanar.
1160 4589 1336 4658 relig.,
1366 4601 1488 4658 pag.
1517 4587 1622 4641 448
1645 4587 1774 4642 edit.
1801 4589 1950 4642 Post.
1970 4585 2156 4642 Octav.
2201 4587 2399 4640 Minue.
2425 4584 2588 4639 Felic.
2632 4581 2873 4650 Lugdun.
2919 4582 3170 4636 Batavor.
3195 4597 3286 4637 an.
3312 4582 3480 4651 1709;
3511 4592 3684 4655 utque
3732 4601 3822 4642 ex.

569 4688 713 4733 teros
734 4679 1161 4748 praetermittam,
1189 4695 1255 4735 ne
1277 4679 1377 4734 sim
1401 4679 1455 4732 in
1484 4693 1543 4733 re
1565 4678 1784 4733 minime
1814 4676 2117 4732 necessaria
2143 4675 2357 4739 nimius,
2383 4662 2676 4741 Gregorius
2698 4669 3063 4726 Nazianzenus
3086 4666 3269 4724 Carm.
3294 4686 3404 4736 Lm,
3429 4686 3552 4741 pag.
3577 4671 3686 4726 127
3706 4674 3820 4729 edit.

568 4766 758 4824 Colon.
792 4786 881 4824 an.
915 4769 1068 4823 1690.
2131 4828 2138 4836 _

641 4857 823 4925 Neque
843 4874 973 4913 vero
996 4861 1078 4914 his
1119 4869 1325 4914 tantum
1367 4859 1550 4928 ﬁguris
1589 4858 1914 4930 symbolisve
1951 4872 2070 4911 sese
2112 4854 2375 4909 continuit
2417 4851 2692 4904 Maximus.
2721 4847 2850 4901 Nam
2884 4847 3087 4902 illustre
3128 4849 3289 4902 etiam
3331 4865 3394 4903 ac
3430 4853 3821 4905 memorandum

570 4951 695 5006 illud
722 4951 773 5002 in
799 4952 1108 5004 memoriam
1131 4951 1331 5020 populo
1355 4952 1645 5015 revocavit,
1676 4951 1743 5004 de
1771 4956 2022 5017 serpente
2042 4960 2182 5000 mreo
2203 4951 2384 4997 erecto
2407 4957 2436 4994 a
2469 4942 2614 4995 Mose
2639 4940 2733 4993 Dei
2751 4938 2922 5005 jussu,
2956 4937 3310 4991 curandoruin
3334 4955 3521 4992 eorum
3547 4955 3715 4994 causa
3747 4938 3821 5010 qui

569 5047 881 5108 serpentum
903 5041 1169 5093 morsibus
1198 5041 1412 5093 adducti
1434 5040 1647 5093 fuerant
1668 5045 1721 5092 in
1744 5048 2045 5093 extremum
2068 5033 2354 5088 discrimen
2380 5031 2518 5083 vitm.
2544 5029 2728 5095 Itaque
2756 5025 2979 5080 homilia
3002 5023 3088 5089 i9,
3122 5040 3242 5093 pag.
3280 5023 3380 5077 152
3411 5045 3424 5078 :
3460 5024 3607 5092 Cum,
3640 5029 3822 5097 inquit,

572 5134 746 5189 Moses
765 5140 976 5186 sanctus
1004 5132 1140 5202 ﬁlios
1166 5129 1332 5183 Israel
1352 5131 1416 5183 de
1435 5133 1728 5200 captivitate
1747 5127 1964 5199 Egypti
1992 5126 2342 5196 produxisset,
2366 5131 2515 5192 atque
2540 5121 2675 5172 idem
2711 5117 2927 5188 populus
2957 5119 3010 5170 in
3035 5117 3236 5170 deserto
3261 5119 3404 5188 gravi
3441 5135 3475 5170 a
3513 5120 3821 5188 serpentibus

568 5225 862 5279 incursione
892 5225 1168 5279 laboraret,
1203 5235 1292 5272 nec
1312 5221 1486 5290 aliqua
1522 5220 1628 5272 illis
1655 5234 1916 5271 armorum
1937 5217 2167 5287 defensio
2189 5225 2358 5286 posset
2379 5213 2644 5276 obsistere,
2670 5221 2775 5263 tum
2812 5218 3021 5263 sanctus
3051 5207 3221 5262 Moses
3261 5210 3432 5264 divino
3461 5211 3692 5279 repletus
3728 5212 3820 5280 spi-

572 5319 695 5381 ritu,
726 5325 1010 5386 serpentem
1031 5329 1218 5367 aereum
1247 5312 1457 5380 aﬁixum
1484 5312 1624 5381 ligno
1649 5313 1785 5365 inter
1810 5311 2005 5364 medias
2035 5312 2361 5366 morientium
2390 5309 2555 5362 erexit
2586 5305 2778 5370 turbas,
2815 5313 2864 5358 et
2903 5304 3167 5357 mandat-it
3186 5305 3374 5374 populo
3395 5312 3449 5356 ut
3477 5301 3541 5355 de
3567 5303 3662 5356 illo
3690 5305 3818 5373 signa

572 5422 714 5478 spem
758 5410 990 5474 gererent
1025 5401 1297 5461 sanitatis;
1328 5407 1480 5468 atque
1515 5399 1612 5450 hac
1637 5415 1693 5452 re
1718 5408 1863 5450 tanta
1891 5398 2146 5452 medicina
2185 5408 2364 5450 contra
2399 5411 2624 5450 morsum
2653 5393 2888 5462 aspidum
2933 5393 3182 5462 provenit,
3221 5402 3278 5443 ut
3295 5392 3522 5461 quisquis
3543 5394 3818 5445 vulnerum

572 5499 628 5550 in
653 5496 799 5548 illam
823 5492 1071 5560 serpentis
1091 5506 1292 5542 crucem
1329 5499 1419 5542 aut
1453 5491 1722 5558 respiceret
1758 5499 1849 5542 aut
1879 5501 2127 5559 speraret,
2167 5492 2339 5543 statim
2367 5489 2643 5542 remedium
2681 5487 2866 5539 salutis
2892 5486 3164 5554 acciperet.
3197 5483 3355 5554 Cujus
3388 5485 3516 5554 {acti
3537 5485 3700 5538 etiam
3728 5485 3817 5538 Do-

573 5586 741 5640 minus
769 5585 821 5636 in
844 5581 1126 5652 Evangelia
1173 5581 1423 5646 meminit,
1462 5579 1638 5634 dicens
1673 5591 1691 5629 :
1740 5580 1887 5634 Sicut
1928 5579 2102 5634 Moses
2151 5580 2397 5633 exaltavit
2418 5587 2702 5646 serpentem
2740 5578 2793 5629 in
2815 5577 3035 5640 deserto,
3059 5577 3134 5629 ita
3153 5577 3379 5629 exaltari
3408 5585 3612 5646 oportet
3643 5575 3816 5630 Filium

574 5677 814 5733 hominis.
851 5675 1000 5729 Unde
1032 5675 1075 5729 si
1102 5674 1287 5744 afﬁxus
1326 5687 1534 5740 serpens
1573 5673 1710 5741 ligno
1745 5673 1868 5732 ﬁliis
1913 5669 2080 5724 Israel
2109 5671 2326 5724 contulit
2368 5671 2671 5735 sanitatem;
2701 5678 2892 5737 quanto
2922 5667 3088 5737 magis
3130 5668 3348 5722 salutem
3387 5678 3610 5738 prtestat
3636 5665 3815 5735 νομιιῶ
