3898 6226
94 337 156 393 75
1533 329 1917 390 ΡΒΕΕΑἸΊΟ.
3301 329 3368 384 71.

97 449 328 504 Dominus
357 466 411 503 in
440 446 680 519 patibulo
715 444 1023 515 cruciﬁxus?
1061 439 1132 497 Et
1165 445 1210 498 si
1248 443 1420 515 figura
1467 451 1670 498 tantum
1705 445 1922 516 pi-ofuit,
1966 455 2213 517 quantum
2256 441 2497 508 prodesse
2525 442 2781 499 credimus
2815 442 3116 498 veritatem?
3137 441 3364 514 Serpens

94 541 237 611 igitur
261 541 456 611 primus
486 538 845 609 cruci/igitur;
877 542 1015 590 recte
1039 536 1223 607 plane,
1254 543 1310 588 ut
1337 534 1425 606 qui
1453 537 1648 606 primus
1686 537 1828 605 apud
1859 536 2024 590 Deum
2055 544 2360 607 peccaverat
2384 535 2643 602 diabolus,
2675 536 2875 606 primus
2902 535 3073 588 crucis
3107 537 3365 610 sententia

97 632 340 700 feriretur.
367 628 434 683 In
462 631 609 701 ligno
648 629 784 682 enim
808 627 1146 697 cruciﬁgitur,
1180 635 1254 690 ut,
1288 627 1410 696 quia
1452 626 1604 680 homo
1643 635 1697 681 tn
1726 628 1976 696 paradiso
2020 646 2113 699 per
2149 629 2385 683 arborem
2421 630 2853 698 concupiscentitz
2889 629 3133 699 deceptus
3175 629 3367 699 fuerat,

97 738 218 776 nunc
245 722 377 777 idem
405 740 500 792 per
537 722 667 792 ligni
697 719 934 773 arborem
953 718 1261 783 salvaretur,
1286 731 1440 790 atque
1462 718 1646 772 eadem
1675 722 1896 773 materia
1923 735 2039 790 qua:
2068 736 2226 773 causa
2250 721 2432 775 mortis
2453 721 2646 791 fueral,
2678 718 2887 793 [tum]
2917 718 3056 772 nunc
3073 718 3211 772 idem
3238 727 3374 773 esset

96 815 355 871 remedium
396 815 666 879 sanitatis,
698 819 802 867 etc.
834 811 1026 866 Mirum
1070 825 1229 880 quam
1254 811 1369 864 htec
1408 817 1707 877 congruant
1741 811 2002 866 doctrinm
2043 810 2261 867 Patrum
2297 812 2658 882 superiorum.
2703 813 2906 867 Auctor
2925 797 3080 866 vetus
3120 807 3372 882 Epistula:

100 914 266 963 sancto
293 905 558 962 Barnabas
583 903 830 974 apostolo
859 902 1129 957 attributae
1156 917 1303 956 num.
1339 899 1424 966 12,
1449 914 1572 970 pag.
1606 899 1676 954 65
1708 917 1721 953 :
1754 899 1948 967 Moses,
1972 903 2162 972 inquit,
2197 904 2324 973 facit
2349 903 2576 973 figuram
2594 901 2719 956 Iesu
2751 901 2910 973 (quod
2937 917 3189 972 passurus
3215 912 3370 972 esset,

99 1009 140 1052 et
165 1001 312 1053 vitam
331 999 647 1069 prtebiturus
666 997 808 1066 ipse,
850 1011 997 1065 quem
1034 993 1209 1049 Iudtei
1239 994 1513 1064 putabant.
1533 993 1782 1065 periisse)
1804 996 1861 1048 in
1889 996 2038 1066 signo
2067 995 2300 1050 cadentis
2329 993 2564 1050 Israelis.
2592 994 2780 1065 Eﬁ‘ecit
2805 996 2943 1050 enim
2981 994 3143 1061 Deus,
3173 1003 3231 1047 ut
3257 1009 3375 1048 cum

102 1097 334 1158 serpentes
363 1088 664 1142 morderent
692 1103 810 1150 eos.
843 1095 893 1140 et
920 1095 1273 1148 morerentur;
1300 1086 1544 1155 quoniam
1585 1085 1934 1156 transgressio
1972 1102 2066 1156 per
2098 1094 2383 1156 serpentem
2403 1085 2458 1139 in
2491 1083 2603 1139 Eva
2641 1087 2925 1158 contigit...
2963 1083 3140 1140 loses
3179 1086 3378 1159 faceret

102 1191 364 1250 serpentem
409 1194 631 1243 tensum,
661 1193 723 1231 ac
751 1177 976 1249 gloriose
1015 1177 1314 1238 collocaret.
1353 1187 1504 1244 atque
1544 1192 1636 1245 per
1674 1191 1966 1246 prteconem
2011 1184 2315 1230 convocaret
2346 1175 2682 1247 populum...
2716 1175 2864 1231 Dixit
2892 1186 3060 1231 autem
3101 1173 3278 1232 Moses
3307 1175 3380 1230 ad

105 1274 204 1327 illos
231 1272 394 1327 :Cum
426 1272 619 1341 aliquis
639 1285 712 1324 ἐκ
736 1268 878 1325 vobis
905 1285 1105 1325 morsus
1135 1260 1311 1340 fuerit,
1356 1269 1528 1323 veniat
1552 1267 1622 1320 ad
1649 1275 1934 1337 serpentem
1972 1285 2027 1321 sn
2051 1268 2192 1340 ligno
2233 1270 2486 1339 positum,
2515 1278 2566 1324 et
2593 1270 2798 1332 credat,
2830 1278 2982 1342 atque
3011 1279 3182 1340 speret
3217 1268 3379 1340 quod,

104 1363 205 1417 licet
227 1373 460 1418 mortuus
487 1362 578 1416 ille
604 1363 692 1426 sit,
722 1362 909 1432 poterit
928 1362 1088 1415 vitam
1114 1368 1384 1429 prtestare,
1428 1368 1478 1413 et
1497 1359 1769 1430 confestim
1789 1359 2093 1412 servabitur.
2107 1361 2282 1430 ~Atque
2301 1361 2375 1413 ita
2392 1357 2671 1430 faciebant.
2694 1357 2869 1412 Habes
2898 1359 3053 1412 etiam
3072 1361 3125 1413 in
3147 1359 3244 1413 hoc
3267 1359 3385 1429 glu-

107 1459 223 1510 rium
238 1457 377 1512 Iesu.
401 1456 501 1511 His
513 1463 872 1512 consentanea
890 1452 1160 1507 tradidere
1179 1450 1420 1506 Justinus
1440 1460 1644 1522 martyr
1672 1452 1727 1505 in
1757 1450 1980 1522 Dialogo
2001 1467 2114 1504 cum
2140 1450 2432 1522 Tryphone,
2457 1466 2604 1506 num.
2636 1450 2698 1504 9|
2723 1491 2738 1516 ,
2759 1467 2813 1521 p.
2852 1450 2981 1516 £99;
3015 1451 3383 1506 Tertullianus

106 1548 186 1602 lib.
213 1549 448 1603 adversus
477 1546 711 1611 Iudaos,
741 1558 862 1613 cap.
891 1542 977 1608 10,
1006 1557 1059 1611 p.
1084 1540 1216 1607 596;
1248 1539 1478 1612 Cyrillus
1506 1539 2023 1611 Hierosolymitanus
2042 1540 2249 1594 catech.
2277 1537 2346 1593 15
2365 1578 2382 1604 ,
2414 1554 2561 1592 num.
2587 1537 2674 1604 20,
2706 1555 2761 1609 p.
2794 1538 2898 1592 192
2922 1539 3053 1595 edit.
3086 1537 3255 1616 Paris.
3289 1554 3380 1592 an.

111 1639 246 1692 17Ξο.
262 1638 366 1693 Sed
388 1639 609 1706 longum
629 1643 710 1691 est
729 1648 919 1689 omnes
939 1647 1387 1688 commemorare.
1401 1631 1480 1687 Ac
1498 1632 1630 1688 satis
1650 1631 1817 1685 multa
1835 1630 1900 1702 de
1915 1629 2097 1698 ﬁguris
2116 1629 2442 1700 symbolisve
2463 1630 2656 1686 crucis.
2676 1629 2961 1698 Reliquum
2982 1638 3084 1696 est,
3100 1637 3157 1684 ut
3177 1644 3298 1700 quae
3317 1629 3385 1684 do

107 1727 387 1782 Scrutaris
407 1727 614 1781 Christi
654 1730 850 1788 morte,
881 1721 1146 1776 Maximus
1182 1721 1295 1776 suis
1325 1720 1596 1790 opusculis
1621 1721 1933 1790 complexus
1949 1727 2054 1784 est,
2077 1720 2283 1790 paucis,
2323 1718 2503 1789 quoad
2531 1718 2646 1787 ejus
2687 1719 2801 1773 ﬁeri
2829 1721 3060 1790 poterit,
3091 1734 3381 1789 exponam.

171 1817 300 1886 Ergo
329 1819 418 1873 ille
448 1817 673 1872 humilia
705 1815 792 1881 5|,
819 1828 939 1885 pag.
978 1812 1097 1879 l58,
1129 1813 1257 1883 quid
1284 1813 1352 1867 de
1381 1820 1556 1867 morte
1583 1813 1892 1867 Servatoris
1921 1811 2166 1881 ejusdem
2212 1813 2382 1868 nostri
2416 1812 2633 1868 devotio
2661 1809 2785 1867 ﬁdei
2819 1812 2956 1867 lerat
2979 1857 2993 1885 ,
3035 1829 3344 1884 proponens
3369 1829 3382 1865 :

110 1907 222 1962 Hac
247 1917 338 1971 est,
369 1909 564 1978 inquit,
595 1908 718 1976 fidei
747 1907 902 1977 plena
928 1905 1145 1970 devotio,
1171 1913 1224 1958 ut
1251 1920 1366 1958 cum
1387 1904 1451 1959 de
1469 1903 1764 1960 vulneribus
1801 1903 2018 1976 Domini
2046 1905 2280 1975 proﬂuus
2307 1906 2522 1976 sanguis
2564 1906 2793 1958 cernitur
2812 1945 2826 1970 ,
2878 1913 2985 1959 tum
3025 1906 3088 1960 de
3130 1914 3399 1975 potestate.

107 2002 206 2068 ejus
230 2003 374 2053 venia
401 2001 724 2070 postuletur;
752 2015 866 2052 cum
888 1998 1086 2052 videtur
1109 1997 1221 2067 ejus
1251 1996 1537 2060 humilitas,
1569 2004 1675 2048 tum
1698 1997 1868 2067 magis
1895 1991 2133 2050 teneatur
2157 1998 2272 2068 ejus
2301 1997 2581 2061 divinitas;
2612 2013 2727 2050 cum
2767 1999 2922 2052 morti
2952 1997 3191 2050 addictus
3230 2008 3388 2066 puta-

106 2101 197 2160 tur,
222 2103 336 2148 tunc
366 2093 508 2164 regis
535 2091 612 2145 illi
635 2090 1034 2161 honorificentia
1062 2089 1348 2160 deferatur.
1373 2085 1838 2154 Quemadmodum
1867 2086 2044 2141 delata
2089 2102 2119 2140 a
2159 2095 2350 2142 sancto
2378 2087 2590 2141 latrone
2636 2086 2764 2151 fuit,
2812 2087 2878 2141 de
2903 2103 3011 2157 quo
3040 2086 3265 2140 homilia
3299 2086 3386 2149 52,

109 2200 214 2254 pag.
245 2185 362 2249 165,
391 2184 660 2238 Maximus
688 2182 832 2237 idem
852 2183 930 2238 sic
957 2188 1189 2236 testatur
1217 2197 1231 2234 :
1264 2179 1595 2235 Salvatorem
1624 2188 1747 2233 tunc
1775 2180 2067 2250 majestatis
2108 2179 2389 2234 Dominum
2417 2179 2771 2251 recognoscit,
2804 2197 2917 2234 cum
2949 2180 3147 2234 videtur
3175 2180 3388 2234 humili-

106 2277 217 2328 tatis
241 2274 494 2344 patientia
521 2274 763 2327 cruciari.
795 2271 912 2326 1am
939 2286 1069 2326 vero
1098 2271 1318 2326 humilia
1351 2269 1436 2336 54,
1470 2283 1591 2340 pag.
1624 2270 1730 2325 175
1760 2289 1772 2325 :
1805 2269 1952 2337 Quis,
1979 2272 2172 2343 inquit,
2203 2273 2257 2325 in
2287 2271 2462 2326 Eliseo
2489 2273 2890 2344 prtcﬁguratur,
2917 2274 3019 2327 nisi
3041 2281 3218 2327 noster
3233 2271 3386 2328 Iesus

109 2364 345 2428 Christus,
377 2367 466 2436 qui
497 2365 928 2420 resurrectionem
950 2363 1014 2416 de
1042 2369 1207 2416 morte
1235 2360 1486 2432 largitur,
1535 2370 1585 2414 et
1630 2361 1788 2415 vitam
1834 2362 2066 2432 sepultus
2101 2362 2389 2434 operatur?
2425 2361 2494 2416 Et
2537 2363 2700 2434 paulo
2747 2372 2872 2434 post
2913 2364 3063 2420 Jonas
3089 2366 3389 2438 prophetas.

105 2471 250 2526 quem
279 2466 454 2512 nautas
485 2457 849 2525 increparan',
877 2452 1148 2508 Christum
1176 2466 1498 2523 comparans
1523 2470 1535 2504 :
1568 2450 1783 2518 Nautat,
1807 2453 1999 2524 inquit,
2031 2454 2299 2509 dimissuri
2324 2455 2516 2510 Ionam
2539 2494 2554 2520 ,
2599 2465 2771 2509 tamen
2811 2467 3050 2511 verentur
3092 2466 3144 2512 et
3175 2458 3388 2513 dicunt:

109 2547 333 2614 Domine,
365 2562 432 2600 ne
463 2545 554 2600 des
583 2561 740 2615 super
769 2559 862 2596 nos
890 2543 1198 2613 sanguinem
1224 2542 1574 2595 innocentem.
1609 2540 1805 2595 Nonne
1829 2542 1975 2597 vobis
1996 2545 2197 2597 videtur
2224 2553 2500 2598 nautarum
2520 2545 2826 2615 increpatio,
2860 2545 3024 2600 Piluti
3045 2564 3158 2601 esse
3188 2552 3395 2620 confes-

105 2643 193 2704 sio,
222 2642 305 2711 qui
334 2640 500 2692 tradit
522 2635 804 2700 Christum,
835 2644 884 2689 et
912 2643 1084 2689 arinen
1123 2633 1262 2687 lavat
1286 2639 1471 2688 manus
1501 2649 1624 2687 suas
1646 2642 1696 2688 et
1724 2633 1892 2688 dicit:
1914 2631 2142 2688 Mundus
2190 2651 2285 2706 ego
2326 2651 2441 2690 sum
2482 2651 2513 2688 a
2561 2638 2816 2707 sanguine
2834 2636 2969 2708 justi
3005 2637 3162 2708 hujus
3184 2639 3210 2691 .’
3246 2637 3390 2691 Dicit

101 2731 259 2800 itaque
275 2730 442 2784 Ionas
465 2729 521 2782 in
544 2728 782 2783 oratione
801 2743 897 2781 sua
915 2742 934 2779 :
961 2724 1106 2779 Tolle
1126 2726 1303 2795 igitur,
1323 2723 1563 2792 Domine,
1587 2726 1817 2779 animum
1840 2741 2030 2794 meam,
2054 2728 2175 2798 quia
2196 2728 2376 2781 melior
2395 2739 2472 2782 est
2496 2730 2626 2783 mihi
2644 2746 2782 2784 mors
2804 2747 2957 2802 quam
2979 2734 3101 2785 vita.
3125 2730 3280 2785 Dicat
3302 2732 3396 2785 hoc

103 2823 255 2875 verius
281 2821 538 2876 Dominus
558 2830 734 2875 noster
751 2813 904 2872 Iesus
928 2810 1183 2881 Christus,
1201 2819 1320 2887 quia
1343 2817 1526 2872 melior
1543 2827 1620 2871 est
1640 2817 1766 2870 mihi
1784 2833 1924 2874 mors
1944 2832 2093 2889 quam
2116 2820 2250 2884 vita;
2274 2819 2331 2872 id
2351 2830 2445 2885 est,
2470 2822 2644 2893 vivens
2671 2839 2832 2876 unam
2859 2821 3162 2877 Iudaeorum
3189 2831 3394 2895 gentem

102 2917 289 2970 salvare
321 2934 428 2971 non
457 2915 640 2984 potui;
671 2915 885 2978 moriar,
917 2922 969 2965 et
994 2911 1265 2966 universus
1287 2910 1509 2965 mundus
1539 2926 1640 2965 om
1669 2926 1850 2965 ιιοιιτε
1880 2926 2173 2965 ειινετωι.
2191 2910 2381 2966 Ionam
2404 2923 2542 2967 cetus
2570 2915 2725 2983 piscis
2748 2916 2948 2985 excepit
2965 2917 3282 2981 immersum,
3305 2923 3401 2973 sed

101 3022 194 3059 non
214 3008 428 3077 contigit
449 3007 818 3060 devoratum...
845 3000 971 3067 Quis
992 3011 1069 3055 est
1096 3001 1193 3055 iste
1213 3003 1300 3072 qui
1319 3002 1460 3054 intra
1481 3000 1661 3054 avidos
1683 3000 1838 3053 rictus
1853 3001 2047 3054 assumi
2061 3009 2250 3071 potest,
2275 3003 2510 3054 consumi
2529 3018 2632 3056 non
2655 3005 2924 3073 potest....’
2947 3003 3073 3069 Quis
3094 3020 3172 3059 est
3195 3007 3292 3060 iste
3310 3007 3399 3077 qui

99 3101 403 3154 vastissimas
424 3100 574 3152 sinus
595 3096 939 3168 periculorum
973 3102 1108 3150 tutus
1136 3094 1446 3166 ingreditur,
1469 3101 1519 3146 et
1537 3092 1630 3148 sub
1651 3091 1927 3146 altitudine
1946 3093 2201 3178 immensa
2222 3092 2513 3158 conclusut,
2543 3102 2694 3164 atque
2715 3096 3003 3169 mortifera,
3031 3094 3234 3168 [uxrv]
3255 3096 3400 3150 vitali

99 3206 211 3242 aere
230 3193 482 3260 pascitur,
506 3198 557 3244 et
577 3189 833 3243 demissus
854 3188 909 3242 in
932 3187 1157 3242 alienam
1188 3203 1362 3242 rerum
1383 3194 1646 3251 naturam,
1678 3186 1733 3238 in
1756 3186 1872 3238 vitae
1891 3184 2133 3238 exsilium
2163 3200 2280 3238 cum
2299 3186 2404 3239 vita
2432 3185 2825 3256 peregrinatur,
2857 3196 2909 3239 et
2939 3188 3120 3242 mortis
3140 3198 3400 3260 superstes

97 3285 365 3337 annuntiat
388 3292 661 3338 ventatram
676 3282 854 3336 mundi
876 3281 1098 3336 salutem
1114 3279 1204 3334 ἵ...
1232 3278 1336 3332 Hic
1353 3287 1432 3332 est
1445 3276 1701 3332 Dominus
1725 3283 1901 3331 noster
1918 3275 2074 3331 Iesus
2094 3275 2344 3341 Christus,
2365 3292 2515 3348 quem
2535 3292 2671 3332 swva
2687 3293 2847 3342 mors,
2870 3276 3197 3349 inexplebilis
3208 3276 3398 3340 bellua,

97 3373 148 3425 in
174 3389 340 3428 escam
362 3391 519 3429 suam
541 3375 734 3445 rapuit,
752 3382 803 3426 et
829 3371 1062 3444 predum
1079 3386 1230 3426 suam
1249 3369 1452 3441 captiva
1471 3368 1793 3423 contremuit.
1819 3367 2159 3432 Contremuit,
2175 3366 2404 3439 inquam,
2424 3370 2546 3422 nam
2573 3369 2618 3423 si
2648 3375 2858 3423 noverat
2883 3369 3208 3438 crucifixum,
3227 3377 3401 3422 tamen

96 3479 236 3531 quem
256 3480 363 3521 non
404 3465 717 3519 meminerat
742 3479 903 3529 reum,
925 3478 1031 3517 non
1060 3468 1261 3533 poterat
1285 3469 1454 3514 tenere
1479 3459 1802 3521 damnatum,
1833 3457 1955 3530 quia
1982 3457 2186 3527 culpam
2216 3472 2319 3511 non
2342 3459 2469 3529 facit
2486 3472 2655 3526 paena,
2677 3457 2771 3511 sed
2795 3473 2975 3510 causa.
3002 3454 3165 3520 Quasi
3192 3455 3402 3510 solitum

100 3552 258 3607 cibum
286 3557 551 3626 perditum
579 3556 633 3609 in
655 3555 856 3626 origine
871 3553 1050 3608 mundi
1072 3552 1331 3607 hominem
1346 3550 1636 3614 devoravit;
1654 3550 1744 3603 sed
1763 3565 2008 3620 magnam
2027 3564 2139 3602 esse
2158 3547 2256 3602 cibi
2289 3550 2451 3619 ipsius
2482 3550 2792 3621 dignitatem
2822 3552 3399 3621 prtefocataycognovit,

101 3643 382 3713 atqueideo
412 3643 622 3699 divinus
648 3658 816 3697 sermo
837 3647 1239 3697 commemorat:
1259 3638 1328 3693 Et
1346 3640 1590 3709 pracepit
1606 3637 1862 3692 Dominus
1879 3637 2031 3710 pisci,
2054 3646 2104 3692 et
2121 3639 2339 3692 evomuit
2357 3639 2549 3693 Ionam
2570 3639 2623 3693 in
2645 3639 2867 3694 aridam.
2889 3639 3148 3709 Prtecepit
3167 3657 3288 3711 ergo
3312 3640 3369 3694 be
3382 3634 3400 3678 ⁷-

102 3736 229 3800 stic,
259 3738 516 3807 precepit
541 3736 696 3791 morti
722 3751 924 3805 semper
941 3733 1213 3797 esurienti,
1238 3733 1486 3804 praecepit
1514 3731 1714 3801 abyssis
1741 3738 1791 3782 et
1819 3731 2049 3802 inferno,
2072 3738 2126 3782 ut
2152 3729 2344 3784 mundo
2375 3731 2654 3784 restituant
2674 3728 3017 3784 Saluatorem.
3043 3727 3287 3786 Evoumr
3309 3749 3405 3784 au—

105 3834 196 3877 tem
222 3824 316 3880 huc
344 3825 593 3881 debenuts
616 3825 869 3894 accipere,
901 3822 1040 3896 quod
1068 3829 1134 3877 es:
1160 3823 1278 3878 imis
1308 3820 1588 3877 visceribus
1617 3822 1797 3875 mortis
1822 3821 2007 3875 victria:
2028 3822 2131 3875 vita
2156 3822 2415 3885 remearit,
2448 3830 2601 3893 atque
2621 3838 2734 3875 eam
2762 3837 2828 3875 ea:
2856 3823 2974 3876 imis
3001 3823 3304 3892 prwcordiis
3330 3828 3405 3879 in-

107 3915 231 3983 fensi
256 3916 485 3985 perditio
515 3916 818 3969 exulcerata
846 3912 1150 3969 reddiderit.
1185 3913 1432 3968 Videmus
1459 3913 1634 3981 itaque
1661 3911 1717 3964 in
1743 3911 2009 3982 propheta:
2028 3909 2391 3989 afflictionibus
2419 3914 2743 3982 apertissime
2765 3914 3159 3985 prcvﬁguratam
3186 3923 3236 3967 et
3261 3930 3407 3969 mor-

107 4014 201 4057 tem
224 4009 421 4074 pariter
439 4003 694 4076 (Christi)
725 4012 776 4058 et
804 4004 1253 4058 resurrectionem.
1290 4000 1638 4073 Quapropter,
1669 4000 1806 4073 quod
1826 3989 2089 4074 isn‘pletum
2107 4004 2277 4058 cernis
2305 4003 2360 4058 in
2382 4018 2544 4067 servo,
2576 4003 2784 4058 credere
2811 4021 2915 4060 non
2941 4005 3192 4059 cuucteris
3212 4008 3268 4060 in
3289 4005 3401 4062 Do-

107 4093 254 4148 mitto.
289 4093 692 4150 Prmnuntiarat
718 4095 933 4165 quidem
961 4093 1219 4149 Servatur
1245 4108 1306 4148 se
1338 4092 1576 4148 futurum
1602 4094 1660 4147 in
1695 4102 1869 4148 ventre
1897 4102 2052 4149 term
2081 4095 2243 4149 tribus
2272 4094 2449 4149 diebus
2471 4096 2731 4168 tribusque
2751 4096 2982 4152 noctibus
3007 4137 3022 4162 ,
3052 4099 3401 4168 quemadmo-

111 4183 228 4236 dum
256 4184 423 4240 lonas
457 4185 633 4240 fuerat
662 4186 716 4240 in
747 4193 938 4240 ventre
958 4185 1062 4240 ceti
1085 4183 1304 4255 (latth.
1335 4199 1429 4246 ιιι,
1463 4182 1576 4253 40).
1607 4173 1784 4252 Atqub
1811 4184 1916 4238 hoc
1942 4184 2150 4238 scilicet
2175 4180 2326 4239 Iona:
2353 4184 2598 4255 symbolo
2644 4185 2729 4238 usi
2774 4184 3089 4254 plerumque
3119 4185 3270 4242 fuere
3297 4180 3401 4259 Pa-

110 4281 231 4336 tres,
255 4289 377 4328 cum
397 4274 488 4330 vel
517 4272 732 4329 Indteos
761 4273 1090 4337 refellerent,
1125 4272 1211 4328 vel
1238 4271 1307 4327 de
1335 4280 1530 4336 morte,
1561 4272 2076 4346 resurrectioneque
2096 4269 2400 4326 Servatoris
2439 4271 2722 4327 scribendo
2751 4272 3109 4342 loquendove,
3141 4275 3402 4344 populum

116 4359 384 4417 docerent.
415 4362 665 4418 Adeundi
685 4360 926 4417 Justinus
954 4369 1180 4432 martyr,
1203 4360 1418 4435 Dialog.
1441 4376 1558 4415 cum
1585 4359 1858 4432 Tryphone
1885 4360 2089 4428 Iudteo,
2122 4376 2269 4416 num.
2303 4361 2436 4430 107;
2467 4360 2846 4429 Tertullianus,
2881 4363 2971 4418 lib.
3020 4367 3083 4419 de
3120 4365 3406 4441 Pudicitia,

109 4462 221 4518 cap.
255 4449 324 4505 1ο
346 4492 363 4517 ,
407 4465 524 4521 quo
561 4451 684 4506 loco
721 4449 918 4505 Ionam
958 4450 1252 4521 exemplum
1297 4466 1411 4505 esse
1456 4450 1654 4521 passim
1693 4451 1970 4506 dominica:
1996 4453 2255 4518 passionis
2277 4451 2494 4518 scribit;
2526 4449 2801 4520 Origenes,
2829 4453 3327 4514 Commentariorum
3355 4465 3409 4515 in

114 4539 297 4595 ιαωι.
331 4551 472 4598 tom.
507 4539 620 4607 XII,
651 4556 775 4612 pag.
799 4540 905 4595 277
931 4542 1061 4598 edit.
1093 4539 1314 4597 Veneta:
1342 4557 1431 4596 an.
1467 4541 1632 4609 1745;
1664 4541 1956 4610 Gregorius
1983 4534 2375 4610 Nazianzenus,
2402 4552 2539 4598 orat.
2567 4543 2618 4610 1,
2645 4559 2768 4615 pag.
2802 4545 2903 4613 43;
2935 4545 3170 4620 Cyrillns
3211 4551 3407 4607 lliem.

111 4632 488 4704 solymitanus,
518 4629 730 4690 catech.
765 4632 852 4699 14,
884 4649 1033 4688 num.
1066 4633 1136 4687 17
1162 4648 1304 4703 seq.,
1336 4647 1456 4704 pag.
1487 4633 1594 4687 2l5
1619 4649 1759 4703 seq.,
1781 4643 1844 4689 ut
1870 4633 2276 4706 Hieronymum,
2304 4633 2680 4705 Augustinum,
2708 4637 2964 4710 Cyrillum
2990 4642 3411 4713 Alexandrinum

116 4726 548 4790 pmtermittam,
567 4739 798 4794 quorum
817 4732 944 4780 sunt
965 4725 1274 4781 testimonia
1295 4725 1563 4794 descripta
1583 4741 1612 4779 a
1634 4724 1808 4780 Natali
1829 4727 2153 4793 Alexandro,
2177 4727 2389 4782 dissert.
2412 4722 2482 4781 IO
2503 4745 2555 4782 tn
2579 4728 2634 4782 Η
2637 4731 2782 4786 istor.
2808 4735 2992 4788 eccles.
3017 4734 3112 4789 γει
3160 4735 3412 4804 Testant.,

115 4823 213 4870 art.
243 4813 294 4883 5,
321 4827 457 4874 tom.
485 4810 556 4883 ill,
587 4832 711 4889 pag.
746 4817 849 4872 169
878 4820 1008 4875 edit.
1041 4818 1299 4876 Lucensis
1327 4834 1416 4874 an.
1451 4820 1608 4874 1748.
1645 4821 1826 4888 Quid?
1853 4823 1900 4876 si
1927 4821 2217 4877 Christiani
2244 4823 2346 4892 ipsi
2374 4830 2589 4879 veteres
2623 4831 2680 4878 et
2706 4826 3012 4896 anaglypbo
3042 4843 3220 4898 opere
3249 4837 3305 4885 et
3333 4832 3416 4900 pi-

118 4910 280 4964 cturis
307 4909 507 4966 Jonam
529 4926 865 4980 expressere,
897 4920 957 4967 ut
997 4914 1286 4979 intuentes,
1330 4914 1520 4968 mortis
1551 4913 2064 4982 resurrectionisque
2092 4914 2290 4968 Christi
2330 4909 2846 4970 reminiscerentur?
2873 4914 3070 4974 Conler
3099 4919 3416 4989 Aringhiutn

116 4999 296 5057 Romae
321 5003 550 5056 subterr.
585 5003 676 5058 lib.
709 5019 766 5068 ιι,
795 5017 916 5074 cap.
950 5002 1036 5070 10,
1060 5019 1181 5075 pag.
1213 5003 1318 5058 525
1337 5013 1392 5060 et
1422 5003 1558 5071 555;
1590 5005 1655 5060 lib

1876 5020 1943 5074 np.
1973 5004 2060 5071 2‘2,
2090 5019 2212 5074 pag.
2248 5003 2373 5068 555,
2400 5003 2522 5070 551,
2554 5003 2660 5059 585
2685 5022 2826 5078 seq.,
2859 5016 2990 5063 tum.
3022 5009 3072 5076 l;
3114 5020 3171 5066 et
3205 5012 3298 5066 lib.
3343 5031 3415 5078 tv,

115 5108 230 5163 up.
265 5095 355 5157 u,
390 5109 516 5165 pag.
551 5095 642 5161 71,
662 5095 752 5161 97,
781 5105 910 5162 etc.,
935 5105 993 5152 et
1015 5098 1108 5153 lib.
1137 5114 1189 5164 v,
1213 5113 1335 5168 cap.
1368 5097 1455 5163 2%,
1490 5112 1613 5168 pag.
1649 5095 1752 5150 505
1772 5112 1947 5167 seqq.,
1973 5104 2107 5152 tom.
2139 5096 2214 5161 ll;
2238 5079 2920 5167 PbilipputnBonarota‘m,
2947 5099 3307 5158 Osservazioni
3331 5125 3420 5160 so—

117 5201 209 5253 pra
231 5185 420 5238 sicani
439 5187 738 5256 frammenti
767 5186 821 5238 di
849 5188 959 5240 vasi
989 5189 1207 5251 antichi,
1233 5189 1344 5243 tab.
1375 5190 1431 5250 1;
1456 5188 1774 5255 Bottarium,
1810 5187 1960 5242 Rom.
1985 5188 2233 5253 subterr.,
2262 5189 2371 5246 tab.
2398 5187 2486 5254 ιε,
2510 5203 2632 5259 pag.
2667 5188 2762 5244 l9l
2787 5208 2801 5257 ;
2830 5189 3078 5263 Equitem
3101 5194 3419 5264 Victorium,

121 5271 311 5342 Opusc.
345 5277 416 5330 de
439 5287 633 5347 septem
663 5277 1069 5344 Dormientibus,
1101 5295 1223 5351 pag.
1261 5280 1346 5344 55,
1383 5280 1466 5335 55.

189 5361 295 5421 Sed
325 5366 515 5430 redeo,
547 5365 692 5422 unde
721 5366 828 5423 huc
847 5368 1062 5433 diverti,
1095 5368 1162 5422 ad
1192 5369 1480 5424 Maximum
1513 5370 1581 5425 de
1609 5369 1804 5424 Christi
1834 5368 2139 5424 Servatoris
2160 5375 2359 5452 morte,
2388 5368 2566 5440 deque
2595 5373 2870 5428 miraculis
2895 5390 3016 5452 qum
3047 5384 3173 5432 tunc
3215 5390 3424 5447 patrata

121 5462 263 5519 sunt,
285 5455 668 5511 disserentem.
693 5453 922 5511 Humilia
940 5455 1026 5522 57,
1053 5473 1106 5528 p.
1128 5456 1224 5512 181
1250 5475 1262 5511 :
1289 5457 1356 5512 In
1379 5460 1768 5528 resurrectione,
1788 5457 1981 5528 inquit,
2005 5455 2200 5512 Christi
2227 5457 2476 5512 elementa
2498 5461 2675 5514 omnia
2695 5460 3007 5532 gloriantur.
3036 5461 3178 5518 Nam
3197 5474 3244 5517 et
3265 5468 3426 5522 solem

125 5548 290 5615 ipsum
315 5548 547 5600 arbitror
565 5563 679 5601 esse
704 5549 758 5602 in
787 5549 883 5602 hac
922 5547 1106 5622 [uxv]
1134 5549 1220 5605 die
1243 5551 1395 5604 solito
1424 5551 1716 5604 clariorem.
1745 5548 1969 5603 Necesse
1992 5550 2129 5603 enim
2155 5557 2232 5603 est
2252 5556 2308 5601 ut
2336 5548 2415 5603 sol
2449 5549 2504 5602 in
2543 5552 2654 5621 ejus
2684 5555 3055 5607 resurrectione
3085 5554 3339 5625 gaudeat,
3371 5563 3425 5613 in

126 5641 269 5710 cujus
298 5637 545 5710 passione
564 5641 862 5706 condoluit;
894 5650 949 5699 et
976 5644 1128 5714 cujus
1175 5660 1396 5700 nomen
1426 5659 1650 5699 meum

1888 5661 1895 5698 l
1922 5659 2167 5700 cauam:
2198 5659 2536 5700 rnosecurus
2565 5663 2661 5702 εει
2682 5690 2697 5710 ,
2728 5648 2959 5717 ejusdem
2982 5652 3137 5703 vitam
3167 5645 3427 5702 nitidioris

129 5727 256 5782 lucis
281 5726 562 5798 splendore
608 5729 873 5800 suscipiat.
919 5732 1115 5790 Varum
1138 5735 1266 5805 quid
1299 5734 1478 5790 multis
1523 5735 1780 5791 lectorem
1823 5737 2040 5811 moror?
2069 5733 2329 5790 Omittam
2355 5740 2546 5790 cetera
2589 5737 2836 5803 Maximi,
2868 5753 2991 5807 qua:
3018 5754 3147 5794 sane
3175 5737 3425 5808 perplura

414 5820 686 5880 l‘nuoL.
736 5820 924 5882 LVII.
2986 5829 3023 5885 3
