3898 6226
506 395 585 455 τις
1267 448 1273 455 .
1939 387 2326 448 ΡΜΕΕΑΉΟ.
3724 373 3787 435 76

506 515 654 574 sunt,
684 507 980 579 eademque
1008 507 1262 579 prteclara
1290 507 1391 563 hac
1432 505 1499 562 de
1549 521 1610 561 re
1649 505 1788 561 loca.
1832 502 1913 560 Eo
1941 505 2196 574 deinceps
2224 520 2291 558 ex
2331 499 2551 557 homilia
2591 498 2680 563 85,
2715 510 2834 568 pag.
2869 494 2995 562 270,
3023 493 3264 552 contenti
3289 493 3492 549 erimus
3520 508 3647 548 uno.
3699 492 3783 548 Cst

506 609 689 656 autem
717 600 1061 669 bujusmodi:
1096 599 1403 671 Unigenitus
1450 598 1548 653 Dei
1597 600 1767 671 {dctus
1805 607 1883 653 est
1927 595 1974 651 F
1978 598 2099 651 ilius
2129 595 2375 657 hominis,
2414 600 2470 647 ut
2509 592 2594 663 qui
2635 600 2838 645 creator
2867 588 3044 643 mundi
3064 597 3196 654 erat,
3226 588 3449 657 ﬁeretet
3479 585 3779 654 redemptor.

507 693 611 759 Qui
640 692 732 747 sub
761 692 950 747 Pontio
976 690 1151 745 Pilato
1175 691 1452 761 cruciﬁxus
1490 699 1587 755 est,
1616 698 1665 744 et
1693 689 1941 760 sepultus.
1983 685 2146 740 Nulla
2168 683 2314 739 nobis
2339 685 2406 738 sit
2428 682 2491 736 de
2513 680 2707 734 Christi
2729 695 2878 733 cruce
2905 679 3160 749 confusio,
3178 677 3300 747 quia
3324 674 3572 727 habemus
3604 674 3668 727 de
3681 674 3781 743 ejus

504 787 746 858 passione
773 785 1037 842 victoriam
1055 821 1099 839 ..
1117 821 1131 835 .
1155 822 1168 836 .
1191 822 1205 836 .
1256 781 1579 852 Supplicium
1607 788 1778 833 autem
1807 779 1971 832 crucis
2004 776 2178 848 elegit,
2207 784 2262 827 ut
2290 774 2641 828 sublimiorem
2670 770 2892 840 gloriam
2928 775 3131 837 pareret
3161 779 3311 836 pinna
3350 763 3612 858 deterior;
3638 772 3688 858 et
3706 764 3782 831 qui

504 854 856 934 universitatis
884 876 1014 932 bono
1042 874 1350 948 patiebatur,
1378 876 1526 947 quasi
1536 875 1607 929 in
1629 881 1901 944 conspectu
1928 871 2106 926 mundi
2135 872 2189 924 in
2210 869 2371 923 altum
2399 866 2688 921 sublevatus
2717 864 3066 925 occumberet;
3094 858 3329 915 simulut
3366 858 3452 930 qui
3473 854 3784 948 cruciﬁxum

506 967 761 1035 videbant,
795 943 1053 1024 mirabilia
1072 972 1343 1020 cernerent
1380 943 1650 1034 Cruci/ixi.
1691 943 1832 1016 Nam
1863 962 1990 1015 satis
2028 958 2325 1027 abundeque
2351 955 2571 1026 gloriam
2595 953 2838 1024 patientis
2867 948 3143 1005 ostendunt
3171 949 3438 1019 repentina
3459 945 3584 999 solis
3614 943 3785 998 obscu-

508 1060 662 1124 ritas,
694 1065 882 1110 tremor
907 1065 1157 1110 terrarum
1180 1096 1195 1123 ,
1226 1071 1473 1110 saxorum
1500 1054 1682 1110 divisio
1705 1095 1720 1120 ,
1749 1053 2051 1107 resurrectio
2080 1058 2419 1105 mortuorum.
2463 1044 2606 1099 Illud
2627 1053 2798 1098 autem
2826 1044 3004 1117 quanti
3030 1051 3106 1096 est
3138 1039 3435 1103 testimonii,
3466 1037 3603 1110 quod
3641 1038 3785 1089 etiam

507 1151 703 1220 pariter
733 1149 1017 1219 cruciﬁxus
1039 1148 1174 1206 latro
1202 1149 1504 1203 memoriam
1531 1149 1613 1201 sui
1635 1148 1689 1201 in
1713 1146 1899 1201 caelesti
1930 1161 2086 1215 regno
2113 1144 2229 1215 ﬁeri
2258 1160 2289 1195 a
2314 1148 2549 1195 consorte
2572 1138 2810 1210 supplicii
2839 1136 3185 1208 precabatur?
3213 1134 3262 1188 li
3270 1136 3354 1187 inc
3376 1142 3483 1197 est,
3515 1130 3786 1191 carissimi,

507 1241 643 1309 quod
671 1239 937 1294 illusiones
966 1248 1017 1293 et
1044 1240 1264 1311 probra,
1297 1253 1411 1310 quin
1438 1239 1647 1310 pertulit
1667 1236 1919 1299 Christus,
1950 1228 2170 1297 crucem,
2204 1248 2528 1295 nonanona
2553 1230 2664 1301 ejus
2692 1245 2793 1282 non
2818 1229 3058 1298 suspiriis
3083 1226 3470 1297 ingemiscimus
3492 1263 3509 1289 ,
3542 1223 3635 1275 sed
3675 1238 3789 1311 ron-

508 1308 665 1385 tinuis
695 1329 931 1384 laudibus
960 1308 1570 1399 celebramuerepultus
1592 1338 1666 1382 est
1690 1337 1883 1390 autem,
1913 1328 2030 1394 quia
2062 1338 2371 1394 consequens
2399 1330 2538 1384 erat,
2583 1328 2640 1373 ut
2666 1320 2751 1391 qui
2792 1330 3039 1373 uouruus
3066 1328 3300 1378 manu,
3344 1314 3600 1381 acciperet
3626 1308 3785 1393 sepub

510 1429 709 1474 turam.
732 1460 777 1475 ..
800 1460 814 1474 .
865 1419 1108 1491 Sepultus
1154 1428 1262 1484 est,
1305 1428 1364 1472 ut
1400 1421 1487 1491 qui
1528 1434 1669 1472 vene
1718 1431 1962 1471 uonruos
1990 1429 2360 1476 caeneusrun,
2403 1426 2541 1465 vene
2570 1424 2804 1464 nenusse
2843 1424 2876 1463 Α
2904 1421 3133 1462 non'wts
3160 1420 3536 1459 casnsnmua.
3598 1401 3787 1460 Tertia,

510 1509 702 1579 inquit,
736 1508 818 1563 die
846 1510 1127 1563 resurrexit
1148 1525 1179 1563 a
1210 1510 1447 1563 mortuis.
1468 1548 1482 1562 .
1505 1548 1550 1562 ..
1570 1547 1617 1562 ..
1654 1506 1713 1562 Si
1742 1507 2004 1560 credidisti
2036 1505 2121 1575 (de
2141 1502 2367 1572 Christo)
2399 1518 2533 1566 quon
2565 1516 2761 1556 nouns
2784 1509 2879 1565 est,
2922 1497 3074 1552 crede
3119 1512 3257 1560 quon
3304 1512 3443 1551 iam
3481 1510 3603 1548 csr.
3650 1492 3789 1547 Sicut

509 1599 645 1653 enim
671 1602 727 1654 in
748 1601 991 1670 passione
1016 1602 1320 1671 mysterium
1348 1600 1552 1670 pietatis
1582 1607 1677 1664 est,
1703 1600 1776 1651 ita
1798 1598 1850 1651 in
1874 1597 2244 1650 resurrectione
2270 1595 2502 1663 operatio
2530 1592 2819 1663 potestatis,
2843 1600 2897 1644 ut
2927 1592 3000 1644 ait
3026 1591 3139 1661 ipse
3162 1605 3180 1642 :
3227 1608 3245 1639 i
3272 1587 3593 1642 Potestatem
3631 1584 3789 1636 habeo

510 1688 735 1759 ponendi
762 1691 990 1743 animam
1020 1706 1208 1753 meam,
1231 1700 1280 1743 et
1301 1699 1602 1761 potestatem
1625 1687 1784 1742 habeo
1806 1688 1986 1741 iterum
2012 1685 2245 1738 sumendi
2268 1701 2402 1738 eam.
2469 1682 2736 1746 Quomodo
2764 1684 2936 1754 itaque
2975 1698 3078 1739 non
3105 1680 3183 1734 illi
3213 1676 3512 1749 suppetebat
3546 1678 3654 1729 vita
3683 1680 3790 1745 post

512 1791 750 1843 nomen,
783 1779 863 1831 cui
893 1792 1019 1832 Itoni
1045 1793 1147 1831 non
1175 1780 1274 1849 fuit
1303 1778 1550 1842 conditio,
1574 1776 1666 1830 sed
1684 1784 1909 1849 potestas
1928 1774 1951 1827 ?
1969 1812 2015 1828 ..
2038 1812 2051 1827 .
2075 1814 2088 1828 .
2120 1770 2387 1837 Quomodo
2409 1783 2609 1844 poterat
2640 1773 2831 1844 inferni
2859 1769 3052 1843 legibus
3081 1770 3319 1836 detineri,
3360 1770 3447 1840 qui
3466 1766 3668 1820 idcirco
3701 1778 3789 1819 EST

510 1880 774 1934 non-rcus,
799 1876 856 1919 ut
882 1880 1021 1920 mors
1051 1866 1308 1919 amitteret
1339 1865 1677 1936 potestatem?
2848 1856 2857 1865 ’
3586 1900 3595 1913 .

584 1953 652 2007 At
690 1954 972 2008 mirabitur
1001 1952 1227 2008 fortasse
1270 1954 1535 2024 quispiam
1564 1953 1692 2022 quid
1716 1955 1807 2021 sit,
1840 1954 1984 2023 quod
2012 1969 2133 2010 cum
2181 1953 2475 2015 Maximus,
2506 1950 2779 2005 Christum
2810 1959 3081 2005 mortuum
3109 1963 3298 2003 revera
3335 1946 3518 2011 fuisse,
3548 1943 3704 2000 credi
3731 1946 3793 1996 ab

511 2042 759 2097 omnibus
788 2050 1041 2111 oportere
1063 2083 1077 2106 ,
1110 2043 1242 2110 jure
1270 2043 1575 2111 pmcipiat;
1605 2052 1715 2097 tum
1745 2052 1930 2098 sancto
1959 2043 2193 2106 latroni,
2242 2042 2387 2111 quod
2416 2041 2468 2096 id
2496 2056 2605 2095 non
2635 2039 2941 2105 crediderit,
2974 2042 3198 2095 vertisse
3226 2038 3368 2093 laudi
3395 2035 3669 2090 videatur.
3711 2032 3794 2087 Sic

507 2133 655 2189 enim
682 2131 868 2187 scribit
897 2132 1082 2187 homil.
1116 2131 1204 2196 51,
1236 2146 1359 2202 pag.
1394 2132 1496 2186 158
1521 2151 1533 2186 :
1568 2132 1678 2186 Iste
1696 2132 1867 2203 fidelis
1897 2134 2030 2189 latro
2051 2150 2154 2188 non
2183 2132 2399 2186 credidit
2425 2132 2765 2197 moriturum,
2796 2147 2943 2203 quem
2967 2132 3241 2184 annuntiat
3268 2136 3647 2201 regnaturum;
3695 2140 3793 2178 non

510 2232 659 2294 putat
698 2222 1021 2278 subdendum
1068 2226 1282 2296 inferis,
1328 2241 1474 2296 quem
1515 2225 1895 2280 dominaturum
1943 2229 2214 2295 conﬁtetur
2241 2229 2295 2280 in
2337 2227 2494 2281 caelis.
2538 2225 2918 2280 Verumtamen
2946 2224 3039 2293 qui
3065 2224 3261 2279 seriem
3289 2220 3547 2276 orationis
3575 2218 3793 2273 Maximi

512 2315 799 2384 diligenter
844 2315 1233 2380 considerarit,
1284 2317 1327 2372 is
1383 2318 1541 2386 plane
1587 2318 1873 2387 perspiciet
1919 2334 2026 2373 non
2074 2334 2139 2374 eo
2182 2314 2385 2380 laudari
2416 2326 2661 2373 sanctum
2698 2317 2962 2371 latronem
3002 2329 3032 2368 a
3060 2320 3250 2368 sancto
3278 2310 3536 2373 antistite,
3566 2308 3729 2376 quasi
3758 2308 3796 2361 is

508 2404 654 2459 latro
675 2403 998 2469 crediderit,
1044 2420 1151 2458 non
1191 2405 1351 2459 fuisse
1380 2420 1598 2474 prorsus
1635 2400 1950 2461 moriturum
1992 2405 2297 2472 Christum;
2341 2407 2435 2461 sed
2464 2406 2609 2477 quod
2650 2406 2937 2461 Crediderit
2978 2402 3251 2458 Christum
3291 2401 3462 2471 ipsum
3494 2414 3606 2454 non
3636 2399 3797 2453 fuisse

514 2496 858 2560 moriturum,
886 2496 932 2549 si
968 2496 1106 2550 mori
1134 2495 1417 2550 noluisset.
1460 2496 1593 2550 Nam
1614 2505 1673 2551 ut
1701 2497 1840 2552 idem
1884 2498 2043 2568 paulo
2074 2505 2195 2567 post
2221 2497 2380 2552 docet
2408 2496 2671 2552 Maximus
2695 2516 2708 2550 :
2734 2496 2981 2569 Cognovit
3011 2498 3167 2558 latro,
3201 2510 3401 2548 omnem
3435 2491 3655 2545 Domini
3678 2506 3796 2560 pas-

514 2589 713 2641 sionem
742 2604 808 2640 ex
846 2587 1007 2656 ipsius
1046 2586 1160 2657 ﬁeri
1186 2586 1464 2648 voluntate,
1496 2596 1544 2640 et
1570 2587 1624 2639 in
1659 2594 1909 2658 potestate
1948 2588 2059 2658 ejus
2087 2603 2199 2642 esse
2236 2589 2389 2641 morti
2428 2587 2655 2640 animam
2697 2586 2901 2640 tradere
2927 2586 3004 2640 vel
3036 2584 3105 2637 ad
3139 2584 3294 2637 vitam
3320 2585 3503 2635 iterum
3533 2595 3794 2633 remeare.

516 2677 628 2733 Nisi
657 2688 837 2734 autem
864 2680 937 2733 ita
958 2679 1215 2734 sensisset
1245 2678 1524 2743 Maximus,
1555 2692 1736 2734 secum
1778 2680 1891 2747 ipse
1920 2679 2161 2749 profecto
2189 2679 2538 2734 conﬂixisset.
2578 2677 2714 2732 Eum
2738 2693 2870 2732 vero
2898 2676 3193 2746 pugnantia
3224 2670 3428 2746 [Lirim]
3450 2671 3619 2726 luisse
3652 2670 3797 2724 locu-

517 2782 631 2827 tum
666 2775 787 2842 quis
830 2774 934 2830 sibi
969 2772 1206 2844 prudens
1251 2775 1611 2844 persuaserit?
1658 2774 1833 2843 Atque
1882 2775 1956 2841 is,
1989 2782 2047 2830 ut
2089 2775 2353 2841 vidimus,
2394 2790 2523 2830 vere
2551 2774 2713 2828 fuisse
2742 2762 3011 2827 mortuum
3040 2772 3334 2835 Christum,
3366 2769 3526 2837 idque
3552 2768 3713 2823 credi
3741 2766 3801 2819 ab

518 2869 769 2923 omnibus
796 2875 1049 2938 oportere
1075 2870 1283 2923 statuit.
1324 2869 1477 2935 Quod
1505 2885 1667 2939 porro
1696 2870 1934 2938 adjungit
1958 2888 1970 2921 :
2028 2869 2151 2925 Non
2179 2879 2322 2939 putat
2358 2870 2490 2923 latro
2511 2868 2832 2922 subdendum
2859 2867 3061 2937 inferis,
3094 2880 3242 2935 quem
3261 2863 3655 2917 dominaturum
3680 2876 3800 2913 cono

518 2960 697 3030 ﬂetur
716 2960 770 3013 in
795 2959 967 3024 ctelis,
1019 2957 1073 3011 id
1117 2958 1361 3027 proiecto
1390 2974 1495 3011 non
1539 2959 1797 3029 impedit,
1828 2960 1956 3028 quin
2000 2957 2271 3012 Christum
2303 2959 2441 3011 latro
2488 2956 2776 3011 crediderit
2817 2956 3155 3009 moriturum.
3205 2952 3318 3005 lmo
3357 2949 3595 3004 ostendit
3643 2958 3804 3016 atque

518 3050 705 3115 elﬁcit,
736 3050 1043 3103 moriturum
1082 3048 1378 3103 credidisse.
1433 3047 1594 3112 Nam,
1646 3057 1704 3103 ut
1752 3048 1853 3103 fert
1896 3048 1963 3104 de
2010 3066 2118 3105 non
2158 3049 2435 3104 subdcndo
2466 3047 2652 3101 inferis
2676 3046 2888 3100 Christo
2914 3044 3133 3100 homilia
3162 3041 3377 3095 Maximi
3401 3037 3489 3102 55,
3522 3053 3650 3108 pag.
3688 3037 3799 3095 174.

519 3140 778 3198 Dominus
803 3140 1118 3194 vastissimas
1147 3142 1289 3193 sinus
1319 3140 1659 3211 periculorum
1690 3150 1825 3195 tutus
1865 3142 2173 3212 ingreditur,
2225 3150 2273 3194 et
2302 3141 2392 3193 sub
2424 3140 2698 3193 altitudine
2716 3140 2967 3191 immensa
2996 3135 3292 3198 conclusus,
3325 3140 3477 3203 atque
3505 3132 3801 3200 mortifera.

518 3236 667 3290 vitali
695 3250 813 3288 aere
834 3234 1085 3304 pascitur,
1134 3241 1183 3285 et
1222 3233 1473 3286 demissus
1504 3233 1557 3285 in
1579 3233 1802 3287 alienam
1848 3250 2016 3287 rerum
2046 3243 2287 3286 naturam
2312 3273 2325 3297 ,
2359 3234 2412 3285 in
2440 3234 2557 3285 vitae
2582 3230 2841 3296 exsilium,
2867 3244 2979 3281 cum
3008 3229 3109 3281 vita
3130 3225 3517 3297 peregrinatur,
3544 3230 3596 3274 et
3628 3223 3803 3274 mortis

518 3334 776 3396 superstes
800 3325 1074 3378 annuntiat
1091 3331 1357 3377 venturam
1373 3323 1547 3377 mundi
1565 3322 1799 3376 salutem.
1836 3322 1937 3376 Hic
1960 3322 2212 3376 Dominus
2243 3331 2415 3376 noster
2438 3320 2590 3375 Iesus
2614 3318 2868 3381 Christus,
2891 3333 3038 3388 quem
3066 3332 3203 3371 steva
3231 3329 3388 3378 IOBS,
3410 3309 3805 3382 inexplicabilis

518 3415 707 3481 bellua,
738 3430 791 3469 tu
821 3429 989 3469 ssent
1026 3429 1163 3469 sunt
1188 3428 1383 3468 unum
1411 3422 1461 3466 et
1492 3413 1722 3483 pristiam
1758 3429 1901 3466 suam
1930 3414 2129 3483 captiva
2159 3412 2480 3467 contremuit.
2522 3408 2857 3466 Contremutt.
2898 3408 3148 3477 inquam:
3178 3421 3301 3457 nam
3330 3405 3374 3457 si
3396 3410 3615 3457 noverat
3645 3400 3806 3452 cruci-

515 3508 700 3576 f'cum,
717 3513 889 3559 tamen
914 3520 1064 3574 quem
1091 3520 1195 3557 non
1217 3504 1520 3556 meminerat
1546 3518 1688 3555 reum
1710 3540 1725 3567 ,
1765 3518 1867 3555 non
1901 3512 2101 3572 poterat
2128 3512 2297 3555 tenere
2326 3499 2629 3553 damnatum
2648 3538 2660 3551 .
2679 3537 2693 3552 .
2713 3537 2726 3551 .
2751 3538 2765 3553 .
2798 3498 2927 3552 Ideo
2957 3496 3158 3551 divinus
3186 3511 3353 3548 sermo
3394 3499 3805 3546 commemorat:

516 3596 587 3651 Et
614 3596 858 3667 pracepit
900 3593 1158 3649 Dominus
1200 3594 1349 3664 pisci,
1392 3602 1442 3647 et
1478 3594 1694 3647 evomuit
1732 3592 1921 3647 Jonam
1966 3595 2019 3646 in
2064 3596 2286 3650 aridam.
2330 3592 2586 3663 Prtecepit
2608 3607 2730 3662 ergo
2772 3590 2967 3656 bestiw,
2994 3589 3239 3660 prmcepit
3262 3600 3428 3641 nom
3458 3601 3670 3655 semper
3698 3600 3807 3637 esu-

515 3682 687 3752 rienti,
710 3685 957 3756 prccepit
984 3681 1185 3752 abyssis
1212 3690 1261 3734 et
1288 3682 1493 3751 inferno
1510 3720 1526 3746 ,
1566 3692 1622 3735 ut
1649 3682 1840 3736 mundo
1882 3684 2158 3739 restituant
2205 3682 2551 3737 Salvatorem.
2592 3679 2837 3735 Evoumr
2865 3688 3036 3732 autem
3060 3679 3155 3732 hoc
3182 3678 3257 3730 sic
3277 3676 3520 3729 debemus
3549 3676 3806 3746 accipere.

511 3777 649 3849 quod
676 3794 742 3832 ex
768 3792 876 3831 ntts
904 3791 1205 3831 VISCERIBUS
1233 3790 1429 3830 uoa'rts
1456 3793 1671 3831 Vtcratx
1713 3793 1837 3831 VITA
1887 3793 2157 3833 aenean”
2177 3819 2190 3842 ,
2224 3789 2374 3849 atque
2401 3795 2515 3832 eam
2544 3794 2609 3830 ea:
2636 3779 2755 3831 imis
2792 3779 3098 3848 prwcordiis
3125 3777 3320 3847 inferni
3347 3776 3573 3845 perditio
3604 3778 3810 3831 exulce-

514 3877 631 3922 rata
671 3866 971 3921 reddiderit.
1022 3866 1264 3920 Videmus
1302 3870 1356 3921 in
1399 3868 1662 3938 propheta:
1709 3866 1897 3939 (Jontc)
1939 3868 2297 3938 afﬂictionibus
2338 3870 2657 3940 apertissime
2697 3869 3106 3938 prwﬁguratam,
3140 3876 3189 3922 et
3237 3882 3457 3922 nomen
3496 3869 3726 3936 pariter,
3768 3874 3809 3918 et

512 3959 935 4013 resurrectionem
966 3956 1229 4029 (Christi).
1262 3954 1586 4028 Quapropter
1606 3958 1741 4030 quod
1758 3959 2019 4030 impletum
2044 3961 2209 4013 cernis
2237 3960 2291 4011 in
2322 3975 2485 4025 servo,
2515 3958 2724 4012 credere
2749 3974 2812 4011 ne
2840 3958 3090 4010 cuncteris
3112 3958 3167 4011 in
3196 3954 3437 4011 Domino.

586 4050 694 4105 Sed
720 4050 977 4118 quoniam
1003 4050 1072 4105 de
1110 4058 1299 4106 sancto
1346 4051 1558 4106 latrone
1601 4052 1785 4107 incidit
1829 4052 2031 4107 mentio
2055 4093 2071 4117 ,
2122 4060 2204 4107 est
2249 4051 2489 4122 profecto
2518 4064 2614 4105 cur
2640 4051 2691 4106 ei
2720 4050 2882 4106 etiam
2912 4048 3162 4119 scriptori
3188 4046 3495 4104 faciendum
3524 4062 3654 4102 esse
3683 4046 3812 4102 satis

516 4142 781 4207 videatur,
812 4142 904 4210 qui
932 4150 1059 4196 ante
1088 4157 1257 4197 annos
1298 4157 1500 4212 paucos
1546 4143 1601 4198 in
1647 4143 1900 4198 invidiam
1939 4142 2227 4198 Maximum
2255 4144 2497 4208 vocavit,
2528 4144 2683 4213 quasi
2711 4144 2755 4197 is
2785 4143 3050 4198 latronem
3093 4143 3268 4213 ipsum
3294 4140 3412 4196 sola
3439 4138 3547 4196 ﬁde
3574 4142 3812 4197 salutem

516 4229 1055 4286 l‘uisse‘consecutum
1084 4230 1427 4285 existimarit.
1487 4230 1625 4297 Quid
1672 4241 1850 4286 autem
1894 4233 2141 4303 scriptori
2192 4232 2269 4288 illi
2314 4233 2596 4289 offensioni
2626 4232 2803 4298 fuerit,
2846 4233 3127 4303 explicabo
3157 4231 3327 4287 brevi.
3368 4230 3605 4299 Legerat
3639 4234 3737 4287 ille
3764 4234 3813 4286 ia

518 4321 739 4377 homilia
766 4319 826 4372 51
859 4319 1101 4375 Maximi.
1142 4319 1307 4376 Latro
1362 4340 1380 4373 ι
1418 4323 1471 4376 in
1515 4336 1674 4377 cruce
1718 4324 1925 4393 positus
1966 4324 2235 4380 Christum
2266 4326 2492 4381 credidit
2521 4325 2853 4391 cruciﬁxum,
2880 4334 2935 4380 et
2962 4324 3085 4380 ideo
3111 4325 3203 4393 qui
3233 4326 3512 4380 consortio
3540 4327 3813 4394 passionis

516 4413 701 4474 utitur,
733 4412 1008 4467 consortio
1036 4411 1271 4483 paradisi
1300 4415 1653 4468 condonatur.
1677 4433 1696 4466 ›
1728 4420 1793 4470 Τὸ
1818 4416 2033 4469 credidit
2061 4425 2239 4471 autem
2276 4418 2350 4471 ita
2378 4418 2650 4472 hominem
2679 4418 2972 4481 commovit
2993 4457 3008 4481 ,
3041 4424 3102 4471 ut
3130 4416 3261 4471 nihil
3300 4417 3353 4471 in
3384 4416 3602 4471 latrone
3634 4418 3812 4474 meriti

520 4516 585 4556 ac
612 4500 846 4566 virtutis,
878 4509 1071 4571 prater
1100 4501 1279 4569 lldem,
1310 4503 1552 4572 agnitum
1579 4519 2001 4577 concessumque
2042 4523 2072 4561 a
2120 4508 2351 4563 Maximo
2380 4508 2544 4563 fuisse
2572 4509 2943 4563 arbitraretur.
2986 4508 3056 4562 At
3084 4509 3129 4563 is
3157 4509 3391 4577 scriptor
3419 4523 3531 4563 non
3562 4510 3815 4564 animad-

520 4590 680 4645 vertit
719 4591 1002 4659 agnovisse
1042 4592 1096 4645 ln
1139 4592 1349 4647 latrone
1376 4593 1493 4661 ipso
1538 4593 1821 4648 criminum
1859 4597 2223 4665 plenitudinem
2268 4596 2589 4664 Maximum;
2637 4594 2958 4667 praedicasse
3002 4597 3226 4652 latronis
3254 4597 3500 4667 ejusdem
3527 4600 3812 4661 meritum,

520 4685 681 4750 inque
724 4684 967 4753 supplicii
1010 4698 1167 4753 ptena
1214 4700 1314 4754 pro
1355 4685 1562 4740 delictis
1608 4688 1718 4742 suis
1764 4688 2076 4757 perferenda
2132 4693 2485 4760 patientiam;
2535 4706 2989 4748 commemorasse
3039 4693 3319 4748 ardentem
3366 4692 3485 4763 ejus
3530 4693 3593 4748 in
3648 4695 3815 4750 Deum

516 4773 819 4828 caritatem.
875 4776 1111 4829 Caritate
1157 4783 1338 4830 autem
1396 4778 1775 4832 multitudinem
1822 4782 2011 4848 aperiri
2066 4791 2427 4849 peccatorum,
2478 4785 2661 4852 ecquis
2700 4784 3034 4838 orthodoxus
3091 4784 3336 4852 ignorat?
3388 4782 3547 4849 Quod
3610 4786 3664 4839 si
3718 4784 3816 4853 ﬁde

515 4866 581 4919 ad
610 4866 831 4935 gloriam
862 4867 1143 4935 pertigissc
1182 4867 1444 4923 latronem
1494 4868 1757 4937 Maximus
1805 4872 1971 4933 dixit,
2022 4872 2125 4941 ﬁde
2152 4884 2297 4927 certe
2340 4875 2607 4945 perfecta,
2656 4875 2761 4930 hoc
2806 4884 2890 4930 est
2936 4891 3032 4944 per
3059 4876 3324 4929 caritatem
3365 4884 3662 4945 operante,
3716 4891 3815 4930 non

517 4956 753 5020 informi,
797 4958 961 5022 dixit;
1005 4958 1146 5013 haud
1174 4974 1328 5015 secus
1364 4968 1525 5030 atque
1554 4961 1750 5016 dixerit
1788 4961 2074 5032 Apostolus
2109 4964 2159 5017 in
2190 4962 2425 5033 Epistola
2452 4965 2518 5019 ad
2542 4964 2815 5029 Hebraeos,
2847 4973 3054 5019 sanctos
3083 4982 3173 5035 per
3200 4965 3356 5035 fidem
3396 4967 3586 5019 vicisse
3634 4983 3815 5037 regna,

514 5046 824 5117 adeptosque
870 5048 1028 5107 tuisse
1072 5049 1513 5118 repromissiones.
1571 5048 1709 5104 Sunt
1750 5057 1928 5105 autem
1976 5051 2141 5104 verba
2184 5051 2398 5105 Maximi
2437 5054 2621 5107 homil.
2658 5053 2746 5117 5i,
2780 5067 2900 5122 pag.
2976 5052 3079 5106 l56
3108 5068 3222 5122 seq.
3248 5093 3264 5117 ,
3297 5053 3618 5121 huiusmodi
3648 5074 3663 5107 :
3698 5054 3816 5107 Fuit

518 5138 714 5195 latroni
743 5153 880 5192 caus
908 5154 1050 5202 ρυΑκ
1079 5155 1363 5206 reamur,
1395 5158 1499 5194 non
1524 5150 1626 5194 tam
1656 5141 1893 5210 supplicii
1923 5141 2208 5205 damnatio,
2239 5160 2390 5213 quam
2418 5159 2637 5198 SALUTIS
2664 5159 2899 5199 occssno.
2920 5183 2933 5197 .
2956 5183 2969 5196 .
2992 5183 3005 5195 .
3025 5184 3038 5197 .
3072 5128 3523 5203 dum'surrucwl
3557 5161 3816 5206 PATITCB.

519 5226 743 5302 [Lxxvn]
774 5245 983 5285 necnon
1031 5245 1290 5285 cmsssru
1338 5247 1838 5295 CONSEQUITUR....
1916 5230 2271 5285 Reminiscens
2317 5232 2563 5286 scelerum
2601 5250 2847 5297 suorum,
2894 5242 2944 5287 et
2991 5248 3373 5288 manumanu
3420 5248 3679 5299 census,
3710 5233 3816 5304 plus

517 5322 699 5390 incipit
740 5337 914 5375 avsus
961 5336 1097 5384 uuoo
1138 5337 1359 5387 srsns'r,
1407 5340 1559 5393 quam
1586 5324 1777 5377 sentire
1816 5323 1951 5391 quod
1978 5325 2203 5392 patitur.
2226 5363 2237 5375 .
2258 5362 2303 5374 ..
2340 5323 2623 5387 lntellexit,
2656 5332 2792 5395 quod
2817 5344 2909 5393 pro
2932 5324 3117 5378 alienis
3139 5323 3362 5393 peccatis
3391 5321 3699 5394 (Christus)
3730 5323 3815 5376 has

517 5412 700 5484 plagas
720 5412 1024 5480 susciperet.
1050 5451 1062 5463 .
1084 5450 1096 5463 .
1119 5450 1134 5475 ,
1166 5420 1212 5464 et
1239 5414 1416 5475 scivit,
1467 5416 1587 5483 quia
1616 5415 1669 5466 in
1694 5428 1908 5481 corpore
1929 5410 2121 5465 Christi
2148 5414 2356 5465 vulnera
2382 5450 2395 5473 ,
2428 5429 2530 5465 non
2570 5422 2738 5471 essent
2762 5413 2953 5467 Christi
2984 5413 3195 5466 vulnera
3219 5455 3232 5478 ,
3262 5411 3353 5465 sed
3382 5413 3638 5476 latronis,
3671 5422 3813 5483 atqut

517 5499 647 5553 adeo
677 5514 805 5553 PLUS
832 5516 1008 5553 suanm
1052 5514 1228 5553 casm
1254 5538 1267 5562 ,
1300 5509 1568 5570 postquam
1611 5503 1664 5555 in
1695 5518 1909 5571 corpore
1936 5503 2047 5571 ejus
2084 5518 2178 5554 sua
2204 5501 2411 5554 vulnera
2453 5504 2761 5571 recognovit.
2806 5501 2873 5555 Et
2914 5502 3133 5556 homilia
3161 5500 3251 5560 59,
3286 5514 3410 5570 pag.
3447 5500 3595 5556 161:
3632 5503 3814 5559 Macra

517 5592 675 5663 igitur
712 5607 781 5645 ET
831 5606 1103 5645 PERFECTA
1152 5607 1302 5645 rtoss
1332 5593 1387 5644 in
1426 5592 1517 5645 illo
1558 5594 1761 5646 latrone
1808 5594 1925 5663 fuit.
1967 5592 2163 5660 Magna
2193 5602 2240 5645 et
2268 5590 2591 5645 admirabilis
2620 5592 2749 5661 [ides
2771 5632 2785 5657 ,
2814 5609 2927 5662 qua:
2961 5591 3221 5646 Cuttslum
3239 5594 3556 5661 cruciﬁxum
3598 5594 3816 5664 gloriari

519 5681 682 5750 magis
703 5680 937 5741 credidit,
963 5686 1115 5751 quam
1135 5682 1332 5745 puniri.
1359 5722 1371 5735 .
1393 5722 1405 5735 .
1424 5722 1436 5733 .
1473 5681 1721 5737 Dominus
1746 5694 1915 5735 autem
1944 5684 2221 5735 secundum
2247 5684 2402 5751 ﬁdem
2424 5693 2471 5735 et
2494 5685 2731 5736 meritum
2755 5683 2930 5737 tribuit
2955 5694 3005 5737 et
3032 5686 3472 5741 remunerationis
3490 5687 3813 5760 obsequium.

520 5775 635 5830 Non
665 5785 794 5843 ergo
822 5786 886 5828 ea
908 5771 1005 5827 fuit
1032 5770 1097 5827 de
1122 5781 1308 5827 sancto
1340 5772 1546 5828 latrone
1574 5772 1788 5827 Maximi
1821 5771 1983 5827 nostri
2018 5766 2217 5840 opinio,
2252 5787 2411 5833 quam
2442 5775 2490 5828 ci
2521 5773 2756 5840 scriptor
2786 5771 2874 5827 ille
2905 5786 3093 5827 recens
3122 5768 3351 5827 amarit.
