3898 6226
112 429 167 479 Π
1498 410 1651 467 ΡΠιΕ

1826 410 1879 465 [).
3286 412 3365 477 ῚΒ

170 536 331 603 Neque
357 547 483 588 vero
528 532 636 587 hoc
684 531 800 600 ipso
828 527 1088 597 scriptore
1130 538 1274 579 novo
1300 536 1480 579 minus
1507 523 1729 592 injuriae.
1746 521 1979 575 Maximo
2005 519 2241 574 conﬂant
2269 519 2304 573 ii
2316 560 2337 599 θ
2370 520 2459 589 qui
2491 534 2557 574 eo
2594 518 2883 574 deductum
2922 520 3087 575 fuisse
3114 529 3365 579 sanctum

111 627 386 697 quiseopum
410 624 776 691 suSpicantur,
824 626 881 673 ut
928 633 957 670 a
986 616 1189 671 Christi
1216 628 1446 683 corpore
1476 613 1653 668 triduo
1693 613 1885 667 mortis
1912 610 2076 665 fuisse
2101 625 2388 681 personam
2417 611 2577 665 Verbi
2598 610 2899 679 seiunctam
2928 612 3186 681 putarint.
3230 613 3369 668 Nam

110 713 301 783 hujusce
342 714 622 769 sententia:
668 712 719 764 in
772 708 1043 778 cpusculis
1088 704 1303 760 Maximi
1348 719 1420 758 ne
1457 703 1739 772 vestigium
1769 702 1987 771 quidem
2013 702 2273 755 cernitur.
2314 700 2469 767 Quod
2499 709 2678 756 autem
2706 702 2789 755 vir
2811 711 3029 757 sanctus
3057 703 3241 758 homil.
3275 704 3366 770 l5,

112 823 213 877 pag.
243 808 353 871 158,
402 806 590 862 scribit
615 846 631 869 ,
680 804 944 858 clamasse
986 801 1264 856 Christum
1316 799 1370 852 in
1397 811 1562 853 cruce
1587 814 1601 849 :
1636 796 1773 850 Deus
1800 811 1967 860 meus,
2000 810 2093 848 cur
2120 811 2202 847 me
2218 794 2553 865 dereliquisti,
2582 793 2634 848 id
2662 794 2905 863 profecto
2934 810 3040 849 non
3070 794 3254 859 efficit,
3285 808 3366 863 ut,

110 896 208 964 ejus
230 896 491 967 opinione,
522 893 825 947 derelictum
851 906 880 943 a
911 887 1089 943 Verbo
1119 885 1284 940 fuisse
1312 900 1511 955 corpus
1551 884 1904 954 suspicemur.
1968 881 2094 938 [huc
2120 882 2265 936 enim
2292 891 2418 952 apte
2445 881 2511 936 ad
2538 882 2888 950 Evangelium
2914 882 3203 938 Maximum
3232 880 3367 943 seri.

110 986 274 1054 psisse,
300 986 416 1053 quis
464 982 659 1053 neget?
704 978 875 1046 Quid?
921 977 1272 1045 Evangeliine
1298 976 1622 1031 auctoritate
1651 973 1863 1029 ostendi
1892 988 1924 1027 a
1953 988 2010 1028 se
2037 973 2320 1043 quisquam
2349 973 2639 1028 arbitratur
2662 988 2842 1043 posse,
2872 973 3035 1029 Verbi
3063 974 3226 1029 divini
3256 992 3375 1046 per-

108 1089 270 1130 sonam
313 1073 575 1127 dimisisse
604 1086 831 1141 corpus,
881 1068 1027 1138 quod
1074 1075 1441 1137 assumpserat
1476 1066 1665 1120 salutis
1702 1065 1950 1118 humana:
1978 1065 2178 1118 causa?
2204 1063 2344 1121 Nihil
2373 1065 2567 1117 minus.
2621 1063 2690 1117 At
2717 1066 2861 1120 enim
2890 1064 3038 1119 addit
3065 1065 3331 1120 Maximus
3354 1085 3373 1117 ε

111 1164 223 1219 Hec
244 1164 387 1228 dixit,
421 1162 713 1231 (Christus)
741 1169 797 1213 ut
824 1160 1202 1229 manifestaret,
1234 1165 1443 1228 propter
1466 1171 1561 1209 nos
1584 1171 1640 1210 se
1660 1170 1785 1213 esse-
1802 1154 2100 1207 derelictum
2124 1193 2138 1218 ,
2170 1168 2384 1223 quorum
2408 1161 2618 1222 peccata
2644 1153 2903 1222 portabat.
2945 1152 3060 1221 Ego
3091 1170 3220 1209 vero
3247 1154 3375 1208 illud

109 1268 223 1323 rogo
240 1271 332 1325 quo
354 1254 569 1309 tandem
597 1251 757 1306 modo
775 1250 1074 1305 derelictum
1100 1256 1321 1320 propter
1345 1263 1445 1302 nos
1471 1260 1531 1302 se
1551 1244 1794 1300 Christus
1816 1242 2029 1307 dixerit,
2055 1250 2191 1297 teste
2210 1242 2478 1297 Maximo?
2507 1241 2770 1312 Equidem
2797 1244 2851 1298 in
2876 1244 3107 1299 bomiliis
3134 1244 3373 1307 Maximi,

110 1353 305 1414 propter
348 1360 447 1399 nos
488 1342 763 1398 Christum
809 1341 1082 1411 objectum
1129 1340 1338 1410 injuriis
1382 1338 1719 1403 Judmorum,
1770 1336 1940 1406 plagis
1964 1374 1979 1399 ,
2010 1336 2194 1401 malis,
2241 1334 2404 1389 morti
2435 1333 2596 1405 luisse
2625 1335 2774 1404 lego;
2803 1336 3101 1391 derelictum
3131 1346 3312 1393 autem
3342 1354 3375 1391 a

110 1449 316 1503 persona
345 1433 504 1488 Verbi
530 1448 760 1502 corpus,
792 1431 939 1500 quod
968 1436 1351 1499 assumpserat,
1381 1442 1644 1497 nusquam
1674 1427 1815 1493 lego.
1875 1424 2014 1490 Quid
2040 1438 2168 1492 ergo
2196 1431 2300 1489 est,
2332 1438 2431 1478 cur
2461 1438 2569 1477 non
2594 1424 2785 1478 eadem
2816 1426 3028 1481 ratione
3055 1426 3379 1480 derelictum

105 1523 367 1589 Christum,
397 1531 539 1579 teste
567 1523 800 1576 Maximo
826 1521 1081 1590 judicem,
1115 1535 1221 1589 qua
1250 1519 1568 1574 derelictum
1588 1516 1771 1571 docuit
1794 1523 2011 1570 sanctus
2032 1512 2177 1568 Leo?
2206 1511 2380 1568 Serm.
2415 1512 2501 1575 66,
2535 1528 2654 1582 cap.
2684 1512 2738 1578 2,
2769 1528 2891 1582 pag.
2924 1512 3025 1567 187
3052 1514 3181 1570 edit.
3216 1514 3375 1569 Rom.

108 1626 184 1665 an.
216 1613 382 1667 1755:
416 1611 545 1668 Ideo
570 1611 723 1666 Jesus
746 1627 863 1665 voce
898 1627 1093 1681 magna
1139 1608 1416 1673 clamabat,
1450 1607 1625 1661 dicens
1648 1622 1666 1659 :
1710 1602 1882 1668 Quare
1913 1620 1994 1658 me
2035 1603 2400 1675 dereliquisti?
2429 1601 2498 1655 Ut
2535 1611 2713 1655 notum
2741 1602 2977 1657 omnibus
3008 1606 3201 1675 faceret
3220 1621 3383 1675 quare

106 1704 363 1773 oportuerit
404 1720 520 1761 eum
568 1719 672 1757 non
703 1704 810 1757 erui
834 1741 851 1767 ,
900 1692 1004 1757 non
1031 1700 1278 1772 defendi,
1328 1699 1420 1753 sed
1447 1699 1767 1754 saevientium
1796 1694 2034 1750 manibus
2064 1693 2379 1764 derelinqui,
2412 1693 2507 1747 hoc
2533 1704 2611 1747 est
2631 1694 2939 1749 salsatorem
2969 1697 3146 1750 mundi
3166 1698 3303 1766 fieri,
3331 1705 3384 1750 et

105 1796 312 1847 omnium
338 1794 604 1849 hominum
632 1795 1008 1866 redemptorem
1029 1834 1045 1860 ,
1090 1810 1197 1848 non
1241 1810 1332 1863 per
1355 1793 1617 1846 miseriam
1642 1831 1657 1857 ,
1708 1789 1799 1843 sed
1827 1806 1919 1858 per
1945 1786 2391 1850 misericordiam;
2426 1802 2520 1839 nec
2539 1787 2817 1841 amissione
2837 1789 3042 1853 auxilii,
3071 1790 3163 1843 sed
3193 1789 3383 1857 defini-

107 1887 235 1940 tione
257 1886 540 1952 moriendi,
570 1895 676 1941 etc.
730 1885 868 1953 Quid
895 1896 1076 1941 autem
1107 1892 1191 1940 est
1219 1885 1412 1938 horum
1465 1882 1694 1937 similius
1722 1880 1968 1935 doctrina
1997 1877 2251 1933 Maximi?
2280 1875 2510 1931 Homilia
2542 1876 2627 1944 46,
2664 1892 2785 1948 pag.
2819 1878 2959 1932 “2:
2995 1878 3135 1933 Nolo
3174 1881 3253 1933 sic
3291 1880 3383 1932 de—

109 1976 237 2043 fendi
254 1976 534 2046 justitiam,
555 1978 689 2031 sicut
714 1977 845 2032 solet
863 1976 1111 2048 iniquitas
1129 1972 1371 2028 excusari
1385 2011 1399 2026 .
1420 2010 1434 2025 .
1459 2012 1470 2024 .
1495 2010 1509 2025 .
1541 1969 1767 2025 Causam
1786 1983 1937 2021 suam
1957 1967 2151 2021 mavult
2177 1966 2535 2034 comprobare,
2557 1982 2714 2037 quam
2743 1967 2932 2021 dicere.
2967 1968 3132 2021 Suam
3158 1969 3379 2021 salutem

104 2069 329 2135 perdidit,
353 2080 407 2123 ut
435 2070 660 2124 salutem
688 2070 920 2123 omnium
940 2070 1261 2132 lucraretur;
1287 2067 1342 2119 in
1370 2081 1425 2119 se
1449 2064 1583 2117 vinci
1605 2063 1805 2127 maluit,
1830 2072 1888 2115 ut
1908 2063 2068 2116 victor
2093 2068 2226 2114 esset
2245 2060 2300 2112 in
2322 2060 2539 2113 cunctis.
2582 2057 2763 2128 Pergit
2792 2069 2974 2115 autem
2999 2059 3285 2122 Maximus,
3318 2076 3385 2114 ac.

104 2169 214 2223 pag.
244 2156 342 2209 144
370 2158 694 2228 permissum
722 2156 893 2212 Pilato
919 2154 1264 2219 ostendit,.ut
1290 2152 1577 2207 adversum
1603 2150 1953 2222 servatorem
1994 2148 2267 2205 Christum
2302 2151 2524 2222 furentis
2562 2149 2861 2221 Synagogte
2905 2153 3233 2221 sacrilegium
3255 2170 3349 2206 con
3367 2185 3385 2195 -

101 2254 335 2321 ﬁrmaret.
376 2252 445 2307 Et
471 2252 663 2309 homil.
695 2251 786 2317 50,
818 2264 940 2320 pag.
981 2249 1116 2304 154:
1148 2248 1338 2303 Passio
1360 2247 1521 2311 illius,
1553 2245 1744 2315 inquit,
1776 2254 1956 2299 nostra
1995 2244 2279 2314 redemptio
2317 2255 2411 2309 est,
2459 2260 2597 2299 mors
2638 2245 2751 2314 ejus
2779 2245 2881 2297 vita
2903 2254 3082 2297 nostra
3108 2254 3209 2298 est.
3253 2244 3383 2300 Ideo

100 2351 257 2395 autem
284 2340 533 2414 [Lxxvm]
581 2340 724 2394 mala
752 2340 861 2394 hazc
890 2346 1071 2393 cuncta
1108 2337 1375 2401 sustinuit,
1406 2344 1460 2389 ut
1507 2352 1601 2390 nos
1649 2334 1782 2389 bona
1823 2334 2000 2388 omnia
2044 2336 2355 2388 sentiremus
2379 2350 2397 2387 :
2438 2334 2554 2389 ideo
2601 2333 2958 2388 crudelitatem
2986 2335 3040 2387 in
3077 2350 3133 2388 se
3150 2338 3387 2389 exerceri

99 2432 288 2497 maluit,
316 2441 370 2484 ut
396 2431 550 2485 nobis
571 2428 983 2484 misericordiam
1008 2428 1306 2498 largiretur.
1371 2426 1486 2493 Age
1527 2440 1657 2479 vero
1705 2426 1749 2479 si
1798 2424 1961 2479 divini
2009 2424 2169 2479 Verbi
2196 2440 2427 2495 persona
2455 2424 2836 2494 dereliquisset
2862 2438 3080 2496 corpus,
3113 2426 3181 2482 ab
3210 2441 3387 2497 eoque
3412 2452 3415 2455 λ

98 2535 152 2573 se
178 2520 560 2589 disjunxisset,
613 2526 834 2573 auctore
880 2516 1141 2581 Maximo;
1185 2516 1280 2585 qui
1327 2515 1545 2569 tandem
1596 2514 1677 2569 sic
1724 2514 2023 2568 induxisset
2065 2514 2207 2568 idem
2233 2514 2498 2570 Maximus
2521 2515 2795 2570 Christum
2824 2514 3133 2572 dicentem:
3170 2516 3393 2587 Palpate

98 2627 261 2675 manu,
283 2622 435 2683 atque
460 2610 631 2665 ridete
651 2609 775 2678 ﬁde,
804 2610 927 2679 quia
952 2608 1088 2662 inest
1131 2606 1258 2662 mihi
1306 2606 1449 2660 illius
1491 2608 1730 2676 corporis,
1775 2608 1961 2660 veritas
1985 2647 1999 2670 ,
2026 2608 2177 2677 .quod
2197 2608 2441 2685 pependit
2462 2609 2518 2662 in
2554 2626 2724 2675 cruce,
2758 2617 2913 2680 atque
2936 2616 3198 2663 mortuum
3228 2608 3391 2679 depo-

98 2706 239 2758 situm
267 2706 362 2775 fuit
390 2705 447 2758 in
477 2703 754 2774 sepulcro;
784 2709 835 2755 et
862 2700 1154 2770 proprietas
1180 2698 1423 2763 Deitatis,
1456 2714 1558 2769 qua
1588 2714 1659 2752 In:
1691 2712 1946 2753 uoaruuu
1977 2713 2152 2762 ATQUE
2200 2714 2251 2752 IN
2280 2713 2550 2753 scropcno
2580 2713 2883 2754 θεροειτυκ
2909 2713 3204 2754 suscrrut.
3254 2698 3389 2754 Cum

96 2808 260 2848 anima
276 2794 388 2864 jam
418 2796 667 2864 seiuncta
688 2804 835 2850 esset
858 2810 889 2849 a
913 2808 1143 2866 corpore
1166 2832 1184 2856 ,
1236 2793 1281 2848 si
1328 2792 1506 2847 divina
1536 2790 1759 2861 perinde
1787 2790 1986 2845 Christi
2019 2806 2247 2861 persona
2270 2806 2467 2861 corpus
2489 2792 2632 2846 idem
2660 2792 3006 2858 deseruisset,
3035 2806 3145 2861 quo
3171 2790 3393 2847 demum

95 2887 245 2942 modo
274 2889 379 2944 diei
408 2904 440 2943 a
472 2888 712 2943 Maximo
741 2887 1023 2958 potuisset,
1051 2884 1322 2941 Christum
1354 2885 1530 2955 ipsum
1559 2886 1828 2954 sepultum
1860 2884 2051 2949 fuisse,
2099 2901 2267 2949 ssous
2297 2883 2493 2941 deinde
2515 2887 2569 2941 in
2598 2902 2872 2943 ssrutcno
2900 2903 3197 2945 DEPOSITUI
3224 2885 3397 2945 susci-

98 2978 265 3032 tasse?
290 2976 409 3032 Non
439 2992 575 3047 ergo
607 2977 825 3032 Maximi
853 2977 1129 3047 Opinione,
1160 2976 1406 3045 scjuncta
1430 2991 1461 3030 a
1484 2974 1687 3031 Christi
1715 2992 1944 3045 corpore
1973 2977 2150 3032 triduo
2179 2979 2373 3032 mortis
2402 2979 2503 3033 luit
2530 2995 2761 3048 persona
2791 2981 2974 3037 Verbi.

160 3065 287 3122 XVI.
329 3067 582 3122 Vidimus
611 3069 859 3138 proxime
884 3068 952 3122 de
979 3068 1254 3136 sepultura
1285 3066 1505 3129 Christi,
1552 3066 1679 3135 quid
1708 3066 1973 3122 Maximus
2002 3076 2187 3123 noster
2215 3072 2462 3125 senserit.
2505 3070 2674 3126 Multo
2702 3072 2794 3127 ille
2822 3072 2977 3143 plura
3006 3089 3070 3129 ea
3101 3074 3171 3130 de
3200 3090 3259 3129 re
3287 3076 3400 3130 suis

98 3156 147 3210 in
172 3159 401 3215 bomiliis
429 3176 498 3217 ac
526 3160 868 3215 sermonibus
896 3159 1161 3229 disputat,
1207 3174 1330 3228 qua:
1352 3167 1529 3213 tamen
1560 3158 1868 3214 describere
1896 3175 2005 3214 non
2033 3168 2115 3215 est
2138 3176 2295 3231 opus,
2324 3175 2445 3215 cum
2474 3161 2667 3216 eodem
2697 3170 2863 3233 atque
2898 3163 3066 3220 modo
3093 3164 3402 3235 descriptus

96 3250 298 3308 Maximi
329 3254 504 3323 ipsius
527 3254 682 3309 locus
708 3252 972 3317 recidant,
1006 3266 1181 3320 neque
1205 3251 1501 3321 quidquam
1532 3251 1706 3305 ferant
1729 3292 1742 3315 ,
1786 3250 1931 3319 quod
1960 3251 2219 3321 majorem
2249 3252 2303 3305 in
2332 3251 2550 3307 modum
2580 3253 2957 3310 illustrandum
2982 3271 3105 3311 esse
3132 3256 3398 3311 videatur.

97 3337 256 3396 Venio
284 3342 450 3410 igitur
474 3340 545 3395 ad
571 3340 859 3395 articulum
888 3339 981 3408 qui
1009 3346 1093 3394 est
1136 3338 1206 3394 de
1245 3337 1447 3394 Christi
1475 3337 1740 3393 descensu
1771 3339 1838 3392 ad
1868 3337 2087 3394 inferos.
2150 3339 2228 3394 De
2272 3340 2379 3396 hoc
2402 3341 2485 3395 sic
2519 3341 2784 3399 Maximus
2811 3343 3028 3399 disserit
3053 3345 3276 3400 homilia
3307 3345 3400 3411 57,

96 3442 209 3497 pag.
241 3428 381 3483 {82:
411 3429 565 3495 Quid
594 3430 782 3483 mirum
803 3429 852 3483 si
880 3428 1021 3500 apud
1039 3444 1251 3499 superos
1283 3427 1521 3499 (mortuo
1547 3426 1764 3483 Christo
1792 3436 1911 3481 sunt
1941 3429 2183 3493 tenebrat,
2215 3446 2328 3483 cum
2359 3432 2449 3484 lux
2471 3431 2735 3486 descendit
2760 3433 2833 3487 ad
2856 3435 3073 3506 inferos.
3100 3434 3275 3490 Serm.
3310 3436 3400 3498 3i,

97 3535 207 3588 pag.
261 3520 406 3575 479:
445 3521 584 3574 Dum
628 3530 865 3583 mortem,
900 3518 1104 3586 inquit,
1156 3517 1227 3571 ad
1252 3518 1464 3588 inferna
1510 3534 1668 3588 usque
1714 3520 2053 3589 persequitur,
2086 3519 2158 3571 ad
2194 3520 2429 3589 paradisi
2456 3523 2768 3593 sempiterna
2798 3525 3011 3596 gaudia,
3036 3542 3186 3594 quem
3210 3527 3402 3581 creavit

94 3621 237 3679 atque
254 3613 476 3667 redemit
507 3612 789 3676 hominem,
823 3625 1064 3665 revocare
1085 3612 1330 3680 dignatus
1359 3618 1453 3662 est.
1494 3608 1577 3661 Ad
1598 3610 1805 3680 inferna
1828 3627 1984 3681 usque
2012 3621 2306 3682 persecutus
2328 3622 2404 3666 est
2432 3624 2648 3669 mortem
2668 3656 2682 3681 ,
2715 3626 2868 3687 atque
2895 3616 3131 3672 eamdem
3157 3619 3212 3672 in
3242 3635 3401 3691 regno

94 3716 180 3751 suo
208 3701 489 3771 gloriosius
515 3702 781 3771 captivam
812 3701 934 3770 fecit
967 3708 1118 3770 atque
1139 3698 1204 3751 de
1234 3697 1413 3751 eadem
1439 3699 1785 3768 triumphavit.
1829 3702 2033 3771 Aperta
2049 3712 2168 3755 tunc
2191 3710 2308 3756 sunt
2332 3704 2599 3759 tenebrosa
2619 3706 2713 3759 illa
2735 3709 3061 3779 infernarum
3088 3711 3400 3779 penetralia.

96 3785 239 3851 Quod
258 3808 530 3863 :aunquam
558 3790 761 3844 viderat
784 3791 987 3843 caeleste
1013 3790 1207 3853 lumen,
1235 3796 1429 3842 «eterna
1461 3804 1565 3841 nos;
1593 3789 1785 3842 mirata
1814 3799 1908 3843 est.
1958 3790 2107 3846 Unde
2138 3809 2252 3845 cum
2278 3794 2531 3865 propheta
2560 3796 2671 3861 ipse
2696 3797 2867 3853 dicere
2895 3810 3099 3870 poterat
3123 3818 3140 3854 :
3171 3802 3215 3855 0
3237 3819 3398 3868 mors,

92 3897 174 3934 ero
196 3898 331 3936 mors
355 3892 477 3947 tua,
513 3898 602 3936 ero
632 3898 833 3935 morsus
855 3889 992 3945 tuus,
1018 3881 1239 3951 inferne.
1274 3877 1415 3933 Nam
1432 3896 1579 3952 quem
1608 3888 1665 3934 ut
1688 3892 1945 3937 mortuum
1968 3884 2201 3953 putabat,
2222 3897 2402 3940 coacta
2422 3897 2497 3941 est
2525 3888 2802 3955 dimittere,
2833 3899 2881 3943 et
2907 3890 3115 3945 illorum
3143 3908 3269 3962 quos
3284 3894 3401 3964 jam

92 3970 353 4039 retinebat,
398 3978 625 4042 experta
670 3980 749 4025 est
796 3970 1173 4025 liberationem.
1241 3969 1505 4026 Sermone
1550 3970 1640 4038 45,
1689 3986 1814 4043 pag.
1865 3973 1971 4027 5M
2014 3992 2027 4027 :
2081 3973 2210 4039 Quae
2248 3979 2462 4032 omnino
2506 3981 2649 4050 facta
2689 3990 2808 4035 sunt
2854 3982 3049 4038 idcirco
3076 4022 3091 4047 ,
3140 3984 3401 4037 carissimi

90 4068 142 4110 ut
180 4076 329 4115 nemo
369 4061 589 4130 penitus
616 4058 680 4113 de
702 4060 816 4130 ejus
845 4058 1015 4113 reditu
1047 4056 1113 4111 ab
1142 4058 1326 4130 inferis
1370 4060 1675 4132 disputaret,
1708 4062 1795 4133 qui
1840 4062 2157 4133 probabatur
2201 4074 2349 4119 tanta
2396 4067 2565 4138 gloria
2593 4072 2869 4125 suscitasse
2910 4070 3179 4143 defunctos
3200 4112 3213 4126 .
3232 4113 3248 4127 .
3272 4112 3315 4127 ..
3344 4112 3357 4126 .
3380 4114 3396 4129 .

90 4148 326 4205 Amemus
366 4167 489 4205 eum
561 4159 669 4204 tam
712 4167 901 4222 magna
950 4150 1099 4204 nobis
1141 4149 1392 4220 beneﬁcia
1440 4153 1809 4223 conferentem,
1860 4156 2195 4211 suscitantem
2234 4165 2501 4224 mortuos;
2548 4176 2845 4216 veneremur
2883 4162 2948 4215 ab
2992 4164 3176 4233 inferis
3225 4181 3401 4218 resur-

89 4253 317 4309 gentem;
363 4243 610 4297 colamus
633 4282 650 4308 ,
694 4240 968 4296 adoremus
1015 4244 1174 4295 etiam
1222 4242 1293 4294 ad
1337 4240 1519 4296 Patris
1556 4242 1828 4297 dexteram
1877 4246 2247 4300 considentem.
2310 4246 2673 4313 Quamobrem
2723 4264 2854 4307 vero
2900 4252 2969 4308 ad
2999 4252 3202 4310 inferos
3241 4254 3401 4309 Chri-

91 4340 201 4385 stus
244 4330 636 4397 descenderit,
711 4332 849 4386 idem
916 4332 1140 4401 exponit
1183 4331 1452 4387 Maximus
1498 4334 1721 4388 homilia
1772 4334 1863 4399 57,
1915 4350 2036 4406 pag.
2094 4337 2216 4393 l80.
2287 4338 2484 4396 Scribit
2532 4343 2677 4397 enim
2720 4344 2829 4399 hoc
2872 4344 3075 4401 modo:
3131 4346 3283 4412 Quod
3340 4351 3399 4404 in

86 4424 287 4489 inferno
337 4422 559 4487 luceat,
607 4422 684 4475 ait
726 4421 1020 4491 propheta:
1064 4419 1165 4485 Qui
1188 4420 1440 4476 sedebant
1478 4423 1535 4476 in
1580 4426 1789 4495 regione
1817 4425 2012 4481 umbra:
2053 4431 2233 4484 mortis
2277 4432 2369 4485 tua:
2396 4442 2510 4486 orta
2540 4444 2615 4487 est
2639 4435 2765 4489 illis.
2808 4434 2875 4491 Et
2894 4437 3115 4493 homilia
3154 4440 3241 4505 60,
3272 4456 3396 4512 pag.

91 4510 190 4563 189
216 4528 375 4583 seq.:
431 4511 613 4577 Quam
649 4511 777 4566 bene
822 4512 1138 4580 triumphum
1180 4511 1399 4567 Domini
1439 4514 1691 4584 propheta
1737 4516 2007 4572 describit.
2218 4521 2353 4576 Ecce
2390 4522 2674 4579 Dominum
2720 4537 2923 4585 euntem
2964 4533 3033 4583 ad
3092 4532 3244 4587 aulas
3276 4510 3402 4588 Vnon

86 4605 350 4671 praeceds't,
404 4604 509 4659 sed
553 4605 855 4693 comitatur
876 4601 1105 4693 gloriosa
1129 4604 1580 4693 captivitachuo
1633 4606 1797 4662 etiam
1835 4610 2204 4679 revolvuntur,
2247 4629 2367 4683 quas
2405 4616 2587 4685 prodit
2622 4633 2872 4675 sermone
2912 4620 3002 4689 29,
3033 4637 3155 4693 pag.
3188 4624 3313 4691 476,
3347 4635 3404 4681 et

94 4708 345 4749 sermone
375 4693 470 4787 5i,
506 4706 611 4764 pag
663 4690 784 4758 £79,
806 4692 939 4787 ubi:
972 4691 1112 4787 Dum
1137 4702 1359 4787 mortem
1386 4692 1665 4766 (Christus)
1710 4697 1781 4749 ad
1808 4699 2015 4770 inferna
2035 4718 2193 4773 usque
2212 4708 2550 4777 persequitur,
2575 4708 2645 4761 ad
2664 4711 2899 4778 paradisi
2930 4690 3243 4785 sempiterna
3272 4733 3402 4787 gau-

85 4785 191 4848 dia,
224 4784 443 4855 [Lxxsx]
476 4800 628 4856 quem
656 4785 843 4837 creavit
870 4800 932 4838 ac
956 4782 1173 4839 redemit
1198 4784 1475 4854 hominem,
1510 4802 1749 4842 revocare
1777 4789 2024 4861 dignatus
2048 4802 2191 4847 est...
2228 4792 2295 4848 In
2327 4797 2423 4850 hac
2444 4802 2823 4856 sacratissima:
2842 4782 3232 4862 resurrectionis
3256 4782 3393 4880 festi-

86 4874 260 4939 ritate,
290 4876 591 4929 suscitante
616 4890 670 4927 se
699 4871 946 4942 Domino,
975 4875 1140 4949 multa
1166 4884 1463 4930 sanctorum
1504 4894 1722 4949 corpora
1763 4883 2068 4936 resuscitata
2096 4886 2389 4941 revixerunt
2417 4897 2569 4962 atque
2595 4905 2831 4949 sanctam
2870 4898 3181 4954 introierunt
3222 4871 3405 4957 civita-

88 4971 206 5017 tem.
238 4960 472 5017 Hostias
504 4977 726 5032 namque
751 4976 871 5015 suas
895 4960 1419 5058 Salvator-hodierna
1444 4965 1546 5058 die,
1577 4983 1691 5020 cum
1726 4974 2023 5036 resurrexit,
2053 4977 2335 5031 suscitavit.
2368 4976 2436 5034 Et
2462 4960 2715 5038 sermone
2736 4984 2824 5050 M,
2850 5002 2970 5058 pag.
2994 4988 3097 5044 507
3123 5010 3135 5044 :
3160 4990 3405 5050 Exsulta

87 5068 208 5104 caro
235 5059 453 5115 nostra,
482 5065 599 5153 qua:
626 5066 739 5103 rere
766 5060 843 5103 est
871 5059 1029 5153 terra,
1055 5054 1302 5125 quoniam
1328 5054 1623 5125 gloriﬁcata
1648 5074 1740 5127 per
1761 5058 2019 5114 Christum
2043 5066 2338 5121 societatem
2367 5066 2669 5127 Divinitatis
2694 5054 3270 5153 emeruit.vErumpant,
3305 5088 3380 5140 ait

83 5150 283 5195 montes
302 5140 723 5239 jucunditatem,
754 5147 803 5193 et
828 5141 983 5197 colles
1006 5143 1285 5239 justitiam.
1322 5144 1438 5199 Hos
1462 5126 1663 5201 montes
1687 5148 1943 5221 collesque
1969 5155 2053 5222 qui
2082 5158 2375 5213 excitantur
2416 5162 2487 5215 ad
2526 5166 2738 5235 gaudia,
2783 5126 3270 5239 patriarclta-s'rdi'ci,’

83 5236 519 5288 inconvenieuter
545 5234 845 5303 accipimus,
878 5236 1009 5289 sicut
1028 5246 1078 5289 et
1102 5238 1155 5291 in
1182 5236 1354 5292 David
1374 5249 1555 5294 sancto
1584 5240 1801 5312 legimus
1832 5261 1849 5294 :
1882 5243 2197 5302 Illuminans
2228 5259 2277 5303 tu
2308 5220 2615 5310 mirabiliter
2642 5275 2675 5311 a
2700 5220 2956 5318 moirtibus
2986 5220 3265 5324 (uernis-ﬂ:
3290 5270 3403 5327 Ner

82 5323 346 5378 ίητηισίω
364 5322 510 5394 λαειὶ
536 5324 723 5393 quique
750 5332 946 5378 montes
977 5334 1340 5397 nuncupantur
1359 5335 1407 5380 et
1434 5328 1606 5391 colles,
1633 5330 1719 5398 qui
1742 5339 1959 5385 terrente
1991 5339 2393 5393 conversationis
2425 5342 2640 5399 humilia
2662 5348 3005 5419 relinquentes
3037 5355 3109 5407 ad
3132 5322 3403 5429 superiora

81 5416 303 5469 εωιαιῑε
324 5416 456 5469 uiue
475 5415 599 5479 ﬁdei
627 5430 737 5468 sua:
765 5417 998 5471 verticem
1025 5417 1359 5472 sustulerunt.
1388 5417 1684 5477 Justissime
1721 5421 1893 5490 itaque
1921 5426 2232 5481 venerabiles
2255 5432 2570 5499 patriarcha:
2598 5415 2864 5494 assumere
2882 5415 3265 5511 jucunditatem
3292 5415 3404 5507 ser-

82 5519 239 5558 mone
255 5505 571 5575 prophetico
600 5514 1020 5573 commonentur;
1048 5523 1261 5578 quorum
1288 5509 1477 5579 proles,
1510 5509 1565 5563 id
1592 5518 1668 5563 est
1697 5507 1933 5565 Christus
1964 5513 2237 5581 Dominus,
2271 5524 2451 5578 mortis
2480 5542 2587 5581 sua;
2620 5505 3109 5608 resurrectionisque
3136 5505 3380 5611 mysterio

77 5599 239 5649 etiam
269 5597 534 5694 pra-torui
556 5598 733 5651 sicarii
756 5595 1002 5651 Panibus
1032 5599 1188 5653 vitam
1220 5600 1412 5671 refudit
1452 5603 1719 5655 amissam.
1751 5602 2114 5660 Jucundantur
2152 5613 2460 5669 omnimodis
2490 5622 2821 5688 patriarcha,
3088 5586 3404 5694 tie-3.33:5;

269 5651 282 5665 '
360 5685 373 5695 .
449 5682 484 5697 θ’
515 5686 524 5695 ⁸
734 5687 745 5697 .
1041 5651 1044 5652 ⁷
1157 5651 1180 5653 ⁷⁷
1252 5651 1263 5653 “
1278 5651 1289 5671 Ι
1322 5651 1327 5652 ⁷
1342 5651 1406 5653 "ﬂ
1456 5651 1605 5655 “n'n—
1620 5651 1717 5655 —""
1752 5651 1770 5656 '
1789 5651 2099 5660 ’⁷”””’”““”“’⁷’
2152 5651 2459 5669 ν’”“⁶”¹¹⁵ν“⁶⁸⁶
2490 5651 2596 5687 Fui,
2612 5651 2680 5674 ιιυ
2694 5651 2821 5688 ιιιω,

81 5695 236 5737 natus
268 5683 373 5737 Des
416 5680 611 5751 I‘tlms,
656 5702 950 5741 umversam
978 5688 1156 5744 mundi
1186 5691 1369 5752 faciem
1402 5690 1673 5747 diabolicis
1712 5693 1905 5749 dudum
1942 5699 2293 5768 impietatibus
2325 5709 2665 5776 sordidatam,
2700 5714 3032 5773 immaculato
3062 5729 3294 5794 corporis
3322 5704 3403 5780 sui

81 5788 205 5794 ..μμμ
249 5787 440 5794 -..--..⁴
475 5773 682 5794 ᾸΑι---3ι
739 5781 811 5794 Α.-
863 5775 923 5794 1⁵3.
962 5792 1006 5794 A-
1243 5780 1297 5794 ΠΛ
1354 5790 1453 5794 ---γ
1524 5778 1615 5794 ..Α
1700 5782 1759 5794 -ιι
1829 5786 1839 5794 ι
2021 5790 2031 5794 -

73 5788 208 5826 noro
239 5787 441 5829 mare
468 5773 703 5839 detersit.
731 5781 834 5832 etc.
862 5775 927 5831 Et
956 5792 1204 5835 seruiium
1232 5780 1316 5846 42,
1348 5790 1476 5852 pag.
1518 5778 1619 5837 110
1644 5804 1656 5837 :
1692 5782 1862 5856 Elegit
1900 5790 2050 5859 mori,
2084 5808 2187 5846 non
2227 5803 2281 5847 ut
2310 5794 2453 5851 illum
2492 5799 2586 5853 sibi
2612 5773 2893 5859 vindicaret
2930 5773 3402 5880 infernusT'sedvi-ii
