3898 6226
528 395 600 458 79
1961 406 2344 465 PREFATIO.
3731 409 3780 463 sa

531 520 760 567 mortuos
787 530 825 574 a
849 513 1098 570 mortibus
1126 514 1385 573 liberaret.
1421 517 1487 572 Et
1514 532 1763 573 sermone
1793 519 1880 584 44,
1910 533 2030 589 pag.
2058 517 2160 573 515
2187 536 2198 572 :
2229 517 2447 589 Inferna
2493 533 2594 570 non
2637 516 2854 581 horruit,
2887 517 3228 586 damnatoque
3253 515 3363 583 ipso
3394 529 3453 565 as
3468 521 3606 566 ctare
3629 513 3776 576 delicti,

530 613 819 673 susceptum
839 604 1098 662 hominem
1126 608 1350 676 portavit
1376 609 1431 662 in
1461 607 1707 662 caelum...
1744 607 1897 663 liouo
1931 612 2023 680 qui
2051 608 2494 679 pravaricationis
2539 605 2834 659 humiliatus
2859 606 2969 674 lege
2996 607 3196 676 captiva
3233 601 3445 658 diaboli:
3463 617 3490 654 ο
3522 618 3654 673 jugo
3683 604 3780 656 colla

531 693 838 765 subjecerat,
868 698 1044 751 omnia
1072 700 1357 769 tyrannica:
1378 701 1694 770 captivitatis
1721 701 1928 754 vincula
1950 717 1982 754 a
2005 701 2103 754 Dei
2125 698 2265 753 Filio
2293 709 2475 769 captus
2494 701 2675 752 evasit.

603 786 765 841 XVII.
791 788 867 842 De
895 791 1294 846 resurrectione
1322 807 1486 861 porro
1513 790 1818 846 Servatoris
1846 789 2044 845 Christi
2085 790 2341 858 praeiere
2368 788 2628 841 Maximus
2649 789 2758 853 agit
2787 787 3004 841 homilia
3037 788 3125 853 57,
3156 801 3277 856 pag.
3312 783 3416 838 179
3443 801 3622 858 seqq;
3646 786 3781 840 homi-

534 879 604 932 iia
634 876 722 940 58,
754 893 876 948 pag.
908 877 1043 946 172;
1073 888 1128 934 et
1155 879 1344 940 homil.
1395 879 1484 945 88,
1536 894 1656 950 pag.
1690 878 1814 943 271,
1846 894 1952 948 quo
1983 879 2103 933 loco
2138 897 2150 930 :
2187 877 2380 941 Tertia,
2411 875 2601 944 inquit,
2632 874 2714 927 die
2739 877 3021 928 resurrexit
3047 891 3079 927 a
3107 876 3343 929 mortuis.
3375 873 3435 927 Si
3467 874 3715 928 credidisti
3738 875 3782 926 de

534 966 740 1022 Christo
759 966 896 1039 quod
924 967 1188 1022 dedecoris
1212 975 1308 1035 est,
1340 968 1491 1022 crede
1517 967 1654 1039 quod
1680 967 1861 1038 gloriae
1887 977 1982 1020 est.
2014 966 2075 1020 Si
2103 965 2365 1020 credidisti
2401 964 2538 1036 quod
2572 966 2753 1018 mortis
2780 973 2873 1028 est,
2905 963 3054 1017 crede
3081 964 3218 1035 quod
3245 966 3362 1017 vitae
3389 971 3484 1016 est.
3515 962 3664 1017 Sicut
3681 967 3783 1017 enim

532 1057 589 1111 in
616 1060 858 1128 passione
885 1061 1183 1128 mysterium
1201 1061 1408 1130 pietatis
1435 1071 1530 1123 est,
1558 1060 1632 1112 ita
1660 1060 1714 1112 in
1746 1059 2113 1112 resurrectione
2141 1058 2373 1126 operatio
2397 1057 2682 1126 potestatis,
2704 1064 2761 1108 ut
2785 1057 2859 1107 ait
2886 1056 2995 1122 ipse
3022 1071 3040 1108 :
3064 1053 3380 1108 Potestatem
3403 1052 3568 1107 habeo
3598 1056 3782 1123 ponendi

536 1151 765 1204 animum
793 1167 982 1216 meum,
1010 1160 1060 1204 et
1087 1159 1390 1222 potestatem
1417 1151 1578 1205 habeo
1612 1152 1795 1204 iterum
1825 1149 2056 1203 sumendi
2084 1167 2217 1202 eam.
2255 1147 2518 1211 Quomodo
2552 1165 2674 1218 ergo
2713 1165 2818 1202 non
2861 1149 2939 1201 illi
2977 1145 3273 1218 suppetebat
3312 1149 3414 1200 vita
3444 1156 3562 1216 post
3589 1157 3784 1210 mortem,

538 1247 618 1304 cui
647 1246 779 1298 mori
808 1261 911 1298 non
940 1246 1311 1316 fuit-conditio,
1334 1245 1426 1299 sed
1448 1245 1776 1314 potestas?...
1803 1241 2068 1306 Quomodo
2091 1252 2291 1312 poterat
2319 1244 2510 1313 inferni
2543 1242 2739 1312 legibus
2772 1240 3010 1303 detineri,
3039 1239 3127 1309 qui
3161 1238 3356 1292 idcirco
3383 1248 3458 1290 est
3487 1248 3727 1301 mortuus,
3746 1253 3782 1288 ιιι

539 1354 682 1392 mors
719 1338 975 1391 amitteret
1015 1337 1358 1407 potestatem?
1386 1347 1489 1392 etc.
1522 1336 1644 1400 Sed,
1679 1352 1744 1390 ne
1778 1337 2016 1405 pluribus
2045 1337 2274 1390 lectores
2302 1336 2593 1398 detineam,
2628 1350 2733 1389 uno
2763 1335 2855 1388 illo
2895 1343 3017 1387 utar
3045 1333 3166 1388 loco
3196 1348 3263 1387 ex
3292 1349 3548 1388 sermone
3579 1335 3662 1396 ἑξ),
3689 1346 3784 1401 pag.

537 1426 663 1492 ΗΞ,
693 1428 785 1495 qui
811 1425 969 1496 plane
993 1427 1327 1482 demonstrat
1353 1428 1632 1480 veritatem
1660 1427 1830 1495 plena:
1857 1427 2233 1480 miraculorum
2264 1426 2673 1480 resurrectionis
2699 1425 2918 1477 Christi.
2955 1423 3048 1477 Est
3078 1424 3122 1477 is
3150 1439 3280 1478 vero
3310 1424 3620 1494 hujusmodi
3645 1443 3657 1474 :
3686 1422 3784 1475 0m-

539 1514 681 1566 nium
711 1514 894 1567 revixit
915 1514 1091 1577 saluti,
1124 1515 1211 1584 qui
1241 1529 1339 1568 eno
1367 1530 1564 1568 ouswu
1599 1529 1847 1568 PECCATIS
1871 1514 2107 1566 addictus
2147 1524 2222 1567 est
2261 1517 2509 1584 passioni.
2547 1513 2848 1567 Restm-exit
2886 1515 3045 1584 igitur
3073 1513 3318 1568 Salvator
3346 1532 3378 1567 a
3407 1497 3643 1570 mortuis.
3666 1513 3785 1566 Νοιια

536 1623 621 1659 res
647 1614 698 1659 et
722 1607 890 1670 inim;
911 1605 1002 1658 sed
1020 1604 1171 1659 habet
1192 1607 1302 1660 haec
1327 1608 1541 1660 assertio
1567 1608 1850 1659 veritatem.
1876 1604 2014 1658 Nam
2038 1615 2091 1657 ut
2119 1616 2314 1659 taceam
2333 1607 2698 1676 prophetarum
2728 1607 2957 1678 oracula,
2982 1606 3284 1676 angelorum
3305 1607 3623 1670 ministeria,
3642 1613 3787 1675 aperta

535 1696 758 1766 sepulcri
787 1696 1097 1766 penetralia,
1126 1698 1292 1766 ipvum
1328 1694 1603 1749 Dominum
1637 1704 1752 1766 post
1782 1697 2204 1749 resurrectionem
2234 1711 2349 1748 cum
2378 1695 2644 1764 discipulis
2673 1694 2979 1766 loquentem,
3013 1706 3398 1748 conversantem
3427 1694 3635 1767 [Lux],
3662 1695 3788 1746 eden-

536 1794 654 1851 tem,
689 1785 936 1840 Thomam
963 1801 1162 1856 quoque
1184 1784 1443 1839 clavorum
1472 1787 1683 1839 vulnera
1708 1786 1864 1838 etiam
1896 1784 2054 1854 digito
2083 1792 2518 1846 contrectantem;
2560 1792 2614 1835 ut
2648 1783 2759 1837 haec
2797 1784 2970 1837 omnia
3005 1785 3416 1852 preetermittam,
3460 1793 3630 1837 tamen
3665 1783 3789 1850 ﬁdem

532 1886 761 1930 nostram
789 1876 1063 1946 conﬁrmat
1091 1875 1327 1947 impietas
1356 1874 1677 1930 Iudaeorum.
1711 1873 1850 1928 Nam
1889 1876 2072 1944 sufficit
2095 1875 2165 1928 ad
2193 1875 2545 1928 credulitatem
2572 1877 2720 1929 nobis
2741 1893 2915 1930 eorum
2945 1877 3188 1929 nimirum
3208 1883 3362 1928 cauta
3387 1874 3679 1928 credulitas.
3703 1867 3790 1931 Quo

529 1967 666 2019 enim
703 1967 981 2020 studiosius
1013 1965 1363 2030 custodierunt
1404 1967 1670 2030 tumulum,
1700 1983 1759 2019 eo
1787 1974 1987 2019 constat
2026 1966 2172 2020 illum
2207 1968 2532 2037 manifestius
2561 1969 2864 2021 surrexisse.
2900 1965 3014 2030 Quo
3042 1967 3213 2036 plures
3240 1982 3533 2036 apparuere
3559 1964 3789 2018 custodes.

529 2071 588 2111 eo
617 2055 790 2123 plures
820 2063 973 2108 testes
1012 2056 1279 2124 reliquere.
1326 2052 1466 2107 Nam
1496 2056 1593 2108 hoc
1622 2056 1915 2125 procuravit
1940 2055 2112 2128 divina
2132 2057 2472 2126 providentia,
2505 2067 2559 2109 ut
2582 2059 2945 2111 resurrectioni
2977 2075 3081 2112 non
3109 2059 3275 2112 solum
3299 2059 3492 2128 angeli,
3525 2073 3628 2109 non
3654 2056 3790 2107 solum

529 2144 790 2213 discipuli,
817 2144 908 2198 sed
932 2156 980 2198 et
1003 2146 1352 2198 testimonium
1370 2143 1711 2214 perhiberent,
1736 2143 1872 2214 quod
1899 2152 1974 2197 est
2003 2127 2246 2214 amplius,
2277 2146 2494 2198 inimici.
2525 2144 2790 2199 Libentius
2817 2161 2940 2218 ergo
2968 2146 3270 2215 accipimus,
3299 2127 3436 2215 quod
3457 2161 3575 2198 eum
3604 2143 3793 2212 diligen-

528 2238 626 2289 tius
648 2235 1001 2289 observarunt.
1033 2231 1302 2288 Credimus
1323 2235 1460 2288 enim
1480 2233 1572 2288 sub
1593 2234 1885 2287 custodibus
1918 2235 2145 2304 potuisse
2171 2235 2317 2288 illum
2355 2234 2565 2304 prodire
2591 2235 2744 2287 citius
2774 2251 2927 2305 quam
2955 2236 3215 2302 perire,-et
3253 2233 3318 2284 de
3347 2232 3545 2285 tumulo
3568 2232 3683 2301 jure
3703 2229 3793 2280 lto~

525 2328 650 2380 mini
677 2327 916 2398 progredi
945 2343 1097 2397 quam
1128 2326 1496 2395 discipulorum
1527 2327 1713 2396 fraude
1746 2326 1980 2378 subduci.
2012 2325 2181 2379 Tanta
2216 2326 2356 2379 enim
2395 2326 2746 2379 sollicitudine
2785 2326 3074 2395 sepulcrum
3103 2323 3360 2378 obstruxit
3396 2324 3658 2393 impietas,
3685 2329 3733 2372 ut
3756 2319 3795 2370 id

525 2435 630 2473 non
658 2417 958 2488 prmualeret
981 2433 1163 2470 manus
1193 2417 1419 2469 humana
1449 2415 1730 2478 destruere,
1758 2416 1860 2469 nisi
1889 2415 2001 2469 sola
2029 2416 2188 2468 virtus
2218 2416 2613 2469 resurrectionis
2646 2416 2889 2482 aperiret.
2933 2413 3162 2483 Denique
3200 2414 3324 2466 dicit
3363 2420 3577 2466 sanctus
3609 2425 3796 2476 euange-

522 2509 664 2571 lista,
696 2505 1033 2564 descendente
1057 2504 1260 2575 angelo,
1290 2520 1481 2574 magno
1507 2514 1698 2557 terram
1729 2512 1951 2557 tremore
1971 2505 2131 2574 fuisse
2151 2512 2481 2565 commotam,
2515 2511 2573 2555 ut
2603 2503 2941 2574 fundamenta
2971 2503 3149 2556 tumuli
3173 2511 3516 2565 morerentur,
3541 2509 3591 2553 et
3618 2515 3799 2570 percur-

520 2615 604 2654 sos
632 2613 820 2667 pavore
845 2595 1102 2659 custodes,
1135 2596 1219 2666 qui
1239 2603 1484 2649 venerant
1504 2595 1762 2648 custodire
1789 2604 2068 2659 mortuum,
2094 2611 2206 2648 esse
2228 2595 2393 2664 factos
2432 2603 2488 2647 ut
2516 2604 2766 2648 mortuos.
2802 2593 2870 2648 Ut
2897 2604 3146 2660 mortuos,
3169 2597 3405 2666 inquam,
3428 2594 3644 2666 dignum
3669 2593 3799 2664 plane

521 2686 788 2749 iudicium,
819 2686 864 2738 si
893 2699 1008 2737 eum
1028 2684 1202 2754 justus
1228 2683 1474 2752 resurgit,
1502 2692 1742 2753 peccator
1769 2684 2018 2746 moritur;
2047 2698 2161 2735 cum
2188 2683 2443 2736 reviviscit
2488 2684 2757 2746 innocens,
2788 2683 2902 2754 ejus
2926 2684 3238 2753 interﬁcitur
3261 2685 3508 2738 inimicus
3527 2702 3545 2738 :
3569 2700 3686 2736 nam
3705 2683 3797 2735 ideo

518 2794 614 2835 nec
644 2775 1054 2847 progredientem
1078 2773 1361 2826 Dominum
1389 2789 1598 2826 cernere
1625 2779 1921 2842 potuerant,
1957 2771 2076 2842 quia
2107 2771 2414 2824 criminosas
2442 2781 2636 2825 mentes
2666 2781 2828 2825 terror
2855 2781 3200 2842 Oppresserat,
3225 2772 3349 2825 dum
3378 2773 3637 2826 sustinere
3657 2773 3800 2842 fulgo-

519 2885 627 2922 rem
648 2867 1040 2920 resurrectionis
1062 2865 1231 2918 rutilaz
1259 2880 1363 2917 non
1393 2862 1646 2917 solebant.
1673 2861 1879 2932 Majore
1906 2879 2027 2930 ergo
2049 2861 2397 2914 sollicitudine
2420 2860 2679 2916 Pharisaei
2706 2860 2979 2914 Dominum
2999 2860 3350 2914 custodierunt
3367 2871 3648 2925 mortuum,
3670 2874 3822 2931 qnam_

519 2959 685 3012 vivum
712 2966 831 3010 sunt
850 2957 1174 3024 persecuti...
1202 2953 1572 3008 Custodiebant
1599 2970 1720 3024 ergo
1740 2969 1856 3006 eum
1883 2951 2101 3006 sollicite
2123 2953 2176 3004 in
2205 2953 2460 3019 sepulcro,
2487 2954 2774 3021 praesertim
2803 2953 2920 3020 quia
2947 2968 3002 3005 se
3030 2951 3113 3005 dte
3147 2953 3297 3018 tertia
3325 2951 3536 3005 dixerat
3560 2960 3803 3006 surrectu-

519 3062 653 3099 rum.
686 3040 1056 3097 Custodiebant
1088 3052 1259 3096 autent
1287 3041 1507 3095 sollicite
1536 3043 1591 3094 in
1620 3043 1875 3111 sepulcro,
1901 3043 2022 3112 quia
2051 3056 2257 3093 necesse
2282 3041 2387 3096 illis
2419 3053 2530 3096 erat
2556 3058 2671 3096 eum
2701 3043 2816 3112 jam
2856 3059 2958 3096 non
3005 3042 3266 3097 doctorem
3315 3045 3514 3106 timere,
3556 3043 3651 3098 sed
3676 3041 3800 3111 judi-

521 3153 650 3203 cem,
680 3145 788 3192 etc.
821 3135 1023 3190 Confer
1046 3144 1306 3205 praeterea
1336 3150 1500 3189 serm.
1537 3133 1624 3199 55,
1656 3149 1780 3204 pag.
1807 3133 1904 3186 491
1940 3150 2116 3203 seqq.,
2149 3142 2203 3188 et
2231 3153 2393 3193 scrm.
2425 3138 2512 3201 37,
2546 3151 2667 3207 pag.
2699 3136 2802 3190 498
2829 3153 2942 3207 seq.

598 3229 672 3283 De
701 3227 1102 3282 resurrectione
1129 3227 1304 3294 deque
1332 3225 1651 3280 ascensione
1680 3224 1879 3279 Christi
1910 3227 1961 3279 in
1991 3228 2185 3280 cmlum
2216 3231 2294 3283 sic
2338 3229 2478 3281 idem
2509 3227 2772 3281 Maximus
2799 3226 3046 3282 edisserit
3083 3238 3334 3284 sermone
3360 3211 3458 3293 37,.
3482 3230 3681 3297 pagina
3708 3229 3802 3294 ipsa

523 3319 628 3372 498
657 3332 771 3385 seq.
812 3334 826 3370 :
857 3313 1041 3388 Neque
1069 3316 1344 3385 superﬂua:
1371 3317 1652 3370 voluntatis
1681 3324 1792 3368 erat
1817 3325 1906 3367 aut
1926 3333 2117 3381 vacua,
2149 3327 2205 3370 ut
2238 3316 2335 3370 Dei
2372 3316 2541 3370 Filius
2564 3333 2656 3385 per
2685 3325 2945 3370 tantarum
2980 3316 3232 3371 dedecora
3271 3319 3579 3388 passionum
3609 3319 3806 3373 motuin

523 3408 859 3463 humanitatis
888 3404 1172 3460 moreretur
1199 3406 1254 3458 in
1281 3408 1452 3470 terris,
1484 3409 1568 3477 qui
1592 3406 1782 3460 caelesti
1804 3407 1858 3459 in
1888 3424 2046 3476 regno
2076 3418 2292 3476 paterna
2315 3410 2505 3462 deitate
2524 3408 2739 3473 vivebat,
2765 3410 2866 3462 nisi
2886 3411 3030 3462 nasci
3057 3409 3203 3462 illum
3230 3411 3442 3464 remedii
3463 3415 3636 3466 nostri
3656 3427 3807 3464 neces-

521 3506 651 3557 sitas
677 3499 982 3576 flagitasset.
1009 3494 1148 3560 Quid
1176 3495 1316 3551 Deus
1338 3496 1406 3548 ad
1428 3497 1672 3550 carnem?
1695 3497 1818 3567 quid
1838 3498 2195 3551 immaculatus
2217 3501 2286 3552 ad
2306 3502 2540 3553 crucem?
2558 3499 2682 3570 quid
2699 3509 2918 3554 ceternus
2940 3500 3007 3552 ad
3027 3510 3240 3554 mortem
3257 3503 3281 3554 ?
3298 3501 3489 3555 Essent
3504 3505 3709 3574 quidem
3731 3501 3810 3554 Dei

526 3589 667 3644 Filio
689 3589 839 3644 verba
862 3607 923 3641 ac
949 3588 1183 3649 vulnera,
1210 3587 1489 3658 omniaque
1516 3588 1663 3640 illata
1699 3588 1958 3658 passionis
1993 3591 2268 3659 opprobria
2309 3591 2612 3660 reputanda,
2638 3592 2739 3644 nisi
2775 3593 3013 3646 universa
3044 3609 3159 3662 qua:
3183 3610 3367 3663 passus
3393 3605 3492 3656 est,
3518 3597 3810 3648 resurrectio

525 3696 648 3734 mox
675 3690 915 3732 secutura
943 3684 1197 3730 curasset.
1225 3673 1352 3738 Quis
1373 3692 1494 3746 ergo
1523 3677 1596 3728 ita
1619 3675 1878 3746 desipiens
1902 3679 2228 3731 retractando
2253 3679 2552 3732 decolorare
2577 3690 2873 3749 prtesumat,
2899 3683 3034 3752 quod
3059 3684 3336 3752 crucifixus
3357 3693 3433 3736 est
3463 3683 3722 3747 Christus,
3744 3700 3807 3753 qm

528 3789 636 3828 τοι·
660 3787 976 3826 vmruneus
1003 3785 1301 3832 rususque
1322 3785 1603 3824 HIBACULIS
1621 3785 1921 3824 manmuon
1949 3787 2149 3825 rncrus
2172 3787 2270 3825 ssr
2292 3787 2388 3824 sus
2421 3773 2700 3826 msuoue?
2724 3769 2849 3835 Quis
2870 3773 2946 3827 illi
2970 3773 3267 3826 triduanum
3293 3773 3618 3844 exprobrare
3646 3775 3810 3826 audeat

525 3867 866 3936 sepulturam,
916 3862 1062 3932 cujus
1098 3877 1213 3913 cum
1241 3862 1550 3931 sempiterno
1580 3860 1741 3914 Patre
1769 3878 2077 3931 permanens
2120 3861 2381 3915 ceternitas
2427 3862 2775 3930 prtcdicatur?
2805 3861 2919 3916 Ima
2965 3865 3079 3934 quis
3125 3879 3230 3917 non
3273 3873 3378 3919 toto
3418 3873 3639 3934 stupore
3675 3864 3812 3918 mire-

528 3967 628 4019 tur,
658 3970 881 4008 INFERNA
915 3967 1076 4006 iqu
1099 3951 1262 4022 fuisse
1287 3951 1577 4020 dignatum,
1605 3951 1694 4021 qui
1722 3968 1955 4006 mrum
1979 3967 2067 4005 nnc

2273 3970 2291 4006 Γ
2315 3969 2381 4006 AD
2403 3968 2567 4007 ΥΙΤΔΙ
2588 3968 2780 4008 1⁵01⁵1111⁸
2811 3969 3003 4010 BEDIBE
3031 3965 3147 4025 ροει
3173 3965 3411 4020 mortem,
3434 3967 3484 4010 et
3504 3973 3711 4012 (ζιειυι
3731 3970 3812 4009 50!

525 4044 735 4121 [Lxxxt]
767 4060 1047 4099 ounmvn
1079 4057 1388 4096 sscsuvans
1420 4057 1550 4095 rosr
1583 4057 1823 4096 insanos.
1857 4040 2088 4096 Rursum
2125 4042 2310 4095 homil.
2336 4041 2424 4108 60,
2456 4055 2579 4111 pag.
2613 4040 2717 4095 188
2741 4059 2754 4095 :
2782 4040 3012 4096 Granum
3041 4052 3117 4097 est
3147 4042 3442 4113 (Christus)
3475 4046 3688 4115 inquit,
3718 4059 3812 4097 cum

522 4139 664 4199 solus
693 4153 896 4190 crucem
924 4136 1153 4205 patitur;
1185 4136 1385 4205 fructus
1414 4142 1511 4197 est,
1541 4150 1657 4186 cum
1679 4133 1904 4203 plurima
1932 4137 2283 4202 apostolorum
2308 4135 2615 4190 credulitate
2642 4137 3008 4190 circumdatur.
3035 4136 3137 4191 His
3167 4138 3304 4191 enim
3343 4147 3462 4206 post
3485 4138 3815 4192 resurrectio-

523 4243 640 4285 nem
667 4225 1020 4295 quadraginta
1047 4223 1224 4277 diebus
1252 4238 1367 4276 cum
1388 4223 1653 4290 discipulis
1677 4232 2033 4286 conversatus,
2057 4233 2163 4278 tota
2191 4225 2310 4278 illos
2338 4226 2608 4295 sapientia:
2634 4228 2933 4280 maturitate
2958 4227 3194 4291 edocuit,
3223 4237 3272 4280 et
3311 4227 3382 4280 ad
3409 4226 3606 4282 bonam
3635 4230 3812 4299 frugem

525 4333 610 4372 eos
655 4317 798 4370 omni
839 4315 1236 4383 disciplinarum
1265 4313 1582 4384 fecunditate
1609 4317 1875 4369 convertit.
1922 4315 2123 4370 Deinde
2151 4319 2382 4370 ascendit
2428 4317 2498 4370 ud
2543 4319 2752 4382 caelum,
2797 4318 2866 4371 ad
2906 4317 3118 4371 Patrem
3145 4319 3359 4383 scilicet,
3393 4321 3630 4389 fructum
3657 4320 3814 4372 carnis

526 4410 810 4478 praeferens
874 4408 929 4459 in
960 4405 1233 4476 discipulis
1269 4406 1494 4475 justitite
1521 4407 1721 4459 semina
1747 4406 2126 4477 derelinquens.
2197 4409 2444 4462 Ascendit
2479 4427 2600 4482 ergo
2641 4411 2710 4462 ad
2757 4409 2968 4463 Patrem
3008 4409 3284 4465 Dominus.
3334 4410 3402 4464 Et
3449 4427 3712 4469 sermone
3740 4416 3811 4472 si.

523 4511 644 4566 pag.
678 4495 784 4549 514
812 4514 825 4548 2
855 4495 980 4549 Coeli
1011 4495 1122 4548 alta
1152 4495 1522 4549 transcendens
1551 4495 1620 4548 ad
1647 4507 1879 4562 paterna:
1920 4497 2053 4552 sedis
2094 4498 2475 4570 incogitabilem
2519 4501 2842 4570 majestatem
2869 4497 3106 4554 Christus
3145 4501 3406 4566 ascendit,
3448 4510 3498 4556 et
3543 4504 3811 4557 lionsinmn

523 4605 674 4662 quem
715 4587 912 4640 invidia
952 4587 1289 4656 ntalignantis
1312 4587 1508 4643 inimici
1547 4587 1718 4656 prima
1746 4587 1838 4639 illa
1867 4587 2100 4655 paradisi
2131 4587 2447 4642 habitatione
2488 4590 2755 4658 depulsum
2783 4592 3163 4663 projectuqu
3188 4593 3242 4644 in
3281 4591 3416 4644 hanc
3443 4595 3637 4648 mundi
3667 4592 3812 4646 labem

527 4685 722 4751 fecerat
748 4695 860 4731 esse
886 4678 1248 4746 peregrinum,
1282 4675 1518 4745 angelica
1545 4677 1599 4728 in
1631 4677 1802 4745 patria
1830 4675 2124 4740 collocavit,
2154 4687 2203 4729 et
2228 4679 2466 4746 paradisi
2496 4679 2726 4734 exsulem
2756 4681 2912 4735 civem
2939 4680 3220 4733 coalestium
3253 4683 3392 4752 fecit.
3447 4681 3619 4738 Paria
3647 4684 3813 4739 scribit

529 4782 784 4824 sermone
811 4766 901 4831 44,
933 4779 1054 4836 pag.
1088 4764 1194 4819 5M
1220 4779 1394 4833 seqq.;
1426 4763 1515 4828 45,
1549 4777 1670 4834 pag.
1703 4763 1835 4830 516;
1866 4773 1922 4819 et
1948 4780 2196 4819 sermone
2225 4765 2314 4831 47,
2347 4780 2468 4835 pag.
2499 4765 2641 4820 519:
2671 4766 2750 4822 De
2772 4767 3084 4842 spoliatione
3120 4783 3215 4820 sua
3254 4770 3390 4824 dolet
3412 4785 3534 4824 cum
3565 4783 3666 4827 suo
3687 4774 3813 4843 prin-

525 4863 639 4931 cipe
670 4866 935 4923 tartarus;
985 4856 1048 4910 de
1085 4855 1165 4909 sui
1210 4864 1382 4908 autem
1430 4854 1608 4907 damni
1654 4857 2032 4909 restaurationc
2079 4856 2284 4909 lcetatur
2329 4859 2591 4911 uniuersus
2639 4860 2858 4912 celestis
2895 4859 3169 4912 exercitus.
3204 4859 3377 4915 Hodie
3403 4880 3558 4930 caro,
3591 4884 3744 4937 quam
3772 4868 3812 4916 in

529 4951 679 5004 terris
707 4947 938 5018 Spiritus
967 4947 1132 5000 sancti
1162 4953 1408 5016 operante
1439 4945 1623 4997 virtute
1652 4961 1683 4997 a
1712 4946 1905 5015 virgine
1930 4955 2095 4998 matre
2122 4954 2500 5032 assumpserat,
2527 4947 2597 4999 ad
2624 4946 2799 5000 Patris
2825 4948 3093 5002 dexterum
3123 4958 3198 5002 est
3237 4950 3529 5019 collocata,
3565 4956 3818 5026 eidemifue

529 5042 759 5097 omnium
788 5039 1066 5092 crelestium
1106 5038 1378 5105 spirituum
1417 5044 1537 5088 sunt
1581 5045 1804 5090 curvata:
1843 5043 2063 5088 naturis.
2095 5035 2265 5089 Hodie
2301 5053 2431 5089 nova
2459 5038 2550 5090 illa
2588 5039 2689 5100 via,
2731 5039 2794 5090 de
2820 5055 2919 5110 qua
2948 5039 3070 5091 olim
3109 5039 3309 5096 dicebat
3337 5043 3653 5112 Apostolus,
3685 5047 3815 5100 nobis

528 5145 605 5189 est
633 5135 878 5196 initiata,
907 5134 1027 5203 quia
1057 5148 1148 5200 per
1176 5131 1522 5185 beatissimam
1551 5133 1694 5184 illam
1725 5129 1916 5185 Christi
1964 5146 2172 5185 carnem
2212 5141 2433 5185 (stemus
2472 5131 2558 5185 ille
2597 5132 2708 5184 οωιὶ
2755 5133 2957 5199 aditus,
3001 5153 3092 5202 per
3137 5151 3284 5206 quem
3323 5135 3470 5189 nulla
3512 5138 3670 5206 prius
3709 5153 3816 5190 caro

530 5227 832 5289 transierat,
861 5221 1008 5278 nobis
1037 5232 1113 5276 est
1141 5222 1427 5276 deseratus.
1461 5222 1632 5277 Hodie
1660 5224 1747 5277 ille
1784 5223 1912 5277 liber
1933 5241 2080 5295 quem
2109 5241 2276 5287 nemo,
2319 5226 2422 5278 nisi
2446 5242 2627 5296 agnus,
2654 5228 2818 5294 potuit
2845 5228 3050 5298 aperire
3074 5238 3151 5282 est
3175 5237 3456 5295 reseratus,
3489 5233 3750 5301 quoniam
3772 5232 3815 5282 in

525 5320 666 5374 illius
694 5324 878 5380 morte,
921 5313 1151 5388 ejusdem
1178 5324 1299 5367 sunt
1325 5314 1443 5368 libri
1470 5316 1697 5369 revelata
1730 5324 2096 5378 sacramenta;
2137 5323 2187 5368 et
2233 5332 2294 5368 ea
2322 5331 2433 5386 qua:
2461 5318 2514 5369 in
2544 5318 2651 5384 lege
2677 5329 2726 5369 et
2766 5318 3027 5388 praphetis
3057 5319 3118 5370 de
3151 5336 3210 5372 eo
3237 5321 3434 5387 scripta
3463 5323 3812 5380 inveniuntur.
3860 5361 3861 5366 η

524 5419 880 5464 consummata
908 5411 1290 5481 dispensatione
1309 5411 1596 5479 majestatis
1624 5411 1757 5480 ejus,
1782 5411 2034 5464 hodierna
2063 5411 2145 5462 die
2165 5410 2415 5477 completa
2443 5419 2580 5463 sunt.
2611 5409 2888 5464 Descendit
2916 5412 3082 5478 primo
3102 5410 3355 5475 Christus,
3387 5422 3445 5465 ut
3465 5425 3682 5470 nostri:
3705 5430 3814 5468 con-

518 5517 631 5557 sors
651 5501 796 5569 fieret
827 5496 1066 5565 natura,"
1093 5500 1323 5554 ascendit
1348 5516 1511 5565 nunc,
1543 5509 1597 5553 ut
1625 5516 1733 5555 sua:
1757 5517 1853 5554 nos
1875 5501 2274 5571 comparticipes
2302 5499 2516 5569 efficeret
2557 5501 2757 5568 gloriae.
2791 5501 3120 5555 Descendens
3144 5503 3373 5555 mirabili
3403 5509 3814 5566 conversatione,

522 5591 725 5646 visibilis
754 5592 1018 5646 miraculis
1049 5591 1314 5647 delectavit
1339 5594 1600 5664 infantes;
1631 5591 1918 5646 ascendens
1969 5590 2114 5648 dedit
2162 5591 2299 5645 dona
2341 5589 2665 5656 hominibus,
2716 5590 2895 5662 quibus
2921 5593 2976 5644 in
3017 5591 3123 5661 ﬁde
3167 5592 3356 5644 eruditi
3404 5595 3815 5663 otqueinrisils

519 5683 670 5738 robur
695 5683 921 5749 educati,
954 5684 1282 5752 temporalem
1301 5684 1464 5754 ipsius
1489 5683 1734 5741 visionem
1771 5697 1874 5737 non
1895 5681 2038 5737 ultra
2076 5687 2375 5752 appeterent
2394 5721 2410 5749 ,
2449 5677 2543 5734 sed
2568 5694 2668 5750 quo
2690 5695 2777 5735 eos
2804 5679 2914 5749 ipse
2939 5687 3297 5752 prmesserut,
3343 5689 3451 5736 tota
3497 5697 3630 5739 cson
3677 5681 3820 5737 animi

517 5777 840 5848 mittattioue
864 5776 1010 5830 illum
1039 5778 1178 5831 seoui
1208 5775 1491 5830 studerent.
