3898 6226
510 336 581 390 $3
1979 325 2362 381 ΡΒίΕΡΑΤΙΟ.
3610 341 3619 347 ·
3716 320 3772 376 81

509 445 697 500 Christi
750 451 821 498 ad
870 446 1142 514 pristinam
1203 460 1379 498 sumus
1436 443 1781 497 innocentiam
1842 440 2085 493 revocati.
2160 434 2261 499 Qui
2325 434 2547 503 peccatis
2598 432 2790 486 nostris
2830 433 3021 503 inferni
3067 447 3246 501 pansas
3284 446 3653 496 merueramus,
3693 447 3770 485 sua

506 534 879 605 pretiosissima
924 545 1088 588 morte
1134 534 1203 587 ad
1258 543 1468 588 (eterna:
1523 530 1853 585 beatitudinis
1895 528 2087 600 gaudia
2130 541 2307 580 sumus
2353 523 2592 578 revocati.
2680 519 2781 585 Qui
2851 538 2976 576 vasa
3034 523 3129 577 ira
3192 538 3285 591 per
3359 520 3493 576 Adae
3544 522 3769 590 prevari-

506 624 761 677 cationem
807 635 1049 689 eramus,
1109 638 1253 678 nunc
1292 630 1518 692 propter
1568 621 1732 690 ipsius
1771 619 2219 675 resurrectionem
2251 624 2560 669 sanctorum
2602 612 2749 668 cives
2792 612 3080 667 evasimus.
3154 611 3289 666 Nam
3341 618 3404 665 ut
3447 611 3667 665 honiilia
3697 608 3771 675 15,

510 725 636 781 pag.
686 710 793 776 η,
837 721 1023 767 monet
1066 731 1078 766 :
1114 712 1298 767 Tantis
1368 713 1585 768 vinculis
1651 712 1931 765 humanum
1977 724 2138 780 genus
2202 708 2440 760 vina-erat
2497 705 2736 758 inimicus
2764 743 2779 769 ,
2837 713 3083 773 tantaque
3143 718 3239 757 nos
3282 703 3447 756 uioles
3493 702 3771 754 immanium

502 812 764 875 presserat
788 790 1116 873 peccatorum
1136 846 1151 870 ,
1182 814 1239 859 ut
1266 806 1441 859 nullus
1460 804 1610 859 nobis
1634 812 1765 858 esset
1786 803 1979 857 reditus
2007 802 2076 854 ad
2100 800 2317 854 salutem
2340 838 2355 864 ,
2406 798 2508 851 nisi
2538 805 2833 851 nasceretur
2858 797 2946 850 ille
2984 796 3068 867 qui
3097 795 3279 849 virtute
3298 795 3512 862 propria
3542 793 3613 846 ad
3636 792 3769 846 sitam

500 900 676 962 posset
722 892 894 947 redire
936 904 1054 963 post
1093 907 1331 950 mortem.
1404 894 1523 950 1am
1569 910 1699 951 vero
1750 909 1915 949 serm.
1966 892 2053 957 61,
2103 894 2193 962 qui
2240 900 2321 945 est
2350 889 2412 943 de
2440 887 2623 944 Natali
2650 889 2817 941 sancti
2843 886 3068 941 Joannis
3115 887 3364 957 Baptista
3388 884 3628 954 quintus,
3664 895 3770 953 pag.

501 979 629 1042 554,
685 996 793 1037 non
842 982 1006 1039 modo
1050 984 1296 1040 meminit
1341 984 1605 1040 Maximus
1652 984 1859 1055 peccati
1905 982 2217 1050 originalis,
2269 995 2455 1036 verum
2504 979 2668 1034 etiam
2698 976 3057 1033 remediorum
3089 975 3535 1045 (circumcisionis
3562 988 3770 1043 pneser-
3866 1014 3869 1027 η

507 1068 633 1138 tim)
666 1086 785 1140 qua:
814 1071 866 1126 in
899 1071 1141 1144 [LXXXW]
1173 1072 1345 1129 veteri
1372 1074 1491 1142 lege
1523 1072 1660 1144 (ejus
1688 1073 1895 1143 peccati
1926 1073 2148 1127 macula:
2177 1079 2463 1138 reatusque
2494 1067 2714 1123 tollendi
2744 1066 2926 1138 causa)
2958 1066 3372 1121 adhibebantur.
3416 1065 3617 1121 Scribit
3645 1063 3765 1118 eiii-It

505 1159 600 1215 ille
625 1159 731 1215 hoc
759 1162 921 1217 modo
953 1180 967 1216 :
999 1162 1233 1218 Joannes
1262 1182 1377 1219 cum
1406 1164 1630 1220 Domino
1659 1165 2096 1219 circumcisionem
2138 1163 2341 1230 quidem
2369 1162 2422 1214 in
2451 1177 2545 1214 sita
2573 1175 2731 1214 carne
2754 1161 3009 1229 suscepit;
3039 1159 3129 1213 sed
3156 1160 3444 1228 suscipiens
3476 1156 3773 1211 terminavit.

506 1248 578 1302 Et
607 1250 723 1304 ideo
751 1252 836 1322 qui
866 1269 1010 1307 noete
1037 1255 1225 1324 gratia:
1252 1272 1454 1323 prince,
1486 1265 1535 1309 et
1569 1255 1877 1325 magniﬁcus
1917 1255 2255 1306 annuntiator
2281 1252 2467 1305 enituit
2503 1251 2575 1306 ad
2602 1265 2921 1305 unusnon
2950 1266 3229 1305 emotum:
3261 1263 3538 1303 racemum
3570 1250 3771 1302 circum-

503 1341 698 1394 cisione
725 1356 827 1393 non
858 1344 1023 1412 eguit;
1055 1342 1148 1396 sed
1172 1360 1285 1397 eum
1313 1360 1469 1414 supra
1500 1345 1687 1414 legem,
1709 1359 1867 1411 supra
1897 1342 2135 1395 humana:
2155 1340 2465 1394 conditionis
2490 1338 2723 1394 ordinem
2744 1337 2925 1391 electio
2947 1336 3119 1390 divina
3143 1338 3395 1407 provexit.
3420 1334 3767 1390 Animadverti

504 1438 686 1485 autem
712 1430 819 1486 hoc
843 1430 964 1487 luco
990 1433 1185 1489 vellem
1203 1474 1221 1500 ,
1253 1450 1363 1490 non
1390 1450 1513 1489 eum
1543 1434 1707 1488 fuisse
1734 1432 2058 1497 Maximum,
2086 1431 2176 1500 qui
2205 1430 2467 1484 Joannem
2498 1429 2576 1484 sic
2604 1429 2839 1483 evasisse
2867 1435 3081 1497 putaret
3107 1428 3367 1496 originale
3395 1435 3692 1497 peccatum,
3720 1435 3773 1479 ut

503 1522 633 1579 illud
681 1540 955 1596 nunquam
983 1527 1333 1582 contraxerit.
1367 1525 1482 1581 Hoc
1507 1527 1649 1581 enim
1678 1533 1893 1580 sanctus
1922 1525 2206 1593 episcopus
2235 1522 2477 1576 censuit:
2510 1520 2746 1575 evasisse
2780 1520 2996 1588 quidem
3024 1519 3288 1575 Joannem
3316 1519 3594 1587 originalis
3619 1518 3769 1586 culpa:

505 1614 709 1669 malum
736 1632 751 1668 :
776 1631 884 1670 non
927 1616 1001 1671 ita
1046 1625 1107 1671 ut
1134 1617 1264 1672 illud
1303 1631 1528 1687 prorsus
1551 1616 1824 1683 effugerit;
1854 1614 1946 1669 sed
1976 1615 2045 1667 ita
2079 1621 2167 1676 ut,
2201 1629 2323 1668 cum
2342 1613 2453 1681 jam
2484 1613 2603 1681 ipso
2629 1611 2865 1680 illigatus
2888 1619 3060 1677 esset,
3092 1611 3301 1667 solutus
3328 1610 3490 1665 fuerit
3529 1609 3769 1665 bcnetla‘o

502 1705 918 1779 Redemptoris,
963 1723 1086 1764 cum
1115 1709 1292 1764 adhuc
1319 1709 1375 1763 in
1403 1717 1558 1765 utero
1606 1716 1751 1763 esset
1796 1704 2139 1761 Elisabethm.
2185 1704 2363 1770 Quare
2406 1702 2544 1757 idem
2594 1710 2677 1757 est
2718 1710 2908 1757 auctor
2956 1700 3255 1756 Maximus:
3291 1700 3450 1772 fuisse
3492 1698 3694 1755 Joanni
3718 1715 3771 1752 es

499 1810 723 1872 paterna
749 1803 1179 1871 praevaricatione
1217 1803 1623 1873 corruptionem,
1656 1803 1947 1871 factumque
1975 1797 2141 1853 fuisse
2166 1796 2519 1852 redimendum
2546 1813 2577 1849 a
2606 1793 2843 1862 Christo;
2874 1810 2997 1849 cum
3023 1794 3300 1858 Christus,
3332 1809 3440 1847 non
3470 1802 3533 1848 ut
3558 1792 3772 1848 rediture

500 1902 674 1959 retur,
704 1894 796 1949 sed
840 1904 897 1948 ut
940 1895 1234 1960 redimeret,
1266 1903 1422 1948 natus
1448 1901 1600 1948 esset.
1634 1891 1862 1945 Homilia
1888 1891 1976 1957 29,
2007 1904 2130 1959 pag.
2177 1888 2246 1943 87
2274 1907 2288 1942 :
2314 1888 2454 1955 Quin
2478 1888 2642 1943 etiam
2670 1899 2922 1941 sermone
2949 1884 3041 1951 6|,
3066 1896 3193 1954 pag.
3217 1882 3341 1949 554,
3372 1882 3564 1949 docet,
3594 1883 3772 1953 primi.

498 1984 644 2052 pium
671 1983 895 2037 Joannis
916 2000 949 2041 ο
978 1983 1173 2038 latente
1193 1984 1245 2036 in
1274 1992 1421 2047 utero
1456 1981 1685 2052 Virginis
1708 1980 1973 2034 conditore
1996 1978 2176 2032 mundi
2206 1979 2362 2048 fuisse
2392 1993 2486 2031 sua
2508 1975 2782 2046 presentia
2811 1973 3120 2027 dedicatum.
3153 1970 3261 2025 Sed
3283 1970 3351 2025 de
3378 1970 3774 2025 circumcisione

498 2074 867 2144 postmodum.
900 2073 976 2128 De
1008 2073 1257 2148 originali
1280 2073 1436 2143 culpa
1466 2087 1677 2126 rursum
1714 2070 1977 2123 Maximus
2005 2084 2164 2123 serm.
2191 2067 2289 2131 88,
2321 2081 2445 2137 pag.
2474 2064 2578 2119 625
2606 2082 2619 2117 :
2646 2063 3036 2134 lntetligamus,
3065 2061 3264 2130 inquit,
3295 2068 3545 2130 quantum
3572 2060 3772 2112 ualuerit

498 2164 570 2218 ad
593 2166 933 2236 auferendum
959 2168 1140 2223 mundi
1163 2178 1429 2238 peccatum
1449 2167 1624 2233 passio
1654 2163 2028 2234 Redemptoris.
2062 2161 2196 2215 Ecce
2221 2161 2571 2215 innocentiam
2599 2168 2648 2212 et
2676 2160 2830 2212 vitam
2852 2154 3098 2227 probatur
3121 2155 3357 2225 conferre
3376 2169 3519 2207 mors
3540 2153 3773 2207 hominis.

498 2257 642 2311 Hinc
685 2260 1039 2331 intelligamus
1080 2272 1326 2333 quaMum
1353 2262 1407 2315 in
1436 2261 1661 2314 omnium
1693 2257 1903 2329 (salute)
1944 2255 2193 2328 profuerit
2222 2270 2373 2308 sacra
2419 2267 2559 2306 mors
2588 2248 2719 2303 Filii
2759 2247 2879 2302 Dei.
2923 2245 3058 2300 Ecco
3102 2246 3396 2317 proprium,
3428 2253 3476 2297 et
3505 2259 3775 2300 omnm:

496 2362 766 2403 DELIC‘I‘UI
799 2364 973 2405 stn
1003 2366 1219 2406 SANGUIS
1248 2366 1512 2413 HUHANUS.
1544 2358 1649 2405 etc.
1702 2347 1926 2403 Constat
1974 2360 2136 2417 porro
2185 2360 2252 2399 ex
2302 2345 2395 2409 iis,
2444 2356 2562 2411 quae
2606 2340 2869 2394 hactenus
2912 2337 3316 2407 descripsimus,
3363 2335 3581 2391 Μειιίιηί
3611 2336 3774 2389 locis:

496 2435 559 2487 1ο
588 2452 699 2491 non
728 2438 892 2493 modo
922 2439 1130 2510 lapsum
1160 2440 1324 2495 fuisse
1354 2440 1648 2505 Adamum,
1680 2440 1980 2507 mortisque
2004 2439 2056 2492 in
2086 2452 2208 2491 eum
2237 2436 2563 2492 sententiam
2611 2431 2779 2487 fuisse
2824 2432 3019 2497 latam,
3054 2447 3176 2487 cum
3207 2437 3426 2487 creatus
3469 2428 3663 2483 fuisset
3687 2428 3775 2481 im-

494 2528 776 2594 mortalis,
809 2544 997 2584 verum
1026 2531 1191 2586 etiam
1220 2542 1501 2602 peccatum
1532 2535 1586 2587 in
1615 2538 1865 2602 posteros
1891 2546 2017 2585 suos
2064 2528 2303 2582 intulisse
2321 2566 2337 2591 ,
2381 2539 2587 2595 perque
2630 2533 2911 2594 peccatum
2957 2522 3123 2577 etiam
3150 2529 3415 2587 mortem;
3443 2518 3508 2572 2°
3536 2519 3775 2574 homines

494 2634 605 2674 non
635 2621 687 2674 in
720 2621 1038 2689 originalem
1069 2630 1277 2677 tantum
1310 2623 1455 2677 illam
1485 2632 1540 2679 et
1567 2638 1908 2679 communem
1947 2622 2159 2691 culpam
2186 2619 2384 2674 misere
2409 2617 2659 2672 incidisse
2678 2656 2693 2681 ,
2718 2615 2812 2671 sed
2847 2630 2970 2671 cum
2998 2615 3161 2669 etiam
3189 2614 3357 2684 culpa:
3384 2611 3627 2681 ejusdem
3655 2611 3774 2665 vitio

494 2711 653 2783 proni
694 2713 763 2767 ad
806 2714 1009 2769 ntalem
1039 2714 1177 2778 sint,
1209 2716 1508 2771 actualibus
1545 2732 1664 2785 qure
1704 2716 1929 2770 dicimus
1970 2730 2064 2769 seu
2093 2714 2328 2784 propriis
2367 2712 2606 2783 peccatis
2644 2726 2766 2766 sese
2807 2710 3039 2779 illigare;
3071 2708 3135 2763 5ο
3164 2716 3500 2780 quapropter
3535 2722 3665 2763 vasa
3692 2707 3774 2762 irae

495 2801 662 2857 fuisse
690 2802 963 2869 homines,
992 2804 1383 2875 damnatosque
1406 2807 1473 2861 ad
1502 2808 1775 2861 interitum
1805 2806 2218 2875 sempiternum;
2242 2806 2303 2857 ιο
2326 2813 2385 2857 ut
2409 2803 2464 2858 hi
2496 2802 2711 2857 liberari
2740 2802 2809 2857 ab
2837 2810 3067 2871 utroque
3086 2802 3292 2871 peccati
3316 2814 3537 2870 genere,
3568 2799 3771 2861 redimi,

495 2891 760 2959 reparari,
793 2893 1039 2948 revocari
1067 2893 1135 2947 ad
1164 2895 1524 2950 innocentiam
1565 2898 1839 2966 vitamque
1884 2904 2124 2966 possent,
2168 2911 2303 2965 opus
2349 2894 2713 2964 Rcdemptore
2760 2892 2956 2958 fuisse,
3000 2893 3091 2964 qui
3139 2891 3283 2949 Deus
3328 2892 3488 2949 simul
3536 2901 3595 2949 et
3622 2892 3776 2947 homo

493 2987 659 3034 esset.
687 2979 867 3046 Quare
890 2995 1180 3051 personam
1214 2983 1373 3038 Verbi
1402 2985 1564 3040 divini
1607 2986 1895 3040 humanam
1944 2988 2043 3042 sibi
2085 2987 2436 3057 assumpsisse
2486 2997 2766 3053 naturam,
2816 2985 3023 3055 peccati
3052 2984 3265 3055 quidem
3314 3000 3541 3056 prorsus
3588 3002 3774 3059 exper-

486 3083 637 3137 lem,
692 3072 787 3127 sed
841 3073 895 3127 in
950 3088 1057 3141 qua
1111 3075 1350 3146 (nostra:
1398 3078 1589 3133 salutis
1636 3079 1838 3149 causa)
1890 3080 2227 3135 incommoda
2276 3094 2410 3135 sane
2452 3092 2679 3147 magna,
2727 3077 3034 3144 cruciatus,
3094 3084 3324 3132 mortem
3383 3084 3774 3147 perpeteretur.

494 3169 669 3233 Atque
716 3165 941 3219 homilia
991 3164 1077 3231 i2,
1128 3182 1248 3237 pag.
1302 3168 1374 3221 55
1425 3187 1438 3223 :
1500 3168 1648 3233 Quod
1705 3172 1929 3236 visitare,
1989 3172 2161 3240 inquit
2211 3171 2491 3236 Maximus,
2548 3170 2797 3225 mundum
2842 3184 2990 3223 suum
3038 3166 3139 3222 Dei
3180 3166 3425 3238 dignatus
3469 3177 3548 3222 est
3588 3166 3773 3229 Filius,

492 3266 688 3310 nostris
739 3258 835 3310 hoc
885 3257 1070 3311 salutis
1118 3260 1395 3314 necessitas
1448 3260 1766 3331 flagitabat;
1822 3262 2075 3316 nimirum
2113 3271 2169 3315 ut
2216 3262 2435 3315 caelestis
2485 3261 2690 3315 tandem
2758 3258 3023 3330 generatio
3089 3264 3395 3327 repararet,
3445 3258 3587 3328 quod
3649 3261 3777 3313 nati-

492 3346 621 3397 ritas
671 3342 1015 3414 (hominum)
1065 3355 1267 3400 terrena
1308 3348 1623 3413 perdiderat.
1684 3348 1791 3402 Sed
1844 3354 2085 3421 fortassis
2140 3353 2272 3406 hunc
2325 3355 2409 3422 qui
2458 3361 2611 3406 natus
2672 3351 2988 3423 pra'dicatur
3032 3365 3097 3403 et
3140 3349 3366 3419 femina,
3430 3348 3567 3403 dum
3606 3349 3777 3405 vilibus

494 3434 774 3489 obvolvitur
814 3439 1035 3506 pannis,
1087 3436 1209 3492 dum
1247 3441 1427 3510 jacere
1473 3452 1736 3495 contentus
1783 3452 1858 3496 est
1885 3444 1937 3495 in
1986 3460 2246 3515 prwsepe,
2293 3442 2414 3495 dum
2462 3442 2765 3511 lacrymosis
2803 3438 3058 3511 vagitibus
3099 3444 3415 3508 concrepat,
3460 3476 3475 3492 .
3517 3475 3533 3491 .
3579 3477 3596 3491 .
3643 3477 3659 3491 .
3701 3477 3716 3492 .
3760 3477 3772 3489 .

494 3524 661 3579 Deum
712 3542 825 3580 esse
878 3526 1114 3597 diffidis?
1152 3528 1270 3584 Ima
1304 3546 1396 3598 per
1433 3532 1561 3595 ista,
1611 3532 1792 3601 frater,
1823 3530 2045 3595 adverte,
2075 3549 2190 3585 eum
2219 3540 2269 3585 et
2297 3541 2351 3585 ut
2393 3530 2648 3584 hominem
2677 3528 2888 3599 inﬁrma
2928 3544 3023 3598 pro
3052 3527 3276 3596 inﬁrmis
3313 3527 3609 3596 pertulisse,
3640 3537 3693 3582 et
3729 3538 3778 3579 ut

494 3614 718 3685 [Lxxxv]
773 3614 940 3669 Deum
985 3620 1269 3687 potentiam
1304 3621 1595 3673 exercuisse
1639 3619 1909 3674 ctelestem.
1953 3619 2020 3674 Et
2048 3622 2263 3675 homilia
2311 3622 2392 3684 15,
2438 3634 2559 3691 pag.
2605 3619 2833 3674 eadem:
2871 3616 3104 3671 Christus
3142 3617 3293 3671 Iesus
3326 3615 3580 3672 Dominus
3611 3628 3779 3674 noster

492 3708 547 3759 in
586 3723 686 3779 quo
710 3707 998 3762 divinitatis
1038 3718 1113 3761 est
1142 3709 1425 3780 plenitudo,
1469 3711 1641 3763 carnis
1669 3719 1862 3764 nostra
1906 3712 2113 3779 inﬁrma
2138 3711 2453 3780 suscipiens,
2486 3726 2646 3763 novus
2674 3717 2826 3761 natus
2866 3715 2940 3762 est
2969 3706 3140 3760 homo.
3172 3705 3347 3759 Hodie
3374 3706 3578 3777 refulsit
3604 3724 3779 3761 secun-

496 3798 593 3849 dus
632 3798 723 3851 ille
768 3799 957 3861 Adam,
989 3816 1093 3852 non
1136 3801 1327 3864 incola,
1357 3801 1448 3854 sed
1476 3801 1731 3856 Dominus
1763 3804 2110 3872 paradisi.....
2144 3802 2318 3857 Hodie
2370 3812 2606 3857 exortum
2652 3811 2727 3855 est
2772 3802 2826 3854 in
2867 3798 3089 3854 tenebris
3138 3800 3423 3854 lumen.....
3454 3798 3644 3855 Novus
3670 3801 3777 3871 qui-

496 3890 611 3942 dem
641 3890 813 3953 homo,
846 3891 938 3943 sed
976 3888 1233 3944 Dominus
1277 3894 1647 3963 sempiternus;
1689 3910 1849 3948 novus
1884 3893 2134 3959 Christus,
2186 3895 2277 3947 sed
2322 3911 2415 3947 rea:
2455 3895 2683 3947 onmium
2720 3891 3142 3947 swculorum.....
3182 3888 3285 3944 llic
3326 3901 3403 3944 est
3442 3892 3725 3961 pra'dictus
3750 3906 3777 3942 α

494 3978 844 4041 uatriarchis,
895 3996 928 4032 a
973 3979 1232 4048 praphelis
1282 3984 1775 4052 prtedicatus.......
1823 3986 2104 4056 Percepisti
2158 3989 2379 4052 donum,
2436 3988 2571 4058 quod
2620 3986 2882 4039 Abraham
2924 3986 2978 4038 in
3026 3985 3212 4054 spiritu
3240 4000 3295 4039 se
3347 3984 3535 4038 vidisse
3578 3986 3778 4039 laetatus

492 4082 590 4134 est,
615 4079 721 4123 etc.
754 4070 820 4123 Et
847 4082 1099 4135 sermone
1124 4070 1207 4134 l4,
1239 4088 1356 4141 pag.
1391 4073 1458 4127 59
1484 4092 1497 4127 z
1527 4074 1698 4131 Hodie
1720 4078 1980 4131 nobis.....
2012 4079 2290 4135 secundum
2337 4095 2544 4131 carnem
2582 4087 2735 4130 natus
2762 4087 2839 4130 est
2867 4073 3135 4141 Christus,
3165 4077 3415 4147 incipiens
3444 4077 3655 4147 quidem
3679 4092 3780 4129 esse

494 4160 631 4230 quod
654 4177 757 4215 non
780 4172 909 4216 erat.
941 4161 1032 4215 sed
1052 4178 1155 4216 non
1181 4163 1423 4217 desinens
1448 4181 1557 4217 esse
1584 4166 1718 4235 quod
1755 4178 1883 4219 erat.
1912 4164 2023 4219 Nec
2043 4168 2178 4220 enim
2226 4168 2467 4220 nativitas
2496 4167 2717 4219 hominis
2738 4166 3057 4230 imminuere,
3096 4174 3185 4218 aut
3210 4182 3456 4236 separare
3483 4167 3777 4221 indiscreta

495 4251 787 4321 majestatis
813 4260 1014 4321 poterat
1042 4254 1311 4305 unitatem.
1349 4250 1499 4316 Quod
1527 4252 1666 4308 Deus
1688 4254 1749 4307 de
1776 4271 1866 4308 suo
1892 4256 2053 4309 Patre
2075 4258 2338 4325 processit,
2367 4256 2647 4324 ine/{abitis
2673 4271 2734 4308 ac
2766 4255 3110 4326 permanentis
3142 4262 3217 4309 est
3254 4265 3504 4311 secretum
3535 4257 3777 4312 uirtutis:

494 4346 632 4416 quod
651 4346 803 4400 homo
831 4354 905 4399 est
936 4356 1090 4400 natus
1117 4362 1182 4400 ea;
1206 4348 1420 4417 femina,
1452 4361 1669 4402 Νοετιιιε
1700 4361 1916 4402 ελιυτιε
1962 4363 2057 4402 csr
2086 4363 2300 4403 annm.
2336 4347 2455 4401 Illic
2477 4350 2645 4418 gloria
2674 4357 2893 4412 naturaz,
2936 4347 3019 4400 hic
3045 4348 3344 4417 mysterium
3380 4349 3774 4404 voluntatis"...

497 4435 626 4501 Quis
646 4454 788 4507 ergo,
822 4438 1031 4507 fratres,
1062 4438 1373 4508 profundunt
1395 4439 1490 4492 hoc
1530 4438 1744 4492 etelestis
1782 4438 1989 4491 consilii
2018 4439 2185 4492 valeat
2209 4441 2486 4503 wstimare,
2529 4438 2665 4509 quod
2692 4437 3097 4492 immortalitatis
3126 4436 3471 4493 Dominus....
3502 4449 3562 4493 ut
3601 4440 3777 4495 condio

495 4528 637 4579 tione
656 4527 829 4580 carnis
852 4536 1068 4580 mortem
1098 4528 1356 4596 suscipere
1382 4544 1475 4595 pro
1506 4526 1806 4580 mortalibus
1828 4529 2007 4596 possit,
2038 4528 2101 4581 de
2128 4530 2345 4598 femineo
2373 4538 2633 4583 utero.....
2657 4529 2883 4582 humana
2911 4528 3067 4582 voluit
3096 4527 3189 4581 sub
3223 4528 3333 4597 lege
3360 4528 3691 4598 prodire.....
3715 4529 3775 4582 In

494 4615 686 4684 pannis
708 4622 916 4669 nostras
939 4615 1293 4684 inﬁrmitates,
1334 4625 1512 4669 nostra
1533 4633 1589 4671 se
1613 4616 1808 4670 indicat
1835 4619 2115 4685 suscepisse
2140 4626 2463 4686 peccata.....
2503 4617 2644 4672 Talis
2686 4616 3010 4672 Salvatorem
3037 4617 3216 4671 mundi
3250 4618 3461 4671 decebat
3488 4618 3775 4691 ingressus,

494 4710 657 4779 utqui
694 4710 907 4764 humani
930 4710 1134 4781 generis
1163 4712 1391 4764 veniebat
1417 4719 1630 4782 peccata
1670 4711 1938 4775 mundare,
1960 4728 2068 4781 prtc
2096 4716 2295 4766 steteris
2325 4714 2564 4767 mundius
2594 4722 3004 4767 nasceretur.....
3043 4710 3138 4766 Cui
3166 4714 3259 4766 alii
3285 4712 3453 4766 omnis
3480 4711 3639 4767 debet
3658 4729 3776 4767 eam

495 4814 607 4855 tare
629 4811 786 4867 terra,
818 4803 918 4856 nisi
948 4803 1033 4873 qui
1056 4804 1291 4857 universo
1321 4813 1575 4861 terrarum
1621 4801 1730 4855 orbi
1758 4801 2057 4856 delictorum
2088 4804 2305 4865 veniam,
2336 4811 2384 4855 et
2404 4820 2545 4873 spem
2570 4804 2895 4873 sempiterna:
2923 4803 3107 4856 salutis
3145 4803 3337 4857 invexit
3547 4802 3775 4876 Dignum

494 4904 589 4955 est,
621 4902 677 4947 ut
704 4911 879 4949 eorum
906 4896 1165 4966 prtecipue
1202 4894 1440 4949 laudibus
1466 4895 1765 4958 honoretur,
1792 4910 1917 4966 quos
1963 4894 2157 4963 proprii
2206 4896 2437 4964 corporis
2480 4896 2721 4965 passione
2746 4904 2794 4947 et
2824 4895 3090 4965 sanguinis
3118 4895 3199 4948 sui
3236 4894 3488 4964 effusione
3536 4895 3770 4949 saluauit.

493 4986 563 5041 Et
583 5001 834 5042 sermone
862 4985 948 5053 15,
975 5002 1099 5058 pag.
1132 4985 1195 5041 41
1226 5005 1239 5040 :
1263 4986 1351 5041 Ex
1379 4987 1540 5040 Patre
1560 4986 1699 5040 Deus
1728 4995 1824 5050 est,
1856 4994 1905 5040 et
1925 5002 1990 5039 ea:
2016 4994 2179 5039 matre
2206 4986 2357 5040 homo
2397 4996 2472 5040 est
2496 5004 2514 5050 ;
2538 4987 2632 5040 hoc
2665 4995 2738 5038 est
2765 4986 2932 5041 Deum
2960 4995 3009 5040 et
3029 4987 3285 5041 hominem
3306 5003 3463 5041 unum
3488 4986 3772 5043 Dominam

493 5076 815 5146 conﬁtemur.
858 5077 925 5132 In
953 5079 1064 5149 ejus
1089 5080 1357 5133 nativitate
1382 5094 1477 5133 nos
1522 5094 1696 5132 omnes
1724 5084 1875 5132 natos
1914 5078 2157 5131 sentimus
2186 5078 2256 5130 ad
2296 5080 2473 5132 vitam.
2506 5076 2705 5132 Factus
2739 5090 2814 5131 est
2854 5081 2992 5133 enim
3032 5080 3183 5133 homo
3213 5096 3316 5136 non
3344 5087 3401 5131 ut
3427 5076 3526 5133 sibi
3567 5082 3769 5137 uiueret.

490 5171 576 5239 qui
618 5178 799 5225 auctor
841 5178 920 5223 est
959 5172 1116 5236 vitae;
1164 5172 1256 5225 sed
1300 5180 1356 5224 ut
1397 5180 1561 5225 morte
1601 5186 1696 5224 sua
1734 5170 1891 5222 vitam
1942 5167 2210 5222 redimeret
2254 5179 2591 5233 mortuorum,
2633 5178 2687 5221 ut
2735 5170 2907 5223 nullus
2943 5167 3090 5223 nobis
3134 5178 3267 5224 esset
3310 5169 3504 5223 reditus
3534 5171 3611 5224 ad
3637 5172 3772 5226 salu-

490 5270 591 5313 tem
615 5305 628 5327 ,
673 5261 775 5315 nisi
823 5272 1120 5316 nasceretur
1164 5261 1253 5315 ille
1276 5302 1291 5325 ,
1340 5262 1426 5332 qui
1475 5261 1660 5315 virtute
1705 5258 1914 5329 prapria
1954 5258 2024 5311 ad
2067 5258 2223 5310 vitam
2265 5260 2424 5326 possit
2456 5259 2639 5313 redire
2662 5268 2775 5328 post
2814 5268 3046 5312 mortem.
3094 5254 3296 5312 Eodem
3325 5258 3630 5328 pertinent,
3658 5275 3772 5329 quat

483 5347 748 5405 Maximus
790 5349 951 5405 docet
996 5351 1217 5407 homilia
1265 5348 1350 5413 19,
1402 5363 1522 5419 pag.
1573 5348 1641 5403 55
1669 5364 1807 5417 seq.,
1857 5352 1911 5400 et
1950 5347 2133 5401 homil.
2175 5347 2263 5411 20,
2294 5363 2411 5417 pag.
2449 5346 2518 5399 55
2557 5364 2696 5417 seq.,
2726 5356 2781 5401 et
2811 5348 2994 5402 homil.
3035 5346 3124 5413 25,
3155 5363 3278 5418 pag.
3312 5349 3381 5403 75
3405 5363 3549 5418 seq.,
3574 5358 3635 5406 et
3678 5352 3770 5407 ho-

482 5442 597 5496 mil.
638 5440 726 5506 27,
768 5456 891 5512 pag.
936 5442 1005 5495 79
1041 5457 1179 5512 seq.,
1228 5452 1284 5498 et
1317 5442 1503 5497 homil.
1551 5441 1650 5509 55,
1709 5456 1830 5512 pag.
1884 5441 1984 5495 100
2032 5456 2207 5509 seqq.,
2239 5450 2291 5496 et
2334 5442 2517 5496 homil.
2548 5443 2634 5506 57,
2666 5456 2785 5512 pag.
2831 5441 2933 5495 105
2978 5457 3115 5511 seq.,
3166 5449 3223 5497 et
3266 5441 3455 5497 homil.
3506 5441 3603 5509 49,
3649 5459 3764 5516 pag.

483 5529 589 5584 152
629 5545 806 5600 seqq,
844 5539 899 5585 et
927 5533 1113 5586 homil.
1165 5532 1251 5599 50,
1296 5546 1416 5604 pag.
1462 5532 1582 5597 155,
1633 5533 1759 5587 ubi:
1792 5532 2001 5597 Passio,
2056 5532 2264 5599 inquit,
2311 5532 2451 5586 illius
2503 5542 2679 5587 nostra
2720 5534 3003 5603 redemptio
3038 5544 3131 5588 est.
3166 5532 3312 5587 Mors
3357 5533 3470 5603 ejus
3514 5535 3627 5590 vita
3674 5554 3766 5592 ne-

478 5632 591 5683 stra
618 5632 712 5679 est.
764 5624 891 5681 Ideo
939 5634 1108 5680 autem
1148 5627 1287 5680 mala
1334 5627 1441 5680 hwc
1490 5636 1674 5678 cuncta
1726 5624 2004 5687 sustinuit,
2052 5633 2107 5675 ut
2150 5640 2243 5677 nos
2290 5622 2423 5678 bona
2469 5627 2641 5678 omnia
2683 5627 3005 5679 sentiremus.
3052 5623 3177 5681 Ideo
3220 5626 3578 5680 crudelitatem
3619 5630 3675 5682 in
3718 5644 3769 5683 se

480 5718 705 5773 exerceri
749 5718 962 5775 maluit.
1010 5726 1064 5771 ut
1099 5719 1245 5773 nobis
1296 5716 1703 5773 misericordiam
1734 5716 2123 5781 largiretur.....
2171 5714 2423 5783 Auferens
2470 5718 2601 5770 enim
2646 5733 2737 5787 per
2783 5732 2983 5773 crucem
3026 5715 3235 5771 humani
3274 5718 3480 5788 generis
3515 5718 3763 5791 injurias,
