3898 6226
136 361 194 419 ω
1549 341 1928 399 PILEFATIO.
3310 336 3383 394 96

139 485 285 526 ornares
325 482 406 520 eas
460 482 514 520 in
559 481 658 519 sua
711 461 952 533 passione
989 459 1323 528 consumpsit.
1366 456 1648 513 lnuumera
1699 469 1872 524 prope
1923 452 2137 523 generis
2183 450 2423 521 ejusdem
2470 450 2524 505 in
2588 450 2800 505 ueteris
2848 447 3063 503 Maximi
3109 446 3379 511 homiliis,

137 557 430 616 semwmbus
457 563 620 624 atque
673 550 949 622 opusculis
976 547 1216 618 reperire
1245 547 1391 601 licet.
1437 545 1660 600 Passum
1707 538 1887 598 autem
1930 541 2202 597 Christum
2251 547 2633 608 mortuumque
2677 553 2777 608 pro
2819 537 3028 593 cunctis
3051 535 3386 624 hominibus,

139 649 344 717 adeoque
366 621 794 700 miscricordiam
815 639 1020 694 cunctis
1043 636 1304 707 impertiri
1326 635 1577 698 voluisse,
1603 633 1868 686 Maximus
1883 631 2026 686 idem
2047 629 2278 684 allirmat
2291 636 2477 717 aperte
2489 625 2776 717 interdum,
2801 624 3118 717 plerumque
3137 621 3384 717 [φηγ-τι

137 712 416 801 obscurius;
458 742 514 788 at
531 741 690 788 certo
739 744 954 797 semper
975 726 1200 790 nullum,
1244 732 1306 779 ut
1349 738 1587 792 unquam
1614 722 1893 792 reliquerit
1920 720 1987 775 de
2028 735 2123 774 sua
2150 718 2417 773 sententia
2440 715 2719 771 dubitandi
2741 715 2938 769 locum.
2965 713 3139 781 Atque
3160 712 3384 767 humilia

121 825 320 894 quidem
347 823 423 889 l9,
448 836 564 892 pag.
592 821 665 874 54
693 836 708 871 :
742 818 841 884 Qu:
863 831 1115 880 cancros,
1141 814 1330 882 inquit,
1358 827 1801 867 ulssalconmrnn
1823 824 2206 865 nnrsaarunus
2227 823 2561 872 ADVENEBAT,
2587 823 2652 860 ne
2678 815 2726 858 et
2753 807 2869 875 ipsa
2892 803 3206 875 (gentilitas)
3227 804 3283 857 in

138 891 369 989 crymabiti
396 891 488 970 sua
514 930 721 982 semper
749 912 979 965 caecitate
999 916 1253 971 maneret,
1283 905 1425 959 dedit
1452 908 1498 959 ei
1519 906 1678 958 etiam
1700 906 1927 975 signum,
1952 901 2087 973 quod
2118 910 2166 954 et
2205 900 2420 989 Judwus
2459 899 2630 989 videre
2647 899 2810 989 patuit
2838 899 2891 954 in
2919 897 3088 989 stella,
3113 909 3228 966 qua:
3255 891 3386 989 tanti

141 981 252 1079 regis
277 1005 532 1060 nuntiabat
558 1013 751 1064 ortum,
782 1009 832 1055 et
858 1000 1124 1067 praesentis
1145 997 1341 1050 vertisse
1379 993 1626 1064 prodebat
1647 992 2014 1063 redemptionis
2041 999 2321 1045 auctorem.
2365 987 2432 1043 Et
2452 988 2670 1043 homilia
2695 987 2784 1055 20,
2815 1002 2939 1059 pag.
2976 984 3044 1079 55
3065 999 3177 1052 seq.
3218 1000 3230 1036 :
3255 981 3382 1079 Cum

140 1075 229 1165 ipse
251 1112 343 1149 non
369 1093 603 1147 Iudicum
636 1101 838 1145 tantum
858 1090 1102 1159 populum
1128 1085 1484 1154 redempturus
1520 1083 1807 1137 advenisset
1858 1099 1885 1136 ε
1925 1083 2068 1146 calo,
2100 1081 2192 1134 sed
2225 1087 2274 1133 et
2311 1089 2523 1134 cunctas
2552 1089 2749 1150 gentes,
2781 1098 2907 1153 quas
2938 1077 3002 1133 ab
3024 1078 3176 1132 initio
3205 1075 3384 1131 sazculs

137 1204 226 1238 una
249 1201 350 1237 cum
378 1182 536 1236 Patre
560 1190 858 1245 creaverat,
878 1186 929 1231 et
950 1178 1150 1245 Spiritu
1177 1183 1379 1237 sancto,
1412 1172 1616 1242 signum
1642 1171 1766 1224 dare
1801 1171 1958 1226 voluit
1998 1170 2052 1223 in
2081 1168 2249 1235 stella,
2280 1168 2416 1239 quod
2432 1176 2483 1222 et
2518 1168 2705 1223 ludam
2731 1168 2921 1232 videre,
2953 1176 3103 1238 atque
3120 1166 3385 1220 universus

137 1285 285 1346 posset
308 1273 439 1328 orbis
468 1289 814 1344 agnoscere...
849 1269 950 1323 Illo
977 1266 1167 1322 visibili
1194 1268 1342 1337 signa
1369 1263 1440 1318 ad
1479 1280 1534 1318 se
1559 1261 1773 1317 vocabat
1812 1275 2067 1327 cancros,
2113 1275 2340 1315 ouuinus
2365 1276 2577 1316 suum
2627 1255 2742 1314 sui:
2785 1275 3181 1314 rorucsnxrvn
3223 1273 3386 1312 bons.

139 1369 231 1435 Age
251 1383 367 1422 vero
388 1367 476 1436 qui
499 1365 689 1420 scribit
715 1381 729 1416 :
754 1363 967 1432 inﬁrma
990 1376 1084 1430 pro
1103 1359 1330 1416 infirmis
1356 1355 1626 1426 pertulisse
1646 1354 2083 1423 Redemptorem,
2110 1353 2200 1419 qui
2225 1359 2283 1405 ut
2324 1359 2521 1406 nostra:
2548 1351 2731 1405 salutis
2771 1351 3050 1405 necessitas
3086 1346 3383 1421 ﬂagitabat,

139 1459 395 1514 advenerat
418 1476 432 1524 ;
457 1465 622 1525 atque
646 1456 720 1510 ita
744 1453 961 1523 quidem
983 1451 1287 1522 pertulisse,
1312 1455 1372 1502 ut
1392 1447 1593 1518 generis
1621 1445 1832 1498 humani
1860 1453 2071 1514 peccata
2098 1440 2350 1496 nnmdare
2375 1441 2622 1506 voluerit,
2663 1439 2913 1495 redimere
2939 1448 3100 1494 morte
3126 1455 3222 1493 sua
3247 1453 3389 1492 mor-

139 1562 314 1605 tuorum
339 1553 507 1615 vitam,
537 1550 872 1619 invehereque
898 1545 1141 1613 passione
1163 1558 1278 1606 sua,
1301 1539 1650 1609 eiusioneque
1677 1537 1946 1607 sanguinis
1971 1535 2208 1588 universo
2228 1542 2484 1588 terrarum
2504 1530 2616 1586 orbi
2644 1531 2843 1619 veniam
2871 1529 3189 1619 delictorum.
3222 1543 3390 1598 spent-

138 1658 218 1710 que
243 1642 418 1694 reclinis
447 1609 516 1693 ad
545 1640 768 1693 salutem
789 1609 1068 1704 nun-quam
1109 1631 1468 1694 interituram,
1513 1642 1674 1696 quam
1717 1624 1976 1692 consequi
2017 1623 2262 1677 homines
2293 1620 2676 1710 nequivissent,
2721 1617 2824 1710 nisi
2860 1624 3018 1671 natus
3041 1614 3130 1710 ille
3156 1609 3386 1710 luisset;

137 1704 232 1800 qui,
254 1731 479 1799 inquam,
504 1730 620 1785 haec
643 1727 850 1790 scribit,
875 1723 1219 1791 ostenditque
1245 1720 1471 1774 universi
1503 1716 1642 1771 orbis
1679 1724 1933 1768 terrarum
1955 1728 2016 1765 ac
2040 1713 2244 1783 generis
2272 1710 2484 1800 humani
2508 1705 2787 1800 vocabulis
2805 1712 3012 1758 cunctos
3043 1704 3272 1800 homines
3297 1717 3389 1800 vo-

138 1790 262 1872 catos
286 1790 389 1872 eise
415 1835 444 1871 a
465 1790 820 1886 'Redemptore
842 1815 955 1884 ipso
983 1811 1052 1865 ad
1078 1790 1152 1876 se,
1185 1810 1357 1878 iisque
1380 1806 1610 1862 omnibus
1632 1803 1941 1857 hominibus
1968 1801 2227 1873 promissa
2256 1798 2442 1870 gratia:
2481 1798 2670 1851 divina:
2696 1795 2855 1860 dona,
2885 1808 2953 1847 an
2981 1808 3086 1848 non
3108 1793 3269 1862 plane
3294 1790 3391 1844 de-

137 1917 371 1963 monstrat
392 1907 811 1977 Redemptorem
832 1902 1078 1960 eumdem
1100 1900 1315 1970 generis
1335 1895 1552 1952 humani
1576 1911 1674 1965 pro
1696 1893 1904 1948 cunctis
1923 1907 2016 1947 seu
2042 1890 2289 1967 omnibus
2311 1888 2616 1943 hominibus
2639 1895 2840 1949 natum,
2855 1899 3090 1977 passum,
3115 1892 3389 1977 mortuum

140 1999 298 2062 fuisse,
316 1972 728 2066 adjumerrtaque
750 2007 985 2064 parasse,
1010 1990 1205 2060 quibus
1229 1988 1301 2042 illi
1318 2000 1505 2042 omnes
1532 1983 1716 2053 gratia:
1739 1983 1900 2046 illius,
1918 1997 2036 2050 quae
2059 1982 2172 2050 ipse
2195 1980 2495 2050 pollicetur,
2518 1977 2659 2032 dona
2685 1983 2904 2066 possent
2925 1975 3236 2066 percipere?
3259 1972 3393 2028 Rur-

135 2105 255 2153 sum,
280 2089 328 2142 in
351 2062 606 2142 mundum
872 2081 1169 2147 Christum,
1189 2078 1454 2132 Maximus
1472 2075 1654 2138 docet,
1680 2071 2030 2135 sermonel9,
2065 2084 2188 2139 pag.
2223 2067 2345 2132 ιω,
2371 2075 2426 2119 ut
2445 2065 2601 2120 saluti
2635 2065 2898 2119 hominum
2919 2062 3290 2134 provideret,...
3315 2070 3394 2114 ut-

136 2197 219 2245 que
241 2181 427 2232 animas
455 2181 627 2248 gratia
649 2178 818 2231 sancti
843 2174 1069 2246 Spiritus
1085 2171 1351 2241 irrigaret.
1379 2166 1611 2222 Homilia
1640 2180 1768 2220 vero
1791 2163 1912 2229 116,
1942 2177 2063 2232 pag.
2096 2161 2200 2216 584
2227 2179 2238 2215 :
2269 2159 2394 2214 Non
2420 2160 2592 2223 unius,
2618 2158 2809 2226 inquit,
2839 2156 3058 2211 hominis
3080 2163 3280 2208 tantum
3298 2171 3390 2226 per

139 2273 434 2327 Salvatorem
460 2287 621 2325 causa
641 2271 857 2341 geritur,
889 2284 980 2321 nec
1001 2268 1152 2320 unius
1173 2264 1396 2320 hominis
1425 2260 1748 2315 imbecillitas
1769 2265 2114 2327 procuratur;
2141 2255 2231 2310 sed
2259 2256 2411 2309 totius
2439 2255 2637 2324 generis
2681 2252 2893 2344 humani
2912 2251 3143 2305 solvatur
3168 2250 3392 2344 inﬁr‘mi-

140 2379 222 2418 tas.
246 2362 435 2416 Nullius
449 2371 630 2416 autem
655 2359 887 2415 hominis
907 2356 1150 2412 oblivisci
1171 2351 1469 2419 Deum,'sed
1497 2351 1686 2405 adesse
1716 2349 1983 2413 omnibus,
2006 2346 2349 2414 subsidiaque
2376 2359 2598 2414 parasse
2623 2350 2830 2409 monet,
2846 2342 2973 2396 dum
2987 2341 3244 2407 sermJli,
3262 2341 3387 2411 pag.

137 2456 252 2521 £39,
282 2457 456 2511 scribit
491 2473 503 2504 :
538 2450 811 2517 Quomodo
838 2456 1004 2517 potest
1036 2444 1266 2500 oblivisci
1297 2445 1460 2497 nostri
1492 2441 1650 2506 Deus,
1682 2443 1766 2512 qui
1796 2439 1950 2493 etiam
1977 2437 2191 2508 capillos
2222 2437 2407 2506 capitis
2428 2438 2594 2490 nostri
2622 2438 2675 2489 in
2715 2433 2998 2506 Evangelia
3018 2433 3158 2503 apud
3183 2450 3239 2488 se
3267 2433 3393 2488 dicit

139 2562 235 2598 esse
260 2543 584 2598 numeratos?
615 2542 676 2594 Si
725 2541 862 2592 enim
885 2536 1192 2607 capillorum
1232 2542 1524 2587 nostrarum
1556 2533 1807 2597 menunit,
1842 2530 2007 2599 magis
2042 2537 2339 2582 nostrarum
2373 2530 2666 2582 animarum
2704 2527 2954 2581 meminit.
2987 2525 3093 2578 Per
3123 2541 3392 2579 numerum

135 2635 254 2687 enim
279 2650 446 2686 curam
467 2634 608 2685 circa
637 2646 728 2683 nos
759 2626 1252 2695 sollicitudinemime
1274 2625 1644 2692 cognoscimus.
1673 2621 1841 2676 Nemo
1862 2623 1998 2675 enim
2019 2629 2275 2684 numerat,
2302 2622 2403 2674 nisi
2432 2621 2567 2691 quod
2589 2623 2690 2674 vult
2720 2620 3017 2690 diligentius
3041 2614 3388 2670 custodire....

139 2723 288 2792 Usque
321 2722 445 2774 adeo
486 2736 612 2789 ergo
643 2717 857 2770 habetur
892 2717 945 2767 in
976 2714 1154 2779 tutela,
1185 2715 1272 2783 qui
1301 2711 1516 2766 habetur
1556 2714 1606 2765 in
1639 2729 1916 2765 munero...
1943 2710 2082 2764 Deus
2109 2712 2335 2764 omnium
2374 2712 2622 2776 meminit,
2655 2711 2880 2764 omnium
2921 2707 3240 2771 recordatur,
3273 2713 3389 2757 tan-

135 2820 227 2864 tum
252 2820 301 2863 ut
328 2827 427 2864 non
449 2811 646 2863 nostris
675 2802 1129 2860 intervenientibus
1158 2803 1408 2871 peccatis,
1438 2803 1486 2856 ei
1506 2804 1763 2873 inferatur
1803 2801 2007 2856 oblivio.
2041 2801 2499 2868 Quemadmodum
2535 2810 2712 2857 autem
2751 2800 3056 2857 meminerit
3076 2799 3266 2862 nostri,
3298 2804 3392 2852 aut

135 2916 274 2968 quam
294 2919 472 2958 curam
495 2902 1024 2969 sollicitudinemque
1053 2899 1302 2954 omnibus
1346 2905 1564 2967 praestet
1605 2898 1651 2952 is
1671 2898 1763 2966 qui
1788 2912 1894 2951 non
1937 2897 2243 2966 adjumcnta
2284 2898 2519 2967 prmbeat
2541 2898 2624 2950 vel
2667 2905 2816 2967 paret
2841 2896 3035 2965 quibus
3057 2891 3392 2948 imbecillitas

135 3003 278 3059 atque
297 2993 575 3048 inﬁrmitas
601 2994 884 3046 roboretur
906 2991 1142 3044 humana
1167 3005 1181 3055 ;
1205 3004 1331 3043 cum
1353 2989 1469 3042 sine
1493 2987 1559 3042 iis
1581 2987 1902 3056 adjumentis
1930 2987 2302 3056 suﬂ'ragiisque
2345 2989 2692 3057 prmpotentis
2716 2987 2810 3041 Dei
2833 2988 2884 3041 id
2926 2987 3090 3040 homo
3114 2999 3278 3054 agere
3297 2998 3394 3037 nev

131 3090 292 3145 queat,
313 3097 418 3149 quo
441 3081 732 3150 diSponere
754 3095 890 3142 sese,
924 3085 983 3132 ut
1021 3078 1190 3151 gratia
1233 3077 1404 3131 sancti
1442 3076 1673 3146 Spiritus
1713 3075 1995 3144 irrigetur,
2034 3077 2445 3146 pertingereque
2483 3076 2739 3149 [Lxxxvu]
2777 3077 2994 3130 demum
3037 3075 3106 3129 ad
3159 3076 3389 3130 salutem

134 3171 526 3242 beatitatemque
553 3173 938 3242 sempiternam
964 3170 1168 3240 possit?
1210 3169 1287 3222 Ac
1329 3167 1581 3236 sull‘ragio
1613 3166 1832 3235 quidem
1883 3167 2065 3223 divino
2121 3183 2255 3237 opus
2303 3183 2440 3233 esse,
2496 3167 2657 3222 docet
2711 3166 2976 3222 Maximus
3029 3167 3252 3222 homilia
3299 3167 3386 3230 42,

133 3262 341 3330 1:23.28,
373 3275 428 3318 et
457 3263 682 3318 homilia
717 3261 818 3326 64,
849 3275 972 3330 pag.
1003 3259 1128 3314 206.
1170 3259 1308 3326 Quin
1357 3261 1517 3314 etiam
1569 3258 1637 3312 ad
1678 3271 1737 3311 se
1782 3256 2054 3314 Christum
2100 3275 2282 3313 vocare
2328 3267 2563 3320 cunctos,
2607 3266 2828 3324 monet,
2878 3258 3232 3328 omnibusque
3280 3273 3394 3312 sum

132 3351 295 3415 gratia:
321 3354 562 3420 polliceri
595 3351 758 3415 dona,
799 3350 1022 3405 homilia
1058 3348 1146 3414 20,
1196 3363 1318 3418 pag.
1371 3347 1456 3402 56.
1516 3345 1903 3402 Ellicacitatem
1949 3365 2114 3418 porro
2152 3349 2353 3418 gratiae,
2404 3365 2509 3417 qua
2567 3349 2692 3418 facit
2755 3349 3020 3416 Christus,
3064 3362 3122 3405 ut
3170 3351 3206 3405 ii
3254 3364 3394 3418 quos

133 3437 397 3495 ellicaciter
417 3441 553 3506 vult,
585 3440 926 3509 resipiscant,
958 3450 1358 3511 operenturque
1387 3427 1608 3506 bonum,
1639 3440 1718 3494 sic
1739 3442 1975 3509 explicat
2010 3441 2273 3495 Maximus
2297 3442 2484 3495 homil.
2513 3440 2632 3506 l08,
2664 3456 2786 3511 pag.
2818 3441 2920 3494 258
2949 3460 2961 3495 :
3010 3441 3224 3507 Revera,
3277 3444 3394 3512 fra-

136 3537 240 3591 tres,
291 3534 495 3600 quando
555 3531 788 3584 medicus
837 3531 1195 3602 languentium
1249 3539 1342 3584 aut
1391 3532 1575 3602 quwrit
1628 3538 1718 3583 aut
1782 3532 1992 3600 respicit
2031 3531 2318 3584 voluntates
2343 3572 2356 3595 ,
2417 3547 2534 3584 cum
2570 3547 2770 3601 semper
2813 3532 3076 3585 contraria
3126 3531 3393 3585 desiderat

132 3629 174 3669 et
193 3622 405 3691 requirat
429 3623 715 3691 infirmus;
743 3621 863 3673 hinc
891 3629 988 3684 est,
1021 3618 1157 3689 quod
1185 3635 1322 3672 nunc
1352 3621 1570 3689 ferrum,
1598 3634 1732 3671 nunc
1762 3619 1953 3689 ignem,
1979 3635 2116 3671 nunc
2143 3635 2326 3671 amara
2352 3619 2535 3688 pocula
2574 3619 2763 3689 ingerit
2791 3627 2839 3672 et
2876 3621 3091 3688 apponit
3118 3621 3310 3684 invitis,
3336 3628 3393 3673 ut

135 3728 292 3764 curam
311 3716 422 3766 sani
444 3714 702 3776 sentiant,
725 3727 879 3781 quam
905 3727 1009 3764 non
1030 3714 1266 3781 poterant
1298 3710 1488 3762 sentire
1519 3716 1852 3779 aegrotantes.
1877 3707 1948 3761 Et
1978 3709 2022 3762 si
2053 3709 2204 3763 homo
2253 3709 2474 3778 injurias
2516 3707 2752 3778 despicit,
2784 3709 3062 3762 maledicta
3089 3711 3393 3774 contemnit,

131 3807 179 3849 ut
203 3802 436 3854 sauciatis
462 3797 651 3853 morbo
671 3809 852 3868 sponte
874 3799 1032 3851 vitam
1061 3799 1319 3868 conferat,
1350 3805 1399 3848 et
1418 3796 1669 3860 salutem;
1693 3804 1886 3868 quanto
1906 3797 2074 3867 magis
2095 3795 2330 3850 Christus
2349 3797 2576 3850 medicus
2604 3794 2830 3850 bonitate
2860 3796 3033 3852 divina
3054 3797 3246 3852 morbis
3273 3815 3395 3852 sau—

135 3891 222 3941 cios
249 3899 600 3959 peccatorum,
631 3897 683 3941 et
704 3887 942 3957 phrenesi
970 3887 1246 3940 criminum
1269 3887 1587 3952 laborantes,
1611 3887 1682 3939 ad
1700 3888 1920 3942 salutem
1940 3889 2098 3943 etiam
2126 3888 2313 3942 invitos
2338 3902 2631 3953 srrnsutr,
2653 3898 2705 3943 et
2726 3889 2981 3942 nolentes.
3009 3887 3054 3942 0
3085 3891 3132 3944 si
3159 3892 3393 3957 velimus,

134 3982 324 4048 fratres,
350 3983 394 4035 si
416 3985 640 4035 velimus
669 3995 870 4033 omnem
898 3982 1086 4034 mentis
1109 3989 1302 4036 nostrae
1321 3981 1608 4052 paralysim
1639 3982 1929 4053 pervidere,
1962 3983 2192 4036 animam
2220 3991 2452 4036 nostram
2480 3982 2749 4036 virtutibus
2795 3983 3092 4038 destitutam
3122 3983 3303 4054 jacere
3338 3986 3398 4040 in

131 4073 346 4126 vitiorum
372 4076 559 4126 stratis
585 4088 909 4126 cerneremus
925 4089 946 4136 ;
984 4072 1174 4125 luceret
1205 4071 1371 4138 nobis,
1396 4072 1824 4144 quemadmodum
1855 4069 2088 4124 Christus
2130 4079 2179 4124 et
2216 4077 2422 4124 nostras
2452 4069 2678 4140 quotidie
2707 4074 2892 4127 noxias
2919 4075 3127 4141 respicit
3155 4075 3395 4129 volunta-

131 4170 213 4224 tes,
243 4171 289 4214 et
317 4164 384 4216 ad
403 4164 671 4216 salutaria
702 4180 794 4217 nos
824 4164 1053 4215 remedia
1077 4180 1380 4218 rsnrnsmr
1410 4181 1478 4217 ετ
1509 4179 1788 4218 rsuuncsr
1811 4178 2037 4218 muros.
2060 4167 2125 4217 Τὸ
2153 4162 2408 4233 pertrahit
2437 4176 2567 4217 vero
2597 4172 2648 4218 et
2690 4175 2930 4236 perurget
2973 4166 3159 4220 invitos
3188 4182 3297 4221 non
3326 4181 3394 4221 eo

129 4254 341 4316 pertinet
370 4262 428 4308 ut
458 4252 670 4307 indicet
698 4253 1008 4306 necessitate
1031 4251 1152 4307 illos
1179 4253 1270 4321 qui
1293 4254 1664 4318 pertrahuntur
1688 4261 2127 4324 perurgenturque
2153 4253 2323 4321 premi
2344 4261 2402 4306 ut
2429 4261 2607 4321 agant,
2640 4251 2736 4307 sed
2762 4251 3013 4308 libertate
3051 4255 3286 4320 moveri,
3311 4254 3394 4309 in-

129 4340 256 4407 duci,
278 4343 668 4408 determinari;
695 4343 794 4396 etsi
817 4342 961 4411 quod
985 4329 1302 4397 libere-tunc
1323 4351 1508 4411 agunt,
1534 4359 1778 4397 amarum
1807 4343 2078 4398 interdum
2120 4344 2189 4398 sit
2210 4343 2357 4413 ipsis,
2401 4359 2501 4398 nec
2523 4344 2712 4408 libeat,
2739 4351 2798 4397 ut
2841 4359 2948 4398 non
2997 4344 3128 4399 libet
3150 4361 3396 4401 amarum

125 4443 331 4499 mgroto,
358 4449 459 4488 nec
481 4434 690 4503 placet,
713 4432 860 4501 quod
879 4432 1049 4487 libere
1072 4448 1104 4486 a
1127 4433 1336 4488 medico
1359 4433 1460 4488 sibi
1481 4433 1825 4502 propinatum
1849 4435 2050 4488 sorbet.
2079 4433 2260 4502 Neque
2283 4449 2413 4489 vero
2436 4449 2589 4489 secus
2612 4433 2664 4488 id
2688 4433 2950 4490 Maximus
2993 4436 3206 4506 accipit,
3231 4446 3398 4508 atque

127 4520 243 4574 illud
266 4525 498 4594 accipiat
518 4524 769 4580 Ecclesia
791 4525 1019 4581 collecta
1049 4525 1158 4592 illa,
1184 4540 1291 4594 qua
1337 4526 1606 4582 dominica
1631 4535 1821 4595 quarta
1870 4534 1994 4597 post
2021 4525 2375 4581 Pentecostcn
2424 4526 2677 4581 sacerdos
2719 4525 3118 4584 sacrificaturus
3161 4539 3302 4597 orat,
3335 4547 3398 4585 ur

125 4613 250 4669 Deus
276 4627 481 4671 nostras
512 4616 588 4669 ad
617 4632 673 4669 se
691 4614 904 4669 rebelles
923 4616 1197 4686 compellat
1223 4617 1477 4686 propitius
1499 4617 1804 4670 voluntates.
1833 4615 2039 4682 Quotus
2061 4615 2204 4669 enim
2241 4615 2468 4683 quisque
2507 4615 2804 4671 catholicus
2832 4625 2941 4682 est,
2975 4607 3079 4688 qui
3096 4618 3398 4675 Eeclesiam

124 4708 316 4768 precari
344 4708 668 4773 arbitretur,
701 4715 760 4760 ut
802 4707 945 4762 Deus
973 4707 1131 4762 nobis
1175 4706 1370 4762 inferat
1417 4708 1835 4763 necessitatem?
1865 4707 2113 4762 Profecto
2163 4721 2323 4761 nemo
2352 4715 2452 4770 est,
2485 4707 2613 4774 quin
2661 4705 2738 4760 sic
2784 4704 3050 4775 intelligat
3081 4726 3092 4761 :
3127 4710 3396 4766 obluctari

122 4795 320 4863 quidem
349 4813 447 4852 eos
474 4798 575 4866 qui
606 4797 759 4851 malis
782 4797 1164 4867 cupiditatibus
1191 4798 1490 4866 agitantur;
1515 4798 1609 4853 sed
1638 4799 1809 4868 gratia
1831 4798 1944 4868 ipsa
1969 4799 2042 4852 ita
2070 4797 2276 4852 moveri
2305 4812 2369 4852 ac
2389 4797 2531 4852 vinci
2551 4796 2800 4866 denique,
2834 4806 2892 4852 ut
2914 4800 3294 4858 determinanti
3321 4806 3394 4861 ad

125 4885 309 4938 bonum
360 4887 474 4942 Deo
507 4887 681 4940 libere
708 4885 922 4950 cedant,
945 4901 1176 4957 seseque
1216 4902 1323 4942 una
1370 4887 1748 4942 determinent.
1781 4887 1982 4942 Confer
2009 4887 2413 4941 aunotationem
2443 4894 2685 4941 nostram
2717 4887 2784 4941 ad
2813 4902 2937 4957 pag.
2966 4887 3090 4943 559.
3123 4888 3240 4945 Jam
3269 4894 3398 4962 quid

123 4973 212 5027 sibi
239 4973 506 5030 Maximus
531 4975 812 5028 invitorum
841 4976 1223 5047 nolentiumque
1250 4976 1525 5032 vocabulis
1553 4978 1703 5043 velit,
1735 4977 1986 5045 cognosci
2017 4993 2084 5031 ex
2113 4978 2230 5046 ejus
2258 4975 2570 5047 praefatione
2621 4978 2689 5032 ad
2723 4978 2912 5034 homil.
2947 4979 3068 5046 109,
3111 4998 3232 5053 pag.
3265 4984 3390 5053 564,

127 5061 174 5112 in
204 5063 338 5117 notis
364 5063 532 5132 plane
555 5070 754 5132 potest.
788 5061 872 5116 Ibi
900 5063 1048 5118 enim
1077 5062 1201 5118 ideo
1222 5079 1282 5119 se
1314 5066 1532 5118 invitum
1560 5066 1708 5133 loqui
1737 5066 1831 5130 ait,
1863 5066 2007 5133 quod
2036 5066 2071 5119 ii
2100 5067 2190 5136 qui
2230 5066 2404 5135 ipsmu
2430 5066 2674 5122 audirent
2701 5085 2810 5123 non
2851 5073 3287 5142 emendarentur,
3319 5079 3374 5146 pi

123 5151 362 5220 griusque
390 5160 643 5222 agerent.
672 5151 813 5218 Quid
839 5169 908 5208 an
937 5153 1260 5223 loquebatur
1287 5156 1508 5212 adactus
1534 5159 1890 5212 necessitate?
1922 5157 2060 5211 Nihil
2106 5159 2301 5212 minus.
2332 5158 2591 5213 Nimirum
2623 5176 2744 5216 cum
2773 5162 2891 5219 sine
2937 5163 3113 5221 fructu
3140 5167 3396 5237 loquere-

124 5247 219 5302 tur,
247 5242 574 5310 loquebatur
594 5258 705 5297 non
735 5242 927 5308 libens,
959 5246 1063 5300 etsi
1090 5245 1141 5300 ei
1167 5253 1348 5302 tacere
1370 5263 1479 5302 non
1508 5247 1713 5303 liceret.
1741 5249 1855 5315 Qua
1878 5263 1948 5303 ex
1971 5264 2032 5304 re
2059 5249 2247 5319 liquet,
2271 5252 2326 5306 τὸ
2348 5251 2536 5324 invitus
2561 5251 2702 5306 idem
2727 5267 2847 5308 esse
2875 5253 3110 5312 Maximo
3132 5273 3195 5313 ac
3215 5262 3270 5314 τὸ
3294 5276 3400 5316 non

124 5326 271 5382 libens
319 5328 596 5386 Ceterum
643 5339 956 5387 constanter
983 5331 1216 5389 afﬁrmat
1243 5335 1548 5391 libertatem
1577 5338 1784 5391 arbitrii
1840 5339 2060 5394 illtcsam
2102 5340 2296 5408 cuique
2324 5341 2539 5394 mortali
2569 5357 2807 5410 manere,
2840 5345 2955 5402 sive
2982 5348 3028 5402 is
3060 5350 3250 5418 probe,
3282 5351 3398 5407 sive

125 5434 269 5478 secus
296 5433 437 5492 agat.
472 5423 735 5478 Tractatu
763 5423 826 5479 de
852 5424 1110 5497 Capitulis
1139 5426 1559 5500 Evangeliorum,
1592 5445 1712 5500 cap.
1743 5429 1796 5497 8,
1820 5445 1942 5500 pag.
1977 5431 2072 5484 761
2110 5448 2123 5484 :
2157 5430 2421 5497 Liberum,
2446 5433 2638 5501 inquit,
2670 5435 2806 5505 quod
2835 5436 3033 5492 homini
3079 5440 3220 5494 dedit
3259 5442 3402 5495 urbi-

127 5512 290 5571 trium.
320 5517 487 5569 noluit
507 5519 697 5570 iterum
717 5515 1042 5586 abrumpere,
1073 5534 1136 5572 ne
1155 5535 1187 5571 a
1207 5535 1262 5573 se
1283 5535 1445 5590 nuper
1465 5536 1782 5584 concessam,
1804 5530 1859 5573 ut
1887 5521 2132 5587 diximus,
2159 5523 2322 5575 animi
2348 5521 2636 5578 libertatem
2674 5526 3005 5597 infringeret.
3040 5529 3184 5600 Ergo
3207 5532 3405 5586 dimisit

125 5602 177 5652 in
194 5605 590 5677 uniuscujusque
607 5609 832 5678 judicio,
865 5625 958 5678 pro
1005 5609 1186 5681 quibus
1215 5627 1430 5666 examen
1465 5614 1693 5681 futurum
1725 5611 2002 5684 [Lxxxvm]
2030 5611 2233 5667 sibimet
2259 5616 2562 5678 reservavit,
2591 5624 2648 5668 ut
2678 5617 2924 5687 puniatur
2951 5621 3038 5688 qui
3068 5620 3227 5691 fuerit
3259 5638 3400 5686 reus,

127 5705 173 5746 ct
197 5696 412 5758 salvetur
431 5704 521 5763 oui
543 5705 739 5758 crimen
780 5702 963 5761 noluit.
987 5718 1052 5756 ne
1081 5705 1287 5764 nutriret
1306 5719 1370 5766 tr,
1401 5705 1696 5759 admittere.
1723 5701 1903 5767 Quid?
1932 5704 1976 5759 si
2005 5704 2248 5763 Christus
2277 5705 2416 5761 Deus
2444 5721 2721 5762 scrvomm
2750 5721 2993 5774 suormu,
3023 5722 3163 5778 quos
3190 5708 3405 5767 astione
