3898 6226
524 401 594 460 ιτ
1984 400 2370 466 nurum.
3732 415 3787 472 ss

528 523 630 571 sua
652 518 854 577 movet,
885 525 951 565 ac
972 509 1138 568 ducit.
1171 525 1279 564 non
1307 516 1529 574 animat,
1566 510 1658 562 sed
1685 511 1944 581 perficiat,
1977 519 2117 566 teste
2160 512 2397 568 Maximo
2445 529 2697 571 sermone
2742 515 2831 582 ω,
2862 532 2983 588 pag.
3036 517 3157 583 504,
3186 519 3510 576 libertatem!
3543 523 3782 580 Somnus

531 607 710 654 autem
727 598 819 665 58,
840 615 962 670 pag.
987 598 1090 653 5l5
1113 618 1127 653 :
1154 599 1316 655 Beata
1336 607 1432 664 est,
1461 599 1652 668 inquit,
1683 601 1740 653 in
1761 601 1957 655 Christi
1980 603 2276 673 captivitate
2310 604 2635 659 libertas.....
2668 606 2869 671 Videte,
2894 617 2943 662 et
2971 609 3240 675 advertite,
3264 627 3420 681 quam
3447 628 3544 665 nos
3568 615 3785 684 capediat

529 688 723 746 Christi
748 708 859 748 esse
886 693 1130 762 captivos,
1154 692 1239 762 qui
1269 693 1437 761 captis
1463 691 1571 745 suis
1599 707 1706 744 non
1736 690 1904 744 solum
1933 701 2180 747 retentam
2200 695 2377 748 tribuit
2397 695 2704 761 libertatem,
2738 699 2830 752 sed
2851 708 2901 752 et
2923 699 3208 767 ineﬂ‘abilia
3235 701 3515 755 cmlestium
3537 719 3784 756 munerum

527 780 669 837 dona
696 779 936 853 largitur.
969 780 1195 851 Ideoque
1221 781 1326 834 alio
1347 780 1402 832 in
1423 779 1536 833 loco
1557 780 1862 849 patriarcha
1883 780 2128 835 decantat
2156 799 2174 836 :
2205 782 2473 850 Converte,
2498 785 2739 852 Domine,
2770 788 3119 857 captivitatem
3157 798 3393 844 nostram
3431 794 3568 845 sicut
3598 801 3783 846 torrens

527 875 584 926 in
605 885 802 934 austro.
831 875 1144 939 Convenit,
1171 876 1264 940 ait,
1290 891 1395 928 non
1435 882 1630 937 averte,
1656 872 1712 926 id
1750 883 1847 939 est,
1877 890 2066 929 potest.

2245 893 2372 942 nas,
2397 887 2456 932 ut
2495 881 2580 950 qui
2593 879 2904 949 jamdudum
2924 881 3069 951 capti
3093 898 3125 933 a
3144 881 3350 936 diabolo
3370 899 3568 948 sumus,
3600 885 3673 937 tui
3694 892 3784 937 tam

530 962 648 1016 dem
674 979 964 1018 mereamur
978 979 1093 1018 esse
1115 965 1326 1033 captivi.
1360 962 1568 1017 Scimus
1596 963 1758 1029 enim,
1778 964 1900 1034 quia
1943 963 2152 1020 diabolo
2181 983 2291 1020 esse
2314 967 2594 1038 subjectum
2621 986 2897 1040 peramara
2936 971 3167 1025 conditio
3193 981 3286 1034 est,
3311 982 3360 1025 et
3401 973 3668 1042 inexpleta
3687 975 3780 1043 tibi,

527 1052 778 1130 Domine,
805 1055 995 1109 servire
1008 1054 1338 1126 jucundi‘tas,
1369 1060 1475 1107 etc.
1501 1051 1750 1107 Christus
1769 1052 1933 1121 igitur
1958 1055 2010 1108 in
2035 1055 2190 1110 nobis
2211 1056 2338 1111 dum
2362 1066 2639 1126 operatur,
2670 1068 2912 1115 nostram
2936 1061 3145 1130 perﬁcit
3171 1061 3492 1125 libertatem,
3523 1077 3590 1116 ac
3611 1062 3784 1129 jucun-

524 1143 750 1197 ditatem
778 1143 955 1208 all’ert,
987 1152 1098 1198 tum
1125 1144 1377 1208 maxime,
1404 1158 1518 1196 cunt
1549 1140 1792 1196 habitans
1822 1143 2066 1199 Salvator
2095 1145 2236 1202 idem
2266 1148 2361 1201 hoc
2392 1149 2652 1204 desertum
2676 1152 2910 1220 corporis
2939 1153 3104 1206 nostri
3122 1192 3137 1216 ,
3168 1167 3344 1205 omnes
3371 1151 3444 1204 ibi
3477 1151 3678 1206 diaboli
3713 1152 3784 1220 {tto

525 1236 724 1289 stiones
752 1250 1084 1299 nxsurnu'r,
1115 1244 1165 1290 et
1182 1243 1434 1288 secretum
1454 1250 1530 1287 ac
1544 1249 1780 1287 securum
1805 1251 1837 1286 a
1858 1237 2256 1306 cogitationibus
2272 1239 2451 1292 seculi
2479 1256 2591 1294 esse
2617 1257 2765 1295 suum
2785 1257 2939 1296 non
2961 1242 3307 1296 habitaculum
3323 1283 3338 1307 ,
3360 1251 3416 1295 ut
3439 1242 3682 1314 deinceps
3706 1256 3786 1295 nos

526 1324 666 1376 intra
692 1325 1034 1392 nosmetipsos
1063 1326 1197 1378 velut
1230 1325 1286 1378 in
1315 1324 1595 1378 solitudine
1632 1327 1920 1392 constituti,
1961 1329 2174 1382 nonnisi
2202 1329 2385 1382 cmlum
2424 1333 2762 1401 respiciamus
2789 1339 2839 1386 et
2868 1343 3096 1395 terram;
3125 1332 3221 1386 hoc
3248 1341 3345 1397 est,
3374 1349 3478 1386 non
3520 1334 3788 1403 cogitemus

527 1412 688 1464 alium
709 1412 812 1465 nisi
830 1411 1045 1466 caelestis
1073 1414 1222 1482 regni
1243 1409 1546 1478 Dominum,
1569 1422 1619 1465 et
1643 1421 1864 1468 terrena:
1891 1417 2282 1470 resurrectionis
2327 1426 2621 1482 auctorem;
2643 1434 2892 1474 sermone
2916 1418 3011 1484 l9,
3035 1433 3156 1489 pag.
3185 1418 3308 1472 446.
3338 1419 3607 1489 Quidquid
3641 1435 3788 1491 parm

526 1501 712 1567 gratiae
749 1499 1014 1571 tributum:
1040 1499 1346 1556 hominibus
1373 1509 1458 1555 est
1485 1511 1609 1570 post
1636 1500 1766 1556 Adae
1806 1502 2033 1572 lapsum,
2065 1503 2116 1557 id
2157 1502 2424 1560 Maximus
2462 1505 2769 1563 Servatoris
2796 1508 2994 1564 Christi
3033 1508 3238 1572 virtuti,
3278 1509 3466 1565 Patres
3493 1510 3786 1579 superiores

527 1589 942 1660 Scripturasque
972 1598 1209 1656 secutus,
1243 1599 1528 1661 acceptum
1573 1606 1693 1648 esse
1735 1592 2071 1648 referendum
2101 1595 2279 1650 docet.
2309 1594 2444 1649 Cum
2473 1598 2614 1652 enim
2635 1598 2888 1667 quidquid
2917 1598 3349 1669 sdjumentorum
3379 1598 3447 1652 ad
3474 1599 3689 1654 beatam
3715 1602 3783 1654 rio

529 1686 660 1744 tam,
689 1678 801 1746 jam
829 1677 954 1734 inde
974 1679 1041 1734 ab
1069 1695 1136 1735 eo
1167 1687 1431 1750 tempore,
1463 1679 1592 1735 Adae
1614 1684 1959 1752 posterisque
1980 1685 2218 1750 obvenit,
2242 1702 2310 1741 ex
2339 1687 2729 1758 redemptionis
2756 1687 2904 1745 fonte
2947 1690 3212 1756 manarit;
3234 1704 3302 1744 ex
3329 1690 3447 1758 ejus
3491 1699 3648 1746 certe
3690 1691 3784 1745 vir-

528 1777 646 1826 tute
671 1772 904 1826 manarit
929 1786 1153 1828 necesse
1181 1779 1285 1839 est,
1316 1787 1476 1842 quem
1499 1773 1752 1843 passione
1773 1783 2058 1847 morteque
2077 1793 2176 1832 sua
2204 1787 2260 1832 et
2281 1793 2348 1833 ex
2370 1779 2534 1834 sacris
2557 1778 2775 1834 Litteris
2801 1795 2865 1834 ac
2885 1779 3176 1836 traditione
3203 1789 3435 1846 constat,
3465 1790 3522 1835 et
3534 1780 3786 1837 Maximus

532 1860 752 1924 fatetur,
785 1861 1090 1916 steatlorum
1111 1877 1252 1927 esse,
1283 1869 1338 1917 et
1364 1872 1666 1916 cunctarum
1691 1866 1942 1934 gentium,
1964 1881 2092 1935 quas
2114 1865 2178 1919 ab
2201 1867 2348 1921 initio
2371 1869 2544 1921 ueculi
2561 1869 2831 1933 creaverit,
2848 1866 3284 1938 Redemptorem.
3309 1868 3541 1923 Humilia
3565 1869 3656 1934 l9,
3679 1884 3784 1940 pag.

527 1951 632 2016 54;
655 1952 876 2008 humilia
905 1951 993 2019 20,
1024 1967 1151 2023 pag.
1187 1951 1288 2021 55;
1310 1955 1534 2010 humilia
1564 1954 1654 2017 2'5,
1687 1971 1812 2026 pag.
1837 1954 1924 2021 65,
1956 1955 2042 2022 66,
2068 1957 2156 2024 67,
2187 1973 2294 2027 quo
2322 1958 2442 2013 loco
2463 1973 2568 2011 non
2596 1959 2813 2012 latuisse
2834 1957 2889 2012 in
2928 1973 3079 2015 open
3104 1961 3200 2022 ait,
3222 1968 3278 2010 ut
3299 1974 3475 2012 omnes
3500 1957 3689 2028 ubique
3713 1961 3787 2029 qui

529 2043 587 2097 in
608 2041 711 2098 Dei
736 2042 882 2098 Filio
918 2043 1138 2099 Verbum
1165 2053 1215 2098 et
1242 2060 1456 2099 carnem
1492 2047 1780 2110 crederent,
1812 2047 2155 2102 solverentur.
2190 2047 2371 2117 Ipsum
2398 2057 2569 2103 autem
2591 2049 2750 2119 fuisse
2771 2049 2858 2117 qui
2876 2049 3189 2104 esurientem
3215 2047 3497 2103 Hebraeum
3524 2049 3780 2120 populum,

531 2134 767 2205 angelico
788 2136 910 2206 fecit
927 2151 1065 2205 pane
1091 2136 1248 2190 veluti
1275 2136 1469 2190 σιειραί
1496 2136 1632 2190 laete
1658 2139 2030 2207 pinguescere;
2059 2138 2233 2207 ipsum
2261 2138 2425 2192 fuisse
2452 2139 2543 2206 qui
2571 2137 2828 2192 Hebraeos
2870 2139 3158 2193 comitatus
3201 2154 3299 2207 per
3338 2141 3548 2192 arentia
3599 2139 3790 2192 deserta

527 2232 681 2288 esset,
703 2238 822 2278 cum
845 2223 964 2278 illos
993 2224 1179 2280 calum
1196 2234 1455 2295 pasceret,
1478 2235 1626 2295 petra
1654 2236 1879 2295 putaret.
1903 2226 2035 2292 Quis
2062 2235 2242 2282 autem
2264 2229 2476 2297 ignorat
2494 2228 2938 2294 orthodoxorum,
2964 2244 2994 2283 a
3015 2229 3478 2298 petraindicatum
3509 2227 3789 2290 Christum,

523 2319 664 2368 teste
690 2313 916 2370 doctore
938 2313 1182 2383 gentium
1209 2313 1417 2372 Paulo?
1441 2313 1510 2370 Et
1536 2315 1756 2371 humilia
1784 2315 1873 2382 24,
1906 2330 2028 2387 pag.
2081 2317 2149 2370 72
2180 2333 2195 2384 ;
2224 2319 2442 2373 homilia
2485 2317 2573 2384 25,
2604 2333 2728 2389 pag.
2777 2318 2882 2385 74;
2912 2328 2968 2375 et
2994 2335 3245 2374 sermone
3269 2319 3354 2385 l9,
3386 2333 3510 2390 pag.
3559 2319 3686 2385 445,
3717 2320 3790 2374 ubi

522 2405 715 2488 iecisse
743 2403 1031 2461 Dominum
1055 2405 1153 2472 ait,
1175 2412 1255 2472 ut,
1275 2409 1399 2478 quia
1427 2408 1626 2478 primus
1652 2407 1822 2461 Adam
1851 2409 1906 2460 in
1926 2409 2172 2478 paradiso
2194 2412 2498 2488 constitutus
2529 2427 2622 2479 per
2648 2410 3101 2480 intemperantiam
3127 2410 3264 2480 gula:
3282 2410 3507 2480 gloriam
3532 2411 3789 2464 immorta-

519 2486 687 2546 litatis
714 2495 980 2558 antiserat,
1006 2495 1241 2549 eamdem
1261 2495 1703 2551 immortalitatem
1728 2496 1980 2552 secundus
2007 2497 2177 2552 Adam
2197 2497 2432 2553 Christus
2456 2486 2551 2570 per
2578 2498 2952 2554 abstinentiam
2987 2509 3371 2571 repararet.....
3397 2499 3517 2555 Hoc
3540 2504 3680 2555 enim
3701 2503 3790 2571 egit

523 2583 790 2648 Salvator,
823 2592 882 2638 ut
906 2584 1097 2644 iisdem
1119 2587 1368 2657 vestigiis,
1390 2587 1572 2657 quibus
1591 2587 1822 2642 admissa
1851 2590 2046 2660 fuerint
2088 2587 2298 2654 delicta,
2320 2600 2743 2662 purgentur......
2769 2589 2939 2661 Igitur
2959 2591 3053 2644 hoc
3074 2594 3180 2663 agit
3199 2590 3476 2657 Dominus,
3497 2603 3555 2646 ut
3583 2594 3649 2647 iis
3668 2609 3786 2660 pre.

526 2682 752 2754 iudiciis,
784 2683 970 2755 quibus
998 2685 1150 2739 homo
1189 2683 1445 2739 obnoxius
1472 2695 1686 2755 peccato
1711 2686 1883 2757 fuerat
1910 2685 2170 2740 liberetur.
2194 2684 2370 2739 Serm.
2403 2698 2532 2739 vero
2551 2683 2639 2749 ΞΟ,
2671 2696 2795 2752 pag.
2823 2682 2948 2749 448,
2981 2683 3277 2739 Salvatoris
3303 2684 3673 2739 misericordia
3693 2683 3790 2739 lac-

526 2777 640 2826 tum
668 2772 833 2828 fuisse
858 2772 972 2828 Noe
997 2781 1264 2843 tempore,
1294 2774 1672 2829 animadvertit
1703 2792 1716 2827 :
1743 2784 1801 2827 ut
1819 2774 1951 2844 justi
1999 2777 2293 2841 evaderent,
2334 2783 2384 2828 et
2437 2775 2616 2845 injusti
2670 2774 2892 2845 antplius
2932 2773 3180 2846 [Luxu]
3210 2792 3314 2828 non
3360 2784 3656 2845 peccarent.
3695 2773 3790 2830 Pro

525 2859 889 2918 misericordia
915 2860 1072 2928 plane
1089 2862 1228 2916 enim
1257 2862 1506 2928 videmus,
1550 2863 1741 2930 inquit,
1777 2862 1910 2916 illud
1963 2865 2122 2933 fuisse
2169 2865 2417 2918 diluvium
2469 2880 2588 2932 quo,
2635 2856 2788 2917 véluti
2834 2863 3086 2932 baptismo
3128 2864 3368 2936 quodam,
3425 2865 3581 2920 totius
3631 2865 3791 2919 mundi

526 2949 695 3021 {acies
738 2958 816 3007 est
853 2952 1131 3016 innovate;
1163 2951 1360 3007 scilicet
1385 2952 1556 3021 utqui
1589 2951 1909 3021 perditorum
1957 2954 2149 3006 scelere
2185 2951 2426 3006 sordebat
2468 2951 2539 3005 ad
2593 2953 2831 3017 crimina,
2882 2951 3016 3005 beati
3073 2950 3193 3006 Noe
3237 2951 3555 3007 habitatione
3599 2955 3792 3023 ﬂoreret

522 3041 593 3094 ad
621 3043 851 3112 gratiam
879 3081 896 3106 ,
945 3051 996 3096 et
1034 3043 1122 3112 qui
1162 3043 1450 3111 iniquitatis
1479 3043 1651 3112 fuerat
1695 3040 2033 3110 postribulum
2082 3049 2222 3108 tunc,
2272 3041 2425 3096 modo
2481 3041 2977 3112 ﬁeretdomicilium
3027 3043 3340 3096 sanctitatis.
3390 3041 3656 3096 Diluvium
3678 3040 3791 3096 illud

526 3131 678 3200 hujus
734 3133 899 3186 nostri
941 3132 1041 3203 fuit
1092 3128 1378 3186 similitudo
1416 3131 1760 3201 baptismatis.
1813 3129 1931 3185 Hoc
1983 3132 2123 3185 enim
2177 3139 2295 3185 tunc
2341 3139 2538 3202 gestum
2595 3139 2715 3196 est,
2778 3131 2916 3202 quod
2975 3147 3110 3184 nunc
3169 3132 3342 3201 agitur
3371 3147 3390 3185 :
3419 3131 3515 3185 hoc
3575 3141 3694 3199 est,
3743 3139 3792 3183 st

527 3220 923 3278 exuberantibus
951 3236 1204 3293 aquarum
1224 3218 1484 3289 fluctibus,
1514 3219 1933 3290 periclitarentur
1961 3221 2084 3274 vitia
2113 3229 2163 3273 et
2193 3220 2399 3290 justitia
2427 3221 2544 3275 sola
2573 3229 2843 3293 regnaret;
2880 3227 3228 3290 mergerentur
3255 3220 3310 3272 in
3347 3221 3665 3290 profundum
3684 3235 3790 3290 pec-

526 3321 666 3378 cata,
693 3313 943 3367 sanctitas
971 3312 1141 3366 vicina
1167 3310 1292 3366 celo
1312 3318 1626 3381 portaretur.
1653 3309 1795 3362 Tunc
1813 3311 1970 3376 enim,
1994 3312 2128 3364 sicut
2155 3310 2288 3376 dixi,
2320 3313 2415 3366 hoc
2435 3309 2704 3382 agebatur,
2733 3311 2870 3380 quod
2890 3327 3026 3364 nunc
3054 3312 3227 3381 agitur
3253 3312 3306 3364 in
3327 3309 3564 3364 Ecclesia
3585 3310 3788 3365 Christi.

525 3407 671 3462 Nam
697 3408 830 3462 sicut
858 3404 976 3460 Noe
1002 3421 1145 3469 arca,
1177 3403 1454 3458 submersis
1479 3404 1714 3458 omnibus
1744 3403 1879 3456 vitiis
1905 3412 2256 3472 peccatorum,
2289 3405 2567 3473 ferebatur,
2617 3404 2691 3456 ita
2740 3401 3065 3472 baptismatis
3110 3405 3250 3472 fonte
3278 3402 3402 3456 calo
3429 3404 3602 3456 vicina
3628 3410 3792 3473 porto-

527 3508 609 3551 tur
638 3496 890 3563 Ecclesia,
920 3506 971 3550 et
1008 3497 1188 3552 deletis
1215 3496 1448 3550 omnibus
1478 3492 1926 3564 superstitionibus
1953 3492 2228 3558 idolorum,
2255 3492 2385 3562 ﬁdes
2415 3504 2593 3564 regnat
2619 3494 2673 3547 in
2705 3494 2874 3559 terris,
2910 3509 3026 3564 qua:
3052 3492 3116 3546 de
3149 3491 3441 3548 Saluatoris
3470 3499 3597 3545 arca
3624 3508 3792 3562 proce-

525 3585 623 3639 dit.
667 3584 941 3654 Quidquid
982 3587 1126 3641 enim
1153 3584 1309 3650 boni,
1333 3583 1541 3648 salutis,
1572 3583 1695 3636 vitae
1722 3597 1882 3651 supra
1924 3589 2171 3635 naturam
2199 3582 2252 3635 in
2283 3583 2501 3640 homine
2529 3581 2650 3645 fuit,
2672 3591 2776 3645 est,
2801 3583 2925 3648 erit,
2956 3598 3025 3638 ex
3053 3581 3336 3636 Salvatore
3364 3589 3550 3636 nostro
3581 3588 3685 3646 est,
3709 3580 3790 3650 qui

525 3690 652 3731 cum
678 3673 822 3729 Deus
859 3675 948 3738 sit,
978 3674 1265 3728 humanam
1294 3672 1364 3727 oh
1387 3671 1441 3725 id
1468 3671 1571 3726 sibi
1611 3679 1850 3725 nostram
1877 3669 2166 3739 assumpsit
2192 3677 2456 3724 naturam.
2502 3669 2770 3724 Sermone
2814 3668 2908 3735 29,
2932 3683 3052 3738 pag.
3081 3666 3186 3720 474
3215 3686 3229 3722 :
3264 3667 3328 3721 In
3355 3668 3640 3723 Salvatore
3666 3671 3791 3723 enim

526 3775 705 3821 nostro
733 3782 911 3821 omnes
948 3765 1340 3827 resurreximus,
1367 3778 1542 3818 omnes
1567 3763 1862 3824 reviaimus,
1899 3775 2076 3815 omnes
2104 3761 2176 3813 ad
2204 3760 2430 3814 caelestia
2459 3761 2962 3830 transmigravimus.
2992 3757 3088 3811 Est
3108 3759 3248 3812 enim
3274 3759 3330 3811 in
3355 3758 3445 3812 illo
3475 3757 3685 3813 Christo
3705 3760 3790 3814 ho-

526 3857 664 3911 mine
690 3855 1090 3925 uniuscujusque
1112 3861 1346 3908 nostrum
1373 3853 1547 3906 carnis
1572 3860 1622 3906 et
1641 3852 1912 3922 sanguinis
1937 3851 2125 3920 portio.
2162 3847 2262 3905 Ubi
2288 3867 2409 3921 ergo
2436 3851 2608 3921 portio
2651 3866 2763 3904 mea
2792 3855 2995 3920 regnat,
3023 3865 3245 3920 regnare
3260 3866 3349 3903 me
3372 3851 3562 3913 credo;
3591 3849 3681 3905 ubi
3709 3849 3789 3903 do-

527 3948 756 4000 minatur
779 3947 992 4016 sanguis
1021 3960 1182 4006 meus,
1208 3959 1288 3996 me
1314 3943 1478 3999 sentio
1503 3940 1805 4006 dominare;
1829 3941 1915 3995 ubi
1941 3942 2265 4013 gloriﬁcatur
2285 3958 2407 3997 caro
2434 3957 2571 4008 mea,
2599 3957 2682 3995 me
2709 3939 2989 4010 gloriosum
3017 3955 3131 3993 esse
3153 3954 3473 4009 cognosco...
3505 3938 3626 3994 Etsi
3673 3939 3790 3993 deli-

525 4049 608 4092 cta
638 4055 733 4092 nos
761 4035 1068 4099 excludunt,
1083 4042 1285 4088 natura:
1313 4035 1601 4088 communio
1621 4048 1725 4087 non
1753 4033 1973 4105 repellit.
2015 4029 2157 4086 Nam
2183 4041 2394 4103 propter
2414 4031 2693 4086 bonitatem
2721 4030 3023 4094 divinitatis,
3045 4030 3355 4099 peculiarem
3382 4028 3530 4083 nobis
3556 4028 3790 4084 Salvator

527 4128 676 4182 debet
705 4127 980 4197 effectura;
1010 4122 1206 4177 scilicet
1231 4124 1354 4193 quia
1391 4125 1525 4178 sicut
1552 4125 1689 4179 Deus
1721 4135 1896 4179 noster
1923 4126 1978 4179 in
2006 4126 2118 4193 ipso
2157 4130 2257 4189 est,
2287 4125 2362 4176 ita
2388 4132 2439 4177 et
2475 4124 2692 4194 sanguis
2715 4131 2893 4180 noster
2932 4123 2988 4175 in
3015 4120 3107 4175 illo
3149 4131 3293 4176 est...
3319 4119 3502 4191 Neque
3526 4121 3669 4175 enim
3695 4129 3791 4174 tina

525 4219 736 4276 immitis
762 4225 839 4272 est
864 4214 1142 4277 Dominus,
1169 4221 1225 4266 ut
1244 4211 1573 4270 obliviscatur
1590 4215 1831 4279 hominis,
1852 4222 1902 4266 et
1928 4229 2031 4267 non
2061 4213 2350 4266 meminerit
2375 4213 2514 4267 illius
2542 4228 2690 4283 quem
2717 4213 2829 4283 ipse
2847 4217 3033 4283 gestat,
3059 4218 3166 4266 etc.
3195 4209 3393 4265 Confer
3418 4218 3474 4264 et
3494 4223 3789 4264 semonetu

527 4308 625 4375 35,
641 4321 763 4378 pag.
790 4303 914 4382 LS9,
942 4312 997 4360 et
1018 4317 1324 4361 sermonem
1352 4301 1441 4366 56,
1470 4316 1592 4373 pag.
1617 4301 1714 4355 491
1749 4302 1837 4358 ubi
1864 4322 1876 4356 :
1907 4301 2025 4357 Una
2059 4303 2216 4372 plane
2237 4303 2345 4358 dies
2371 4311 2448 4359 est
2478 4301 2737 4364 Christus,
2768 4301 2960 4370 inquit,
2983 4301 3105 4370 quia
3131 4316 3238 4354 una
3258 4308 3333 4353 est
3351 4300 3408 4353 in
3433 4315 3495 4354 eo
3514 4299 3789 4353 divinitatis

526 4400 810 4455 eternitas.
856 4393 1031 4448 Hodie
1057 4401 1232 4451 autem.
1256 4402 1485 4455 vocatus,
1515 4391 1650 4462 quod
1671 4407 1786 4446 eum
1809 4409 1900 4448 nec
1937 4401 2135 4448 vetusta
2161 4393 2467 4465 antiquitate
2485 4392 2893 4462 subterfugiunt,
2917 4405 3009 4443 nec
3038 4390 3214 4459 futura
3232 4387 3562 4460 ignoratione
3583 4393 3788 4458 prater-

522 4497 677 4546 eunt;
720 4485 813 4541 sed
844 4495 1095 4557 tanquam
1117 4483 1525 4554 potentissimum
1553 4482 1722 4534 lumen
1749 4492 1936 4536 cuncta
1963 4483 2206 4548 continet,
2236 4483 2474 4536 universa
2502 4483 2785 4552 cognoscit,
2811 4489 2864 4534 et
2889 4479 3024 4555 velut
3048 4480 3102 4533 in
3129 4479 3410 4549 prcsentia
3435 4477 3655 4543 habens,
3676 4493 3788 4546 pos-

522 4580 659 4637 sidet
699 4579 893 4642 omnia,
943 4577 1065 4647 quia
1113 4574 1253 4644 apud
1295 4589 1410 4627 eum
1437 4587 1530 4627 nec
1551 4575 1818 4640 prwterita
1846 4573 2106 4640 labuntur,
2136 4590 2229 4628 nec
2269 4576 2442 4644 futura
2481 4572 2783 4627 celantur...
2829 4571 2978 4627 Sicut
3018 4568 3166 4624 nobis
3212 4571 3268 4624 in
3305 4570 3535 4638 futurum
3563 4570 3722 4622 vitam
3747 4574 3789 4619 et

522 4673 746 4744 gloriam
774 4668 1063 4739 pollicetur,
1095 4668 1168 4720 ita
1195 4667 1352 4720 etiam
1379 4667 1435 4720 in
1461 4665 1779 4734 praeteritum
1806 4665 1868 4718 de
1887 4667 2071 4722 salutis
2091 4675 2282 4722 nostra:
2302 4683 2460 4720 causa
2479 4674 2529 4719 et
2552 4667 2850 4721 occasiones
2878 4674 3184 4729 nascuntur,
3222 4679 3283 4717 ac
3311 4664 3386 4718 sic
3422 4663 3508 4731 qui
3528 4664 3652 4716 ideo
3667 4662 3788 4717 cali-

522 4777 624 4827 tur,
655 4773 712 4817 ut
737 4763 1041 4817 misereatur
1053 4759 1174 4830 jam
1189 4759 1456 4813 misertus.
1470 4754 1548 4810 Ab
1567 4773 1628 4810 eo
1648 4773 1768 4828 ergo
1795 4758 1920 4826 facti
1940 4765 2093 4826 atque
2112 4759 2340 4829 reparati
2367 4774 2503 4811 nunc
2530 4759 2808 4828 impensius
2827 4755 3143 4810 exsultemus
3162 4756 3216 4808 in
3250 4753 3508 4824 beneﬁciis
3532 4755 3667 4820 suis,
3690 4763 3784 4809 etc.

591 4849 709 4906 XX.
749 4848 1016 4906 Justitiam
1041 4855 1224 4901 autem
1260 4860 1324 4902 ac
1344 4844 1682 4900 sanctitatem
1711 4847 2061 4900 sacramentis
2090 4847 2176 4902 vel
2207 4845 2438 4902 conferri
2474 4847 2658 4912 nobis,
2682 4846 2764 4901 vel
2793 4846 2998 4914 augeri,
3019 4844 3273 4901 constitui
3294 4859 3325 4898 a
3350 4843 3587 4898 Maximo
3613 4843 3785 4898 video.

521 4943 659 4995 Ante
685 4928 1067 4999 Abrahamum,
1093 4933 1203 4991 etsi
1225 4938 1441 4987 sanctus
1459 4929 1684 4986 antistes
1708 4939 2043 4990 sacramenta
2084 4949 2192 4989 non
2216 4943 2479 4990 memoret
2505 4934 2666 4990 fuisse
2685 4975 2702 5001 ,
2732 4935 2884 5002 signa
2929 4942 3115 4988 tamen
3136 4933 3384 5003 quzedam
3412 4932 3576 4988 fuisse
3601 4935 3787 5004 quibus

515 5033 979 5083 sacramentorum
1009 5030 1344 5092 competeret
1361 5019 1672 5092 appellatio,
1692 5021 1992 5091 quibusque
2028 5025 2198 5080 sancti
2238 5025 2556 5095 patriarchae
2583 5041 2735 5080 suam
2754 5033 3092 5080 1estarentur
3121 5025 3174 5079 in
3200 5023 3471 5080 Christum
3498 5032 3780 5081 venturum

522 5117 706 5183 tidem,
734 5131 841 5186 qua
869 5114 1084 5183 quidem
1114 5112 1228 5168 ﬁde
1245 5107 1496 5167 charitati
1517 5110 1806 5180 coniuncta
1845 5115 2324 5180 sanctiﬁcarentur,
2355 5131 2476 5171 cum
2502 5131 2571 5173 ex
2609 5117 2775 5170 sacris
2805 5115 3023 5170 Litteris
3053 5113 3381 5185 Patrumqne
3408 5115 3709 5172 traditione
3729 5115 3785 5170 li-

518 5216 702 5277 queat,
733 5221 845 5261 non
865 5212 948 5260 est
967 5221 1063 5259 cur
1084 5203 1257 5272 ipsum
1279 5201 1558 5256 dubitasse
1576 5201 1919 5257 arbitremur.
1941 5201 2058 5257 Jam
2089 5218 2215 5258 vero
2256 5220 2581 5274 quanquam,
2616 5215 2751 5260 teste
2779 5204 3015 5260 Maximo
3038 5246 3053 5270 ,
3085 5206 3494 5262 circumcisione
3522 5205 3785 5280 [senice-

518 5311 698 5359 caturn
727 5298 988 5368 originale
1010 5297 1124 5368 jam
1145 5294 1272 5350 inde
1292 5296 1360 5348 ab
1387 5293 1678 5350 Abrahami
1701 5297 2029 5376 temporibus
2057 5298 2125 5353 ad
2145 5298 2413 5356 Christum
2441 5300 2838 5369 usque-Hebrzci
2869 5301 3162 5363 evaderent,
3188 5309 3248 5356 ut
3268 5315 3430 5370 supra
3452 5299 3785 5354 animadver—
3870 5325 3871 5370 j

517 5408 638 5450 sum
667 5399 778 5458 est,
811 5406 924 5444 non
949 5397 1131 5442 tamen
1161 5386 1210 5442 ei
1231 5397 1569 5442 sacramento
1588 5387 1669 5440 vis
1691 5401 1788 5454 per
1806 5401 1926 5441 sese
1954 5387 2127 5446 inerat
2165 5389 2390 5445 tollendi
2419 5392 2648 5460 peccati,
2680 5389 2787 5449 sed
2805 5406 2900 5459 per
2926 5391 3103 5460 ﬁdem.
3134 5391 3225 5447 Sic
3247 5391 3392 5446 enim
3413 5391 3602 5446 scribit
3622 5388 3783 5444 Ilaxi«
3870 5401 3871 5460 ἦ

518 5502 642 5543 mus
667 5491 900 5540 tractatu
928 5481 978 5548 5,
1003 5489 1184 5536 contra
1210 5478 1443 5545 ludant,
1468 5491 1592 5549 pag.
1621 5477 1724 5534 740
1751 5495 1864 5548 seq.
1902 5499 1914 5533 :
1938 5481 2200 5535 Abraham
2227 5483 2333 5552 ﬁde
2346 5483 2673 5553 justiﬁcatus.
2690 5492 2787 5547 est,
2819 5500 2930 5538 non
2955 5485 3361 5542 circumcisione.
3397 5483 3484 5537 Ita
3512 5483 3652 5538 enim
3673 5480 3784 5536 dicit

521 5578 802 5648 Scriptura
831 5593 848 5629 :
878 5573 1111 5630 Credidit
1147 5571 1413 5627 Abraham
1439 5567 1567 5636 Deo,
1587 5583 1637 5628 et
1666 5571 1968 5641 deputatum
1995 5584 2074 5628 est
2096 5575 2173 5628 illi
2201 5575 2272 5627 ad
2288 5575 2566 5644 justitiam,
2589 5583 2638 5628 et
2664 5577 2858 5634 amicus
2880 5575 2979 5630 Dei
3008 5575 3298 5646 appellatus
3330 5584 3426 5636 est.
3452 5573 3594 5646 Ergo
3621 5572 3780 5628 Abra-

519 5670 646 5727 ham
667 5687 770 5725 non
798 5685 863 5724 ea:
885 5668 1273 5722 circumcisione
1290 5663 1615 5734 justiﬁcatus
1638 5673 1730 5728 est,
1759 5665 1850 5721 sed
1877 5683 1942 5720 ea:
1963 5666 2086 5734 ﬁde.
2119 5665 2347 5719 Credidit
2376 5667 2508 5718 enim
2534 5666 2682 5720 verbo
2712 5665 2830 5729 Dei,
2859 5675 2909 5718 et
2931 5666 3253 5736 justiﬁcatus
3274 5674 3368 5727 est,
3394 5671 3444 5717 et
3478 5663 3780 5720 benedictio-

519 5778 632 5822 ucm
683 5780 715 5820 a
757 5761 868 5818 Deo
895 5767 1195 5817 consecutus
1233 5765 1329 5822 est,
1361 5763 1409 5808 et
1442 5757 1549 5825 ipse
1569 5768 1616 5814 et
1659 5770 1826 5810 semen
1863 5755 1978 5809 ﬁdei
2018 5759 2155 5824 eius.
2197 5754 2338 5812 Nam
2363 5757 2661 5822 considera,
2691 5772 2753 5809 ne
2773 5765 2958 5822 putes,
2993 5755 3434 5814 circurncisioncm
3458 5759 3782 5829 signantes“
