3898 6226
471 323 532 377 m
904 333 907 337 ί
1913 313 2300 370 ιηιιιΕι-Ατιο.
3679 320 3752 382 92

466 429 675 497 aquila,
698 426 942 496 depositis
965 426 1228 481 vetustatis
1255 426 1470 490 exuviis,
1495 439 1626 477 nova
1649 423 1938 476 sanctitatis
1959 423 2258 478 indumenta
2286 434 2631 495 sumpserunt,
2654 435 2703 480 et
2733 426 3089 498 fatiscentibus
3113 429 3341 498 antiquis
3367 429 3604 495 maculis,
3623 432 3748 485 sicut

466 519 652 586 plumis
674 516 864 571 levibus
893 517 1116 570 rediviva
1135 517 1308 586 gratia
1339 513 1744 568 immortalitatis
1767 522 2042 577 ornantur,
2071 516 2145 567 ita
2174 522 2228 566 ut
2251 515 2304 566 in
2328 514 2407 566 his
2434 516 2707 569 senectutis
2733 516 2948 569 occidua
2975 523 3186 586 peccata
3215 519 3504 581 senuerint,
3528 518 3630 570 vita
3652 535 3746 573 non

465 608 721 672 senuerit;
751 616 997 675 tanquam
1017 605 1191 675 aquila
1213 606 1266 657 in
1294 604 1510 672 pullum,
1541 603 1671 655 sicut
1699 603 1777 654 illi
1808 601 1861 654 in
1892 603 2174 672 infantiam
2201 603 2443 655 revocati.
2469 601 2565 654 Est
2592 603 2667 656 eis
2701 604 2878 658 steculi
2917 604 2980 656 de
3000 605 3394 660 conversatione
3422 606 3637 670 notitia;
3664 608 3748 659 sed

467 695 616 748 adest
638 695 743 748 itlis
763 694 982 764 justitite
1006 693 1069 746 de
1095 692 1425 761 reparatione
1462 691 1733 744 securitas.
1765 687 1964 743 Confer
1991 704 2296 744 sermonem
2336 690 2390 754 8,
2409 704 2543 759 pag.
2581 689 2706 755 418,
2740 700 2795 745 et
2823 707 2984 746 scrin.
3027 691 3116 756 Η,
3156 706 3277 762 pag.
3305 691 3431 756 ηδ,
3465 693 3557 748 ubi
3589 711 3602 746 :
3631 692 3751 747 Cum

470 783 704 836 Christus
726 782 999 840 Dominus.
1033 782 1225 849 inquit,
1255 781 1485 834 initiaret
1511 777 1760 832 Ecclesiae
1787 786 2133 842 sacramenta,
2159 778 2282 831 caelo
2311 779 2601 845 supervenit
2626 779 2879 833 columba.
2915 781 3158 853 Intelligo
3187 783 3510 852 mysterium,
3534 800 3750 853 agnosco

467 873 625 925 etiam
648 881 1049 925 sacramentunt.
1081 867 1328 924 Columba
1354 870 1491 922 enim
1519 868 1634 934 ipsa
1666 865 1745 918 est
1764 881 1877 935 qua:
1901 881 2039 917 nunc
2077 866 2146 917 ad
2174 863 2464 918 Ecclesiam
2493 864 2685 920 Christi
2714 870 2766 920 in
2795 867 3045 937 baptismo
3075 870 3229 932 venit,
3261 886 3375 941 qua:
3403 874 3664 942 quondam
3700 875 3750 925 in

468 979 647 1015 arcam
669 960 787 1016 Noe
810 963 1002 1016 diluvio
1029 961 1340 1031 properavit,
1368 968 1488 1011 tunc
1514 957 1595 1010 illi
1614 956 1942 1009 securitatem
1970 957 2290 1008 annuntians
2318 957 2465 1011 olivte
2503 974 2668 1023 ramo,
2699 960 2851 1012 modo
2899 959 3016 1012 huic
3061 957 3459 1016 mruumrnuu
3489 965 3752 1030 conferens

467 1052 752 1106 divinitatis
781 1053 993 1106 indicio.
1018 1051 1078 1104 Et
1111 1051 1294 1105 liomil.
1321 1049 1407 1113 98,
1439 1062 1561 1117 pag.
1587 1045 1724 1100 529:
1753 1043 2002 1109 Quasnam
2033 1054 2108 1098 est
2141 1046 2232 1099 illa
2261 1062 2395 1115 aqua
2417 1064 2530 1115 qua
2568 1049 2822 1102 consumit
2849 1049 3110 1116 flammas,
3141 1065 3233 1102 nec
3261 1051 3378 1118 ipsa
3405 1053 3754 1106 consumitur?

468 1138 575 1193 Illa
602 1149 698 1205 est,
722 1148 864 1209 puto,
889 1156 1003 1210 qua:
1030 1141 1081 1192 in
1113 1140 1318 1192 lavacro
1349 1136 1411 1189 de
1439 1135 1633 1188 Christi
1664 1137 1804 1204 fonte
1833 1135 2114 1203 profluens,
2139 1151 2242 1188 non
2283 1138 2602 1189 consumitur
2630 1154 2663 1189 a
2689 1139 3058 1207 peccatoribus,
3101 1140 3192 1193 sed
3227 1140 3478 1210 gehennae
3506 1142 3756 1194 consumit

465 1228 728 1280 incendia.
758 1225 887 1290 Qua:
916 1229 1035 1281 dum
1064 1245 1153 1297 per
1180 1227 1489 1296 baptismum
1515 1225 1828 1295 infunditur,
1860 1234 1909 1277 et
1945 1227 2059 1297 ipsa
2086 1228 2140 1279 in
2161 1227 2452 1280 hominibus
2481 1237 2530 1280 et
2559 1230 2743 1282 tartari
2773 1229 3047 1300 restinguit
3072 1230 3330 1285 ardorem.
3373 1231 3514 1286 Vivit
3534 1233 3690 1302 plane
3708 1235 3756 1285 in

465 1317 776 1384 hominibus,
803 1321 935 1373 sicut
966 1320 1037 1372 ait
1067 1318 1321 1372 Dominus
1343 1335 1361 1371 :
1384 1317 1530 1388 Aqua
1567 1325 1740 1370 autem
1761 1334 1912 1388 quam
1939 1318 2194 1387 ego‘dabo
2224 1320 2290 1383 ei,
2320 1319 2410 1387 ﬁet
2443 1320 2497 1370 in
2527 1335 2586 1371 eo
2617 1316 2733 1388 fons
2763 1334 2910 1388 aqua:
2952 1319 3206 1383 salientis,
3236 1328 3285 1372 et
3311 1320 3534 1389 reliqua.
3570 1320 3756 1374 Mirum

463 1421 585 1476 ergo
607 1406 659 1460 in
681 1406 887 1461 modum
909 1423 1042 1475 aqua
1063 1405 1254 1459 Christi
1282 1423 1387 1458 una
1415 1407 1692 1476 eademque
1713 1407 2008 1474 operatione
2030 1413 2079 1457 et
2108 1405 2329 1476 viviﬁcat
2369 1416 2418 1460 et
2446 1408 2745 1478 exstinguit.
2789 1407 3026 1478 Viviﬁcat
3053 1409 3189 1462 enim
3218 1411 3444 1473 animas,
3470 1411 3663 1464 delicta
3683 1429 3760 1466 re-

463 1497 696 1566 stinguit.
731 1494 847 1548 Has
876 1494 1070 1548 lavacri
1109 1496 1190 1548 sui
1227 1496 1496 1565 refrigerio
1528 1503 1757 1563 reparat,
1795 1493 1914 1547 illas
1943 1496 2162 1564 gurgitis
2193 1497 2270 1548 sui
2311 1494 2453 1547 unda
2481 1497 2766 1560 consumit;
2796 1505 2864 1561 et,
2892 1496 3028 1564 quod
3055 1496 3124 1548 ad
3150 1498 3403 1566 majorem
3437 1497 3760 1568 baptismatis

464 1585 683 1652 pertinet
707 1584 949 1655 gratiam,
975 1583 1116 1652 apud
1142 1598 1353 1654 superos
1380 1583 1681 1652 mysterium
1721 1582 2025 1647 celebratur,
2049 1591 2100 1635 et
2126 1583 2266 1651 apud
2302 1583 2497 1653 inferos
2524 1584 2758 1652 gehenna
2786 1585 3189 1655 restinguitur...
3221 1584 3325 1639 llic
3354 1587 3408 1640 in
3438 1590 3586 1657 fonte
3613 1589 3760 1643 homo

469 1673 736 1743 mergitur,
762 1681 811 1725 et
835 1673 942 1726 illic
968 1673 1032 1725 de
1052 1680 1252 1726 tartara
1283 1670 1549 1725 liberatur.
1585 1669 1692 1726 Sed
1720 1687 1812 1724 nec
1857 1672 2044 1724 mirum
2074 1672 2119 1723 si
2156 1673 2208 1724 in
2248 1670 2489 1741 baptismi
2523 1681 2851 1726 sacramento
2888 1674 3154 1743 aperiatur
3179 1674 3460 1744 infernum,
3495 1691 3614 1728 cum
3645 1685 3759 1728 tunc

463 1777 662 1831 quoque
691 1770 945 1815 reseretur
972 1770 1024 1814 et
1045 1762 1244 1814 caelum.
1270 1757 1440 1832 [xcul]
1469 1758 1785 1829 Aperiantur
1809 1760 1944 1811 enim
1987 1759 2097 1812 haec
2135 1760 2400 1824 elementa,
2435 1768 2492 1811 ut
2529 1759 2598 1812 ad
2645 1760 2907 1814 lavacrum
2945 1759 3139 1817 Christi
3177 1763 3444 1816 conveniat
3473 1762 3688 1817 libertas
3713 1774 3758 1816 et

461 1851 652 1918 gratia.
684 1848 919 1902 Libertas
947 1849 1084 1901 enim
1114 1847 1477 1901 resurrecturis
1499 1846 1758 1912 tribuitur,
1783 1848 1952 1917 gratia
1973 1849 2335 1917 regnaturis...
2360 1846 2450 1900 Illi
2475 1849 2562 1919 qui
2590 1858 2740 1902 erant
2766 1850 2899 1904 servi
2927 1851 3151 1920 peccati,
3181 1850 3328 1905 liberi
3350 1852 3487 1922 ﬁunt
3507 1853 3754 1923 justitite;

463 1941 514 1991 hi
540 1942 626 2009 qui
648 1940 904 2010 angustiis
931 1940 1110 1994 sazculi
1142 1939 1462 2003 tenebantur,
1509 1939 1745 2010 paradisi
1783 1955 1987 1991 amans
2014 1941 2320 2009 percipiunt.
2354 1937 2421 1992 In
2462 1940 2716 2008 baptismo
2753 1956 2874 2010 ergo
2904 1939 3099 1994 Christi
3127 1941 3430 2011 aperiuntur
3472 1943 3606 2010 ctuti,
3637 1961 3754 2012 ape-

462 2034 667 2084 riuntur
695 2042 745 2085 et
775 2041 994 2085 tartara.
1022 2032 1157 2086 Inde
1183 2041 1239 2084 ut
1268 2032 1499 2101 Spiritus
1528 2041 1738 2085 sanctus
1768 2032 2028 2098 adveniat,
2061 2034 2182 2086 illuc
2211 2042 2264 2085 ut
2294 2034 2654 2087 misericordia
2686 2035 2978 2089 Saluatoris
2999 2035 3232 2090 accedat.

539 2119 678 2173 XXI.
719 2119 890 2189 Negat
919 2136 1082 2190 porro
1110 2119 1372 2174 Maximus
1402 2121 1582 2174 iterari
1612 2121 1930 2189 baptismum
1963 2138 2141 2190 posse,
2175 2123 2392 2177 liomilia
2423 2122 2515 2186 28,
2547 2137 2668 2192 pag.
2694 2123 2801 2176 ὅδε
2835 2138 2958 2178 nam
2990 2124 3041 2178 id
3089 2125 3180 2180 ille
3209 2131 3609 2180 sacramentum
3631 2136 3754 2177 cum

461 2212 806 2282 elcemosyna
835 2213 1158 2267 conferens:
1199 2211 1504 2276 Lavacrum,
1538 2213 1727 2281 inquit,
1753 2214 1911 2266 semel
1935 2214 2106 2278 datur,
2130 2223 2180 2267 et
2197 2215 2356 2268 semel
2387 2215 2588 2266 veniam
2615 2212 2924 2282 pollicetur;
2954 2214 3330 2284 eleemosynam
3351 2221 3524 2266 autem
3553 2214 3757 2282 quoties

461 2306 664 2374 feceris,
697 2306 848 2358 toties
877 2305 1081 2358 veniam
1101 2307 1430 2374 promereris.
1464 2301 1520 2358 Id
1550 2312 1728 2357 autem
1760 2303 1903 2370 quod
1932 2304 2103 2359 estde
2131 2305 2494 2374 eleemosyna,
2530 2313 2589 2356 ut
2635 2307 2915 2376 ἐμφατικῶς
2938 2320 2968 2358 a
2999 2320 3058 2359 se
3085 2305 3287 2359 dictum
3307 2304 3578 2368 ostendat,
3607 2303 3754 2357 salva

461 2412 522 2452 se
549 2398 655 2465 ﬁde
677 2397 916 2451 locutum
946 2396 1148 2450 scribit.
1175 2394 1292 2448 Non
1323 2395 1466 2448 enim
1488 2395 1532 2447 is
1557 2402 1673 2447 erat
1705 2394 1985 2459 Maximus,
2017 2396 2107 2464 qui
2138 2395 2493 2466 eleemosynat
2515 2397 2620 2448 vim
2644 2408 2763 2448 esse
2798 2394 3136 2449 tribuendam
3184 2395 3506 2450 sacramenti
3525 2394 3758 2447 arbitra-

465 2489 633 2537 retur.
670 2483 804 2538 Vide
831 2493 885 2539 et
913 2491 1071 2539 tract.
1097 2483 1132 2534 2
1159 2484 1224 2535 de
1253 2482 1538 2553 Baptismo,
1569 2496 1689 2550 pag.
1722 2482 1820 2534 717
1847 2498 1961 2552 seq.

533 2574 698 2628 XXII.
739 2575 815 2629 De
838 2574 1183 2629 unctionibus
1212 2582 1338 2628 ante
1366 2573 1687 2642 baptismqu
1717 2574 1890 2642 deque
1916 2573 2034 2628 aliis
2054 2574 2369 2641 quibusdam
2400 2576 2590 2629 ritibus
2613 2590 2909 2645 eorumque
2938 2573 3329 2644 signiﬁcatione
3357 2573 3572 2628 disserit
3591 2572 3760 2628 Maxi-

460 2681 582 2720 mus
629 2674 789 2720 tract.
823 2665 846 2717 I
882 2673 940 2720 et
959 2664 994 2717 2
1023 2665 1084 2718 de
1114 2664 1402 2734 Baptismo,
1453 2677 1575 2733 pag.
1605 2662 1705 2716 710
1727 2678 1877 2732 seqq.
1914 2663 2083 2716 Reddi
2107 2674 2365 2732 praeterea
2401 2666 2723 2734 symbolum,
2757 2665 3252 2734 professionemque
3275 2663 3396 2718 ﬁdei
3426 2663 3597 2719 emitti
3623 2671 3758 2718 ante

460 2755 784 2826 baptismum
805 2755 1171 2819 consuevisse,
1204 2753 1346 2807 idem
1369 2753 1532 2806 tradit
1554 2751 1814 2806 Maximus
1845 2753 1995 2816 ibid.,
2026 2767 2145 2821 pag.
2178 2753 2297 2805 714.
2332 2753 2530 2807 Scribit
2559 2755 2780 2822 insuper
2823 2768 2942 2823 pag.
2980 2753 3082 2806 715
3114 2771 3126 2806 :
3163 2752 3496 2806 Ostendimus
3524 2767 3614 2806 vos
3655 2768 3752 2821 per

461 2844 630 2899 oleum
651 2845 1085 2914 sanctiﬁcationis
1113 2843 1182 2896 ad
1211 2842 1440 2895 auditum
1467 2841 1592 2910 ﬁdei
1619 2850 1961 2910 praeparatos,
1984 2851 2033 2893 et
2062 2840 2245 2894 bonum
2267 2840 2461 2894 Christi
2489 2844 2698 2896 odorem
2727 2852 2952 2907 vocatos,
2984 2859 3048 2897 ea:
3071 2852 3178 2897 toto
3208 2844 3362 2896 corde
3381 2843 3761 2895 abrenuntiau-

462 2935 582 2987 dum
612 2951 722 2988 esse
748 2934 1200 2988 commonitos.....
1232 2930 1442 2984 Emissa
1463 2932 1744 2983 certissima
1773 2931 2032 2993 cautione,
2056 2948 2154 3000 qua
2182 2947 2269 2984 vos
2294 2931 2662 2985 abrenuntiare
2691 2933 2924 2986 omnibus
2945 2935 3165 3003 pompis,
3196 2944 3244 2987 et
3270 2934 3504 3003 operibus
3534 2934 3675 3003 ejus,
3705 2942 3758 2986 et

461 3031 603 3084 omni
633 3027 968 3099 fornicationi
994 3024 1264 3080 diabolica:
1291 3023 1658 3093 spopondistis,
1690 3023 2026 3075 descendistis
2055 3023 2109 3076 in
2134 3024 2329 3094 fontem
2348 3040 2577 3086 sacrum,
2611 3025 2806 3093 fontem
2837 3025 2969 3089 vitae,
2994 3027 3191 3095 fontem
3212 3026 3601 3093 redemptionis,
3629 3028 3758 3095 fon-

463 3127 565 3175 tem
611 3121 995 3189 sanctiﬁcatum
1022 3119 1207 3171 virtute
1227 3117 1435 3179 caelesti,
1463 3123 1513 3168 et
1550 3117 1622 3167 ita
1647 3116 2049 3184 sanctiﬁcatum,
2100 3124 2154 3165 ut
2184 3115 2437 3179 homines,
2461 3132 2552 3185 per
2573 3121 2735 3170 multa
2755 3125 2968 3185 peccata
2995 3117 3256 3183 diluendo,
3287 3119 3597 3188 sanctiﬁcet.
3624 3117 3684 3171 Ν
3688 3137 3756 3173 oss

461 3212 602 3265 enim
622 3211 815 3265 debetis
838 3211 961 3264 illas
987 3225 1149 3280 aquas
1178 3208 1340 3262 oculis
1361 3209 1640 3273 aestimare,
1672 3207 1761 3260 sed
1790 3216 1976 3261 mente.
2021 3206 2166 3260 Nam
2191 3209 2288 3260 etsi
2315 3206 2605 3261 substantia
2651 3207 2792 3261 illius
2823 3222 2971 3278 aqua:
2997 3208 3063 3260 de
3090 3209 3349 3262 communi
3372 3225 3626 3278 aquarum
3650 3225 3756 3261 na-

459 3312 580 3358 tura
596 3307 684 3371 sit,
714 3305 924 3374 eﬂ'ectus
964 3313 1138 3356 tamen
1165 3301 1327 3371 ipsius
1366 3317 1431 3354 ex
1458 3299 1556 3354 Dei
1582 3301 1750 3370 gratia
1776 3308 1826 3353 et
1853 3301 2036 3352 virtute
2064 3300 2411 3368 procedit.....
2446 3298 2672 3368 Spiritus
2713 3299 2847 3352 enim
2875 3307 3088 3354 sanctus
3115 3302 3170 3354 in
3196 3300 3290 3353 illa
3317 3317 3452 3372 aqua
3478 3310 3753 3370 operatur,

457 3405 514 3450 ut
541 3397 629 3467 qui
656 3406 777 3450 ante
804 3395 1114 3463 baptismum
1137 3396 1455 3450 diversorum
1476 3395 1749 3448 criminum
1773 3395 1847 3445 rei
1877 3391 2249 3445 tenebantur...
2284 3399 2399 3460 post
2424 3390 2733 3462 baptismum
2761 3393 2817 3445 in
2846 3393 3089 3447 cwlorum
3118 3409 3333 3463 regnum
3356 3393 3557 3446 intrare
3577 3409 3754 3446 mere-

457 3496 753 3541 rcntur.....
808 3486 877 3540 In
917 3488 1011 3541 hoc
1039 3503 1162 3557 ergo
1191 3488 1333 3555 fonte
1359 3495 1632 3555 antequam
1674 3499 1760 3537 vos
1789 3491 1894 3537 toto
1917 3499 2129 3549 corpore
2152 3485 2460 3554 tingeremus
2480 3500 2499 3537 :
2530 3484 2897 3553 (immerSione
2919 3499 3150 3553 namque
3178 3484 3411 3539 conferri
3439 3485 3750 3554 baptismus

455 3577 857 3645 consueverat),
881 3576 1309 3646 interrogavimus
1333 3591 1352 3628 :
1382 3573 1562 3629 Credis
1590 3575 1642 3627 in
1671 3572 1834 3627 Deum
1856 3574 2066 3626 Patrem
2093 3575 2532 3644 omnipotentem?
2561 3573 2919 3644 Respondistis
2943 3590 2960 3626 :
3003 3572 3190 3627 Credo.
3228 3571 3424 3626 Rursus
3445 3574 3749 3647 interroga-

456 3671 622 3723 vimus
645 3684 663 3720 :
695 3667 876 3721 Credis
903 3675 952 3720 et
976 3669 1030 3719 in
1049 3666 1228 3719 Iesum
1248 3663 1508 3718 Christum
1538 3663 1584 3715 F
1588 3665 1731 3718 ilium
1751 3664 1881 3734 ejus,
1913 3665 1999 3731 qui
2027 3672 2302 3733 conceptus
2324 3673 2400 3716 est
2429 3663 2491 3716 de
2513 3663 2715 3732 Spiritu
2744 3672 2944 3726 sancto,
2974 3670 3023 3715 et
3051 3669 3209 3714 natus
3246 3671 3324 3715 est
3342 3677 3408 3714 ea;
3437 3659 3618 3714 Maria
3637 3664 3752 3717 vir-

452 3760 609 3828 gina?
632 3757 1202 3829 Respondistis'singuli
1221 3772 1239 3809 :
1261 3754 1447 3810 Credo.
1484 3755 1677 3808 Iterum
1697 3757 2123 3826 interrogavimus
2150 3772 2167 3808 :
2190 3751 2369 3808 Credis
2393 3763 2444 3807 et
2471 3756 2524 3808 in
2562 3755 2820 3822 Spiritum
2864 3755 3138 3807 sanctum?
3168 3752 3528 3824 Respondistis
3549 3755 3749 3808 simili-

455 3857 536 3901 ter
561 3865 580 3901 :
610 3846 798 3901 Credo.
832 3845 962 3900 Hac
991 3854 1161 3899 autem
1190 3846 1402 3915 fecimus
1426 3845 1583 3914 juxta
1602 3844 1813 3898 Domini
1834 3846 1994 3898 nostri
2015 3844 2140 3898 Jesu
2161 3843 2350 3898 Christi
2392 3845 2682 3898 Saluatoris
2711 3845 3001 3915 imperium,
3031 3844 3138 3914 qui,
3169 3859 3286 3896 cum
3333 3843 3402 3895 ad
3441 3842 3661 3897 Patrem
3689 3847 3747 3898 in

456 3941 607 3995 ctelos
629 3938 951 4002 ascenderet,
985 3936 1269 4007 discipulis,
1293 3934 1349 3988 id
1368 3946 1443 3989 est
1471 3936 1738 4005 apostolis,
1771 3935 2099 3988 demandauit
2124 3935 2296 3988 dicens
2326 3950 2342 3986 :
2374 3933 2571 3986 Euntes
2612 3931 2866 4003 baptizate
2892 3949 3068 3986 omnes
3090 3941 3265 4002 gentes
3310 3932 3365 3983 in
3395 3933 3602 3984 nomine
3631 3933 3749 3986 Pa-

456 4031 570 4094 tris,
613 4039 663 4082 et
702 4027 852 4090 Filii,
879 4036 930 4081 et
961 4026 1189 4096 Spiritus
1216 4029 1402 4092 sancti,
1435 4027 1673 4080 docentes
1711 4042 1795 4079 eos
1831 4042 2032 4078 servare
2054 4025 2229 4078 omnia
2257 4040 2566 4095 quwcunque
2596 4023 2838 4077 mandavi
2867 4022 3026 4077 vobis.
3056 4021 3225 4078 Nemo
3251 4033 3421 4076 autem
3449 4039 3564 4076 cum
3589 4025 3750 4078 audit

457 4116 690 4180 Patrem,
722 4125 771 4169 et
801 4115 848 4166 F
851 4116 1015 4181 ilium,
1059 4123 1109 4166 et
1146 4113 1401 4184 Spiritum
1423 4124 1676 4176 sanctum,
1717 4122 1815 4167 tres
1844 4115 1966 4168 deos
1996 4129 2088 4166 nos
2111 4115 2325 4167 aestimet
2353 4113 2607 4181 conﬁteri.
2645 4111 2793 4175 Quod
2814 4112 3142 4183 sacrilegium
3171 4109 3336 4184 [κων]
3364 4111 3498 4166 absit
3526 4113 3684 4183 longe
3709 4131 3746 4166 α

452 4207 560 4276 ﬁde
603 4214 803 4268 nostra,
829 4207 948 4274 quia
967 4220 1129 4257 unum
1152 4202 1315 4257 Deum
1343 4213 1540 4257 tantum
1567 4220 1695 4268 esse,
1729 4205 1841 4272 ipso
1864 4212 2157 4266 attestante,
2185 4204 2625 4273 cognovimus.....
2661 4201 2785 4255 Tres
2814 4219 2933 4272 ergo
2963 4218 3211 4272 personas
3239 4211 3465 4256 tenemus
3484 4212 3535 4256 et
3559 4206 3744 4258 credi-

453 4312 588 4358 mus,
623 4294 680 4348 id
704 4303 800 4360 est,
823 4293 1035 4346 Patrem
1056 4302 1104 4346 et
1137 4290 1187 4344 F
1189 4293 1355 4360 ilium,
1378 4302 1428 4345 et
1451 4292 1706 4361 Spiritum
1733 4303 1987 4355 sanctum,
2017 4293 2169 4345 unius
2198 4291 2456 4360 potentiaz,
2498 4291 2650 4343 unius
2695 4288 3012 4354 substantiw,
3043 4291 3194 4343 unius
3233 4290 3557 4356 aeternitatis,
3581 4294 3744 4347 unius

453 4384 751 4445 voluntatis,
802 4384 952 4434 unius
993 4382 1151 4435 etiam
1196 4381 1423 4444 deitatis,
1471 4389 1520 4433 et
1568 4390 1728 4433 totam
1774 4379 2078 4435 Trinitatem
2105 4383 2257 4434 unius
2281 4380 2376 4434 Dei
2405 4380 2748 4450 appellatione
2766 4395 3090 4433 veneramur.
3122 4378 3344 4434 Credere
3363 4391 3534 4434 autem
3559 4383 3742 4452 plures

453 4475 596 4538 deos,
624 4476 828 4544 gentilis
849 4475 1083 4544 impietas
1112 4483 1206 4527 est.
1241 4472 1310 4525 Et
1329 4475 1530 4527 iterum.
1554 4471 1678 4528 Non
1701 4474 1908 4528 credere
1929 4485 2030 4527 tres
2053 4492 2301 4544 personas
2322 4476 2473 4527 unius
2492 4473 2793 4526 substantia:
2812 4475 2866 4526 in
2886 4490 2992 4527 una
3014 4472 3219 4538 deitate,
3245 4483 3394 4545 atque
3419 4474 3743 4545 (equalitate,

451 4567 529 4618 vel
553 4567 923 4629 cowternitate,
970 4565 1212 4618 haeretica
1242 4565 1498 4620 dementia
1525 4574 1634 4629 est;
1683 4582 1795 4620 cum
1832 4568 2111 4635 manifesta
2140 4567 2250 4620 hwc
2288 4567 2374 4630 sit,
2406 4582 2556 4636 quam
2586 4565 2828 4630 diximus,
2874 4567 3152 4620 auctoritas
3192 4564 3383 4620 Christi
3413 4582 3431 4620 :
3463 4565 3744 4635 Baptizata

451 4674 628 4710 omnes
658 4667 829 4727 gentes
854 4656 909 4709 in
938 4657 1146 4710 nomine
1182 4655 1382 4723 Patris,
1407 4667 1457 4711 et
1493 4656 1644 4724 Filii,
1674 4667 1723 4711 et
1763 4657 1988 4727 Spiritus
2011 4660 2242 4712 sancti...
2279 4657 2409 4712 Haec
2438 4667 2607 4712 autem
2635 4673 2750 4726 qua:
2785 4657 3045 4729 hucusque
3072 4657 3314 4723 discimus,
3346 4668 3618 4730 postquam
3647 4675 3740 4714 vos

451 4748 660 4801 credere
681 4748 1010 4818 promisistis,
1037 4749 1185 4800 tertio
1207 4751 1426 4816 corpora
1447 4758 1614 4802 vestra
1633 4751 1689 4802 in
1715 4751 1856 4819 fonte
1887 4748 2245 4801 demersimus.
2275 4747 2373 4812 Qui
2395 4747 2520 4800 ordo
2543 4745 2866 4816 baptismatis
2887 4747 3078 4817 duplici
3098 4748 3330 4816 mysterii
3349 4748 3741 4817 signiﬁcatione

451 4838 761 4892 celebratur.
798 4837 952 4890 Recte
977 4838 1115 4890 enim
1147 4839 1295 4891 tertio
1325 4839 1477 4891 mersi
1503 4839 1624 4890 estis
1672 4839 1757 4908 qui
1786 4839 2055 4907 accepistis
2102 4835 2410 4905 baptismum
2437 4837 2492 4887 in
2538 4837 2745 4889 nomine
2768 4833 2894 4887 Jesu
2923 4833 3135 4898 Christi,
3166 4836 3251 4905 qui
3282 4837 3434 4888 tertia
3463 4835 3544 4889 die
3562 4853 3746 4891 resur-

455 4933 588 4985 rexit
637 4948 670 4984 a
708 4933 943 4984 mortuis.
980 4928 1084 4982 Illa
1112 4931 1249 4983 enim
1278 4932 1427 4983 tertio
1451 4931 1668 4999 repetita
1690 4929 1941 4984 demersio
1973 4940 2144 5000 typum
2173 4929 2447 4982 dominica:
2473 4927 2715 4996 exp'rimit
2746 4925 3038 4994 sepulturte,
3065 4942 3160 4994 per
3188 4942 3342 4994 quam
3369 4923 3572 4980 Christo
3601 4944 3740 4982 con-

451 5022 637 5092 scpulti
666 5022 789 5074 estis
829 5022 882 5073 in
922 5021 1194 5083 baptismo,
1236 5028 1284 5070 et
1309 5035 1422 5072 cum
1451 5017 1654 5072 Christo
1676 5021 2034 5072 resurrexistis
2059 5020 2112 5071 in
2137 5017 2260 5087 ﬁde,
2291 5026 2345 5068 ut
2374 5016 2597 5085 peccatis
2620 5013 2802 5077 abluti,
2832 5015 2883 5066 in
2906 5014 3181 5067 sanctitate
3200 5015 3441 5068 virtutum
3467 5012 3740 5072 Christum

454 5113 499 5164 vi
508 5111 632 5163 ratis
652 5108 920 5161 imitando.

525 5197 709 5252 XXIII.
750 5197 867 5251 Iam
895 5210 1003 5266 quo
1032 5204 1273 5265 tempore
1301 5194 1534 5250 conferri
1565 5203 1690 5248 tunc
1728 5196 2022 5263 baptismus
2067 5196 2285 5255 soleret,
2312 5193 2647 5248 demonstrat
2675 5191 2938 5245 Maximus
2963 5191 3182 5246 homilia
3213 5192 3300 5260 6i,
3335 5207 3454 5262 pag.
3484 5192 3583 5247 I94
3616 5213 3630 5248 :
3663 5194 3735 5251 In

453 5289 664 5360 pascha,
704 5287 893 5356 inquit,
934 5301 1110 5340 omnes
1159 5293 1334 5356 gentes
1378 5284 1633 5354 baptizari
1659 5284 1843 5337 solent.
1867 5283 1990 5351 Agit
2011 5284 2136 5337 item
2167 5291 2352 5337 noster
2379 5283 2445 5336 de
2466 5281 2734 5350 baptismo
2754 5280 3030 5348 sanguinis
3049 5295 3302 5337 sermone
3327 5281 3418 5344 88,
3445 5297 3565 5352 pag.
3600 5283 3731 5351 625,

450 5392 559 5446 quo
581 5377 701 5430 loco
730 5394 743 5428 :
778 5374 1129 5437 Incumbeute,
1156 5373 1347 5441 inquit,
1374 5371 1763 5441 persecutionis
1789 5372 1968 5425 lurore
1989 5372 2163 5425 adhuc
2183 5371 2552 5425 catechumeni
2574 5371 2811 5423 animum
2834 5369 2972 5426 caelo
2992 5379 3315 5441 prmparant,
3341 5381 3739 5440 regeneratum:-

451 5474 646 5529 morte,
678 5465 1024 5519 damnatione
1053 5463 1354 5525 solvuntur,
1384 5460 1563 5530 gladio
1584 5468 1986 5514 consecrantur.

523 5555 710 5611 XXIV.
755 5555 931 5623 Pergit
958 5555 1218 5609 Maximus
1246 5553 1482 5608 scribere
1509 5560 1740 5607 tractatu
1763 5553 1796 5605 5
1817 5553 1880 5605 de
1909 5552 2190 5621 Baptismo,
2211 5566 2332 5620 pag.
2365 5551 2484 5604 7I7.
2519 5550 2693 5616 Nunc,
2728 5551 2920 5619 inquit,
2954 5551 3016 5605 de
3052 5552 3115 5606 iis
3139 5561 3306 5606 acturi
3336 5568 3514 5607 sumus
3539 5569 3659 5622 qua:
3675 5554 3738 5609 in

434 5648 549 5715 jam
580 5645 850 5714 baptizatis
877 5655 1058 5700 sancta
1087 5641 1400 5699 institutione
1422 5640 1762 5709 complentur.
1793 5636 2010 5706 (inpleto
2034 5642 2170 5695 enim
2200 5637 2524 5707 baptismate,
2548 5649 2699 5707 caput
2721 5649 2941 5696 vestrum
2961 5640 3254 5709 chrismate,
3278 5639 3335 5696 id
3358 5650 3456 5708 est,
3480 5642 3594 5700 oleo
3615 5658 3742 5701 sau-
