3898 6226
141 338 194 392 05
1571 324 1680 378 PBt

1836 321 1956 376 I'IO.
2697 339 2729 352 -
3307 312 3375 368 9i

138 443 445 512 ctiﬁcationis,
476 438 830 510 infundimus,
864 454 956 506 per
998 450 1130 505 quoa
1156 434 1433 487 ostenditur
1460 433 1732 500 baptizatis
1764 438 1983 502 regalem
2012 440 2060 482 et
2087 429 2454 484 sacerdotalem
2483 429 2706 500 conferri
2736 444 2769 482 a
2797 427 3024 484 Domino
3047 428 3373 501 dignitatem.

138 533 257 585 Nam
281 535 331 586 in
366 531 540 585 Veteri
562 530 922 590 Testamento,
953 529 1009 580 hi
1037 529 1122 598 qui
1143 525 1434 595 legebantur
1457 527 1508 576 in
1540 524 1830 577 sacerdotio
1860 525 1937 576 vel
1961 525 2015 577 in
2042 539 2197 593 regno
2243 531 2421 576 sancto
2448 521 2770 592 ungebantur
2789 521 2920 586 oleo,
2951 528 3001 574 et
3028 521 3265 574 unctione
3287 537 3379 574 ca-

137 626 236 690 pitis
273 625 356 675 alii
385 623 662 692 regnandi,
713 623 806 674 alii
847 620 1110 688 sacriﬁcia
1137 619 1383 686 offerendi
1409 617 1724 685 accipiebant
1755 633 1784 667 a
1815 615 2036 669 Domino
2065 623 2456 685 potestatem...
2484 613 2591 668 Sed
2617 613 2746 665 illud
2774 613 2828 664 in
2858 610 3027 664 Veteri
3051 609 3376 663 Testamento

137 713 278 762 oleum
297 711 570 778 temporale
599 725 839 778 regnum,
865 707 1145 776 temporale
1162 705 1521 767 sacerdotium,
1552 702 1889 773 conferebat"
1995 702 2110 756 Hoc
2136 712 2302 755 autem
2330 702 2574 765 chrisma,
2596 702 2650 754 id
2669 709 2765 768 est,
2782 701 2892 755 haec
2910 700 3084 752 unctio
3104 714 3217 769 quae
3234 696 3376 752 vobis

140 803 343 869 imposita
370 812 464 866 est,
489 803 634 854 illius
662 800 942 853 sacerdotii
969 799 1182 852 contulit
1202 799 1516 868 dignitatem,
1541 797 1674 867 quod
1695 812 1808 848 cum
1829 797 1984 850 semel
2013 797 2252 849 collatum
2283 796 2458 866 fuerit,
2482 809 2740 864 nunquam
2761 801 2836 845 cst
2856 790 3156 860 ﬁniendum.
3181 786 3376 840 Mirum

136 903 246 944 certe
285 893 414 962 quod
441 892 694 954 diximus,
736 908 822 944 vos
852 891 940 944 illo
967 890 1242 942 chrismate
1269 905 1482 957 regnum
1512 889 1699 956 futura:
1740 887 1940 956 glorior,
1971 897 2021 940 et
2065 886 2410 940 sacerdotium
2438 899 2547 938 esse
2576 891 2888 937 consecutos.
2932 879 3120 932 Verum
3149 892 3252 929 non
3280 888 3375 943 ego

136 979 266 1038 tabis,
289 981 372 1032 sed
400 979 671 1046 apostolus
714 978 920 1039 Petrus,
952 978 1056 1029 imo
1082 994 1173 1046 per
1202 975 1415 1028 Petrum
1452 973 1704 1035 Christus,
1735 977 1978 1028 collatam
2017 975 2151 1027 hanc
2179 975 2478 1044 pronuntiat
2507 971 2830 1042 dignitatem.
2879 967 2969 1024 Stc
2996 969 3133 1021 enim
3153 965 3376 1034 loquitur

138 1071 192 1119 ad
213 1071 396 1136 ﬁdeles,
418 1070 473 1122 id
493 1080 594 1135 est,
617 1070 688 1122 ad
714 1085 799 1121 eos
828 1070 912 1138 qui
938 1068 1242 1138 baptismate
1270 1068 1432 1120 abluti
1459 1075 1507 1120 et
1530 1068 1810 1140 chrismate
1833 1068 2116 1121 consecrati
2145 1075 2262 1120 sunt
2287 1083 2304 1118 :
2341 1065 2447 1120 Vos
2470 1074 2638 1117 autem
2668 1079 2827 1134 genus
2856 1063 3027 1132 regale
3055 1071 3103 1114 et
3129 1056 3373 1112 sacerdo-

137 1160 236 1220 tale,
261 1174 376 1226 gens
402 1168 608 1221 sancta,
635 1166 731 1209 etc.
759 1156 1091 1210 Considerate
1117 1173 1237 1226 ergo
1259 1157 1499 1209 honorem
1521 1172 1668 1226 quem
1691 1156 1745 1208 in
1769 1157 1857 1210 illo
1883 1157 2005 1210 estis
2024 1166 2264 1225 mysterio
2289 1156 2564 1220 consecuti,
2592 1162 2694 1206 etc.
2721 1151 2928 1217 Quotus
2950 1160 3128 1204 autem
3148 1149 3377 1218 quisque

137 1258 222 1296 non
251 1246 520 1312 intelligat,
547 1245 972 1300 conﬁrmationis
994 1243 1137 1316 [xcv]
1161 1254 1574 1308 sacramentum,
1598 1244 1743 1311 quod
1768 1245 2020 1298 unctione
2041 1245 2376 1313 potissimum
2398 1243 2704 1298 chrismatis
2726 1243 2778 1294 in
2806 1240 2983 1294 fronte
3009 1237 3373 1308 perﬁceretur,

135 1337 205 1388 hic
231 1338 441 1390 indicari
464 1352 494 1389 a
525 1336 784 1402 Maximo,
815 1338 905 1405 qui
934 1338 1158 1391 memori
1200 1345 1380 1391 mente
1432 1344 1658 1398 teneret,
1688 1350 1808 1403 qua:
1845 1343 2064 1404 accepta
2095 1352 2125 1389 a
2153 1333 2369 1390 Christo
2399 1343 2555 1402 atque
2585 1333 2649 1387 ab
2681 1331 2937 1402 apostolis
2982 1330 3193 1395 tradita,
3224 1343 3374 1382 com-

135 1422 355 1474 mendata
381 1438 411 1475 a
439 1421 693 1477 Patribus
715 1433 893 1478 essent
915 1425 1187 1479 memoria:
1211 1425 1485 1478 hominum
1513 1426 1886 1493 scmpitemce?
1908 1423 2134 1480 Sanctus
2155 1424 2452 1496 Cyprianus
2497 1425 2654 1493 epist.
2683 1422 2767 1487 70,
2797 1420 2864 1474 ad
2890 1419 3220 1482 Januarium,
3251 1431 3372 1487 pag.

138 1509 221 1561 190
246 1511 362 1564 edit.
393 1508 570 1566 Oxon.
598 1529 690 1566 an.
718 1511 856 1566 1682
883 1533 895 1566 :
929 1514 1065 1584 Ungi
1094 1531 1288 1585 quoque
1310 1530 1513 1566 necesse
1550 1525 1629 1568 est
1649 1533 1764 1569 eum
1791 1519 1876 1584 qui
1899 1516 2186 1586 baptizatus
2206 1519 2292 1581 sit,
2314 1526 2370 1568 ut
2391 1525 2597 1585 accepto
2622 1514 2917 1578 chrismate,
2939 1511 2994 1565 id
3022 1520 3096 1565 est
3114 1511 3374 1574 unctione,

133 1614 224 1650 esse
249 1609 421 1652 unctus
450 1599 571 1666 Dei,
596 1610 649 1654 et
675 1599 862 1654 habere
886 1603 939 1654 in
961 1619 1017 1654 se
1041 1603 1263 1670 gratiam
1293 1601 1483 1655 Christi
1511 1605 1692 1671 possit.
1724 1603 1839 1658 Huc
1865 1605 2110 1659 recidunt
2135 1621 2252 1673 qua:
2281 1606 2466 1659 scribit
2491 1613 2708 1658 sanctus
2731 1601 2992 1656 Pacianus
3026 1600 3182 1669 epist.
3216 1598 3266 1662 1,
3310 1598 3377 1653 ad

132 1686 552 1756 Symproniauum
579 1707 592 1741 :
627 1690 690 1743 Si
717 1707 838 1760 ergo
867 1700 915 1743 et
944 1691 1137 1743 lavacri
1161 1701 1210 1742 et
1236 1691 1529 1744 chrismatis
1557 1703 1804 1761 potestas,
1855 1694 2111 1764 majorum
2153 1695 2305 1765 longe
2333 1695 2697 1748 charismatum
2719 1693 2790 1745 ad
2825 1693 3087 1761 episcopos
3133 1689 3251 1742 inde
3283 1687 3376 1741 de-

131 1780 418 1833 scendit.....
443 1799 570 1852 ergo
596 1800 691 1836 nec
721 1783 965 1848 chrisma,
990 1798 1080 1834 nec
1110 1782 1478 1851 baptisma.....
1513 1787 1753 1851 potestati
1775 1786 1884 1854 ejus
1915 1786 2116 1839 indulta
2144 1795 2239 1851 est,
2266 1787 2385 1855 quia
2407 1785 2537 1838 nihil
2559 1784 2770 1854 propria
2797 1783 3132 1852 usurpatione
3159 1779 3377 1834 manda-

130 1879 220 1921 tum
239 1879 324 1935 est,
351 1882 614 1943 totumque
635 1874 690 1925 id
716 1889 780 1926 ex
809 1873 1092 1942 apostolico
1114 1873 1236 1942 jure
1263 1873 1498 1941 deﬂuxit.
1525 1872 1679 1926 Paria
1708 1874 1791 1928 his
1821 1875 2021 1929 habent
2049 1883 2264 1930 sanctus
2291 1874 2516 1944 Optatus
2557 1874 2893 1928 Milevitanus
2918 1873 3010 1925 lib.
3039 1887 3095 1925 ιιι
3123 1871 3378 1924 adversus

133 1955 536 2024 Parmenianum,
559 1975 679 2028 cap.
715 1959 764 2024 5,
791 1975 912 2030 pag.
959 1959 1028 2012 62
1069 1960 1196 2014 edit.
1229 1962 1488 2031 Antuerp.
1516 1977 1603 2015 an.
1637 1962 1801 2028 1702;
1829 1971 1883 2018 et
1911 1964 2002 2017 lib.
2033 1981 2122 2030 vn,
2149 1980 2268 2034 cap.
2299 1963 2351 2032 4,
2380 1979 2503 2034 pag.
2541 1964 2642 2017 102
2667 1979 2848 2032 seqq.;
2875 1970 2931 2017 et
2955 1971 3170 2016 sanctus
3193 1961 3376 2029 Augu-

129 2047 279 2102 slinus
300 2048 387 2101 lib.
411 2065 480 2101 xv
501 2050 565 2102 de
592 2048 865 2116 Trinitate,
889 2065 1006 2119 cap.
1031 2049 1118 2114 26,
1145 2060 1276 2105 ῑοιιι.
1301 2051 1411 2105 VIII
1437 2067 1610 2121 oper.,
1637 2066 1756 2121 pag.
1793 2053 1893 2106 708
1915 2055 2046 2108 edit.
2072 2055 2330 2124 Antuerp.
2362 2071 2448 2108 an.
2477 2055 2630 2120 1700,
2658 2070 2765 2123 quo
2789 2054 2908 2108 loco
2932 2062 3150 2108 unctum
3173 2051 3376 2120 Spiritu

131 2145 293 2189 sancto
315 2138 585 2192 Christum
612 2148 670 2192 ut
708 2140 1000 2203 hominem,
1035 2141 1280 2207 afﬁrmat,
1310 2160 1415 2196 non
1441 2145 1615 2213 utique
1643 2143 1756 2196 oleo
1780 2144 1986 2209 visibili,
2028 2145 2120 2199 sed
2160 2147 2296 2200 dono
2321 2148 2525 2216 gratiae.
2558 2147 2693 2216 quod
2713 2145 2902 2200 visibili
2930 2145 3258 2216 signiﬁcatur
3277 2161 3376 2198 un-

130 2236 311 2291 guento,
334 2244 426 2297 quo
456 2227 750 2297 baptizatos
769 2233 916 2300 ungit
941 2231 1196 2285 Ecclesia.
1232 2231 1298 2284 Et
1321 2241 1550 2286 tractatu
1583 2233 1616 2286 5
1643 2235 1697 2286 in
1725 2233 1884 2287 Joan.
1918 2234 2110 2303 Epist.,
2160 2251 2306 2290 num.
2333 2233 2383 2303 5,
2419 2245 2548 2292 tom.
2576 2236 2662 2299 Ill,
2687 2243 2822 2305 part.
2855 2252 2909 2302 tt,
2934 2249 3055 2304 pag.
3084 2233 3206 2300 616,
3237 2235 3326 2288 ubi
3359 2252 3372 2287 :

131 2316 294 2372 Unctio
330 2323 604 2389 spiritalis,
655 2323 846 2389 inquit,
879 2325 989 2392 ipse
1035 2323 1260 2392 Spiritus
1292 2333 1500 2378 sanctus
1545 2334 1642 2390 est,
1673 2326 1818 2395 cujus
1839 2337 2216 2382 sacramentum
2246 2337 2321 2382 est
2342 2330 2394 2382 in
2424 2330 2662 2382 unctione
2683 2326 2887 2381 uisibili.
2912 2326 3017 2381 Sed
3048 2341 3114 2380 ne
3136 2326 3377 2396 pluribus

126 2420 298 2474 morer,
334 2427 492 2464 unum
522 2411 672 2465 illum
700 2412 1000 2465 describam
1029 2411 1204 2466 locum
1227 2413 1316 2480 qui
1341 2421 1518 2467 exstat
1539 2414 1630 2467 lib.
1657 2431 1695 2468 ιι
1723 2427 1905 2469 contra
1927 2417 2076 2486 epist.
2114 2416 2378 2481 Petiliani,
2406 2432 2523 2484 cap.
2559 2415 2682 2479 104,
2707 2429 2829 2485 pag.
2859 2413 2979 2479 199,
3011 2422 3139 2468 tom.
3165 2412 3255 2476 IX,
3280 2415 3374 2480 qui

125 2499 348 2554 locusest
369 2502 678 2569 hujusmodi
705 2518 719 2553 :
751 2501 1144 2554 Saeramentum
1165 2501 1550 2556 chrismatis....
1574 2505 1629 2556 in
1672 2521 1854 2574 genere
1883 2507 2155 2560 visibilium
2182 2507 2566 2578 signaculorum
2595 2513 2974 2560 sacramentum
2993 2512 3087 2568 est,
3112 2505 3243 2556 sicut
3264 2505 3376 2572 ipse

125 2588 401 2655 baptismus,
450 2601 558 2647 etc.
609 2591 728 2646 Jam
783 2601 1001 2646 sanctus
1044 2592 1153 2647 Leo
1201 2593 1424 2661 Magnus
1451 2610 1613 2648 serm.
1646 2593 1733 2659 25,
1758 2598 1848 2664 qui
1873 2606 1950 2651 est
1995 2607 2215 2667 quartus
2240 2600 2302 2651 de
2333 2596 2616 2650 Nativitate
2637 2596 2869 2658 Domini,
2895 2611 3014 2664 cap.
3049 2595 3100 2660 6,
3127 2609 3250 2665 pag.
3283 2593 3370 2659 56,

125 2685 238 2731 ιοιιι.
267 2678 286 2731 I
314 2696 461 2749 oper.
486 2681 624 2736 edit.
657 2681 812 2735 Rom.
846 2697 933 2735 an.
962 2682 1117 2745 1755,
1149 2684 1404 2752 populum
1432 2683 1650 2750 docens,
1685 2687 1758 2740 ita
1785 2701 1915 2740 sane
1958 2697 2014 2741 ut
2036 2688 2297 2743 Maximus
2325 2689 2510 2743 scribit
2537 2706 2549 2740 :
2602 2687 2722 2752 Vos,
2771 2703 2895 2758 quos
2943 2686 3098 2739 nullis
3145 2685 3369 2763 dignius.

123 2782 256 2833 quam
283 2769 411 2824 beati
432 2771 582 2825 Petri
605 2775 827 2842 apostoli
847 2774 1083 2844 alloquor
1101 2775 1286 2836 verbis,
1317 2791 1476 2844 genus
1505 2777 1736 2839 electum,
1764 2781 1936 2848 regale
1963 2779 2327 2844 sacerdotium,
2373 2791 2492 2841 etc.,
2521 2787 2816 2849 permanele
2843 2779 3050 2830 stabiles
3096 2777 3148 2829 in
3177 2792 3238 2828 ea
3265 2775 3375 2843 ﬁde

122 2874 254 2924 quam
282 2862 501 2930 confessi
530 2864 655 2915 estis
681 2879 855 2915 coram
883 2864 1059 2915 multis
1087 2863 1314 2928 testibus,
1359 2874 1408 2916 et
1438 2867 1490 2918 in
1538 2883 1638 2936 qua
1684 2867 1850 2918 renati
1877 2885 1967 2935 per
1995 2885 2180 2936 aquam
2208 2877 2257 2921 et
2295 2868 2548 2938 Spiritum
2575 2877 2827 2930 sanctum,
2856 2867 3125 2935 accepistis
3143 2866 3369 2919 chrisma

121 2949 324 2999 salttlare
345 2959 392 3000 et
415 2951 743 3018 signaculum
772 2952 887 3005 vita:
915 2959 1140 3006 aeterna.
1171 2951 1238 3005 Et
1264 2968 1513 3007 sermone
1543 2955 1594 3018 5,
1619 2955 1710 3021 qui
1739 2955 1911 3007 dictus
1933 2955 1985 3008 in
2010 2957 2335 3008 anniversar.
2368 2955 2760 3023 Assumptionis
2778 2954 2844 3008 ad
2867 2953 3236 3022 pontiﬁcatum
3257 2968 3368 3007 sua:

121 3031 222 3098 luit,
247 3050 357 3105 cap.
391 3037 440 3101 1,
490 3049 617 3107 pag.
651 3038 683 3091 8
711 3056 724 3090 :
777 3038 843 3091 In
889 3041 1103 3104 unitate,
1136 3041 1325 3108 inquit,
1357 3041 1479 3109 ﬁdei
1500 3051 1649 3110 atque
1674 3041 1997 3110 baptismatis
2026 3042 2308 3095 indiscreta
2336 3041 2480 3095 nobis
2510 3043 2746 3103 societas,
2773 3041 3113 3106 dilectissimi,
3137 3050 3186 3093 et
3207 3057 3364 3112 gene-

121 3123 229 3173 ralis
255 3135 326 3176 est
345 3126 596 3195 dignitas,
628 3127 906 3180 secundum
925 3127 1056 3180 illud
1085 3126 1218 3180 beati
1240 3127 1385 3180 Petri
1413 3129 1634 3196 apostoli
1661 3147 1680 3180 ι
1719 3127 1822 3181 Vos
1843 3132 2012 3181 autem
2033 3144 2191 3199 genus
2211 3130 2440 3191 electum,
2465 3129 2639 3200 regale
2664 3129 3027 3192 sacerdotium,
3049 3138 3144 3182 etc.
3173 3127 3366 3183 Omnes

119 3213 235 3264 enim
255 3213 304 3264 in
325 3212 531 3268 Christo
560 3227 894 3286 regeneratos
919 3217 1087 3268 crucis
1113 3216 1315 3286 signum
1344 3216 1495 3283 efﬁcit
1525 3232 1688 3285 reges,
1720 3217 1887 3268 sancti
1917 3232 2032 3270 vero
2063 3216 2291 3284 Spiritus
2318 3218 2491 3270 unctio
2515 3225 2777 3270 consecrat
2799 3217 3124 3279 sacerdotes;
3148 3225 3204 3269 ut
3223 3233 3353 3286 pra:-

121 3307 182 3347 tcr
203 3302 344 3354 istam
373 3306 651 3371 specialem
675 3310 838 3360 nostri
867 3308 1139 3361 ministerii
1165 3311 1474 3373 servitutem,
1506 3308 1730 3361 universi
1755 3309 2014 3377 spiritales
2035 3318 2082 3360 et
2129 3308 2408 3362 rationales
2431 3307 2711 3362 Christiani
2736 3316 3018 3377 agnoscant
3047 3323 3102 3361 se
3124 3311 3252 3378 regii
3277 3325 3366 3378 ge-

120 3390 238 3441 neris
262 3401 308 3442 et
334 3394 676 3448 sacerdotalis
714 3398 868 3464 ofﬁcii
893 3414 1004 3450 esse
1031 3407 1313 3450 consortes.
1347 3397 1500 3450 Mitto
1520 3413 1639 3465 quae
1657 3397 1724 3452 de
1744 3398 2044 3452 chrismatis
2067 3405 2400 3452 sacramento
2431 3398 2695 3452 tradidere
2715 3398 2995 3452 Salvianus
3020 3397 3364 3452 Massiliensis

120 3475 197 3528 lib.
225 3495 274 3531 ιιι
300 3481 360 3532 de
381 3481 743 3549 Providentia,
776 3494 830 3539 et
862 3485 1079 3554 Vigilius
1106 3484 1393 3554 Tapsensis
1415 3485 1505 3538 lib.
1539 3501 1594 3539 ιιι
1623 3493 1809 3539 contra
1840 3485 2154 3556 Eutychem,
2187 3502 2333 3540 num.
2368 3486 2417 3550 7,
2449 3494 2503 3539 et
2529 3493 2745 3540 sanctus
2774 3485 3004 3540 Isidorus
3033 3485 3366 3555 Hispalensis

121 3561 197 3615 lib.
220 3581 262 3620 ιι
292 3568 586 3639 Originum,
618 3587 736 3639 cap.
775 3571 856 3635 19,
888 3583 942 3626 et
965 3587 1084 3627 ven.
1119 3573 1260 3627 Beda
1287 3576 1339 3626 in
1363 3572 1489 3624 Acta
1511 3574 1862 3642 apostolorum
1890 3589 2007 3642 cap.
2046 3590 2098 3640 ιι,
2129 3583 2184 3628 et
2211 3576 2266 3628 in
2304 3573 2506 3627 IJoan.
2537 3574 2730 3644 Epist.,
2769 3591 2887 3644 cap.
2932 3591 2989 3630 ιι.
3020 3575 3171 3630 Ilaud
3205 3590 3364 3632 secus

120 3668 347 3710 censuere
366 3656 559 3713 Graeci.
589 3659 751 3730 [xcvx]
777 3660 974 3714 Confer
994 3662 1188 3715 concil.
1220 3660 1528 3727 Laodicen.,
1561 3677 1681 3716 can.
1706 3661 1792 3728 48,
1815 3676 1934 3732 pag.
1965 3661 2085 3729 789,
2117 3673 2248 3719 tom.
2278 3661 2613 3720 IConcilior.
2639 3665 2766 3719 edit.
2800 3665 2970 3719 Paris.
3001 3681 3090 3719 an.
3126 3665 3281 3732 1711,
3307 3675 3365 3723 et

119 3757 334 3802 sanctum
361 3750 619 3821 Cyrillum
641 3753 1208 3824 IIierosolymitanum,
1239 3755 1443 3808 catech.
1480 3754 1568 3820 21,
1602 3771 1658 3823 qt

1822 3764 1849 3808 .t
1894 3756 2186 3827 Mystagog.
2230 3756 2282 3822 5,
2324 3771 2440 3825 quae
2477 3757 2726 3826 inscripta
2771 3765 2854 3811 est
2900 3761 3017 3832 περί
3066 3763 3361 3833 Χρὶσυιατος

120 3834 172 3884 de
196 3833 485 3902 Chrismate,
521 3855 673 3892 num.
711 3843 730 3893 1
767 3856 944 3908 seqq.,
975 3855 1094 3910 pag.
1122 3841 1226 3894 515
1251 3857 1404 3911 seqq.
1433 3842 1562 3896 edit.
1612 3843 1780 3898 Paris.
1831 3861 1919 3897 an.
1973 3845 2127 3899 1720.
2160 3846 2698 3901 Animadvertendum
2727 3856 2908 3902 autem
2935 3857 3037 3913 est,
3068 3850 3361 3908 Antonium

119 3926 438 3992 Augustinum
469 3931 772 3985 Touteeum
803 3933 1122 3986 monachum
1166 3931 1569 3988 Benedictinum
1618 3936 2046 4001 congregationis
2091 3936 2271 3990 Sancti
2310 3935 2496 4000 Mauri,
2541 3937 2714 3989 virum
2754 3951 2884 3990 sane
2926 3935 3144 3992 doctum
3200 3940 3363 4009 inque

121 4014 308 4069 Patrum
347 4016 657 4073 Graecorum
688 4021 945 4074 doctrinis
972 4022 1284 4089 cumprimis
1310 4030 1602 4084 versatum,
1645 4023 1696 4074 in
1739 4022 2101 4078 admonitione
2143 4023 2206 4077 ad
2248 4024 2491 4093 proxime
2520 4023 2806 4078 indicatam
2836 4025 3162 4079 catechesim
3187 4029 3360 4082 sancti

117 4106 293 4176 Cyrilli,
324 4129 467 4166 num.
500 4114 554 4178 5,
592 4127 712 4182 pag.
747 4114 955 4175 eadem,
979 4114 1056 4167 sic
1085 4114 1284 4167 habere
1307 4132 1320 4165 :
1356 4111 1504 4176 Quod
1525 4115 1662 4182 apud
1684 4112 1897 4168 Latinos
1923 4117 2329 4184 conﬁrmationis
2350 4117 2554 4169 nomine
2574 4115 2895 4186 designatur,
2917 4116 3011 4169 hoc
3034 4116 3201 4172 Graeci
3221 4119 3360 4172 chri-

119 4218 232 4260 sma,
258 4206 327 4256 rel
352 4207 530 4278 μύρον,
559 4211 896 4274 unguentum,
927 4203 1188 4271 appellare
1208 4213 1589 4256 consueverunt.
1618 4202 1758 4256 Nam
1787 4205 1823 4256 ii
1852 4207 1904 4257 in
1932 4204 2025 4256 hoc
2054 4197 2690 4257 sacramento'unctionem
2721 4220 2920 4273 semper
2942 4206 3014 4257 uti
3045 4207 3359 4276 praecipuam

116 4290 209 4356 rjus
245 4302 435 4358 partem
481 4303 795 4361 spectavere.
831 4291 1031 4346 Horum
1060 4293 1251 4346 similia
1279 4300 1676 4361 persequuntur
1725 4293 1894 4345 sancti
1924 4293 2148 4346 Basilius
2176 4291 2537 4353 Caesariensis,
2571 4290 2800 4360 Cyrillus
2827 4292 3238 4359 Alexandrinus,
3268 4294 3357 4348 alii

115 4397 316 4447 quorum
357 4386 471 4440 loca
502 4384 813 4439 describere
856 4391 911 4437 et
959 4383 1179 4436 nimium
1228 4382 1444 4449 longum
1474 4391 1633 4446 esset,
1657 4391 1712 4435 et
1734 4382 2024 4436 lectoribus
2048 4383 2374 4449 aliquantum
2407 4379 2646 4434 fortassis
2669 4377 2885 4434 aﬁ‘erret
2906 4382 3171 4436 satietatis
3193 4391 3356 4451 atque

115 4469 301 4526 fastidii.
327 4473 427 4538 Qui
457 4476 616 4543 plura
642 4474 810 4538 volet,
843 4473 888 4526 is
908 4472 1153 4526 consulat
1180 4472 1448 4538 egregiam
1476 4470 1696 4540 Josephi
1723 4471 1999 4538 Augustini
2021 4468 2137 4524 Orsi
2163 4469 2220 4522 S.
2254 4469 2316 4521 R.
2345 4468 2406 4522 E.
2458 4467 2606 4522 card.
2647 4467 2710 4521 de
2753 4466 3045 4521 Chrismate
3072 4472 3357 4539 conﬁrma-

115 4567 227 4620 torio
247 4567 696 4631 dissertationem,
723 4581 845 4636 pag.
872 4565 976 4621 155
994 4580 1143 4634 seqq.
1177 4565 1306 4619 edit.
1334 4563 1546 4618 Mediol.
1573 4580 1660 4617 an.
1695 4563 1850 4616 1755.
1876 4562 2004 4616 Illud
2028 4562 2152 4614 mihi
2176 4561 2336 4630 paulo
2357 4559 2658 4626 diligentius
2685 4558 3085 4626 disquirendum
3122 4561 3354 4629 videtur,

114 4657 220 4720 quid
263 4659 346 4721 sit,
387 4660 531 4726 quod
576 4659 902 4727 praecipuam
945 4655 1264 4710 sacramenti
1292 4663 1500 4723 partem
1527 4655 1946 4708 conﬁrmationis
1977 4652 2236 4705 Maximus
2259 4652 2312 4704 in
2341 4651 2592 4706 unctione
2614 4651 2804 4718 capitis
2827 4651 3141 4715 constituat,
3168 4649 3357 4706 Patres

112 4758 222 4797 vero
241 4749 480 4814 permulti
504 4750 557 4800 in
582 4747 838 4799 unctione
853 4745 1360 4810 consignationeque
1384 4741 1607 4795 frontis?
1629 4742 1966 4795 Innocentius
1987 4741 2028 4805 I,
2043 4742 2198 4809 epist.
2223 4738 2310 4799 25,
2332 4753 2446 4806 quae
2466 4747 2548 4792 est
2569 4737 2636 4791 ad
2659 4737 2972 4792 Decentium
2994 4737 3354 4807 Eugubinutn,

114 4848 239 4885 num.
271 4834 318 4898 6,
349 4845 478 4890 tom.
510 4835 531 4888 I
563 4835 858 4904 Epistolar.
891 4833 1178 4886 Ilomanor.
1207 4829 1422 4900 pontiﬁ,
1453 4844 1575 4899 pag.
1602 4829 1705 4884 858
1735 4830 1860 4883 edit.
1894 4829 2058 4883 Paris.
2092 4845 2180 4882 an.
2224 4826 2352 4879 1721
2387 4844 2399 4878 :
2451 4825 2766 4895 Presbyteri,
2817 4827 3005 4895 inquit,
3057 4828 3162 4881 sire
3205 4837 3356 4881 extra

111 4922 392 4990 episcopum,
438 4928 544 4978 sive
595 4929 853 4992 prdsente
905 4924 1165 4991 episcopo,
1209 4937 1324 4972 cum
1372 4918 1660 4988 baptizant,
1683 4919 1958 4972 chrismate
1987 4917 2270 4988 baptizatos
2296 4931 2486 4986 ungere
2514 4915 2648 4980 licet,
2680 4915 2818 4985 quod
2844 4915 2906 4968 ab
2933 4917 3171 4985 episcOpo
3200 4919 3354 4986 fuerit

110 5022 472 5075 consecratum;
505 5030 610 5066 non
640 5023 812 5064 tamen
837 5025 1084 5064 nomen
1114 5025 1176 5062 ex
1223 5008 1400 5062 eodem
1432 5007 1542 5060 loco
1587 5011 1812 5079 signare,
1842 5008 1975 5078 quod
2001 5008 2124 5060 solis
2149 5003 2357 5058 debetur
2386 5005 2660 5073 episcopis,
2702 5021 2818 5057 cum
2857 5004 3069 5057 tradunt
3097 5004 3352 5074 Spiritum

114 5100 414 5159 paracletum.
448 5101 652 5156 Confer
681 5099 1079 5153 annotationem
1108 5095 1405 5150 Constantii
1448 5097 1514 5149 ad
1566 5096 1810 5150 eumdem
1850 5095 2019 5149 sancti
2061 5094 2354 5147 Innocentii
2385 5093 2580 5147 locum.
2610 5091 2802 5146 Verum
2823 5092 3054 5146 Maximo
3076 5093 3350 5162 (quoniam

114 5200 200 5236 non
227 5191 592 5244 tractationem
615 5189 856 5258 aliquam
884 5188 951 5242 de
973 5186 1396 5242 conﬁrmationis
1419 5186 1673 5255 mysterio
1705 5171 2058 5250 theologicam
2087 5183 2338 5245 scribere,
2371 5183 2464 5236 sed
2495 5183 2809 5237 concionem
2862 5183 2928 5236 ad
2955 5183 3211 5253 populum
3257 5184 3333 5238 ha

111 5270 219 5326 bere
257 5275 579 5346 instituerat)
636 5292 744 5330 non
773 5285 884 5329 tam
928 5276 1152 5340 minute,
1179 5289 1351 5344 neque
1379 5283 1505 5338 tam,
1531 5283 1590 5327 ut
1613 5274 1781 5336 aiunt,
1808 5273 1873 5325 ad
1903 5273 2079 5326 vivum
2109 5287 2194 5326 res
2217 5269 2560 5326 concidendtc
2606 5271 3017 5339 resemnquue
3044 5280 3169 5326 sunt
3191 5284 3350 5340 usae;

111 5358 188 5411 sed
207 5363 323 5416 satis
346 5364 440 5418 fuit
470 5364 642 5434 (quod
667 5363 937 5417 interdum
959 5363 1048 5416 alii
1070 5364 1230 5416 etiam
1254 5362 1440 5417 Patres
1465 5361 1724 5430 fecerunt)
1755 5362 1966 5430 capitis,
1991 5360 2141 5429 cujus
2165 5368 2308 5415 certe
2338 5375 2462 5430 pars
2484 5367 2566 5413 est
2590 5357 2755 5426 frons,
2780 5362 3108 5415 meminisse.

169 5445 313 5503 XXV.
354 5453 542 5508 Ochrri
569 5454 890 5507 sacriﬁcium
921 5453 1164 5520 corporis
1187 5460 1242 5506 et
1262 5452 1532 5520 sanguinis
1557 5451 1750 5504 Christi
1775 5451 1824 5502 in
1851 5451 2100 5503 Ecclesia:
2129 5449 2405 5513 altaribus,
2429 5446 2807 5515 Christumque
2831 5449 3000 5517 ipsum
3023 5447 3197 5516 teipsa
3220 5464 3351 5517 pm~

111 5543 289 5592 sentem
317 5542 366 5594 in
395 5541 748 5597 Eucharistise
791 5549 1126 5594 sacramento
1152 5557 1288 5604 esse,
1335 5541 1527 5607 dogma
1556 5548 1637 5592 est
1679 5539 1936 5592 orthodox
1949 5554 2034 5590 um
2066 5554 2094 5591 a
2118 5537 2348 5590 Maximo
2377 5543 2639 5589 assertum
2675 5551 2736 5590 ac
2763 5537 3127 5605 pucdicatum.
3167 5535 3344 5591 Serm.

113 5617 190 5688 78,
214 5641 322 5695 pag.
513 5648 630 5698 seq.
663 5649 674 5683 :
711 5631 850 5698 Quid
879 5630 1209 5695 reverentius,
1243 5630 1429 5695 inquit,
1456 5629 1577 5694 quid
1604 5629 1952 5682 honorabilius
1997 5627 2100 5680 dici
2126 5636 2312 5698 potest,
2344 5642 2495 5697 quam
2524 5624 2832 5697 (martyres)
2861 5624 2956 5680 sub
3001 5623 3092 5678 illa
3119 5641 3216 5678 ara
3258 5641 3346 5678 re-
