3898 6226
489 329 561 390 ω
795 357 800 368 ι
1177 311 1194 316 “
1955 329 2028 384 ps

2230 328 2338 387 ΙἹΟ.
3711 334 3769 389 96

489 444 763 514 quiescere,
810 444 865 496 in
893 455 997 514 qua
1045 441 1156 497 Deo
1195 445 1511 513 sacriﬁcium
1532 443 1835 508 celebratur,
1878 445 1932 497 in
1960 461 2061 511 qua
2083 445 2379 513 offeruntur
2401 445 2611 513 hostire,
2637 448 2692 500 in
2715 463 2815 519 qua
2838 446 3096 501 Dormnus
3125 455 3201 500 est
3227 446 3590 500 sacerdos.....
3617 446 3770 510 Super

490 549 636 586 aram
663 529 899 585 Christus
923 532 1296 600 imponitur....
1320 548 1476 602 super
1495 533 1661 586 altare
1701 531 1913 586 Domini
1933 549 2122 603 corpus
2154 535 2463 602 σηπίαις...
2499 531 2580 589 Ibi
2610 552 2702 605 pro
2731 534 3084 605 peccatoribus
3107 533 3297 588 Christi
3318 536 3536 604 sanguis
3559 535 3766 603 eﬂ'unti-

492 634 591 692 tur.
622 621 994 678 Conoenienter
1012 625 1288 698 igitur.....
1309 623 1383 677 ibi
1401 624 1714 695 martyribus
1734 623 2005 694 sepultura
2035 624 2242 678 decreta
2269 633 2367 689 est,
2391 625 2479 678 ubi
2508 642 2651 679 mors
2682 625 2895 679 Domini
2915 623 3141 696 quotidie
3160 624 3464 688 celebratur,
3498 625 3632 677 sicut
3684 627 3775 694 ipse

487 715 602 766 ait:
628 714 1036 781 Quotiescunque
1065 712 1174 766 hinc
1202 713 1447 784 feceritis,
1470 721 1686 766 mortem
1714 729 1881 766 meam
1909 712 2308 776 annuntiabitis,
2348 713 2509 767 donec
2535 716 2854 768 venium.....
2884 713 3010 769 Non
3045 715 3298 788 immerito
3327 713 3484 768 veluti
3522 717 3770 770 consortio

487 801 712 874 quodam
752 801 860 856 illic
903 803 1088 855 occisis
1130 812 1206 856 est
1240 801 1461 856 tumulus
1515 804 1851 868 constitutus,
1886 799 2092 874 [xcvn]
2133 802 2220 855 ubi
2275 803 2545 856 occisionis
2594 802 2867 857 dominica:
2899 803 3130 856 membra
3167 811 3498 873 ponuntur...
3541 801 3768 875 Legimus

490 895 756 965 plerosque
793 888 1055 962 justorum
1093 893 1356 946 Abraham
1399 891 1595 946 sinibus
1648 893 1956 964 refoveri",
2013 908 2160 946 nemo
2201 901 2370 946 tamen
2423 893 2606 946 melius
2670 901 2858 963 praeter
2903 904 3155 965 martyres
3207 896 3394 948 meruit
3443 896 3766 965 requiescere,

488 982 580 1037 ubi
621 991 670 1037 et
713 983 886 1037 hostia
933 980 1180 1039 Christus
1217 992 1295 1037 est
1347 991 1397 1037 et
1444 982 1717 1046 sacerdos;
1762 983 1992 1047 scilicet,
2044 992 2101 1034 ut
2153 991 2202 1035 et
2248 983 2670 1052 propitiationem
2727 982 2791 1038 de
2843 983 3102 1039 oblatione
3147 985 3330 1047 hostile
3377 995 3766 1056 consequantur,

485 1082 537 1127 ct
580 1072 980 1128 benedictionem
1018 1075 1521 1145 perfunctionemque
1564 1072 1843 1126 sacerdotis
1884 1074 2166 1144 excipiant.
2205 1072 2341 1128 Hinc
2390 1073 2548 1142 plane
2594 1075 2783 1143 liquet,
2819 1077 2874 1129 ιυ
2916 1078 3208 1147 sacriﬁcari
3253 1080 3310 1132 in
3347 1079 3455 1131 aris
3500 1076 3767 1145 Ecclesiae,

488 1163 548 1216 ε’
584 1165 763 1233 offerri
796 1166 1022 1231 hostias;
1062 1166 1120 1220 5"
1159 1166 1258 1220 has
1305 1179 1425 1220 esse
1462 1163 1727 1222 Christum
1777 1165 1869 1233 qui
1924 1179 2087 1234 super
2132 1179 2281 1218 aram
2326 1166 2627 1235 imponitur,
2676 1166 2934 1237 cujusque
2980 1185 3166 1239 corpus
3212 1185 3364 1239 super
3410 1170 3578 1223 altare
3624 1171 3769 1239 oler-

489 1268 606 1322 tur;
660 1258 716 1310 4'
746 1274 844 1328 pro
873 1259 1248 1328 peccatoribus
1297 1257 1445 1312 fundi
1478 1258 1675 1313 ibidem
1718 1258 2030 1334 sanguinem
2069 1256 2289 1324 Christi,
2339 1259 2732 1328 occisionisque
2759 1258 3044 1313 dominica:
3084 1259 3324 1313 membra
3354 1260 3502 1330 poni,
3548 1270 3768 1315 mortem

489 1346 795 1400 annuntiari
849 1346 1152 1400 Servatoris
1199 1346 1401 1412 nostri;
1453 1344 1525 1397 5"
1553 1344 1824 1400 Christum
1889 1347 2062 1417 ipsum
2119 1347 2456 1404 sacerdotem
2506 1363 2658 1414 esse;
2707 1347 2764 1400 6‘
2802 1348 3124 1404 sacriﬁcium
3180 1363 3298 1404 esse
3343 1351 3768 1420 propitiationis.

487 1447 593 1492 etc.
633 1437 772 1493 Sunt
818 1437 932 1493 hmc
975 1437 1134 1506 plane
1172 1445 1533 1497 consentanea
1571 1435 1831 1492 doctrinae
1873 1435 2110 1492 Patrum.
2140 1436 2340 1494 Confer
2386 1445 2632 1494 sanctum
2682 1437 2977 1502 Thomam,
3025 1446 3168 1508 part.
3200 1455 3274 1504 ιιι,
3309 1447 3498 1509 quaest.
3541 1440 3633 1505 89..
3674 1449 3764 1493 art.

491 1527 542 1593 1,
582 1543 690 1595 quo
731 1528 849 1582 loco
896 1524 1194 1594 Augustini,
1243 1527 1530 1592 Ambrosii,
1575 1535 1703 1591 etc.,
1748 1528 2051 1582 testimonia
2092 1528 2297 1598 profert
2335 1528 2526 1583 eadem
2562 1525 3028 1584 conﬁrmantimm
3065 1528 3202 1584 Vide
3239 1538 3502 1599 prasterea
3547 1546 3670 1601 qua:
3709 1546 3770 1585 ex

486 1615 695 1671 Justino
741 1625 996 1687 martyre,
1045 1617 1266 1680 Irenazo,
1316 1617 1630 1686 ueterisque
1676 1614 1925 1673 Patribus
1973 1617 2203 1673 aderunt
2245 1619 2492 1674 monachi
2537 1618 2865 1674 Benedictini
2911 1621 3344 1688 congregationis
3372 1620 3559 1676 Sancti
3590 1622 3770 1684 Mauri,

487 1701 737 1760 Maranus
766 1704 970 1775 prastat.
1019 1706 1073 1760 in
1101 1705 1297 1762 Justin.
1328 1722 1573 1777 operum,
1615 1723 1769 1778 capp.
1803 1708 1870 1762 i0
1898 1719 1954 1764 et
1991 1707 2077 1773 15,
2120 1717 2177 1765 et
2203 1709 2524 1766 Massuetius
2553 1712 2606 1764 in
2647 1711 2835 1766 lrenaei
2870 1711 3040 1768 libros
3075 1713 3287 1768 dissert.
3319 1713 3373 1776 3,
3405 1725 3510 1768 art.
3543 1714 3598 1778 7,
3631 1730 3767 1769 num.

489 1792 555 1846 76
584 1808 760 1862 seqq.,
795 1802 854 1848 ut
878 1801 1106 1849 canet-os
1143 1797 1570 1864 praetermittam,
1612 1813 1842 1866 quorum
1877 1800 2182 1870 catalogum
2228 1808 2413 1858 texere
2461 1817 2640 1872 neque
2682 1811 2856 1870 vacat,
2905 1818 3083 1873 neque
3125 1819 3256 1872 vero
3311 1811 3395 1860 est
3433 1821 3591 1875 opus.
3627 1804 3772 1873 Quod

485 1891 665 1937 autem
716 1883 878 1938 habet
931 1882 1192 1938 Maximus
1242 1883 1311 1938 de
1359 1886 1762 1955 propitiatione,
1806 1896 1862 1942 et
1911 1889 2289 1946 benedictione
2345 1891 2661 1955 sacerdotis,
2711 1907 2871 1960 quam
2912 1892 3185 1962 excipiant
3217 1901 3505 1964 martyres,
3545 1909 3658 1949 non
3709 1909 3771 1949 eo

485 1973 736 2042 pertinet,
759 1971 914 2041 quasi
942 1973 1141 2028 sanctis
1168 1974 1512 2044 martyribus,
1545 1983 1638 2029 aut
1681 1986 2026 2046 peccatorum
2061 1980 2372 2049 quidquam,
2404 1988 2498 2036 aut
2534 1990 2720 2038 reatus
2747 1983 2891 2048 insit,
2920 1982 3065 2053 quod
3092 1983 3350 2038 luendum
3395 1985 3774 2055 propitiatione

484 2063 969 2133 benedictioneque
1015 2065 1111 2131 sit;
1137 2066 1234 2120 sed
1262 2082 1372 2136 quo
1400 2066 1453 2120 id
1492 2067 1810 2138 impetratur
1836 2070 1979 2138 quod
2011 2073 2302 2141 postulant.
2335 2074 2453 2131 Non
2491 2075 2634 2131 enim
2663 2077 2709 2132 is
2740 2075 2841 2132 fuit
2878 2077 3144 2134 Maximus
3169 2080 3261 2148 qui
3290 2079 3461 2148 culpa:
3487 2076 3772 2146 quidquam

483 2165 578 2211 aut
603 2165 784 2212 reatus
814 2157 990 2211 inesse
1025 2157 1091 2211 iis
1123 2158 1495 2227 arbitraretur,
1525 2175 1664 2228 quos
1691 2161 1880 2217 ibidem
1905 2165 2161 2234 praedicat
2195 2183 2307 2221 esse
2345 2168 2537 2237 justas,
2569 2179 2798 2233 sanctos,
2831 2173 3191 2243 prwcipuoque
3225 2172 3338 2226 loco
3364 2179 3576 2241 propter
3600 2171 3770 2240 ﬁdem,

480 2260 578 2316 pro
597 2263 703 2316 qua
727 2253 1051 2318 pugnarunt,
1083 2249 1372 2304 habendos.
1404 2249 1672 2306 Postulari
1701 2260 1882 2309 autem
1911 2255 1986 2308 ait
2013 2269 2044 2308 a
2074 2257 2401 2326 martyribus
2426 2259 2708 2313 vindictam
2745 2260 3019 2331 sanguinis
3049 2261 3140 2328 ibi,
3171 2260 3263 2315 ubi
3291 2276 3385 2330 pro
3425 2256 3773 2330 peccatoribus

483 2337 679 2394 Christi
707 2342 923 2410 sanguis
953 2341 1258 2409 effunditur.
1290 2342 1537 2399 Vindicta
1559 2354 1740 2399 autem
1781 2345 1871 2399 illa
1913 2346 2191 2414 sanguinis
2229 2363 2339 2402 non
2364 2349 2508 2403 aliud
2545 2350 2743 2405 indicat
2781 2365 2944 2419 quam
2972 2350 3308 2404 eversionem
3347 2348 3500 2415 regni
3547 2346 3770 2417 peccati,

479 2445 641 2498 quam
669 2430 863 2485 divina:
888 2431 1109 2499 justitize
1136 2433 1646 2501 manifestationem,
1677 2436 1839 2504 Quam
1864 2445 1924 2491 ut
1946 2438 2212 2508 propitius
2247 2439 2319 2493 sit
2346 2441 2719 2509 peccatoribus
2741 2440 2904 2508 Deus,
2932 2442 3118 2510 eisque
3143 2439 3469 2496 benedicens
3495 2438 3694 2494 efﬁciat
3721 2447 3776 2491 ut

484 2521 820 2589 resipiscant,
851 2536 1011 2591 quam
1042 2523 1441 2582 restitutionem
1468 2535 1524 2583 et
1550 2528 1995 2596 gloriﬁcationem
2023 2546 2311 2600 corporum
2340 2541 2672 2599 sanctorum,
2703 2548 2866 2603 quam
2894 2533 3126 2602 denique
3154 2532 3448 2587 secundum
3489 2531 3773 2586 adventum

476 2617 700 2674 Christi.
731 2618 915 2674 Altare
940 2635 1107 2690 porro
1134 2636 1231 2676 seu
1256 2637 1407 2676 aram
1431 2621 1693 2678 Maximus
1720 2639 1960 2678 mensam
1987 2623 2314 2680 dominicam
2335 2633 2496 2682 vocat
2515 2633 2673 2681 tract.
2706 2623 2739 2678 5
2759 2633 2948 2681 contra
2975 2623 3205 2689 Judzeos,
3228 2638 3350 2695 pag.
3379 2623 3504 2686 745,
3529 2624 3582 2677 in
3606 2638 3775 2692 eaque

480 2716 727 2778 paratum
758 2709 836 2764 ait
859 2711 1063 2766 caeleste
1090 2714 1394 2780 convivium,
1424 2728 1630 2785 nosque
1657 2730 1779 2770 cum
1807 2715 1973 2769 David
1999 2722 2221 2771 cantare
2249 2715 2494 2786 proinde,
2523 2718 2729 2783 scribit,
2760 2732 2920 2787 posse
2945 2734 2959 2770 :
2985 2714 3240 2770 Dominus
3259 2714 3423 2784 pascit
3444 2729 3544 2777 me,
3571 2720 3620 2767 et
3648 2710 3777 2766 nihil

488 2799 611 2852 mihi
639 2801 824 2869 deerit,
847 2802 904 2857 in
928 2802 1042 2858 loco
1067 2820 1278 2874 pascua:
1313 2806 1386 2860 ibi
1422 2822 1503 2860 me
1539 2807 1822 2861 collocavit.
1853 2807 1930 2861 De
1957 2807 2168 2871 ratione
2195 2815 2376 2864 autem
2403 2824 2508 2878 qua
2539 2817 2787 2864 tenemur
2830 2807 2977 2865 reﬁci
3016 2806 3370 2874 Eucharistia,
3401 2805 3580 2875 deque
3619 2819 3777 2875 pinna

475 2904 596 2959 qum
625 2893 791 2947 instat
813 2894 1031 2963 indigne
1057 2911 1177 2951 eam
1206 2899 1561 2963 sumentibus,
1589 2900 1706 2955 htec
1737 2884 1879 2955 idem
1915 2899 2078 2956 docet
2121 2901 2388 2958 Maximus
2429 2904 2653 2959 homilia
2680 2903 2771 2969 45,
2803 2917 2925 2975 pag.
2961 2901 3085 2968 158,
3117 2900 3286 2955 cibum
3315 2900 3461 2955 hunc
3477 2913 3602 2953 esse
3628 2897 3777 2954 melle

479 2989 781 3056 dulciorem,
810 3008 959 3062 quem
978 2993 1067 3064 qui
1089 2993 1242 3047 edere
1264 3001 1314 3047 et
1335 2995 1650 3050 manducare
1673 2994 1975 3066 neglexerit,
2004 2997 2163 3050 vitam
2199 2997 2256 3051 in
2302 3000 2576 3068 semetipso
2613 2998 2801 3052 habere
2840 2997 2951 3056 non
2974 2998 3180 3068 poterit,
3209 2997 3343 3049 sicut
3380 2995 3493 3064 ipse
3524 2989 3777 3046 Dominus

480 3083 597 3134 ait:
621 3080 744 3136 Nisi
771 3085 886 3154 quis
912 3085 1302 3140 manducauerit
1340 3103 1507 3141 meam
1546 3103 1790 3151 carnem,-
1814 3097 1865 3141 et
1905 3087 2086 3142 biberit
2122 3105 2290 3142 meum
2327 3091 2652 3160 sanguinem,
2699 3105 2804 3143 non
2843 3087 3048 3141 habebit
3083 3087 3244 3140 vitam
3269 3085 3323 3138 in
3357 3083 3665 3152 semetipso;
3689 3078 3779 3136 sed

479 3171 647 3239 potius
672 3173 783 3242 ipse
805 3173 946 3228 cibus
971 3176 1027 3228 in
1046 3174 1304 3243 judicium
1342 3186 1680 3240 convertetur,
1719 3179 1850 3231 sicut
1884 3177 2161 3247 Apostolus
2200 3177 2372 3233 dicit:
2404 3177 2508 3244 Qui
2553 3179 2837 3234 manducat
2877 3188 2928 3233 et
2973 3176 3096 3231 bibit
3135 3177 3368 3247 indigne,
3398 3173 3657 3244 judicium
3684 3171 3778 3226 sibi

481 3263 784 3317 manducat.
814 3261 968 3327 Quod
991 3265 1116 3334 ﬁliis
1145 3263 1315 3319 Israel
1343 3265 1599 3320 subtiliter
1625 3267 1981 3337 prophetatum
2008 3276 2085 3321 est
2111 3269 2168 3320 in
2202 3266 2549 3323 Testamento.
2583 3267 2781 3322 Manna
2814 3269 2952 3322 enim
2979 3267 3086 3320 illis
3112 3274 3292 3320 contra
3321 3264 3495 3318 divina
3521 3271 3780 3331 prece-pta

480 3352 840 3418 tractantibus,
865 3370 1064 3408 vermes
1090 3356 1260 3424 effecti
1283 3365 1420 3420 sunt,
1453 3350 1507 3410 id
1535 3364 1630 3423 est,
1658 3358 1994 3412 contumacia
2029 3358 2221 3412 ultores
2249 3367 2301 3412 et
2318 3358 2541 3429 judices.
2575 3357 2705 3422 ρυω
2744 3357 3026 3412 similitudo
3066 3354 3326 3410 Christum
3351 3351 3557 3426 [xcvm]
3583 3353 3782 3405 iudicat

481 3443 784 3516 Dominum,
805 3467 956 3521 quem
981 3453 1070 3523 qui
1093 3469 1302 3507 suavem
1331 3453 1499 3506 cibum
1520 3461 1570 3506 et
1599 3452 1797 3505 dulcem
1825 3461 2000 3522 potum
2029 3453 2244 3506 haurire
2271 3452 2569 3523 neglexerit,
2594 3451 2826 3522 judicem
2845 3452 3088 3520 patietur,
3120 3449 3254 3502 sicut
3280 3449 3390 3518 ipse
3414 3446 3507 3498 ait.

547 3534 737 3594 XXVI.
768 3541 882 3596 Etsi
912 3560 1020 3598 non
1048 3559 1118 3600 ex
1145 3544 1390 3598 instituto
1420 3544 1550 3613 (non
1589 3543 1729 3596 enim
1760 3548 2012 3608 occurrit,
2049 3550 2107 3597 ut
2133 3543 2256 3598 data
2288 3558 2453 3613 opera
2492 3558 2556 3597 ea
2601 3541 2669 3596 de
2706 3557 2765 3596 re
2793 3541 3021 3610 ageret),
3049 3547 3106 3594 at
3137 3539 3268 3595 satis
3306 3545 3487 3591 tamen
3512 3533 3780 3590 Maximus

478 3628 717 3683 ostendit
743 3645 864 3700 qua:
881 3647 978 3686 sua
1001 3640 1146 3687 esset
1171 3632 1239 3687 de
1260 3641 1602 3702 peccatorum
1638 3629 1978 3685 confessione
2023 3632 2310 3686 sententia.
2357 3632 2530 3699 Atque
2577 3630 2667 3684 ille
2712 3629 2928 3698 quidem
2957 3628 3179 3682 homilia
3211 3622 3333 3691 H5,
3364 3638 3486 3695 pag.
3520 3621 3649 3688 582,
3685 3638 3780 3677 ne-

476 3722 768 3778 cessitateu
828 3723 1185 3779 confessionis
1231 3722 1472 3778 indicans
1507 3739 1519 3775 :
1555 3722 1736 3775 Omnis
1786 3715 2131 3785 Christianus,
2175 3721 2367 3789 inquit,
2409 3721 2496 3791 qui
2539 3719 2644 3773 vult
2689 3735 2784 3772 sua
2823 3727 3035 3788 peccata
3077 3716 3266 3781 celare,
3315 3716 3399 3768 hic
3433 3713 3779 3781 spiritualitcr

479 3811 643 3879 culpis
665 3822 758 3866 est.
788 3812 939 3867 Sicut
961 3814 1097 3866 enim
1119 3814 1283 3882 pulpis
1312 3821 1520 3883 prOpter
1541 3813 1748 3884 fraudes
1777 3828 1899 3865 suas
1929 3810 2156 3865 latibulis
2185 3812 2502 3875 demoratur,
2525 3812 2600 3864 ita
2620 3820 2668 3863 et
2691 3819 2931 3879 peccator
2960 3818 3135 3863 tacens
3157 3817 3366 3879 propter
3383 3807 3775 3867 conscientiam,

477 3915 688 3955 suorum
710 3911 1035 3972 peccatorum
1055 3905 1215 3973 foveis
1241 3903 1508 3956 delitescit.
1544 3902 1612 3955 Et
1639 3905 1770 3956 sicut
1810 3903 1902 3956 illa
1940 3919 2044 3957 non
2071 3904 2229 3958 audet
2266 3904 2402 3957 inter
2428 3902 2624 3956 medias
2645 3902 2910 3956 hominum
2940 3901 3114 3955 turbas
3143 3918 3344 3956 morum
3368 3915 3579 3954 suorum
3598 3907 3779 3952 osten-

482 4000 593 4045 tare
621 3995 909 4064 fallaciam,
940 3997 1013 4048 ita
1041 4005 1092 4049 et
1129 3995 1210 4048 hic
1234 3995 1485 4049 erubescit
1511 3997 1566 4050 in
1587 3996 1755 4050 media
1784 3996 1997 4050 ecclesia
2024 3995 2424 4050 conversationis
2455 4010 2564 4049 sua:
2592 3995 2871 4066 nequitiam
2897 3996 3153 4063 conﬁteri.
3177 3992 3296 4048 1am
3315 3993 3384 4048 de
3402 3992 3778 4062 resipiscentia

479 4083 655 4151 deque
683 4100 780 4154 spe
809 4085 1152 4154 indulgentiae
1173 4085 1565 4156 consequendtc
1592 4086 1858 4142 disserens
1877 4101 2126 4142 sermone
2154 4086 2241 4150 59,
2267 4099 2391 4155 pag.
2418 4084 2512 4138 501
2547 4102 2660 4156 seq.
2699 4104 2712 4139 :
2736 4089 2944 4151 Annon,
2975 4086 3164 4155 inquit,
3198 4086 3479 4140 [tutandum
3505 4086 3661 4140 nobis
3681 4096 3776 4150 est,

480 4172 658 4245 quibus
689 4176 805 4228 novi
835 4176 1066 4245 mysterii
1092 4186 1419 4229 sacramento
1445 4185 1655 4247 peccata
1684 4177 1952 4240 tolluntur,
1984 4178 2164 4231 calum
2186 4179 2358 4242 datur,
2391 4178 2624 4232 redditur
2651 4179 2927 4248 paradisus
2942 4179 3033 4233 1’...
3066 4179 3257 4232 Omnia
3284 4177 3503 4233 latronis
3531 4184 3778 4233 anteacta

479 4269 676 4323 scelera
703 4271 857 4323 unius
881 4270 1118 4323 meritum
1143 4268 1487 4340 confessionis
1509 4268 1746 4334 absolvit,
1772 4279 1822 4323 et
1848 4268 2094 4341 quidquid
2119 4268 2274 4340 longa
2304 4278 2456 4323 wtate
2483 4270 2786 4340 deliquerat,
2823 4270 3124 4324 brevissimo
3150 4284 3386 4323 sermone
3417 4267 3625 4321 delevit.
3663 4266 3777 4322 Nec

479 4361 739 4419 latrocinii
768 4378 881 4416 eum
908 4362 991 4420 sui
1019 4361 1161 4431 apud
1194 4360 1353 4414 Deum
1395 4362 1607 4430 sanguis
1653 4360 1937 4424 damnavit,
1975 4361 2096 4431 quia
2139 4360 2330 4414 Christi
2378 4362 2683 4431 sanguinem
2729 4377 2942 4430 regnum
2979 4359 3199 4414 credidit
3241 4376 3373 4424 esse,
3405 4375 3510 4412 non
3542 4373 3773 4428 penam.

481 4447 634 4512 Quod
665 4455 880 4523 factum,
913 4453 1192 4519 carissimi,
1244 4453 1482 4508 universo
1521 4454 1785 4507 hominum
1809 4454 1983 4523 generi
2021 4455 2322 4524 profecisse,
2354 4470 2460 4507 non
2489 4453 2699 4507 dubium
2724 4462 2820 4507 est.
2855 4449 2999 4506 Nam
3026 4453 3138 4524 quis
3172 4451 3236 4506 de
3265 4449 3363 4504 Dei
3390 4452 3580 4523 gratia,
3615 4451 3778 4506 abso-

483 4542 590 4595 luto
611 4542 837 4605 latrone,
871 4542 1125 4612 desperet,
1152 4543 1199 4595 si
1221 4552 1390 4597 tamen
1419 4544 1795 4614 supplicantem
1823 4529 2245 4614 preceslatronis
2274 4543 2552 4597 credulitas
2581 4543 2954 4614 subsequatur?
2983 4540 3250 4596 Habemus
3277 4550 3327 4595 et
3353 4541 3499 4596 aliud
3524 4541 3779 4614 magniﬁ-

481 4654 597 4690 cum
644 4637 919 4691 dominica:
958 4637 1169 4706 pietatis
1214 4637 1523 4706 exemplum,
1565 4654 1663 4709 quo
1709 4653 1913 4692 omnem
1957 4637 2241 4706 mortifera:
2283 4635 2657 4706 desperatibnis
2686 4635 3017 4707 formidinem
3054 4635 3385 4704 deponentes,
3415 4634 3480 4687 de
3517 4634 3780 4702 ineﬁ'abili

490 4728 847 4799 Redemptoris
873 4730 1038 4784 nostri
1065 4729 1395 4800 indulgentia
1420 4729 1760 4798 conﬁdamus.
1787 4725 1912 4781 Cum
1939 4729 2078 4781 enim
2103 4726 2473 4781 condemnatus
2494 4725 2557 4778 ab
2586 4727 2760 4795 impiis
2781 4726 3025 4797 penderet
3050 4723 3282 4780 Christus
3310 4727 3366 4779 in
3396 4739 3563 4788 cruce,
3595 4725 3781 4794 furor-

482 4818 855 4889 que-Judaicus
878 4819 1117 4874 illuderet
1142 4818 1422 4889 Cruci/ito,
1455 4820 1852 4888 omnipotentem
1887 4817 2094 4872 Patrem
2133 4817 2542 4888 interfectoribus
2584 4818 2692 4871 suis
2733 4818 2844 4886 ipse
2886 4818 3021 4870 inter
3057 4816 3269 4869 uulnera
3307 4816 3422 4886 pius
3456 4813 3782 4886 suffragator

481 4909 683 4976 orabat,
714 4911 892 4965 dicens
921 4929 944 4965 ι
969 4911 1151 4976 Pater,
1186 4910 1386 4964 dimitte
1407 4911 1511 4964 iltis
1535 4925 1554 4963 :
1581 4911 1815 4964 nesciunt
1856 4908 1981 4980 quid
2009 4910 2228 4979 faciunt,
2271 4916 2375 4963 etc.
2407 4908 2483 4961 De
2509 4907 2910 4975 pmnitentibus,
2951 4906 3019 4961 de
3059 4906 3254 4961 horum
3293 4905 3565 4974 gradibus,
3595 4904 3781 4975 deque

480 5001 604 5056 data
634 5001 764 5072 ipsis
793 5009 1138 5071 peccatorum
1182 5002 1503 5057 remissione
1543 5016 1574 5054 a
1610 4999 1998 5064 sacerdotibus,
2031 4999 2225 5068 quibus
2260 4999 2328 5053 de
2365 4999 2525 5054 rebus
2552 4999 2640 5052 alii
2673 4997 2860 5053 Patres
2885 4997 3176 5061 disserunt,
3208 4996 3472 5051 Maximus
3500 5012 3613 5052 non
3646 4998 3777 5065 agit,

481 5094 625 5165 quod
655 5103 843 5150 sancto
871 5095 1098 5149 antistiti
1125 5095 1400 5150 orationes
1429 5092 1495 5147 ad
1521 5093 1780 5164 populum
1808 5091 2030 5148 habenti
2057 5089 2124 5146 de
2146 5091 2334 5146 iisdem
2358 5090 2667 5161 disputandi
2694 5090 3072 5161 opportunitas
3109 5103 3218 5144 non
3245 5088 3549 5149 obtulisset,
3574 5102 3777 5158 quem-

481 5185 770 5242 admodum
794 5201 860 5241 ne
885 5183 952 5240 de
977 5195 1219 5241 extrema
1248 5186 1502 5241 unctione
1528 5185 1763 5254 quidem.

555 5276 764 5332 XXVII.
796 5277 1112 5333 Sacerdotio
1140 5277 1590 5348 quemadmodum
1621 5275 1898 5332 habendus
1925 5275 1996 5330 sit
2029 5275 2224 5336 honos,
2257 5275 2492 5328 ostendit
2521 5273 2783 5329 Maximus
2810 5273 3001 5329 homil.
3032 5270 3120 5340 85,
3156 5287 3278 5344 pag.
3306 5271 3432 5334 285,
3461 5288 3571 5342 quo
3603 5273 3732 5330 loco
3762 5291 3775 5328 :

484 5367 544 5421 Si
571 5367 862 5438 diligenter,
893 5368 1084 5436 inquit,
1117 5368 1334 5420 audistis
1361 5368 1708 5438 evangelicum
1737 5365 2025 5427 lectionem,
2051 5363 2336 5435 intelligere
2362 5363 2596 5432 potestis,
2627 5379 2741 5432 qua:
2760 5365 3011 5419 ministris
3035 5380 3097 5418 ac
3119 5363 3469 5418 sacerdotibus
3505 5361 3603 5415 Dei
3632 5380 3778 5418 rere-

481 5457 651 5513 rentia
677 5457 940 5511 debeatur.
983 5456 1116 5511 Nam
1155 5457 1252 5512 hos
1286 5455 1518 5527 Spiritus
1555 5455 1727 5510 sancti
1764 5453 2199 5509 remuneratione
2245 5451 2443 5506 dilatos
2483 5468 2622 5515 esse,
2665 5466 2729 5507 ac
2773 5452 2965 5522 pignus
2992 5451 3223 5523 Spiritus
3262 5451 3534 5521 accepisse
3561 5452 3772 5516 scribit,

481 5543 822 5599 ordinatione
848 5544 1062 5613 quidem
1090 5553 1240 5600 certe
1271 5562 1282 5597 :
1316 5560 1441 5598 nam
1465 5559 1570 5614 qua
1599 5545 1702 5598 alia
1743 5545 1971 5608 ratione,
2015 5558 2083 5599 ne
2111 5543 2372 5612 suspicari
2399 5541 2614 5611 quidem
2663 5557 2903 5610 possum.
2944 5541 3076 5596 Eam
3117 5543 3187 5597 ob
3215 5557 3438 5597 causam
3485 5542 3649 5597 altari
3680 5558 3773 5598 eos

480 5635 704 5702 servire,
728 5635 1127 5702 animadvertit,
1148 5637 1255 5692 hoc
1282 5644 1366 5690 est
1393 5643 1680 5705 potestate,
1712 5651 1874 5705 quam
1895 5644 2019 5692 sunt
2046 5634 2344 5697 consecuti,
2371 5649 2483 5687 rem
2511 5633 2744 5687 divinam
2777 5633 2969 5699 facere,
2995 5649 3169 5703 exque
3189 5634 3346 5688 altari
3367 5625 3600 5705 proinde
3627 5636 3774 5707 ipsos

484 5727 663 5782 vivere
690 5734 962 5793 oportere.
994 5726 1183 5782 Cibum
1205 5736 1464 5795 pnetcrea
1494 5727 1642 5783 verbi
1674 5727 1765 5783 Dei
1792 5743 1823 5783 a
1850 5726 2219 5784 sacerdotibus
2248 5740 2367 5781 esse
2398 5725 2598 5796 populo
2627 5725 3008 5794 corrigendum
3032 5724 3211 5784 docet.
3244 5724 3302 5781 Id
3330 5741 3532 5783 munus
3560 5727 3774 5800 cpisco-
