  <div class='ocr_page' id='page_1' title='image "/cluster/home/n/w/nwhite01/storage/ocr_20150623/57/uva.x000827099/056.png"; bbox 0 0 3898 6226; ppageno 0'>
   <div class='ocr_carea' id='block_1_1' title="bbox 127 345 3422 428">
    <p class='ocr_par' dir='ltr' id='par_1_1' title="bbox 127 345 3422 428">
     <span class='ocr_line' id='line_1_1' title="bbox 127 345 3422 428; baseline 0.005 -33"><span class='ocrx_word' id='word_1_1' title='bbox 127 350 182 405; x_wconf 66' lang='lat'><strong>97</strong></span> <span class='ocrx_word' id='word_1_2' title='bbox 1557 345 1942 428; x_wconf 61' lang='lat' dir='ltr'><strong>emrtua,</strong></span> <span class='ocrx_word' id='word_1_3' title='bbox 3353 357 3422 416; x_wconf 73' lang='lat'><strong>93</strong></span> 
     </span>
    </p>
   </div>
   <div class='ocr_carea' id='block_1_2' title="bbox 126 461 3422 541">
    <p class='ocr_par' dir='ltr' id='par_1_2' title="bbox 126 461 3422 541">
     <span class='ocr_line' id='line_1_2' title="bbox 126 461 3422 541; baseline 0.003 -25"><span class='ocrx_word' id='word_1_4' title='bbox 126 462 194 532; x_wconf 76' lang='lat' dir='ltr'><strong>pis</strong></span> <span class='ocrx_word' id='word_1_5' title='bbox 215 464 515 534; x_wconf 68' lang='lat' dir='ltr'><strong>campi-imm</strong></span> <span class='ocrx_word' id='word_1_6' title='bbox 543 474 912 537; x_wconf 77' lang='lat' dir='ltr'><strong>competere,</strong></span> <span class='ocrx_word' id='word_1_7' title='bbox 938 465 1122 534; x_wconf 87' lang='lat' dir='ltr'><strong>quibus</strong></span> <span class='ocrx_word' id='word_1_8' title='bbox 1147 479 1252 519; x_wconf 92' lang='lat' dir='ltr'><strong>non</strong></span> <span class='ocrx_word' id='word_1_9' title='bbox 1275 461 1640 518; x_wconf 82' lang='lat' dir='ltr'><strong>docendorum</strong></span> <span class='ocrx_word' id='word_1_10' title='bbox 1681 467 1857 518; x_wconf 81' lang='lat' dir='ltr'><strong>solum</strong></span> <span class='ocrx_word' id='word_1_11' title='bbox 1881 463 2228 534; x_wconf 81' lang='lat' dir='ltr'><strong>populorum,</strong></span> <span class='ocrx_word' id='word_1_12' title='bbox 2259 463 2358 520; x_wconf 83' lang='lat' dir='ltr'><strong>sed</strong></span> <span class='ocrx_word' id='word_1_13' title='bbox 2383 474 2545 521; x_wconf 79' lang='lat' dir='ltr'><strong>etiam</strong></span> <span class='ocrx_word' id='word_1_14' title='bbox 2574 465 2810 521; x_wconf 79' lang='lat' dir='ltr'><strong>sontium</strong></span> <span class='ocrx_word' id='word_1_15' title='bbox 2846 467 3264 536; x_wconf 81' lang='lat' dir='ltr'><strong>puniendorum,</strong></span> <span class='ocrx_word' id='word_1_16' title='bbox 3289 483 3422 541; x_wconf 81' lang='lat' dir='ltr'><strong>pro-</strong></span> 
     </span>
    </p>
   </div>
   <div class='ocr_carea' id='block_1_3' title="bbox 125 547 3416 629">
    <p class='ocr_par' dir='ltr' id='par_1_3' title="bbox 125 547 3416 629">
     <span class='ocr_line' id='line_1_3' title="bbox 125 547 3416 629; baseline 0.002 -20"><span class='ocrx_word' id='word_1_17' title='bbox 125 558 561 627; x_wconf 80' lang='lat' dir='ltr'><strong>hibendorumque</strong></span> <span class='ocrx_word' id='word_1_18' title='bbox 589 558 996 614; x_wconf 83' lang='lat' dir='ltr'><strong>communione</strong></span> <span class='ocrx_word' id='word_1_19' title='bbox 1033 572 1324 622; x_wconf 87' lang='lat' dir='ltr'><strong>sacrorum,</strong></span> <span class='ocrx_word' id='word_1_20' title='bbox 1375 554 1544 628; x_wconf 79' lang='lat' dir='ltr'><strong>[xcer</strong></span> <span class='ocrx_word' id='word_1_21' title='bbox 1588 554 1677 624; x_wconf 84' lang='lat' dir='ltr'><strong>jus</strong></span> <span class='ocrx_word' id='word_1_22' title='bbox 1723 555 1918 621; x_wconf 86' lang='lat' dir='ltr'><strong>inesse,</strong></span> <span class='ocrx_word' id='word_1_23' title='bbox 1961 554 2263 610; x_wconf 81' lang='lat' dir='ltr'><strong>conﬁrmat.</strong></span> <span class='ocrx_word' id='word_1_24' title='bbox 2304 547 2382 612; x_wconf 77' lang='lat' dir='ltr'><strong>Ac</strong></span> <span class='ocrx_word' id='word_1_25' title='bbox 2407 556 2475 611; x_wconf 91' lang='lat' dir='ltr'><strong>de</strong></span> <span class='ocrx_word' id='word_1_26' title='bbox 2503 559 2728 626; x_wconf 87' lang='lat' dir='ltr'><strong>pignore</strong></span> <span class='ocrx_word' id='word_1_27' title='bbox 2755 557 2972 628; x_wconf 83' lang='lat' dir='ltr'><strong>quidem</strong></span> <span class='ocrx_word' id='word_1_28' title='bbox 2996 557 3250 629; x_wconf 75' lang='lat' dir='ltr'><strong>Spiritus,</strong></span> <span class='ocrx_word' id='word_1_29' title='bbox 3281 568 3416 623; x_wconf 83' lang='lat' dir='ltr'><strong>etc.,</strong></span> 
     </span>
    </p>
   </div>
   <div class='ocr_carea' id='block_1_4' title="bbox 123 643 3416 719">
    <p class='ocr_par' dir='ltr' id='par_1_4' title="bbox 123 643 3416 719">
     <span class='ocr_line' id='line_1_4' title="bbox 123 643 3416 719; baseline 0 -18"><span class='ocrx_word' id='word_1_30' title='bbox 123 647 247 714; x_wconf 81' lang='lat' dir='ltr'><strong>quod</strong></span> <span class='ocrx_word' id='word_1_31' title='bbox 270 647 588 704; x_wconf 72' lang='lat' dir='ltr'><strong>sacerdotes</strong></span> <span class='ocrx_word' id='word_1_32' title='bbox 616 650 964 719; x_wconf 83' lang='lat' dir='ltr'><strong>acceperint,</strong></span> <span class='ocrx_word' id='word_1_33' title='bbox 995 647 1167 716; x_wconf 82' lang='lat' dir='ltr'><strong>deque</strong></span> <span class='ocrx_word' id='word_1_34' title='bbox 1195 645 1566 703; x_wconf 87' lang='lat' dir='ltr'><strong>sacerdotibus</strong></span> <span class='ocrx_word' id='word_1_35' title='bbox 1594 643 1783 698; x_wconf 86' lang='lat' dir='ltr'><strong>iisdem</strong></span> <span class='ocrx_word' id='word_1_36' title='bbox 1812 644 1968 699; x_wconf 78' lang='lat' dir='ltr'><strong>altari</strong></span> <span class='ocrx_word' id='word_1_37' title='bbox 1996 645 2411 700; x_wconf 69' lang='lat' dir='ltr'><strong>insanientibus</strong></span> <span class='ocrx_word' id='word_1_38' title='bbox 2441 645 2554 701; x_wconf 80' lang='lat' dir='ltr'><strong>inec</strong></span> <span class='ocrx_word' id='word_1_39' title='bbox 2592 647 2682 700; x_wconf 88' lang='lat' dir='ltr'><strong>ille</strong></span> <span class='ocrx_word' id='word_1_40' title='bbox 2712 647 2873 701; x_wconf 87' lang='lat' dir='ltr'><strong>tradit</strong></span> <span class='ocrx_word' id='word_1_41' title='bbox 2913 647 3100 702; x_wconf 86' lang='lat' dir='ltr'><strong>homil.</strong></span> <span class='ocrx_word' id='word_1_42' title='bbox 3135 647 3256 712; x_wconf 69' lang='lat' dir='ltr'><strong>Hb,</strong></span> <span class='ocrx_word' id='word_1_43' title='bbox 3290 662 3416 718; x_wconf 85' lang='lat' dir='ltr'><strong>pag.</strong></span> 
     </span>
    </p>
   </div>
   <div class='ocr_carea' id='block_1_5' title="bbox 122 733 3419 808">
    <p class='ocr_par' dir='ltr' id='par_1_5' title="bbox 122 733 3419 808">
     <span class='ocr_line' id='line_1_5' title="bbox 122 733 3419 808; baseline 0.002 -17"><span class='ocrx_word' id='word_1_44' title='bbox 122 739 212 792; x_wconf 74' lang='lat'><strong>388</strong></span> <span class='ocrx_word' id='word_1_45' title='bbox 237 755 348 808; x_wconf 88' lang='lat' dir='ltr'><strong>seq.</strong></span> <span class='ocrx_word' id='word_1_46' title='bbox 376 758 388 792; x_wconf 92' lang='lat'>:</span> <span class='ocrx_word' id='word_1_47' title='bbox 413 738 658 794; x_wconf 86' lang='lat' dir='ltr'><strong>Domino</strong></span> <span class='ocrx_word' id='word_1_48' title='bbox 680 748 734 794; x_wconf 90' lang='lat' dir='ltr'><strong>et</strong></span> <span class='ocrx_word' id='word_1_49' title='bbox 757 739 873 794; x_wconf 89' lang='lat' dir='ltr'><strong>Deo</strong></span> <span class='ocrx_word' id='word_1_50' title='bbox 902 740 1199 804; x_wconf 75' lang='lat' dir='ltr'><strong>militamus,</strong></span> <span class='ocrx_word' id='word_1_51' title='bbox 1232 740 1362 792; x_wconf 88' lang='lat' dir='ltr'><strong>sicut</strong></span> <span class='ocrx_word' id='word_1_52' title='bbox 1391 738 1464 790; x_wconf 90' lang='lat' dir='ltr'><strong>ait</strong></span> <span class='ocrx_word' id='word_1_53' title='bbox 1493 736 1767 805; x_wconf 74' lang='lat' dir='ltr'><strong>Apostolus</strong></span> <span class='ocrx_word' id='word_1_54' title='bbox 1797 752 1816 789; x_wconf 91' lang='lat'><strong><em>:</em></strong></span> <span class='ocrx_word' id='word_1_55' title='bbox 1846 733 2015 789; x_wconf 87' lang='lat' dir='ltr'><strong>Nemo</strong></span> <span class='ocrx_word' id='word_1_56' title='bbox 2058 735 2289 788; x_wconf 89' lang='lat' dir='ltr'><strong>militans</strong></span> <span class='ocrx_word' id='word_1_57' title='bbox 2328 735 2440 790; x_wconf 91' lang='lat' dir='ltr'><strong>Deo</strong></span> <span class='ocrx_word' id='word_1_58' title='bbox 2475 737 2706 806; x_wconf 83' lang='lat' dir='ltr'><strong>implicat</strong></span> <span class='ocrx_word' id='word_1_59' title='bbox 2732 753 2788 790; x_wconf 87' lang='lat' dir='ltr'><strong>se</strong></span> <span class='ocrx_word' id='word_1_60' title='bbox 2814 741 3033 808; x_wconf 88' lang='lat' dir='ltr'><strong>negotiis</strong></span> <span class='ocrx_word' id='word_1_61' title='bbox 3062 737 3419 796; x_wconf 71' lang='lat' dir='ltr'><strong>swcularibus.</strong></span> 
     </span>
    </p>
   </div>
   <div class='ocr_carea' id='block_1_6' title="bbox 132 826 3420 902">
    <p class='ocr_par' dir='ltr' id='par_1_6' title="bbox 132 826 3420 902">
     <span class='ocr_line' id='line_1_6' title="bbox 132 826 3420 902; baseline 0.001 -21"><span class='ocrx_word' id='word_1_62' title='bbox 132 829 380 896; x_wconf 76' lang='lat' dir='ltr'><strong>Videntur,</strong></span> <span class='ocrx_word' id='word_1_63' title='bbox 407 833 653 902; x_wconf 88' lang='lat' dir='ltr'><strong>inquam,</strong></span> <span class='ocrx_word' id='word_1_64' title='bbox 681 848 792 885; x_wconf 90' lang='lat' dir='ltr'><strong>non</strong></span> <span class='ocrx_word' id='word_1_65' title='bbox 821 832 1042 885; x_wconf 86' lang='lat' dir='ltr'><strong>militare</strong></span> <span class='ocrx_word' id='word_1_66' title='bbox 1061 830 1291 884; x_wconf 86' lang='lat' dir='ltr'><strong>remissis</strong></span> <span class='ocrx_word' id='word_1_67' title='bbox 1315 845 1377 880; x_wconf 90' lang='lat' dir='ltr'><strong>ac</strong></span> <span class='ocrx_word' id='word_1_68' title='bbox 1405 827 1682 896; x_wconf 79' lang='lat' dir='ltr'><strong>ﬂuentibus</strong></span> <span class='ocrx_word' id='word_1_69' title='bbox 1715 827 1924 890; x_wconf 84' lang='lat' dir='ltr'><strong>tunicis,</strong></span> <span class='ocrx_word' id='word_1_70' title='bbox 1956 826 2046 880; x_wconf 88' lang='lat' dir='ltr'><strong>sed</strong></span> <span class='ocrx_word' id='word_1_71' title='bbox 2084 826 2328 879; x_wconf 81' lang='lat' dir='ltr'><strong>habemus</strong></span> <span class='ocrx_word' id='word_1_72' title='bbox 2357 827 2555 879; x_wconf 75' lang='lat' dir='ltr'><strong>militiae</strong></span> <span class='ocrx_word' id='word_1_73' title='bbox 2583 835 2778 881; x_wconf 81' lang='lat' dir='ltr'><strong>nostra:</strong></span> <span class='ocrx_word' id='word_1_74' title='bbox 2816 827 3096 897; x_wconf 82' lang='lat' dir='ltr'><strong>cingulum,</strong></span> <span class='ocrx_word' id='word_1_75' title='bbox 3128 846 3228 898; x_wconf 87' lang='lat' dir='ltr'><strong>qua</strong></span> <span class='ocrx_word' id='word_1_76' title='bbox 3257 832 3420 885; x_wconf 87' lang='lat' dir='ltr'><strong>casti-</strong></span> 
     </span>
    </p>
   </div>
   <div class='ocr_carea' id='block_1_7' title="bbox 124 917 3422 993">
    <p class='ocr_par' dir='ltr' id='par_1_7' title="bbox 124 917 3422 993">
     <span class='ocr_line' id='line_1_7' title="bbox 124 917 3422 993; baseline 0 -19"><span class='ocrx_word' id='word_1_77' title='bbox 124 923 277 974; x_wconf 83' lang='lat' dir='ltr'><strong>monia</strong></span> <span class='ocrx_word' id='word_1_78' title='bbox 317 923 576 976; x_wconf 88' lang='lat' dir='ltr'><strong>interiora</strong></span> <span class='ocrx_word' id='word_1_79' title='bbox 609 924 1064 993; x_wconf 79' lang='lat' dir='ltr'><strong>constringuntur,</strong></span> <span class='ocrx_word' id='word_1_80' title='bbox 1096 920 1161 974; x_wconf 90' lang='lat' dir='ltr'><strong>de</strong></span> <span class='ocrx_word' id='word_1_81' title='bbox 1190 937 1289 992; x_wconf 90' lang='lat' dir='ltr'><strong>qua</strong></span> <span class='ocrx_word' id='word_1_82' title='bbox 1319 919 1524 989; x_wconf 89' lang='lat' dir='ltr'><strong>cingula</strong></span> <span class='ocrx_word' id='word_1_83' title='bbox 1554 918 1811 973; x_wconf 87' lang='lat' dir='ltr'><strong>Dominus</strong></span> <span class='ocrx_word' id='word_1_84' title='bbox 1844 919 1918 971; x_wconf 85' lang='lat' dir='ltr'><strong>ait</strong></span> <span class='ocrx_word' id='word_1_85' title='bbox 1952 917 2022 970; x_wconf 90' lang='lat' dir='ltr'><strong>ad</strong></span> <span class='ocrx_word' id='word_1_86' title='bbox 2065 920 2326 987; x_wconf 86' lang='lat' dir='ltr'><strong>apostolos</strong></span> <span class='ocrx_word' id='word_1_87' title='bbox 2357 934 2515 972; x_wconf 89' lang='lat' dir='ltr'><strong>suos:</strong></span> <span class='ocrx_word' id='word_1_88' title='bbox 2541 917 2661 970; x_wconf 87' lang='lat' dir='ltr'><strong>Sint</strong></span> <span class='ocrx_word' id='word_1_89' title='bbox 2689 917 2845 970; x_wconf 86' lang='lat' dir='ltr'><strong>lumbi</strong></span> <span class='ocrx_word' id='word_1_90' title='bbox 2883 921 3034 972; x_wconf 84' lang='lat' dir='ltr'><strong>vestri</strong></span> <span class='ocrx_word' id='word_1_91' title='bbox 3061 923 3346 988; x_wconf 76' lang='lat' dir='ltr'><strong>prwcincti,</strong></span> <span class='ocrx_word' id='word_1_92' title='bbox 3370 931 3422 976; x_wconf 88' lang='lat' dir='ltr'><strong>et</strong></span> 
     </span>
    </p>
   </div>
   <div class='ocr_carea' id='block_1_8' title="bbox 130 1009 3421 1083">
    <p class='ocr_par' dir='ltr' id='par_1_8' title="bbox 130 1009 3421 1083">
     <span class='ocr_line' id='line_1_8' title="bbox 130 1009 3421 1083; baseline 0.001 -19"><span class='ocrx_word' id='word_1_93' title='bbox 130 1014 336 1065; x_wconf 73' lang='lat' dir='ltr'><strong>lucerna:</strong></span> <span class='ocrx_word' id='word_1_94' title='bbox 363 1013 620 1067; x_wconf 75' lang='lat' dir='ltr'><strong>ardentes</strong></span> <span class='ocrx_word' id='word_1_95' title='bbox 658 1015 716 1067; x_wconf 91' lang='lat' dir='ltr'><strong>in</strong></span> <span class='ocrx_word' id='word_1_96' title='bbox 751 1013 988 1068; x_wconf 82' lang='lat' dir='ltr'><strong>manibus</strong></span> <span class='ocrx_word' id='word_1_97' title='bbox 1024 1014 1227 1068; x_wconf 77' lang='lat' dir='ltr'><strong>uestris.</strong></span> <span class='ocrx_word' id='word_1_98' title='bbox 1262 1010 1471 1065; x_wconf 75' lang='lat' dir='ltr'><strong>Milites</strong></span> <span class='ocrx_word' id='word_1_99' title='bbox 1485 1013 1644 1077; x_wconf 82' lang='lat' dir='ltr'><strong>igitur</strong></span> <span class='ocrx_word' id='word_1_100' title='bbox 1673 1009 1862 1065; x_wconf 83' lang='lat' dir='ltr'><strong>Christi</strong></span> <span class='ocrx_word' id='word_1_101' title='bbox 1885 1025 2081 1074; x_wconf 88' lang='lat' dir='ltr'><strong>sumus,</strong></span> <span class='ocrx_word' id='word_1_102' title='bbox 2112 1018 2162 1062; x_wconf 90' lang='lat' dir='ltr'><strong>et</strong></span> <span class='ocrx_word' id='word_1_103' title='bbox 2191 1009 2499 1080; x_wconf 86' lang='lat' dir='ltr'><strong>stipendium</strong></span> <span class='ocrx_word' id='word_1_104' title='bbox 2528 1010 2592 1062; x_wconf 91' lang='lat' dir='ltr'><strong>ab</strong></span> <span class='ocrx_word' id='word_1_105' title='bbox 2632 1011 2745 1079; x_wconf 86' lang='lat' dir='ltr'><strong>ipso</strong></span> <span class='ocrx_word' id='word_1_106' title='bbox 2771 1010 3062 1082; x_wconf 82' lang='lat' dir='ltr'><strong>donumque</strong></span> <span class='ocrx_word' id='word_1_107' title='bbox 3089 1015 3421 1083; x_wconf 79' lang='lat' dir='ltr'><strong>percipimus,</strong></span> 
     </span>
    </p>
   </div>
   <div class='ocr_carea' id='block_1_9' title="bbox 126 1099 3421 1171">
    <p class='ocr_par' dir='ltr' id='par_1_9' title="bbox 126 1099 3421 1171">
     <span class='ocr_line' id='line_1_9' title="bbox 126 1099 3421 1171; baseline 0.002 -19"><span class='ocrx_word' id='word_1_108' title='bbox 126 1103 241 1154; x_wconf 86' lang='lat' dir='ltr'><strong>sicut</strong></span> <span class='ocrx_word' id='word_1_109' title='bbox 268 1102 393 1154; x_wconf 81' lang='lat' dir='ltr'><strong>dicit</strong></span> <span class='ocrx_word' id='word_1_110' title='bbox 422 1099 616 1155; x_wconf 89' lang='lat' dir='ltr'><strong>beatus</strong></span> <span class='ocrx_word' id='word_1_111' title='bbox 645 1103 926 1168; x_wconf 79' lang='lat' dir='ltr'><strong>Apostolus</strong></span> <span class='ocrx_word' id='word_1_112' title='bbox 953 1119 970 1155; x_wconf 93' lang='lat'><em>:</em></span> <span class='ocrx_word' id='word_1_113' title='bbox 1004 1101 1107 1166; x_wconf 80' lang='lat' dir='ltr'><strong>Qui</strong></span> <span class='ocrx_word' id='word_1_114' title='bbox 1134 1101 1275 1155; x_wconf 84' lang='lat' dir='ltr'><strong>dedit</strong></span> <span class='ocrx_word' id='word_1_115' title='bbox 1301 1100 1447 1156; x_wconf 89' lang='lat' dir='ltr'><strong>nobis</strong></span> <span class='ocrx_word' id='word_1_116' title='bbox 1477 1102 1664 1170; x_wconf 89' lang='lat' dir='ltr'><strong>pignus</strong></span> <span class='ocrx_word' id='word_1_117' title='bbox 1693 1100 1944 1171; x_wconf 81' lang='lat' dir='ltr'><strong>Spiritus,</strong></span> <span class='ocrx_word' id='word_1_118' title='bbox 1983 1099 2077 1153; x_wconf 88' lang='lat' dir='ltr'><strong>hoc</strong></span> <span class='ocrx_word' id='word_1_119' title='bbox 2113 1109 2208 1164; x_wconf 90' lang='lat' dir='ltr'><strong>est,</strong></span> <span class='ocrx_word' id='word_1_120' title='bbox 2238 1101 2324 1169; x_wconf 90' lang='lat' dir='ltr'><strong>qui</strong></span> <span class='ocrx_word' id='word_1_121' title='bbox 2373 1099 2602 1170; x_wconf 85' lang='lat' dir='ltr'><strong>Spiritus</strong></span> <span class='ocrx_word' id='word_1_122' title='bbox 2650 1103 2819 1154; x_wconf 87' lang='lat' dir='ltr'><strong>sancti</strong></span> <span class='ocrx_word' id='word_1_123' title='bbox 2868 1119 2963 1156; x_wconf 89' lang='lat' dir='ltr'><strong>nos</strong></span> <span class='ocrx_word' id='word_1_124' title='bbox 3004 1107 3421 1159; x_wconf 83' lang='lat' dir='ltr'><strong>remuneratione</strong></span> 
     </span>
    </p>
   </div>
   <div class='ocr_carea' id='block_1_10' title="bbox 124 1190 3421 1265">
    <p class='ocr_par' dir='ltr' id='par_1_10' title="bbox 124 1190 3421 1265">
     <span class='ocr_line' id='line_1_10' title="bbox 124 1190 3421 1265; baseline 0.003 -24"><span class='ocrx_word' id='word_1_125' title='bbox 124 1191 350 1244; x_wconf 78' lang='lat' dir='ltr'><strong>ditarit...</strong></span> <span class='ocrx_word' id='word_1_126' title='bbox 375 1191 691 1247; x_wconf 82' lang='lat' dir='ltr'><strong>Catholicus</strong></span> <span class='ocrx_word' id='word_1_127' title='bbox 721 1194 936 1247; x_wconf 88' lang='lat' dir='ltr'><strong>clericus</strong></span> <span class='ocrx_word' id='word_1_128' title='bbox 959 1194 1058 1245; x_wconf 92' lang='lat' dir='ltr'><strong>hac</strong></span> <span class='ocrx_word' id='word_1_129' title='bbox 1083 1193 1340 1248; x_wconf 80' lang='lat' dir='ltr'><strong>sententia</strong></span> <span class='ocrx_word' id='word_1_130' title='bbox 1369 1193 1638 1245; x_wconf 85' lang='lat' dir='ltr'><strong>retinetur.</strong></span> <span class='ocrx_word' id='word_1_131' title='bbox 1674 1190 1734 1246; x_wconf 90' lang='lat' dir='ltr'><strong>Si</strong></span> <span class='ocrx_word' id='word_1_132' title='bbox 1756 1193 1895 1244; x_wconf 89' lang='lat' dir='ltr'><strong>enim</strong></span> <span class='ocrx_word' id='word_1_133' title='bbox 1922 1208 2025 1244; x_wconf 88' lang='lat' dir='ltr'><strong>non</strong></span> <span class='ocrx_word' id='word_1_134' title='bbox 2054 1200 2320 1244; x_wconf 87' lang='lat' dir='ltr'><strong>contentus</strong></span> <span class='ocrx_word' id='word_1_135' title='bbox 2347 1191 2617 1261; x_wconf 83' lang='lat' dir='ltr'><strong>stipendiis</strong></span> <span class='ocrx_word' id='word_1_136' title='bbox 2648 1194 2825 1262; x_wconf 89' lang='lat' dir='ltr'><strong>fuerit,</strong></span> <span class='ocrx_word' id='word_1_137' title='bbox 2854 1209 2970 1265; x_wconf 73' lang='lat' dir='ltr'><strong>qua:</strong></span> <span class='ocrx_word' id='word_1_138' title='bbox 2998 1194 3062 1247; x_wconf 89' lang='lat' dir='ltr'><strong>de</strong></span> <span class='ocrx_word' id='word_1_139' title='bbox 3090 1196 3264 1262; x_wconf 78' lang='lat' dir='ltr'><strong>altari,</strong></span> <span class='ocrx_word' id='word_1_140' title='bbox 3306 1195 3421 1251; x_wconf 77' lang='lat' dir='ltr'><strong>Do—</strong></span> 
     </span>
    </p>
   </div>
   <div class='ocr_carea' id='block_1_11' title="bbox 124 1280 3420 1354">
    <p class='ocr_par' dir='ltr' id='par_1_11' title="bbox 124 1280 3420 1354">
     <span class='ocr_line' id='line_1_11' title="bbox 124 1280 3420 1354; baseline 0.002 -21"><span class='ocrx_word' id='word_1_141' title='bbox 124 1282 245 1336; x_wconf 87' lang='lat' dir='ltr'><strong>mino</strong></span> <span class='ocrx_word' id='word_1_142' title='bbox 259 1281 493 1354; x_wconf 86' lang='lat' dir='ltr'><strong>jubente,</strong></span> <span class='ocrx_word' id='word_1_143' title='bbox 528 1286 900 1354; x_wconf 78' lang='lat' dir='ltr'><strong>consequitur;</strong></span> <span class='ocrx_word' id='word_1_144' title='bbox 924 1284 1015 1336; x_wconf 80' lang='lat' dir='ltr'><strong>sed</strong></span> <span class='ocrx_word' id='word_1_145' title='bbox 1044 1292 1247 1336; x_wconf 70' lang='lat' dir='ltr'><strong>exercet</strong></span> <span class='ocrx_word' id='word_1_146' title='bbox 1273 1284 1629 1346; x_wconf 83' lang='lat' dir='ltr'><strong>mercimonio,</strong></span> <span class='ocrx_word' id='word_1_147' title='bbox 1662 1283 2052 1336; x_wconf 86' lang='lat' dir='ltr'><strong>intercessiones</strong></span> <span class='ocrx_word' id='word_1_148' title='bbox 2073 1280 2259 1343; x_wconf 76' lang='lat' dir='ltr'><strong>vendit,</strong></span> <span class='ocrx_word' id='word_1_149' title='bbox 2286 1281 2557 1334; x_wconf 82' lang='lat' dir='ltr'><strong>viduarum</strong></span> <span class='ocrx_word' id='word_1_150' title='bbox 2583 1299 2798 1335; x_wconf 87' lang='lat' dir='ltr'><strong>munera</strong></span> <span class='ocrx_word' id='word_1_151' title='bbox 2837 1283 3053 1338; x_wconf 86' lang='lat' dir='ltr'><strong>libenter</strong></span> <span class='ocrx_word' id='word_1_152' title='bbox 3075 1285 3420 1354; x_wconf 85' lang='lat' dir='ltr'><strong>amplectitur.</strong></span> 
     </span>
    </p>
   </div>
   <div class='ocr_carea' id='block_1_12' title="bbox 125 1368 3419 1445">
    <p class='ocr_par' dir='ltr' id='par_1_12' title="bbox 125 1368 3419 1445">
     <span class='ocr_line' id='line_1_12' title="bbox 125 1368 3419 1445; baseline 0.001 -21"><span class='ocrx_word' id='word_1_153' title='bbox 125 1375 196 1427; x_wconf 80' lang='lat' dir='ltr'><strong>hic</strong></span> <span class='ocrx_word' id='word_1_154' title='bbox 218 1377 510 1445; x_wconf 81' lang='lat' dir='ltr'><strong>negotiator</strong></span> <span class='ocrx_word' id='word_1_155' title='bbox 531 1377 708 1445; x_wconf 86' lang='lat' dir='ltr'><strong>magis</strong></span> <span class='ocrx_word' id='word_1_156' title='bbox 726 1383 889 1444; x_wconf 88' lang='lat' dir='ltr'><strong>potest</strong></span> <span class='ocrx_word' id='word_1_157' title='bbox 912 1374 1073 1428; x_wconf 82' lang='lat' dir='ltr'><strong>videri</strong></span> <span class='ocrx_word' id='word_1_158' title='bbox 1093 1386 1248 1443; x_wconf 87' lang='lat' dir='ltr'><strong>quam</strong></span> <span class='ocrx_word' id='word_1_159' title='bbox 1272 1373 1509 1426; x_wconf 85' lang='lat' dir='ltr'><strong>clericus.</strong></span> <span class='ocrx_word' id='word_1_160' title='bbox 1533 1371 1652 1425; x_wconf 81' lang='lat' dir='ltr'><strong>Jam</strong></span> <span class='ocrx_word' id='word_1_161' title='bbox 1677 1387 1807 1426; x_wconf 81' lang='lat' dir='ltr'><strong>vero</strong></span> <span class='ocrx_word' id='word_1_162' title='bbox 1837 1372 2023 1425; x_wconf 90' lang='lat' dir='ltr'><strong>homil.</strong></span> <span class='ocrx_word' id='word_1_163' title='bbox 2051 1368 2135 1435; x_wconf 71' lang='grc'><strong>12,</strong></span> <span class='ocrx_word' id='word_1_164' title='bbox 2169 1383 2290 1439; x_wconf 84' lang='lat' dir='ltr'><strong>pag.</strong></span> <span class='ocrx_word' id='word_1_165' title='bbox 2321 1369 2416 1423; x_wconf 80' lang='grc'><strong>571</strong></span> <span class='ocrx_word' id='word_1_166' title='bbox 2444 1384 2583 1438; x_wconf 87' lang='lat' dir='ltr'><strong>seq.,</strong></span> <span class='ocrx_word' id='word_1_167' title='bbox 2605 1369 2672 1425; x_wconf 87' lang='lat' dir='ltr'><strong>de</strong></span> <span class='ocrx_word' id='word_1_168' title='bbox 2695 1371 2854 1427; x_wconf 83' lang='lat' dir='ltr'><strong>Verbi</strong></span> <span class='ocrx_word' id='word_1_169' title='bbox 2877 1374 3044 1427; x_wconf 86' lang='lat' dir='ltr'><strong>divini</strong></span> <span class='ocrx_word' id='word_1_170' title='bbox 3072 1373 3419 1443; x_wconf 56' lang='lat' dir='ltr'><strong>praedicandi,</strong></span> 
     </span>
    </p>
   </div>
   <div class='ocr_carea' id='block_1_13' title="bbox 123 1467 3420 1540">
    <p class='ocr_par' dir='ltr' id='par_1_13' title="bbox 123 1467 3420 1540">
     <span class='ocr_line' id='line_1_13' title="bbox 123 1467 3420 1540; baseline -0.001 -16"><span class='ocrx_word' id='word_1_171' title='bbox 123 1470 275 1540; x_wconf 77' lang='lat' dir='ltr'><strong>deque</strong></span> <span class='ocrx_word' id='word_1_172' title='bbox 297 1470 708 1540; x_wconf 80' lang='lat' dir='ltr'><strong>puniendorum</strong></span> <span class='ocrx_word' id='word_1_173' title='bbox 749 1471 984 1525; x_wconf 86' lang='lat' dir='ltr'><strong>sontium</strong></span> <span class='ocrx_word' id='word_1_174' title='bbox 1007 1469 1129 1537; x_wconf 90' lang='lat' dir='ltr'><strong>jure</strong></span> <span class='ocrx_word' id='word_1_175' title='bbox 1164 1468 1231 1522; x_wconf 88' lang='lat' dir='ltr'><strong>ad</strong></span> <span class='ocrx_word' id='word_1_176' title='bbox 1270 1470 1583 1523; x_wconf 82' lang='lat' dir='ltr'><strong>sacerdotes</strong></span> <span class='ocrx_word' id='word_1_177' title='bbox 1611 1476 1912 1538; x_wconf 78' lang='lat' dir='ltr'><strong>Spectante,</strong></span> <span class='ocrx_word' id='word_1_178' title='bbox 1943 1483 2079 1538; x_wconf 85' lang='lat' dir='ltr'><strong>quos</strong></span> <span class='ocrx_word' id='word_1_179' title='bbox 2120 1468 2310 1536; x_wconf 86' lang='lat' dir='ltr'><strong>apibus</strong></span> <span class='ocrx_word' id='word_1_180' title='bbox 2351 1474 2647 1537; x_wconf 83' lang='lat' dir='ltr'><strong>comparat,</strong></span> <span class='ocrx_word' id='word_1_181' title='bbox 2681 1467 2952 1523; x_wconf 86' lang='lat' dir='ltr'><strong>disserens</strong></span> <span class='ocrx_word' id='word_1_182' title='bbox 2985 1487 2997 1522; x_wconf 92' lang='lat'><strong>:</strong></span> <span class='ocrx_word' id='word_1_183' title='bbox 3030 1467 3186 1534; x_wconf 85' lang='lat' dir='ltr'><strong>Bene,</strong></span> <span class='ocrx_word' id='word_1_184' title='bbox 3227 1470 3420 1537; x_wconf 80' lang='lat' dir='ltr'><strong>inquit,</strong></span> 
     </span>
    </p>
   </div>
   <div class='ocr_carea' id='block_1_14' title="bbox 125 1561 3421 1634">
    <p class='ocr_par' dir='ltr' id='par_1_14' title="bbox 125 1561 3421 1634">
     <span class='ocr_line' id='line_1_14' title="bbox 125 1561 3421 1634; baseline 0.001 -22"><span class='ocrx_word' id='word_1_185' title='bbox 125 1561 241 1624; x_wconf 72' lang='lat' dir='ltr'><strong>dixi,</strong></span> <span class='ocrx_word' id='word_1_186' title='bbox 268 1564 508 1617; x_wconf 73' lang='lat' dir='ltr'><strong>examine</strong></span> <span class='ocrx_word' id='word_1_187' title='bbox 536 1563 905 1626; x_wconf 87' lang='lat' dir='ltr'><strong>sacerdotum;</strong></span> <span class='ocrx_word' id='word_1_188' title='bbox 927 1563 1048 1632; x_wconf 87' lang='lat' dir='ltr'><strong>quia</strong></span> <span class='ocrx_word' id='word_1_189' title='bbox 1078 1563 1212 1615; x_wconf 89' lang='lat' dir='ltr'><strong>sicut</strong></span> <span class='ocrx_word' id='word_1_190' title='bbox 1231 1579 1354 1631; x_wconf 89' lang='lat' dir='ltr'><strong>apes</strong></span> <span class='ocrx_word' id='word_1_191' title='bbox 1375 1561 1440 1614; x_wconf 90' lang='lat' dir='ltr'><strong>de</strong></span> <span class='ocrx_word' id='word_1_192' title='bbox 1463 1561 1760 1616; x_wconf 85' lang='lat' dir='ltr'><strong>diuinarum</strong></span> <span class='ocrx_word' id='word_1_193' title='bbox 1781 1561 2174 1632; x_wconf 87' lang='lat' dir='ltr'><strong>Scripturarum</strong></span> <span class='ocrx_word' id='word_1_194' title='bbox 2203 1561 2433 1630; x_wconf 84' lang='lat' dir='ltr'><strong>flosculis</strong></span> <span class='ocrx_word' id='word_1_195' title='bbox 2462 1562 2640 1616; x_wconf 73' lang='lat' dir='ltr'><strong>suavia</strong></span> <span class='ocrx_word' id='word_1_196' title='bbox 2665 1561 2820 1615; x_wconf 85' lang='lat' dir='ltr'><strong>mella</strong></span> <span class='ocrx_word' id='word_1_197' title='bbox 2849 1563 3152 1634; x_wconf 78' lang='lat' dir='ltr'><strong>conﬁciunt,</strong></span> <span class='ocrx_word' id='word_1_198' title='bbox 3182 1572 3233 1616; x_wconf 89' lang='lat' dir='ltr'><strong>et</strong></span> <span class='ocrx_word' id='word_1_199' title='bbox 3269 1561 3421 1634; x_wconf 82' lang='lat' dir='ltr'><strong>quid-</strong></span> 
     </span>
    </p>
   </div>
   <div class='ocr_carea' id='block_1_15' title="bbox 122 1651 3420 1727">
    <p class='ocr_par' dir='ltr' id='par_1_15' title="bbox 122 1651 3420 1727">
     <span class='ocr_line' id='line_1_15' title="bbox 122 1651 3420 1727; baseline 0 -22"><span class='ocrx_word' id='word_1_200' title='bbox 122 1653 232 1722; x_wconf 84' lang='lat' dir='ltr'><strong>quid</strong></span> <span class='ocrx_word' id='word_1_201' title='bbox 258 1654 324 1706; x_wconf 89' lang='lat' dir='ltr'><strong>ad</strong></span> <span class='ocrx_word' id='word_1_202' title='bbox 352 1654 679 1708; x_wconf 86' lang='lat' dir='ltr'><strong>medicinam</strong></span> <span class='ocrx_word' id='word_1_203' title='bbox 700 1656 919 1724; x_wconf 84' lang='lat' dir='ltr'><strong>pertinet</strong></span> <span class='ocrx_word' id='word_1_204' title='bbox 944 1655 1258 1719; x_wconf 89' lang='lat' dir='ltr'><strong>animarum,</strong></span> <span class='ocrx_word' id='word_1_205' title='bbox 1281 1655 1389 1708; x_wconf 82' lang='lat' dir='ltr'><strong>oris</strong></span> <span class='ocrx_word' id='word_1_206' title='bbox 1418 1654 1501 1706; x_wconf 85' lang='lat' dir='ltr'><strong>sui</strong></span> <span class='ocrx_word' id='word_1_207' title='bbox 1521 1663 1634 1707; x_wconf 89' lang='lat' dir='ltr'><strong>arte</strong></span> <span class='ocrx_word' id='word_1_208' title='bbox 1659 1661 1994 1724; x_wconf 89' lang='lat' dir='ltr'><strong>componunt.</strong></span> <span class='ocrx_word' id='word_1_209' title='bbox 2027 1651 2184 1705; x_wconf 87' lang='lat' dir='ltr'><strong>Recte</strong></span> <span class='ocrx_word' id='word_1_210' title='bbox 2204 1660 2576 1721; x_wconf 78' lang='lat' dir='ltr'><strong>comparantur</strong></span> <span class='ocrx_word' id='word_1_211' title='bbox 2602 1653 2785 1722; x_wconf 88' lang='lat' dir='ltr'><strong>apibus</strong></span> <span class='ocrx_word' id='word_1_212' title='bbox 2809 1654 3124 1720; x_wconf 87' lang='lat' dir='ltr'><strong>sacerdotes,</strong></span> <span class='ocrx_word' id='word_1_213' title='bbox 3147 1655 3267 1727; x_wconf 86' lang='lat' dir='ltr'><strong>quia</strong></span> <span class='ocrx_word' id='word_1_214' title='bbox 3290 1656 3420 1711; x_wconf 79' lang='lat' dir='ltr'><strong>sicut</strong></span> 
     </span>
    </p>
   </div>
   <div class='ocr_carea' id='block_1_16' title="bbox 122 1742 3414 1815">
    <p class='ocr_par' dir='ltr' id='par_1_16' title="bbox 122 1742 3414 1815">
     <span class='ocr_line' id='line_1_16' title="bbox 122 1742 3414 1815; baseline 0 -20"><span class='ocrx_word' id='word_1_215' title='bbox 122 1760 231 1814; x_wconf 82' lang='lat' dir='ltr'><strong>apes</strong></span> <span class='ocrx_word' id='word_1_216' title='bbox 258 1747 554 1798; x_wconf 86' lang='lat' dir='ltr'><strong>castitatem</strong></span> <span class='ocrx_word' id='word_1_217' title='bbox 574 1746 816 1814; x_wconf 89' lang='lat' dir='ltr'><strong>corporis</strong></span> <span class='ocrx_word' id='word_1_218' title='bbox 842 1745 1148 1815; x_wconf 68' lang='lat' dir='ltr'><strong>praferunt,</strong></span> <span class='ocrx_word' id='word_1_219' title='bbox 1182 1743 1352 1797; x_wconf 88' lang='lat' dir='ltr'><strong>cibum</strong></span> <span class='ocrx_word' id='word_1_220' title='bbox 1378 1745 1496 1798; x_wconf 68' lang='lat' dir='ltr'><strong>vitta</strong></span> <span class='ocrx_word' id='word_1_221' title='bbox 1517 1745 1738 1798; x_wconf 70' lang='lat' dir='ltr'><strong>caelestis</strong></span> <span class='ocrx_word' id='word_1_222' title='bbox 1765 1742 2024 1806; x_wconf 69' lang='lat' dir='ltr'><strong>exhibent,</strong></span> <span class='ocrx_word' id='word_1_223' title='bbox 2048 1742 2280 1794; x_wconf 87' lang='lat' dir='ltr'><strong>aculeum</strong></span> <span class='ocrx_word' id='word_1_224' title='bbox 2311 1742 2442 1811; x_wconf 87' lang='lat' dir='ltr'><strong>legis</strong></span> <span class='ocrx_word' id='word_1_225' title='bbox 2462 1751 2721 1796; x_wconf 75' lang='lat' dir='ltr'><strong>exercent.</strong></span> <span class='ocrx_word' id='word_1_226' title='bbox 2758 1742 2888 1798; x_wconf 87' lang='lat' dir='ltr'><strong>Puri</strong></span> <span class='ocrx_word' id='word_1_227' title='bbox 2917 1745 3058 1799; x_wconf 62' lang='lat' dir='ltr'><strong>enim,</strong></span> <span class='ocrx_word' id='word_1_228' title='bbox 3083 1742 3154 1796; x_wconf 86' lang='lat' dir='ltr'><strong>ad</strong></span> <span class='ocrx_word' id='word_1_229' title='bbox 3175 1744 3414 1813; x_wconf 84' lang='lat' dir='ltr'><strong>sanctiﬁ-</strong></span> 
     </span>
    </p>
   </div>
   <div class='ocr_carea' id='block_1_17' title="bbox 124 1832 3418 1906">
    <p class='ocr_par' dir='ltr' id='par_1_17' title="bbox 124 1832 3418 1906">
     <span class='ocr_line' id='line_1_17' title="bbox 124 1832 3418 1906; baseline 0.001 -19"><span class='ocrx_word' id='word_1_230' title='bbox 124 1835 374 1901; x_wconf 87' lang='lat' dir='ltr'><strong>cationem,</strong></span> <span class='ocrx_word' id='word_1_231' title='bbox 399 1853 592 1890; x_wconf 80' lang='lat' dir='ltr'><strong>suaves</strong></span> <span class='ocrx_word' id='word_1_232' title='bbox 625 1837 701 1890; x_wconf 78' lang='lat' dir='ltr'><strong>ad</strong></span> <span class='ocrx_word' id='word_1_233' title='bbox 722 1838 1075 1906; x_wconf 78' lang='lat' dir='ltr'><strong>refectionem,</strong></span> <span class='ocrx_word' id='word_1_234' title='bbox 1102 1837 1266 1890; x_wconf 85' lang='lat' dir='ltr'><strong>severi</strong></span> <span class='ocrx_word' id='word_1_235' title='bbox 1295 1836 1363 1890; x_wconf 91' lang='lat' dir='ltr'><strong>ad</strong></span> <span class='ocrx_word' id='word_1_236' title='bbox 1390 1836 1656 1890; x_wconf 85' lang='lat' dir='ltr'><strong>ultionem.</strong></span> <span class='ocrx_word' id='word_1_237' title='bbox 1695 1835 1885 1904; x_wconf 83' lang='lat' dir='ltr'><strong>Apibus</strong></span> <span class='ocrx_word' id='word_1_238' title='bbox 1919 1833 2072 1904; x_wconf 86' lang='lat' dir='ltr'><strong>plane</strong></span> <span class='ocrx_word' id='word_1_239' title='bbox 2109 1841 2228 1884; x_wconf 89' lang='lat' dir='ltr'><strong>sunt</strong></span> <span class='ocrx_word' id='word_1_240' title='bbox 2256 1832 2617 1900; x_wconf 85' lang='lat' dir='ltr'><strong>comparandi,</strong></span> <span class='ocrx_word' id='word_1_241' title='bbox 2651 1834 2738 1902; x_wconf 91' lang='lat' dir='ltr'><strong>qui</strong></span> <span class='ocrx_word' id='word_1_242' title='bbox 2776 1833 2914 1887; x_wconf 74' lang='lat' dir='ltr'><strong>velut</strong></span> <span class='ocrx_word' id='word_1_243' title='bbox 2941 1833 3168 1888; x_wconf 84' lang='lat' dir='ltr'><strong>alvearia</strong></span> <span class='ocrx_word' id='word_1_244' title='bbox 3197 1836 3418 1905; x_wconf 82' lang='lat' dir='ltr'><strong>quodam</strong></span> 
     </span>
    </p>
   </div>
   <div class='ocr_carea' id='block_1_18' title="bbox 125 1920 3420 2006">
    <p class='ocr_par' dir='ltr' id='par_1_18' title="bbox 125 1920 3420 2006">
     <span class='ocr_line' id='line_1_18' title="bbox 125 1920 3420 2006; baseline -0.002 -29"><span class='ocrx_word' id='word_1_245' title='bbox 125 1929 281 1995; x_wconf 85' lang='lat' dir='ltr'><strong>gratia</strong></span> <span class='ocrx_word' id='word_1_246' title='bbox 317 1929 503 1980; x_wconf 87' lang='lat' dir='ltr'><strong>matris</strong></span> <span class='ocrx_word' id='word_1_247' title='bbox 553 1926 813 1981; x_wconf 61' lang='lat' dir='ltr'><strong>Ecclesia</strong></span> <span class='ocrx_word' id='word_1_248' title='bbox 854 1928 1205 1991; x_wconf 86' lang='lat' dir='ltr'><strong>continentur,</strong></span> <span class='ocrx_word' id='word_1_249' title='bbox 1245 1927 1301 1979; x_wconf 91' lang='lat' dir='ltr'><strong>in</strong></span> <span class='ocrx_word' id='word_1_250' title='bbox 1329 1943 1430 1996; x_wconf 92' lang='lat' dir='ltr'><strong>qua</strong></span> <span class='ocrx_word' id='word_1_251' title='bbox 1468 1925 1788 1978; x_wconf 76' lang='lat' dir='ltr'><strong>diversorum</strong></span> <span class='ocrx_word' id='word_1_252' title='bbox 1815 1924 2116 1993; x_wconf 85' lang='lat' dir='ltr'><strong>meritorum</strong></span> <span class='ocrx_word' id='word_1_253' title='bbox 2135 1920 2350 2003; x_wconf 86' lang='lat' dir='ltr'><strong>cellulas</strong></span> <span class='ocrx_word' id='word_1_254' title='bbox 2385 1920 2704 1979; x_wconf 84' lang='lat' dir='ltr'><strong>dulcissimis</strong></span> <span class='ocrx_word' id='word_1_255' title='bbox 2731 1921 3188 2006; x_wconf 76' lang='lat' dir='ltr'><strong>prcedicationibus</strong></span> <span class='ocrx_word' id='word_1_256' title='bbox 3219 1940 3420 1991; x_wconf 82' lang='lat' dir='ltr'><strong>campo.</strong></span> 
     </span>
    </p>
   </div>
   <div class='ocr_carea' id='block_1_19' title="bbox 125 2008 3420 2084">
    <p class='ocr_par' dir='ltr' id='par_1_19' title="bbox 125 2008 3420 2084">
     <span class='ocr_line' id='line_1_19' title="bbox 125 2008 3420 2084; baseline 0.001 -18"><span class='ocrx_word' id='word_1_257' title='bbox 125 2025 304 2080; x_wconf 82' lang='lat' dir='ltr'><strong>nentes,</strong></span> <span class='ocrx_word' id='word_1_258' title='bbox 327 2016 392 2067; x_wconf 89' lang='lat' dir='ltr'><strong>de</strong></span> <span class='ocrx_word' id='word_1_259' title='bbox 410 2032 520 2068; x_wconf 88' lang='lat' dir='ltr'><strong>una</strong></span> <span class='ocrx_word' id='word_1_260' title='bbox 543 2013 848 2070; x_wconf 77' lang='lat' dir='ltr'><strong>Saluatoris</strong></span> <span class='ocrx_word' id='word_1_261' title='bbox 869 2017 1110 2070; x_wconf 70' lang='lat' dir='ltr'><strong>examine</strong></span> <span class='ocrx_word' id='word_1_262' title='bbox 1129 2014 1543 2070; x_wconf 86' lang='lat' dir='ltr'><strong>Christianarum</strong></span> <span class='ocrx_word' id='word_1_263' title='bbox 1564 2014 1809 2068; x_wconf 77' lang='lat' dir='ltr'><strong>examina</strong></span> <span class='ocrx_word' id='word_1_264' title='bbox 1839 2011 2000 2066; x_wconf 88' lang='lat' dir='ltr'><strong>multa</strong></span> <span class='ocrx_word' id='word_1_265' title='bbox 2019 2010 2378 2080; x_wconf 90' lang='lat' dir='ltr'><strong>producunt...</strong></span> <span class='ocrx_word' id='word_1_266' title='bbox 2415 2008 2734 2065; x_wconf 73' lang='lat' dir='ltr'><strong>Prwdicatia</strong></span> <span class='ocrx_word' id='word_1_267' title='bbox 2756 2013 3043 2067; x_wconf 87' lang='lat' dir='ltr'><strong>sacerdotis</strong></span> <span class='ocrx_word' id='word_1_268' title='bbox 3067 2014 3119 2066; x_wconf 90' lang='lat' dir='ltr'><strong>in</strong></span> <span class='ocrx_word' id='word_1_269' title='bbox 3143 2013 3288 2084; x_wconf 86' lang='lat' dir='ltr'><strong>plebe</strong></span> <span class='ocrx_word' id='word_1_270' title='bbox 3306 2017 3420 2068; x_wconf 53' lang='lat' dir='ltr'><strong>Isal-</strong></span> 
     </span>
    </p>
   </div>
   <div class='ocr_carea' id='block_1_20' title="bbox 127 2099 3420 2177">
    <p class='ocr_par' dir='ltr' id='par_1_20' title="bbox 127 2099 3420 2177">
     <span class='ocr_line' id='line_1_20' title="bbox 127 2099 3420 2177; baseline 0.001 -21"><span class='ocrx_word' id='word_1_271' title='bbox 127 2106 290 2159; x_wconf 78' lang='lat' dir='ltr'><strong>randis</strong></span> <span class='ocrx_word' id='word_1_272' title='bbox 314 2116 392 2159; x_wconf 88' lang='lat' dir='ltr'><strong>est</strong></span> <span class='ocrx_word' id='word_1_273' title='bbox 425 2108 711 2172; x_wconf 88' lang='lat' dir='ltr'><strong>correctio,</strong></span> <span class='ocrx_word' id='word_1_274' title='bbox 752 2117 804 2160; x_wconf 92' lang='lat' dir='ltr'><strong>et</strong></span> <span class='ocrx_word' id='word_1_275' title='bbox 847 2107 1156 2160; x_wconf 89' lang='lat' dir='ltr'><strong>contestatio</strong></span> <span class='ocrx_word' id='word_1_276' title='bbox 1192 2105 1515 2177; x_wconf 87' lang='lat' dir='ltr'><strong>judicandis.</strong></span> <span class='ocrx_word' id='word_1_277' title='bbox 1553 2102 1914 2159; x_wconf 88' lang='lat' dir='ltr'><strong>Contestamur</strong></span> <span class='ocrx_word' id='word_1_278' title='bbox 1948 2103 2085 2157; x_wconf 86' lang='lat' dir='ltr'><strong>enim</strong></span> <span class='ocrx_word' id='word_1_279' title='bbox 2116 2099 2222 2153; x_wconf 86' lang='lat' dir='ltr'><strong>illis</strong></span> <span class='ocrx_word' id='word_1_280' title='bbox 2247 2107 2367 2152; x_wconf 82' lang='lat' dir='ltr'><strong>ante</strong></span> <span class='ocrx_word' id='word_1_281' title='bbox 2384 2099 2662 2166; x_wconf 81' lang='lat' dir='ltr'><strong>judicium,</strong></span> <span class='ocrx_word' id='word_1_282' title='bbox 2692 2103 2828 2170; x_wconf 90' lang='lat' dir='ltr'><strong>quod</strong></span> <span class='ocrx_word' id='word_1_283' title='bbox 2853 2103 2971 2156; x_wconf 87' lang='lat' dir='ltr'><strong>illos</strong></span> <span class='ocrx_word' id='word_1_284' title='bbox 3002 2113 3214 2157; x_wconf 89' lang='lat' dir='ltr'><strong>maneat</strong></span> <span class='ocrx_word' id='word_1_285' title='bbox 3232 2105 3286 2158; x_wconf 91' lang='lat' dir='ltr'><strong>in</strong></span> <span class='ocrx_word' id='word_1_286' title='bbox 3310 2105 3420 2172; x_wconf 88' lang='lat' dir='ltr'><strong>ipso</strong></span> 
     </span>
    </p>
   </div>
   <div class='ocr_carea' id='block_1_21' title="bbox 125 2195 3421 2270">
    <p class='ocr_par' dir='ltr' id='par_1_21' title="bbox 125 2195 3421 2270">
     <span class='ocr_line' id='line_1_21' title="bbox 125 2195 3421 2270; baseline -0 -20"><span class='ocrx_word' id='word_1_287' title='bbox 125 2197 329 2268; x_wconf 80' lang='lat' dir='ltr'><strong>judicio,</strong></span> <span class='ocrx_word' id='word_1_288' title='bbox 361 2207 471 2255; x_wconf 86' lang='lat' dir='ltr'><strong>etc.</strong></span> <span class='ocrx_word' id='word_1_289' title='bbox 503 2199 980 2266; x_wconf 83' lang='lat' dir='ltr'><strong>Quemadmodum</strong></span> <span class='ocrx_word' id='word_1_290' title='bbox 1011 2207 1191 2254; x_wconf 86' lang='lat' dir='ltr'><strong>autem</strong></span> <span class='ocrx_word' id='word_1_291' title='bbox 1221 2201 1505 2270; x_wconf 88' lang='lat' dir='ltr'><strong>episcopus</strong></span> <span class='ocrx_word' id='word_1_292' title='bbox 1532 2197 1748 2264; x_wconf 86' lang='lat' dir='ltr'><strong>docere,</strong></span> <span class='ocrx_word' id='word_1_293' title='bbox 1780 2197 2008 2260; x_wconf 87' lang='lat' dir='ltr'><strong>hortari,</strong></span> <span class='ocrx_word' id='word_1_294' title='bbox 2040 2208 2285 2257; x_wconf 87' lang='lat' dir='ltr'><strong>monere,</strong></span> <span class='ocrx_word' id='word_1_295' title='bbox 2315 2204 2640 2261; x_wconf 77' lang='lat' dir='ltr'><strong>redarguere</strong></span> <span class='ocrx_word' id='word_1_296' title='bbox 2667 2196 2850 2258; x_wconf 88' lang='lat' dir='ltr'><strong>etiam,</strong></span> <span class='ocrx_word' id='word_1_297' title='bbox 2884 2196 2928 2248; x_wconf 88' lang='lat' dir='ltr'><strong>si</strong></span> <span class='ocrx_word' id='word_1_298' title='bbox 2958 2211 3092 2265; x_wconf 87' lang='lat' dir='ltr'><strong>opus</strong></span> <span class='ocrx_word' id='word_1_299' title='bbox 3131 2195 3220 2259; x_wconf 76' lang='lat' dir='ltr'><strong>sit,</strong></span> <span class='ocrx_word' id='word_1_300' title='bbox 3251 2211 3421 2265; x_wconf 79' lang='lat' dir='ltr'><strong>popu-</strong></span> 
     </span>
    </p>
   </div>
   <div class='ocr_carea' id='block_1_22' title="bbox 129 2285 3420 2372">
    <p class='ocr_par' dir='ltr' id='par_1_22' title="bbox 129 2285 3420 2372">
     <span class='ocr_line' id='line_1_22' title="bbox 129 2285 3420 2372; baseline -0.001 -30"><span class='ocrx_word' id='word_1_301' title='bbox 129 2292 227 2342; x_wconf 87' lang='lat' dir='ltr'><strong>lum</strong></span> <span class='ocrx_word' id='word_1_302' title='bbox 248 2289 460 2355; x_wconf 85' lang='lat' dir='ltr'><strong>debeat,</strong></span> <span class='ocrx_word' id='word_1_303' title='bbox 485 2290 723 2360; x_wconf 77' lang='lat' dir='ltr'><strong>intelligi</strong></span> <span class='ocrx_word' id='word_1_304' title='bbox 745 2306 815 2346; x_wconf 78' lang='lat' dir='ltr'><strong>ex</strong></span> <span class='ocrx_word' id='word_1_305' title='bbox 843 2306 1009 2346; x_wconf 87' lang='lat' dir='ltr'><strong>serm.</strong></span> <span class='ocrx_word' id='word_1_306' title='bbox 1042 2289 1261 2345; x_wconf 75' lang='lat' dir='ltr'><strong>Maximi</strong></span> <span class='ocrx_word' id='word_1_307' title='bbox 1291 2290 1395 2344; x_wconf 76' lang='grc'><strong>105</strong></span> <span class='ocrx_word' id='word_1_308' title='bbox 1422 2290 1584 2360; x_wconf 87' lang='lat' dir='ltr'><strong>plane</strong></span> <span class='ocrx_word' id='word_1_309' title='bbox 1611 2298 1812 2360; x_wconf 89' lang='lat' dir='ltr'><strong>potest.</strong></span> <span class='ocrx_word' id='word_1_310' title='bbox 1844 2289 1935 2343; x_wconf 90' lang='lat' dir='ltr'><strong>Sic</strong></span> <span class='ocrx_word' id='word_1_311' title='bbox 1961 2285 2212 2372; x_wconf 71' lang='lat' dir='ltr'><strong>veroille</strong></span> <span class='ocrx_word' id='word_1_312' title='bbox 2249 2287 2400 2351; x_wconf 89' lang='lat' dir='ltr'><strong>ibid.,</strong></span> <span class='ocrx_word' id='word_1_313' title='bbox 2437 2300 2558 2357; x_wconf 88' lang='lat' dir='ltr'><strong>pag.</strong></span> <span class='ocrx_word' id='word_1_314' title='bbox 2593 2285 2717 2354; x_wconf 73' lang='lat'><strong>659,</strong></span> <span class='ocrx_word' id='word_1_315' title='bbox 2745 2286 2933 2340; x_wconf 85' lang='lat' dir='ltr'><strong>scribit</strong></span> <span class='ocrx_word' id='word_1_316' title='bbox 2959 2302 2975 2338; x_wconf 84' lang='lat'><strong>:</strong></span> <span class='ocrx_word' id='word_1_317' title='bbox 3004 2285 3288 2348; x_wconf 85' lang='lat' dir='ltr'><strong>Interdum,</strong></span> <span class='ocrx_word' id='word_1_318' title='bbox 3315 2288 3420 2356; x_wconf 78' lang='lat' dir='ltr'><strong>fra-</strong></span> 
     </span>
    </p>
   </div>
   <div class='ocr_carea' id='block_1_23' title="bbox 127 2379 3421 2454">
    <p class='ocr_par' dir='ltr' id='par_1_23' title="bbox 127 2379 3421 2454">
     <span class='ocr_line' id='line_1_23' title="bbox 127 2379 3421 2454; baseline 0.002 -25"><span class='ocrx_word' id='word_1_319' title='bbox 127 2385 239 2444; x_wconf 86' lang='lat' dir='ltr'><strong>tres,</strong></span> <span class='ocrx_word' id='word_1_320' title='bbox 269 2397 380 2434; x_wconf 82' lang='lat' dir='ltr'><strong>cum</strong></span> <span class='ocrx_word' id='word_1_321' title='bbox 400 2383 778 2450; x_wconf 63' lang='lat' dir='ltr'><strong>praedicamus,</strong></span> <span class='ocrx_word' id='word_1_322' title='bbox 810 2383 1067 2454; x_wconf 81' lang='lat' dir='ltr'><strong>plerisque</strong></span> <span class='ocrx_word' id='word_1_323' title='bbox 1092 2398 1262 2435; x_wconf 82' lang='lat' dir='ltr'><strong>sermo</strong></span> <span class='ocrx_word' id='word_1_324' title='bbox 1282 2391 1456 2436; x_wconf 89' lang='lat' dir='ltr'><strong>noster</strong></span> <span class='ocrx_word' id='word_1_325' title='bbox 1476 2382 1676 2436; x_wconf 81' lang='lat' dir='ltr'><strong>videtur</strong></span> <span class='ocrx_word' id='word_1_326' title='bbox 1698 2383 1953 2450; x_wconf 86' lang='lat' dir='ltr'><strong>asperior,</strong></span> <span class='ocrx_word' id='word_1_327' title='bbox 1982 2392 2033 2436; x_wconf 89' lang='lat' dir='ltr'><strong>et</strong></span> <span class='ocrx_word' id='word_1_328' title='bbox 2055 2400 2118 2438; x_wconf 88' lang='lat' dir='ltr'><strong>ea</strong></span> <span class='ocrx_word' id='word_1_329' title='bbox 2144 2400 2261 2454; x_wconf 72' lang='lat' dir='ltr'><strong>quae</strong></span> <span class='ocrx_word' id='word_1_330' title='bbox 2295 2381 2576 2438; x_wconf 90' lang='lat' dir='ltr'><strong>secundum</strong></span> <span class='ocrx_word' id='word_1_331' title='bbox 2614 2379 2847 2451; x_wconf 87' lang='lat' dir='ltr'><strong>regulam</strong></span> <span class='ocrx_word' id='word_1_332' title='bbox 2874 2382 3254 2451; x_wconf 85' lang='lat' dir='ltr'><strong>prosequimur,</strong></span> <span class='ocrx_word' id='word_1_333' title='bbox 3287 2384 3362 2434; x_wconf 89' lang='lat' dir='ltr'><strong>ita</strong></span> <span class='ocrx_word' id='word_1_334' title='bbox 3388 2398 3421 2434; x_wconf 81' lang='grc' dir='ltr'><em>α</em></span> 
     </span>
    </p>
   </div>
   <div class='ocr_carea' id='block_1_24' title="bbox 128 2472 3422 2546">
    <p class='ocr_par' dir='ltr' id='par_1_24' title="bbox 128 2472 3422 2546">
     <span class='ocr_line' id='line_1_24' title="bbox 128 2472 3422 2546; baseline 0.001 -19"><span class='ocrx_word' id='word_1_335' title='bbox 128 2474 374 2528; x_wconf 77' lang='lat' dir='ltr'><strong>nonnullis</strong></span> <span class='ocrx_word' id='word_1_336' title='bbox 404 2477 763 2544; x_wconf 86' lang='lat' dir='ltr'><strong>accipiuntur,</strong></span> <span class='ocrx_word' id='word_1_337' title='bbox 795 2476 945 2546; x_wconf 87' lang='lat' dir='ltr'><strong>quasi</strong></span> <span class='ocrx_word' id='word_1_338' title='bbox 966 2483 1161 2528; x_wconf 67' lang='lat' dir='ltr'><strong>nostra:</strong></span> <span class='ocrx_word' id='word_1_339' title='bbox 1182 2476 1469 2528; x_wconf 80' lang='lat' dir='ltr'><strong>severitatis</strong></span> <span class='ocrx_word' id='word_1_340' title='bbox 1499 2477 1804 2530; x_wconf 86' lang='lat' dir='ltr'><strong>austeritate</strong></span> <span class='ocrx_word' id='word_1_341' title='bbox 1832 2486 2159 2546; x_wconf 89' lang='lat' dir='ltr'><strong>promantur.</strong></span> <span class='ocrx_word' id='word_1_342' title='bbox 2202 2477 2398 2531; x_wconf 88' lang='lat' dir='ltr'><strong>Dicunt</strong></span> <span class='ocrx_word' id='word_1_343' title='bbox 2422 2477 2559 2530; x_wconf 87' lang='lat' dir='ltr'><strong>enim</strong></span> <span class='ocrx_word' id='word_1_344' title='bbox 2585 2492 2602 2528; x_wconf 91' lang='lat'><strong><em>:</em></strong></span> <span class='ocrx_word' id='word_1_345' title='bbox 2628 2472 2798 2539; x_wconf 79' lang='lat' dir='ltr'><strong>Quam</strong></span> <span class='ocrx_word' id='word_1_346' title='bbox 2825 2475 2954 2528; x_wconf 86' lang='lat' dir='ltr'><strong>dure</strong></span> <span class='ocrx_word' id='word_1_347' title='bbox 2983 2485 3034 2528; x_wconf 92' lang='lat' dir='ltr'><strong>et</strong></span> <span class='ocrx_word' id='word_1_348' title='bbox 3071 2492 3252 2529; x_wconf 87' lang='lat' dir='ltr'><strong>amare</strong></span> <span class='ocrx_word' id='word_1_349' title='bbox 3283 2493 3422 2545; x_wconf 78' lang='lat' dir='ltr'><strong>pra:-</strong></span> 
     </span>
    </p>
   </div>
   <div class='ocr_carea' id='block_1_25' title="bbox 128 2560 3423 2642">
    <p class='ocr_par' dir='ltr' id='par_1_25' title="bbox 128 2560 3423 2642">
     <span class='ocr_line' id='line_1_25' title="bbox 128 2560 3423 2642; baseline 0.001 -22"><span class='ocrx_word' id='word_1_350' title='bbox 128 2565 299 2621; x_wconf 78' lang='lat' dir='ltr'><strong>dicarit</strong></span> <span class='ocrx_word' id='word_1_351' title='bbox 324 2574 623 2642; x_wconf 78' lang='lat' dir='ltr'><strong>episcopus,</strong></span> <span class='ocrx_word' id='word_1_352' title='bbox 654 2572 956 2642; x_wconf 85' lang='lat' dir='ltr'><strong>ignorantes</strong></span> <span class='ocrx_word' id='word_1_353' title='bbox 982 2569 1118 2638; x_wconf 90' lang='lat' dir='ltr'><strong>quod</strong></span> <span class='ocrx_word' id='word_1_354' title='bbox 1153 2570 1441 2623; x_wconf 87' lang='lat' dir='ltr'><strong>sacerdotis</strong></span> <span class='ocrx_word' id='word_1_355' title='bbox 1464 2573 1746 2624; x_wconf 86' lang='lat' dir='ltr'><strong>necessitas</strong></span> <span class='ocrx_word' id='word_1_356' title='bbox 1775 2572 1948 2640; x_wconf 85' lang='lat' dir='ltr'><strong>major</strong></span> <span class='ocrx_word' id='word_1_357' title='bbox 1972 2560 2224 2641; x_wconf 77' lang='lat' dir='ltr'><strong>estquam</strong></span> <span class='ocrx_word' id='word_1_358' title='bbox 2247 2571 2504 2625; x_wconf 78' lang='lat' dir='ltr'><strong>voluntas.</strong></span> <span class='ocrx_word' id='word_1_359' title='bbox 2538 2568 2858 2633; x_wconf 86' lang='lat' dir='ltr'><strong>Necessitas,</strong></span> <span class='ocrx_word' id='word_1_360' title='bbox 2890 2569 3119 2640; x_wconf 89' lang='lat' dir='ltr'><strong>inquam,</strong></span> <span class='ocrx_word' id='word_1_361' title='bbox 3151 2570 3324 2638; x_wconf 86' lang='lat' dir='ltr'><strong>major</strong></span> <span class='ocrx_word' id='word_1_362' title='bbox 3346 2578 3423 2622; x_wconf 86' lang='lat' dir='ltr'><strong>est</strong></span> 
     </span>
    </p>
   </div>
   <div class='ocr_carea' id='block_1_26' title="bbox 128 2655 3425 2733">
    <p class='ocr_par' dir='ltr' id='par_1_26' title="bbox 128 2655 3425 2733">
     <span class='ocr_line' id='line_1_26' title="bbox 128 2655 3425 2733; baseline 0.001 -25"><span class='ocrx_word' id='word_1_363' title='bbox 128 2657 336 2722; x_wconf 77' lang='lat' dir='ltr'><strong>dicendi,</strong></span> <span class='ocrx_word' id='word_1_364' title='bbox 366 2678 472 2715; x_wconf 89' lang='lat' dir='ltr'><strong>non</strong></span> <span class='ocrx_word' id='word_1_365' title='bbox 502 2661 646 2733; x_wconf 87' lang='lat' dir='ltr'><strong>quod</strong></span> <span class='ocrx_word' id='word_1_366' title='bbox 671 2677 842 2714; x_wconf 81' lang='lat' dir='ltr'><strong>rerum</strong></span> <span class='ocrx_word' id='word_1_367' title='bbox 867 2659 1207 2730; x_wconf 82' lang='lat' dir='ltr'><strong>prosequendi</strong></span> <span class='ocrx_word' id='word_1_368' title='bbox 1227 2658 1358 2711; x_wconf 87' lang='lat' dir='ltr'><strong>desit</strong></span> <span class='ocrx_word' id='word_1_369' title='bbox 1386 2658 1642 2722; x_wconf 66' lang='lat' dir='ltr'><strong>voluntas,</strong></span> <span class='ocrx_word' id='word_1_370' title='bbox 1674 2657 1768 2712; x_wconf 90' lang='lat' dir='ltr'><strong>sed</strong></span> <span class='ocrx_word' id='word_1_371' title='bbox 1786 2662 1909 2728; x_wconf 88' lang='lat' dir='ltr'><strong>quia</strong></span> <span class='ocrx_word' id='word_1_372' title='bbox 1933 2661 2135 2713; x_wconf 86' lang='lat' dir='ltr'><strong>tacendi</strong></span> <span class='ocrx_word' id='word_1_373' title='bbox 2165 2660 2427 2714; x_wconf 85' lang='lat' dir='ltr'><strong>silentium</strong></span> <span class='ocrx_word' id='word_1_374' title='bbox 2453 2659 2632 2713; x_wconf 88' lang='lat' dir='ltr'><strong>statuti</strong></span> <span class='ocrx_word' id='word_1_375' title='bbox 2670 2675 2824 2728; x_wconf 79' lang='lat' dir='ltr'><strong>poma</strong></span> <span class='ocrx_word' id='word_1_376' title='bbox 2854 2657 3149 2728; x_wconf 78' lang='lat' dir='ltr'><strong>depellitur.</strong></span> <span class='ocrx_word' id='word_1_377' title='bbox 3182 2655 3425 2712; x_wconf 83' lang='lat' dir='ltr'><strong>Necessi-</strong></span> 
     </span>
    </p>
   </div>
   <div class='ocr_carea' id='block_1_27' title="bbox 129 2743 3425 2821">
    <p class='ocr_par' dir='ltr' id='par_1_27' title="bbox 129 2743 3425 2821">
     <span class='ocr_line' id='line_1_27' title="bbox 129 2743 3425 2821; baseline 0 -19"><span class='ocrx_word' id='word_1_378' title='bbox 129 2758 268 2803; x_wconf 74' lang='lat' dir='ltr'><strong>tatem</strong></span> <span class='ocrx_word' id='word_1_379' title='bbox 289 2754 540 2821; x_wconf 82' lang='lat' dir='ltr'><strong>patimur,</strong></span> <span class='ocrx_word' id='word_1_380' title='bbox 574 2743 699 2805; x_wconf 86' lang='lat' dir='ltr'><strong>dum</strong></span> <span class='ocrx_word' id='word_1_381' title='bbox 731 2754 987 2813; x_wconf 83' lang='lat' dir='ltr'><strong>timemus,</strong></span> <span class='ocrx_word' id='word_1_382' title='bbox 1021 2766 1082 2803; x_wconf 89' lang='lat' dir='ltr'><strong>ac</strong></span> <span class='ocrx_word' id='word_1_383' title='bbox 1109 2767 1200 2820; x_wconf 88' lang='lat' dir='ltr'><strong>per</strong></span> <span class='ocrx_word' id='word_1_384' title='bbox 1227 2750 1324 2803; x_wconf 91' lang='lat' dir='ltr'><strong>hoc</strong></span> <span class='ocrx_word' id='word_1_385' title='bbox 1351 2750 1585 2819; x_wconf 83' lang='lat' dir='ltr'><strong>cogimur</strong></span> <span class='ocrx_word' id='word_1_386' title='bbox 1605 2749 1721 2819; x_wconf 87' lang='lat' dir='ltr'><strong>plus</strong></span> <span class='ocrx_word' id='word_1_387' title='bbox 1749 2765 1902 2818; x_wconf 85' lang='lat' dir='ltr'><strong>posse</strong></span> <span class='ocrx_word' id='word_1_388' title='bbox 1928 2767 2082 2821; x_wconf 87' lang='lat' dir='ltr'><strong>quam</strong></span> <span class='ocrx_word' id='word_1_389' title='bbox 2110 2751 2265 2816; x_wconf 76' lang='lat' dir='ltr'><strong>velle;</strong></span> <span class='ocrx_word' id='word_1_390' title='bbox 2304 2759 2356 2805; x_wconf 92' lang='lat' dir='ltr'><strong>et</strong></span> <span class='ocrx_word' id='word_1_391' title='bbox 2387 2749 2661 2804; x_wconf 86' lang='lat' dir='ltr'><strong>metuenda</strong></span> <span class='ocrx_word' id='word_1_392' title='bbox 2688 2750 2809 2804; x_wconf 88' lang='lat' dir='ltr'><strong>aliis</strong></span> <span class='ocrx_word' id='word_1_393' title='bbox 2841 2751 3143 2819; x_wconf 74' lang='lat' dir='ltr'><strong>ingerimus,</strong></span> <span class='ocrx_word' id='word_1_394' title='bbox 3175 2749 3298 2804; x_wconf 63' lang='lat' dir='ltr'><strong>dun</strong></span> <span class='ocrx_word' id='word_1_395' title='bbox 3323 2750 3425 2819; x_wconf 84' lang='lat' dir='ltr'><strong>ipsi</strong></span> 
     </span>
    </p>
   </div>
   <div class='ocr_carea' id='block_1_28' title="bbox 127 2835 3426 2912">
    <p class='ocr_par' dir='ltr' id='par_1_28' title="bbox 127 2835 3426 2912">
     <span class='ocr_line' id='line_1_28' title="bbox 127 2835 3426 2912; baseline 0 -20"><span class='ocrx_word' id='word_1_396' title='bbox 127 2840 268 2894; x_wconf 86' lang='lat' dir='ltr'><strong>saluti</strong></span> <span class='ocrx_word' id='word_1_397' title='bbox 287 2843 519 2911; x_wconf 73' lang='lat' dir='ltr'><strong>prapritz</strong></span> <span class='ocrx_word' id='word_1_398' title='bbox 542 2835 906 2912; x_wconf 76' lang='lat' dir='ltr'><strong>formidamus.</strong></span> <span class='ocrx_word' id='word_1_399' title='bbox 937 2839 1068 2894; x_wconf 80' lang='lat' dir='ltr'><strong>Hcce</strong></span> <span class='ocrx_word' id='word_1_400' title='bbox 1089 2851 1257 2894; x_wconf 88' lang='lat' dir='ltr'><strong>autem</strong></span> <span class='ocrx_word' id='word_1_401' title='bbox 1285 2849 1361 2894; x_wconf 90' lang='lat' dir='ltr'><strong>est</strong></span> <span class='ocrx_word' id='word_1_402' title='bbox 1390 2840 1618 2894; x_wconf 88' lang='lat' dir='ltr'><strong>conditio</strong></span> <span class='ocrx_word' id='word_1_403' title='bbox 1661 2835 2023 2911; x_wconf 64' lang='lat' dir='ltr'><strong>pradicantis,</strong></span> <span class='ocrx_word' id='word_1_404' title='bbox 2047 2849 2104 2894; x_wconf 90' lang='lat' dir='ltr'><strong>ut</strong></span> <span class='ocrx_word' id='word_1_405' title='bbox 2130 2857 2236 2896; x_wconf 88' lang='lat' dir='ltr'><strong>non</strong></span> <span class='ocrx_word' id='word_1_406' title='bbox 2274 2841 2486 2895; x_wconf 89' lang='lat' dir='ltr'><strong>alterius</strong></span> <span class='ocrx_word' id='word_1_407' title='bbox 2523 2849 2736 2912; x_wconf 84' lang='lat' dir='ltr'><strong>peccata</strong></span> <span class='ocrx_word' id='word_1_408' title='bbox 2784 2848 2967 2904; x_wconf 87' lang='lat' dir='ltr'><strong>taceat,</strong></span> <span class='ocrx_word' id='word_1_409' title='bbox 2997 2842 3048 2893; x_wconf 87' lang='lat' dir='ltr'><strong>si</strong></span> <span class='ocrx_word' id='word_1_410' title='bbox 3080 2855 3176 2893; x_wconf 87' lang='lat' dir='ltr'><strong>sua</strong></span> <span class='ocrx_word' id='word_1_411' title='bbox 3205 2839 3310 2893; x_wconf 80' lang='lat' dir='ltr'><strong>uult</strong></span> <span class='ocrx_word' id='word_1_412' title='bbox 3337 2840 3426 2893; x_wconf 81' lang='lat' dir='ltr'><strong>de-</strong></span> 
     </span>
    </p>
   </div>
   <div class='ocr_carea' id='block_1_29' title="bbox 129 2929 3425 3008">
    <p class='ocr_par' dir='ltr' id='par_1_29' title="bbox 129 2929 3425 3008">
     <span class='ocr_line' id='line_1_29' title="bbox 129 2929 3425 3008; baseline 0.001 -27"><span class='ocrx_word' id='word_1_413' title='bbox 129 2931 309 2986; x_wconf 81' lang='lat' dir='ltr'><strong>clinare</strong></span> <span class='ocrx_word' id='word_1_414' title='bbox 335 2942 582 3004; x_wconf 63' lang='lat' dir='ltr'><strong>peccata;</strong></span> <span class='ocrx_word' id='word_1_415' title='bbox 614 2943 663 2988; x_wconf 89' lang='lat' dir='ltr'><strong>et</strong></span> <span class='ocrx_word' id='word_1_416' title='bbox 693 2932 770 3008; x_wconf 75' lang='grc' dir='ltr'><strong>[ε]</strong></span> <span class='ocrx_word' id='word_1_417' title='bbox 800 2933 1074 2986; x_wconf 88' lang='lat' dir='ltr'><strong>emendare</strong></span> <span class='ocrx_word' id='word_1_418' title='bbox 1104 2932 1431 3004; x_wconf 88' lang='lat' dir='ltr'><strong>objurganda</strong></span> <span class='ocrx_word' id='word_1_419' title='bbox 1458 2934 1695 3003; x_wconf 78' lang='lat' dir='ltr'><strong>fratrem,</strong></span> <span class='ocrx_word' id='word_1_420' title='bbox 1726 2942 1783 2985; x_wconf 90' lang='lat' dir='ltr'><strong>ut</strong></span> <span class='ocrx_word' id='word_1_421' title='bbox 1810 2935 1865 2987; x_wconf 89' lang='lat' dir='ltr'><strong>in</strong></span> <span class='ocrx_word' id='word_1_422' title='bbox 1894 2950 1949 2986; x_wconf 89' lang='lat' dir='ltr'><strong>se</strong></span> <span class='ocrx_word' id='word_1_423' title='bbox 1975 2934 2138 3001; x_wconf 84' lang='lat' dir='ltr'><strong>possit</strong></span> <span class='ocrx_word' id='word_1_424' title='bbox 2166 2948 2271 2987; x_wconf 89' lang='lat' dir='ltr'><strong>non</strong></span> <span class='ocrx_word' id='word_1_425' title='bbox 2298 2931 2514 3001; x_wconf 88' lang='lat' dir='ltr'><strong>perdere</strong></span> <span class='ocrx_word' id='word_1_426' title='bbox 2541 2932 2880 2986; x_wconf 85' lang='lat' dir='ltr'><strong>sacerdotem.</strong></span> <span class='ocrx_word' id='word_1_427' title='bbox 2909 2929 3160 2984; x_wconf 67' lang='lat' dir='ltr'><strong>Craterum</strong></span> <span class='ocrx_word' id='word_1_428' title='bbox 3182 2933 3228 2984; x_wconf 93' lang='lat' dir='ltr'><strong>si</strong></span> <span class='ocrx_word' id='word_1_429' title='bbox 3248 2931 3425 2984; x_wconf 74' lang='lat' dir='ltr'><strong>roluc—</strong></span> 
     </span>
    </p>
   </div>
   <div class='ocr_carea' id='block_1_30' title="bbox 131 3024 3424 3100">
    <p class='ocr_par' dir='ltr' id='par_1_30' title="bbox 131 3024 3424 3100">
     <span class='ocr_line' id='line_1_30' title="bbox 131 3024 3424 3100; baseline 0.002 -23"><span class='ocrx_word' id='word_1_430' title='bbox 131 3025 191 3077; x_wconf 88' lang='lat' dir='ltr'><strong>rit</strong></span> <span class='ocrx_word' id='word_1_431' title='bbox 214 3024 564 3088; x_wconf 81' lang='lat' dir='ltr'><strong>dissimulare,</strong></span> <span class='ocrx_word' id='word_1_432' title='bbox 608 3029 780 3092; x_wconf 88' lang='lat' dir='ltr'><strong>silere,</strong></span> <span class='ocrx_word' id='word_1_433' title='bbox 812 3027 1014 3090; x_wconf 88' lang='lat' dir='ltr'><strong>celare;</strong></span> <span class='ocrx_word' id='word_1_434' title='bbox 1043 3037 1093 3080; x_wconf 90' lang='lat' dir='ltr'><strong>et</strong></span> <span class='ocrx_word' id='word_1_435' title='bbox 1119 3027 1267 3081; x_wconf 90' lang='lat' dir='ltr'><strong>illum</strong></span> <span class='ocrx_word' id='word_1_436' title='bbox 1298 3027 1516 3082; x_wconf 88' lang='lat' dir='ltr'><strong>tacenda</strong></span> <span class='ocrx_word' id='word_1_437' title='bbox 1545 3045 1650 3082; x_wconf 91' lang='lat' dir='ltr'><strong>non</strong></span> <span class='ocrx_word' id='word_1_438' title='bbox 1679 3029 1909 3097; x_wconf 88' lang='lat' dir='ltr'><strong>corrigit,</strong></span> <span class='ocrx_word' id='word_1_439' title='bbox 1941 3038 1990 3080; x_wconf 90' lang='lat' dir='ltr'><strong>et</strong></span> <span class='ocrx_word' id='word_1_440' title='bbox 2018 3044 2073 3081; x_wconf 91' lang='lat' dir='ltr'><strong>se</strong></span> <span class='ocrx_word' id='word_1_441' title='bbox 2100 3045 2204 3082; x_wconf 90' lang='lat' dir='ltr'><strong>non</strong></span> <span class='ocrx_word' id='word_1_442' title='bbox 2229 3028 2565 3098; x_wconf 69' lang='lat' dir='ltr'><strong>praedicando</strong></span> <span class='ocrx_word' id='word_1_443' title='bbox 2603 3030 2899 3082; x_wconf 83' lang='lat' dir='ltr'><strong>contemnit.</strong></span> <span class='ocrx_word' id='word_1_444' title='bbox 2938 3027 3130 3082; x_wconf 76' lang='lat' dir='ltr'><strong>Melius</strong></span> <span class='ocrx_word' id='word_1_445' title='bbox 3159 3041 3234 3083; x_wconf 82' lang='lat' dir='ltr'><strong>est</strong></span> <span class='ocrx_word' id='word_1_446' title='bbox 3259 3033 3424 3100; x_wconf 79' lang='lat' dir='ltr'><strong>igitur</strong></span> 
     </span>
    </p>
   </div>
   <div class='ocr_carea' id='block_1_31' title="bbox 130 3116 3427 3189">
    <p class='ocr_par' dir='ltr' id='par_1_31' title="bbox 130 3116 3427 3189">
     <span class='ocr_line' id='line_1_31' title="bbox 130 3116 3427 3189; baseline 0.002 -22"><span class='ocrx_word' id='word_1_447' title='bbox 130 3116 431 3184; x_wconf 84' lang='lat' dir='ltr'><strong>increpando</strong></span> <span class='ocrx_word' id='word_1_448' title='bbox 453 3117 739 3170; x_wconf 86' lang='lat' dir='ltr'><strong>emendare</strong></span> <span class='ocrx_word' id='word_1_449' title='bbox 762 3126 1027 3186; x_wconf 89' lang='lat' dir='ltr'><strong>peccatum</strong></span> <span class='ocrx_word' id='word_1_450' title='bbox 1053 3134 1205 3188; x_wconf 88' lang='lat' dir='ltr'><strong>quam</strong></span> <span class='ocrx_word' id='word_1_451' title='bbox 1234 3117 1436 3171; x_wconf 89' lang='lat' dir='ltr'><strong>silendo</strong></span> <span class='ocrx_word' id='word_1_452' title='bbox 1465 3118 1726 3187; x_wconf 87' lang='lat' dir='ltr'><strong>peccantis</strong></span> <span class='ocrx_word' id='word_1_453' title='bbox 1755 3117 1944 3170; x_wconf 89' lang='lat' dir='ltr'><strong>delicta</strong></span> <span class='ocrx_word' id='word_1_454' title='bbox 1974 3119 2247 3189; x_wconf 87' lang='lat' dir='ltr'><strong>suscipere.</strong></span> <span class='ocrx_word' id='word_1_455' title='bbox 2282 3118 2349 3172; x_wconf 91' lang='lat' dir='ltr'><strong>In</strong></span> <span class='ocrx_word' id='word_1_456' title='bbox 2388 3120 2484 3172; x_wconf 87' lang='lat' dir='ltr'><strong>hoc</strong></span> <span class='ocrx_word' id='word_1_457' title='bbox 2516 3121 2654 3173; x_wconf 89' lang='lat' dir='ltr'><strong>enim</strong></span> <span class='ocrx_word' id='word_1_458' title='bbox 2693 3120 2846 3188; x_wconf 83' lang='lat' dir='ltr'><strong>positi</strong></span> <span class='ocrx_word' id='word_1_459' title='bbox 2875 3136 3068 3184; x_wconf 64' lang='lat' dir='ltr'><strong>manus,</strong></span> <span class='ocrx_word' id='word_1_460' title='bbox 3099 3130 3157 3174; x_wconf 89' lang='lat' dir='ltr'><strong>ut</strong></span> <span class='ocrx_word' id='word_1_461' title='bbox 3181 3122 3226 3174; x_wconf 92' lang='lat' dir='ltr'><strong>si</strong></span> <span class='ocrx_word' id='word_1_462' title='bbox 3256 3120 3427 3174; x_wconf 75' lang='lat' dir='ltr'><strong>deliu-</strong></span> 
     </span>
    </p>
   </div>
   <div class='ocr_carea' id='block_1_32' title="bbox 131 3204 3429 3280">
    <p class='ocr_par' dir='ltr' id='par_1_32' title="bbox 131 3204 3429 3280">
     <span class='ocr_line' id='line_1_32' title="bbox 131 3204 3429 3280; baseline 0.003 -25"><span class='ocrx_word' id='word_1_463' title='bbox 131 3204 377 3272; x_wconf 79' lang='lat' dir='ltr'><strong>quentibus</strong></span> <span class='ocrx_word' id='word_1_464' title='bbox 401 3221 509 3258; x_wconf 84' lang='lat' dir='ltr'><strong>non</strong></span> <span class='ocrx_word' id='word_1_465' title='bbox 537 3221 717 3259; x_wconf 87' lang='lat' dir='ltr'><strong>eorum</strong></span> <span class='ocrx_word' id='word_1_466' title='bbox 743 3205 941 3259; x_wconf 86' lang='lat' dir='ltr'><strong>scelera</strong></span> <span class='ocrx_word' id='word_1_467' title='bbox 969 3205 1276 3267; x_wconf 75' lang='lat' dir='ltr'><strong>dixerimus,</strong></span> <span class='ocrx_word' id='word_1_468' title='bbox 1307 3206 1557 3259; x_wconf 86' lang='lat' dir='ltr'><strong>scelerum</strong></span> <span class='ocrx_word' id='word_1_469' title='bbox 1577 3209 1807 3276; x_wconf 89' lang='lat' dir='ltr'><strong>ipsorum</strong></span> <span class='ocrx_word' id='word_1_470' title='bbox 1829 3208 1983 3261; x_wconf 85' lang='lat' dir='ltr'><strong>etiam</strong></span> <span class='ocrx_word' id='word_1_471' title='bbox 2013 3222 2106 3261; x_wconf 86' lang='lat' dir='ltr'><strong>nos</strong></span> <span class='ocrx_word' id='word_1_472' title='bbox 2135 3216 2309 3262; x_wconf 86' lang='lat' dir='ltr'><strong>reatus</strong></span> <span class='ocrx_word' id='word_1_473' title='bbox 2339 3209 2580 3263; x_wconf 81' lang='lat' dir='ltr'><strong>involvat.</strong></span> <span class='ocrx_word' id='word_1_474' title='bbox 2616 3207 2759 3262; x_wconf 84' lang='lat' dir='ltr'><strong>Nam</strong></span> <span class='ocrx_word' id='word_1_475' title='bbox 2787 3210 2863 3262; x_wconf 88' lang='lat' dir='ltr'><strong>sic</strong></span> <span class='ocrx_word' id='word_1_476' title='bbox 2889 3212 3064 3280; x_wconf 80' lang='lat' dir='ltr'><strong>utique</strong></span> <span class='ocrx_word' id='word_1_477' title='bbox 3085 3209 3216 3264; x_wconf 82' lang='lat' dir='ltr'><strong>dicit</strong></span> <span class='ocrx_word' id='word_1_478' title='bbox 3243 3209 3429 3266; x_wconf 77' lang='lat' dir='ltr'><strong>Dami-</strong></span> 
     </span>
    </p>
   </div>
   <div class='ocr_carea' id='block_1_33' title="bbox 131 3292 3429 3366">
    <p class='ocr_par' dir='ltr' id='par_1_33' title="bbox 131 3292 3429 3366">
     <span class='ocr_line' id='line_1_33' title="bbox 131 3292 3429 3366; baseline 0.004 -21"><span class='ocrx_word' id='word_1_479' title='bbox 131 3307 217 3345; x_wconf 69' lang='grc' dir='ltr'><strong>ιω</strong></span> <span class='ocrx_word' id='word_1_480' title='bbox 236 3309 322 3361; x_wconf 87' lang='lat' dir='ltr'><strong>per</strong></span> <span class='ocrx_word' id='word_1_481' title='bbox 347 3293 662 3364; x_wconf 76' lang='lat' dir='ltr'><strong>prophetam</strong></span> <span class='ocrx_word' id='word_1_482' title='bbox 691 3311 710 3347; x_wconf 92' lang='lat'><strong><em>:</em></strong></span> <span class='ocrx_word' id='word_1_483' title='bbox 741 3292 811 3346; x_wconf 83' lang='lat' dir='ltr'><strong>Et</strong></span> <span class='ocrx_word' id='word_1_484' title='bbox 840 3303 915 3360; x_wconf 90' lang='lat' dir='ltr'><strong>tu,</strong></span> <span class='ocrx_word' id='word_1_485' title='bbox 946 3295 1025 3364; x_wconf 79' lang='lat' dir='ltr'><strong>ﬁli</strong></span> <span class='ocrx_word' id='word_1_486' title='bbox 1048 3295 1291 3362; x_wconf 88' lang='lat' dir='ltr'><strong>hominis,</strong></span> <span class='ocrx_word' id='word_1_487' title='bbox 1318 3297 1697 3366; x_wconf 86' lang='lat' dir='ltr'><strong>speculatorem</strong></span> <span class='ocrx_word' id='word_1_488' title='bbox 1723 3297 1844 3352; x_wconf 89' lang='lat' dir='ltr'><strong>dedi</strong></span> <span class='ocrx_word' id='word_1_489' title='bbox 1886 3308 1934 3351; x_wconf 88' lang='lat' dir='ltr'><strong>te</strong></span> <span class='ocrx_word' id='word_1_490' title='bbox 1966 3299 2142 3352; x_wconf 88' lang='lat' dir='ltr'><strong>domui</strong></span> <span class='ocrx_word' id='word_1_491' title='bbox 2173 3298 2362 3364; x_wconf 83' lang='lat' dir='ltr'><strong>Israel,</strong></span> <span class='ocrx_word' id='word_1_492' title='bbox 2401 3308 2451 3353; x_wconf 91' lang='lat' dir='ltr'><strong>et</strong></span> <span class='ocrx_word' id='word_1_493' title='bbox 2489 3299 2671 3353; x_wconf 83' lang='lat' dir='ltr'><strong>audies</strong></span> <span class='ocrx_word' id='word_1_494' title='bbox 2697 3315 2762 3353; x_wconf 80' lang='lat' dir='ltr'><strong>ea:</strong></span> <span class='ocrx_word' id='word_1_495' title='bbox 2792 3316 2882 3353; x_wconf 85' lang='lat' dir='ltr'><strong>ore</strong></span> <span class='ocrx_word' id='word_1_496' title='bbox 2905 3317 3017 3355; x_wconf 87' lang='lat' dir='ltr'><strong>mea</strong></span> <span class='ocrx_word' id='word_1_497' title='bbox 3055 3301 3280 3364; x_wconf 81' lang='lat' dir='ltr'><strong>verbum.</strong></span> <span class='ocrx_word' id='word_1_498' title='bbox 3313 3319 3429 3357; x_wconf 77' lang='lat' dir='ltr'><strong>ann</strong></span> 
     </span>
    </p>
   </div>
   <div class='ocr_carea' id='block_1_34' title="bbox 134 3377 3430 3461">
    <p class='ocr_par' dir='ltr' id='par_1_34' title="bbox 134 3377 3430 3461">
     <span class='ocr_line' id='line_1_34' title="bbox 134 3377 3430 3461; baseline 0.004 -27"><span class='ocrx_word' id='word_1_499' title='bbox 134 3377 283 3435; x_wconf 78' lang='lat' dir='ltr'><strong>dicam</strong></span> <span class='ocrx_word' id='word_1_500' title='bbox 309 3384 575 3452; x_wconf 84' lang='lat' dir='ltr'><strong>peccatori</strong></span> <span class='ocrx_word' id='word_1_501' title='bbox 598 3399 617 3436; x_wconf 89' lang='lat'><strong><em>:</em></strong></span> <span class='ocrx_word' id='word_1_502' title='bbox 649 3382 821 3436; x_wconf 74' lang='lat' dir='ltr'><strong>Morte</strong></span> <span class='ocrx_word' id='word_1_503' title='bbox 847 3385 1104 3449; x_wconf 89' lang='lat' dir='ltr'><strong>morieris,</strong></span> <span class='ocrx_word' id='word_1_504' title='bbox 1128 3394 1178 3438; x_wconf 89' lang='lat' dir='ltr'><strong>et</strong></span> <span class='ocrx_word' id='word_1_505' title='bbox 1205 3401 1310 3439; x_wconf 89' lang='lat' dir='ltr'><strong>non</strong></span> <span class='ocrx_word' id='word_1_506' title='bbox 1337 3385 1583 3457; x_wconf 88' lang='lat' dir='ltr'><strong>loqueris,</strong></span> <span class='ocrx_word' id='word_1_507' title='bbox 1613 3397 1671 3438; x_wconf 89' lang='lat' dir='ltr'><strong>ut</strong></span> <span class='ocrx_word' id='word_1_508' title='bbox 1691 3395 1868 3440; x_wconf 83' lang='lat' dir='ltr'><strong>caueat</strong></span> <span class='ocrx_word' id='word_1_509' title='bbox 1897 3389 2086 3458; x_wconf 90' lang='lat' dir='ltr'><strong>impius</strong></span> <span class='ocrx_word' id='word_1_510' title='bbox 2114 3389 2176 3443; x_wconf 81' lang='lat' dir='ltr'><strong>de</strong></span> <span class='ocrx_word' id='word_1_511' title='bbox 2203 3391 2284 3443; x_wconf 76' lang='lat' dir='ltr'><strong>ria</strong></span> <span class='ocrx_word' id='word_1_512' title='bbox 2306 3406 2423 3452; x_wconf 91' lang='lat' dir='ltr'><strong>sua,</strong></span> <span class='ocrx_word' id='word_1_513' title='bbox 2450 3392 2562 3458; x_wconf 76' lang='lat' dir='ltr'><strong>ipse</strong></span> <span class='ocrx_word' id='word_1_514' title='bbox 2588 3391 2793 3460; x_wconf 85' lang='lat' dir='ltr'><strong>iniquus</strong></span> <span class='ocrx_word' id='word_1_515' title='bbox 2820 3391 2877 3444; x_wconf 87' lang='lat' dir='ltr'><strong>in</strong></span> <span class='ocrx_word' id='word_1_516' title='bbox 2901 3392 3174 3461; x_wconf 79' lang='lat' dir='ltr'><strong>iniquitate</strong></span> <span class='ocrx_word' id='word_1_517' title='bbox 3192 3410 3287 3446; x_wconf 83' lang='lat' dir='ltr'><strong>sua</strong></span> <span class='ocrx_word' id='word_1_518' title='bbox 3314 3410 3430 3447; x_wconf 59' lang='lat' dir='ltr'><strong>mon-</strong></span> 
     </span>
    </p>
   </div>
   <div class='ocr_carea' id='block_1_35' title="bbox 134 3472 3429 3554">
    <p class='ocr_par' dir='ltr' id='par_1_35' title="bbox 134 3472 3429 3554">
     <span class='ocr_line' id='line_1_35' title="bbox 134 3472 3429 3554; baseline 0.005 -31"><span class='ocrx_word' id='word_1_519' title='bbox 134 3472 309 3536; x_wconf 85' lang='lat' dir='ltr'><strong>rietur;</strong></span> <span class='ocrx_word' id='word_1_520' title='bbox 345 3475 663 3544; x_wconf 81' lang='lat' dir='ltr'><strong>sanguinem</strong></span> <span class='ocrx_word' id='word_1_521' title='bbox 696 3482 867 3527; x_wconf 87' lang='lat' dir='ltr'><strong>autem</strong></span> <span class='ocrx_word' id='word_1_522' title='bbox 899 3473 1008 3544; x_wconf 88' lang='lat' dir='ltr'><strong>ejus</strong></span> <span class='ocrx_word' id='word_1_523' title='bbox 1041 3475 1105 3528; x_wconf 91' lang='lat' dir='ltr'><strong>de</strong></span> <span class='ocrx_word' id='word_1_524' title='bbox 1128 3493 1286 3529; x_wconf 88' lang='lat' dir='ltr'><strong>manu</strong></span> <span class='ocrx_word' id='word_1_525' title='bbox 1313 3484 1402 3530; x_wconf 92' lang='lat' dir='ltr'><strong>tua</strong></span> <span class='ocrx_word' id='word_1_526' title='bbox 1429 3479 1708 3548; x_wconf 88' lang='lat' dir='ltr'><strong>requiram.</strong></span> <span class='ocrx_word' id='word_1_527' title='bbox 1739 3477 1966 3532; x_wconf 81' lang='lat' dir='ltr'><strong>Evidens</strong></span> <span class='ocrx_word' id='word_1_528' title='bbox 1994 3480 2151 3549; x_wconf 84' lang='lat' dir='ltr'><strong>plane</strong></span> <span class='ocrx_word' id='word_1_529' title='bbox 2186 3490 2235 3534; x_wconf 92' lang='lat' dir='ltr'><strong>et</strong></span> <span class='ocrx_word' id='word_1_530' title='bbox 2269 3482 2551 3552; x_wconf 87' lang='lat' dir='ltr'><strong>manifesta</strong></span> <span class='ocrx_word' id='word_1_531' title='bbox 2585 3485 2860 3547; x_wconf 90' lang='lat' dir='ltr'><strong>sententia,</strong></span> <span class='ocrx_word' id='word_1_532' title='bbox 2891 3500 3007 3554; x_wconf 72' lang='lat' dir='ltr'><strong>quae</strong></span> <span class='ocrx_word' id='word_1_533' title='bbox 3032 3479 3429 3554; x_wconf 85' lang='lat' dir='ltr'><strong>speculatorem,</strong></span> 
     </span>
    </p>
   </div>
   <div class='ocr_carea' id='block_1_36' title="bbox 136 3564 3429 3645">
    <p class='ocr_par' dir='ltr' id='par_1_36' title="bbox 136 3564 3429 3645">
     <span class='ocr_line' id='line_1_36' title="bbox 136 3564 3429 3645; baseline 0.005 -29"><span class='ocrx_word' id='word_1_534' title='bbox 136 3579 215 3616; x_wconf 78' lang='lat' dir='ltr'><strong>cur</strong></span> <span class='ocrx_word' id='word_1_535' title='bbox 235 3567 465 3630; x_wconf 86' lang='lat' dir='ltr'><strong>tacuerit,</strong></span> <span class='ocrx_word' id='word_1_536' title='bbox 507 3567 768 3636; x_wconf 86' lang='lat' dir='ltr'><strong>sanguine</strong></span> <span class='ocrx_word' id='word_1_537' title='bbox 805 3564 991 3636; x_wconf 87' lang='lat' dir='ltr'><strong>polluit</strong></span> <span class='ocrx_word' id='word_1_538' title='bbox 1016 3569 1313 3632; x_wconf 87' lang='lat' dir='ltr'><strong>criminasi;</strong></span> <span class='ocrx_word' id='word_1_539' title='bbox 1344 3586 1438 3623; x_wconf 90' lang='lat' dir='ltr'><strong>nec</strong></span> <span class='ocrx_word' id='word_1_540' title='bbox 1467 3578 1711 3624; x_wconf 87' lang='lat' dir='ltr'><strong>contenta</strong></span> <span class='ocrx_word' id='word_1_541' title='bbox 1757 3577 1853 3635; x_wconf 87' lang='lat' dir='ltr'><strong>est,</strong></span> <span class='ocrx_word' id='word_1_542' title='bbox 1886 3571 2024 3642; x_wconf 92' lang='lat' dir='ltr'><strong>quod</strong></span> <span class='ocrx_word' id='word_1_543' title='bbox 2069 3573 2299 3641; x_wconf 89' lang='lat' dir='ltr'><strong>iniquum</strong></span> <span class='ocrx_word' id='word_1_544' title='bbox 2337 3573 2554 3627; x_wconf 88' lang='lat' dir='ltr'><strong>damnat</strong></span> <span class='ocrx_word' id='word_1_545' title='bbox 2581 3576 2850 3645; x_wconf 89' lang='lat' dir='ltr'><strong>iniquitas,</strong></span> <span class='ocrx_word' id='word_1_546' title='bbox 2881 3576 2985 3629; x_wconf 89' lang='lat' dir='ltr'><strong>nisi</strong></span> <span class='ocrx_word' id='word_1_547' title='bbox 3009 3584 3060 3630; x_wconf 90' lang='lat' dir='ltr'><strong>et</strong></span> <span class='ocrx_word' id='word_1_548' title='bbox 3097 3574 3245 3630; x_wconf 90' lang='lat' dir='ltr'><strong>illum</strong></span> <span class='ocrx_word' id='word_1_549' title='bbox 3282 3593 3429 3632; x_wconf 86' lang='lat' dir='ltr'><strong>reum</strong></span> 
     </span>
    </p>
   </div>
   <div class='ocr_carea' id='block_1_37' title="bbox 135 3651 3430 3745">
    <p class='ocr_par' dir='ltr' id='par_1_37' title="bbox 135 3651 3430 3745">
     <span class='ocr_line' id='line_1_37' title="bbox 135 3651 3430 3745; baseline 0.005 -37"><span class='ocrx_word' id='word_1_550' title='bbox 135 3665 330 3723; x_wconf 85' lang='lat' dir='ltr'><strong>statuat,</strong></span> <span class='ocrx_word' id='word_1_551' title='bbox 358 3659 445 3729; x_wconf 85' lang='lat' dir='ltr'><strong>qui</strong></span> <span class='ocrx_word' id='word_1_552' title='bbox 465 3656 707 3711; x_wconf 84' lang='lat' dir='ltr'><strong>eamdem</strong></span> <span class='ocrx_word' id='word_1_553' title='bbox 729 3657 1054 3728; x_wconf 85' lang='lat' dir='ltr'><strong>iniquitatem</strong></span> <span class='ocrx_word' id='word_1_554' title='bbox 1093 3659 1259 3713; x_wconf 90' lang='lat' dir='ltr'><strong>noluit</strong></span> <span class='ocrx_word' id='word_1_555' title='bbox 1287 3660 1574 3729; x_wconf 83' lang='lat' dir='ltr'><strong>increpare.</strong></span> <span class='ocrx_word' id='word_1_556' title='bbox 1618 3659 1797 3714; x_wconf 84' lang='lat' dir='ltr'><strong>Videte</strong></span> <span class='ocrx_word' id='word_1_557' title='bbox 1824 3678 1945 3745; x_wconf 84' lang='lat' dir='ltr'><strong>ergo</strong></span> <span class='ocrx_word' id='word_1_558' title='bbox 1974 3651 2221 3732; x_wconf 77' lang='lat' dir='ltr'><strong>quantum</strong></span> <span class='ocrx_word' id='word_1_559' title='bbox 2259 3663 2456 3717; x_wconf 85' lang='lat' dir='ltr'><strong>malum</strong></span> <span class='ocrx_word' id='word_1_560' title='bbox 2480 3667 2548 3718; x_wconf 91' lang='lat' dir='ltr'><strong>sit</strong></span> <span class='ocrx_word' id='word_1_561' title='bbox 2576 3665 2938 3735; x_wconf 85' lang='lat' dir='ltr'><strong>delinquentis.</strong></span> <span class='ocrx_word' id='word_1_562' title='bbox 2971 3659 3289 3736; x_wconf 84' lang='lat' dir='ltr'><strong>Delinquens</strong></span> <span class='ocrx_word' id='word_1_563' title='bbox 3317 3670 3430 3738; x_wconf 78' lang='lat' dir='ltr'><strong>ipse</strong></span> 
     </span>
    </p>
   </div>
   <div class='ocr_carea' id='block_1_38' title="bbox 136 3748 3421 3828">
    <p class='ocr_par' dir='ltr' id='par_1_38' title="bbox 136 3748 3421 3828">
     <span class='ocr_line' id='line_1_38' title="bbox 136 3748 3421 3828; baseline 0.004 -29"><span class='ocrx_word' id='word_1_564' title='bbox 136 3755 311 3815; x_wconf 83' lang='lat' dir='ltr'><strong>peccat,</strong></span> <span class='ocrx_word' id='word_1_565' title='bbox 334 3758 384 3801; x_wconf 93' lang='lat' dir='ltr'><strong>et</strong></span> <span class='ocrx_word' id='word_1_566' title='bbox 411 3748 662 3802; x_wconf 85' lang='lat' dir='ltr'><strong>sacerdos</strong></span> <span class='ocrx_word' id='word_1_567' title='bbox 689 3750 943 3819; x_wconf 86' lang='lat' dir='ltr'><strong>arguitur.</strong></span> <span class='ocrx_word' id='word_1_568' title='bbox 978 3748 1101 3818; x_wconf 88' lang='lat' dir='ltr'><strong>Ipse</strong></span> <span class='ocrx_word' id='word_1_569' title='bbox 1126 3766 1182 3803; x_wconf 89' lang='lat' dir='ltr'><strong>se</strong></span> <span class='ocrx_word' id='word_1_570' title='bbox 1210 3750 1407 3804; x_wconf 88' lang='lat' dir='ltr'><strong>delictis</strong></span> <span class='ocrx_word' id='word_1_571' title='bbox 1436 3753 1543 3805; x_wconf 90' lang='lat' dir='ltr'><strong>suis</strong></span> <span class='ocrx_word' id='word_1_572' title='bbox 1574 3751 1804 3822; x_wconf 88' lang='lat' dir='ltr'><strong>jugulat,</strong></span> <span class='ocrx_word' id='word_1_573' title='bbox 1846 3763 1898 3806; x_wconf 88' lang='lat' dir='ltr'><strong>et</strong></span> <span class='ocrx_word' id='word_1_574' title='bbox 1937 3755 2000 3808; x_wconf 91' lang='lat' dir='ltr'><strong>de</strong></span> <span class='ocrx_word' id='word_1_575' title='bbox 2035 3772 2193 3809; x_wconf 88' lang='lat' dir='ltr'><strong>manu</strong></span> <span class='ocrx_word' id='word_1_576' title='bbox 2238 3757 2464 3827; x_wconf 88' lang='lat' dir='ltr'><strong>episcopi</strong></span> <span class='ocrx_word' id='word_1_577' title='bbox 2492 3758 2704 3827; x_wconf 87' lang='lat' dir='ltr'><strong>sanguis</strong></span> <span class='ocrx_word' id='word_1_578' title='bbox 2743 3758 3051 3828; x_wconf 67' lang='lat' dir='ltr'><strong>exquiritur.</strong></span> <span class='ocrx_word' id='word_1_579' title='bbox 3083 3757 3421 3828; x_wconf 82' lang='lat' dir='ltr'><strong>Loquendum</strong></span> 
     </span>
    </p>
   </div>
   <div class='ocr_carea' id='block_1_39' title="bbox 139 3843 3425 3922">
    <p class='ocr_par' dir='ltr' id='par_1_39' title="bbox 139 3843 3425 3922">
     <span class='ocr_line' id='line_1_39' title="bbox 139 3843 3425 3922; baseline 0.004 -29"><span class='ocrx_word' id='word_1_580' title='bbox 139 3843 380 3911; x_wconf 85' lang='lat' dir='ltr'><strong>estigitur</strong></span> <span class='ocrx_word' id='word_1_581' title='bbox 406 3852 456 3896; x_wconf 91' lang='lat' dir='ltr'><strong>et</strong></span> <span class='ocrx_word' id='word_1_582' title='bbox 485 3844 842 3907; x_wconf 87' lang='lat' dir='ltr'><strong>clamandum,</strong></span> <span class='ocrx_word' id='word_1_583' title='bbox 875 3860 940 3898; x_wconf 88' lang='lat' dir='ltr'><strong>ne</strong></span> <span class='ocrx_word' id='word_1_584' title='bbox 966 3845 1228 3898; x_wconf 88' lang='lat' dir='ltr'><strong>silentium</strong></span> <span class='ocrx_word' id='word_1_585' title='bbox 1258 3854 1490 3898; x_wconf 90' lang='lat' dir='ltr'><strong>nostrum</strong></span> <span class='ocrx_word' id='word_1_586' title='bbox 1517 3847 1569 3898; x_wconf 89' lang='lat' dir='ltr'><strong>in</strong></span> <span class='ocrx_word' id='word_1_587' title='bbox 1599 3845 1684 3899; x_wconf 89' lang='lat' dir='ltr'><strong>die</strong></span> <span class='ocrx_word' id='word_1_588' title='bbox 1703 3845 1891 3917; x_wconf 88' lang='lat' dir='ltr'><strong>judicii</strong></span> <span class='ocrx_word' id='word_1_589' title='bbox 1918 3847 2054 3902; x_wconf 88' lang='lat' dir='ltr'><strong>idem</strong></span> <span class='ocrx_word' id='word_1_590' title='bbox 2082 3858 2323 3918; x_wconf 84' lang='lat' dir='ltr'><strong>peccator</strong></span> <span class='ocrx_word' id='word_1_591' title='bbox 2349 3856 2586 3912; x_wconf 60' lang='lat' dir='ltr'><strong>excuset;</strong></span> <span class='ocrx_word' id='word_1_592' title='bbox 2617 3856 2666 3901; x_wconf 90' lang='lat' dir='ltr'><strong>et</strong></span> <span class='ocrx_word' id='word_1_593' title='bbox 2687 3849 2776 3917; x_wconf 84' lang='lat' dir='ltr'><strong>qui</strong></span> <span class='ocrx_word' id='word_1_594' title='bbox 2798 3848 3094 3903; x_wconf 85' lang='lat' dir='ltr'><strong>dissimulat</strong></span> <span class='ocrx_word' id='word_1_595' title='bbox 3112 3867 3226 3904; x_wconf 80' lang='lat' dir='ltr'><strong>esse</strong></span> <span class='ocrx_word' id='word_1_596' title='bbox 3252 3843 3425 3922; x_wconf 82' lang='lat' dir='ltr'><strong>parti-</strong></span> 
     </span>
    </p>
   </div>
   <div class='ocr_carea' id='block_1_40' title="bbox 140 3936 3430 4012">
    <p class='ocr_par' dir='ltr' id='par_1_40' title="bbox 140 3936 3430 4012">
     <span class='ocr_line' id='line_1_40' title="bbox 140 3936 3430 4012; baseline 0.005 -29"><span class='ocrx_word' id='word_1_597' title='bbox 140 3947 244 4000; x_wconf 82' lang='lat' dir='ltr'><strong>ceps</strong></span> <span class='ocrx_word' id='word_1_598' title='bbox 272 3936 588 4000; x_wconf 83' lang='lat' dir='ltr'><strong>sanctitatis,</strong></span> <span class='ocrx_word' id='word_1_599' title='bbox 619 3945 736 3988; x_wconf 89' lang='lat' dir='ltr'><strong>tunc</strong></span> <span class='ocrx_word' id='word_1_600' title='bbox 765 3937 961 3990; x_wconf 87' lang='lat' dir='ltr'><strong>socium</strong></span> <span class='ocrx_word' id='word_1_601' title='bbox 989 3936 1290 3990; x_wconf 89' lang='lat' dir='ltr'><strong>criminetur</strong></span> <span class='ocrx_word' id='word_1_602' title='bbox 1329 3938 1591 3991; x_wconf 88' lang='lat' dir='ltr'><strong>erroris...</strong></span> <span class='ocrx_word' id='word_1_603' title='bbox 1637 3936 1946 4009; x_wconf 87' lang='lat' dir='ltr'><strong>Speculator</strong></span> <span class='ocrx_word' id='word_1_604' title='bbox 1983 3941 2157 4010; x_wconf 90' lang='lat' dir='ltr'><strong>utique</strong></span> <span class='ocrx_word' id='word_1_605' title='bbox 2191 3938 2399 4000; x_wconf 87' lang='lat' dir='ltr'><strong>dicitur,</strong></span> <span class='ocrx_word' id='word_1_606' title='bbox 2435 3941 2523 4010; x_wconf 90' lang='lat' dir='ltr'><strong>qui</strong></span> <span class='ocrx_word' id='word_1_607' title='bbox 2542 3940 2707 3993; x_wconf 77' lang='lat' dir='ltr'><strong>veluti</strong></span> <span class='ocrx_word' id='word_1_608' title='bbox 2734 3943 2791 3994; x_wconf 84' lang='lat' dir='ltr'><strong>in</strong></span> <span class='ocrx_word' id='word_1_609' title='bbox 2826 3941 3054 4012; x_wconf 85' lang='lat' dir='ltr'><strong>quadam</strong></span> <span class='ocrx_word' id='word_1_610' title='bbox 3081 3941 3289 3997; x_wconf 87' lang='lat' dir='ltr'><strong>sublimi</strong></span> <span class='ocrx_word' id='word_1_611' title='bbox 3308 3961 3430 4002; x_wconf 79' lang='lat' dir='ltr'><strong>arce</strong></span> 
     </span>
    </p>
   </div>
   <div class='ocr_carea' id='block_1_41' title="bbox 142 4022 3428 4098">
    <p class='ocr_par' dir='ltr' id='par_1_41' title="bbox 142 4022 3428 4098">
     <span class='ocr_line' id='line_1_41' title="bbox 142 4022 3428 4098; baseline 0.004 -24"><span class='ocrx_word' id='word_1_612' title='bbox 142 4024 404 4076; x_wconf 85' lang='lat' dir='ltr'><strong>consistens</strong></span> <span class='ocrx_word' id='word_1_613' title='bbox 432 4023 700 4093; x_wconf 89' lang='lat' dir='ltr'><strong>adjacenti</strong></span> <span class='ocrx_word' id='word_1_614' title='bbox 729 4022 920 4093; x_wconf 91' lang='lat' dir='ltr'><strong>populo</strong></span> <span class='ocrx_word' id='word_1_615' title='bbox 942 4024 1211 4093; x_wconf 88' lang='lat' dir='ltr'><strong>prospicit,</strong></span> <span class='ocrx_word' id='word_1_616' title='bbox 1244 4041 1310 4078; x_wconf 89' lang='lat' dir='ltr'><strong>ne</strong></span> <span class='ocrx_word' id='word_1_617' title='bbox 1341 4026 1454 4095; x_wconf 88' lang='lat' dir='ltr'><strong>quis</strong></span> <span class='ocrx_word' id='word_1_618' title='bbox 1483 4026 1537 4077; x_wconf 93' lang='lat' dir='ltr'><strong>in</strong></span> <span class='ocrx_word' id='word_1_619' title='bbox 1566 4041 1682 4079; x_wconf 88' lang='lat' dir='ltr'><strong>eum</strong></span> <span class='ocrx_word' id='word_1_620' title='bbox 1722 4026 1890 4081; x_wconf 88' lang='lat' dir='ltr'><strong>subito</strong></span> <span class='ocrx_word' id='word_1_621' title='bbox 1935 4026 2095 4080; x_wconf 82' lang='lat' dir='ltr'><strong>hostis</strong></span> <span class='ocrx_word' id='word_1_622' title='bbox 2134 4025 2376 4094; x_wconf 88' lang='lat' dir='ltr'><strong>obrepat;</strong></span> <span class='ocrx_word' id='word_1_623' title='bbox 2407 4027 2499 4079; x_wconf 88' lang='lat' dir='ltr'><strong>sed</strong></span> <span class='ocrx_word' id='word_1_624' title='bbox 2525 4028 2589 4079; x_wconf 87' lang='lat' dir='ltr'><strong>de</strong></span> <span class='ocrx_word' id='word_1_625' title='bbox 2626 4028 2718 4082; x_wconf 89' lang='lat' dir='ltr'><strong>illo</strong></span> <span class='ocrx_word' id='word_1_626' title='bbox 2757 4029 2983 4083; x_wconf 76' lang='lat' dir='ltr'><strong>sollicite</strong></span> <span class='ocrx_word' id='word_1_627' title='bbox 3013 4045 3191 4083; x_wconf 84' lang='lat' dir='ltr'><strong>curam</strong></span> <span class='ocrx_word' id='word_1_628' title='bbox 3214 4031 3428 4098; x_wconf 77' lang='lat' dir='ltr'><strong>habens,</strong></span> 
     </span>
    </p>
   </div>
   <div class='ocr_carea' id='block_1_42' title="bbox 142 4110 3436 4186">
    <p class='ocr_par' dir='ltr' id='par_1_42' title="bbox 142 4110 3436 4186">
     <span class='ocr_line' id='line_1_42' title="bbox 142 4110 3436 4186; baseline 0.005 -23"><span class='ocrx_word' id='word_1_629' title='bbox 142 4110 268 4177; x_wconf 84' lang='lat' dir='ltr'><strong>plebs</strong></span> <span class='ocrx_word' id='word_1_630' title='bbox 285 4115 424 4182; x_wconf 85' lang='lat' dir='ltr'><strong>pacis</strong></span> <span class='ocrx_word' id='word_1_631' title='bbox 445 4113 724 4167; x_wconf 87' lang='lat' dir='ltr'><strong>dulcedine</strong></span> <span class='ocrx_word' id='word_1_632' title='bbox 743 4113 1002 4181; x_wconf 88' lang='lat' dir='ltr'><strong>potiatur;</strong></span> <span class='ocrx_word' id='word_1_633' title='bbox 1026 4114 1112 4184; x_wconf 93' lang='lat' dir='ltr'><strong>qui</strong></span> <span class='ocrx_word' id='word_1_634' title='bbox 1142 4115 1187 4168; x_wconf 90' lang='lat' dir='ltr'><strong>si</strong></span> <span class='ocrx_word' id='word_1_635' title='bbox 1213 4113 1635 4183; x_wconf 47' lang='lat' dir='ltr'><strong>aliquid’adversi</strong></span> <span class='ocrx_word' id='word_1_636' title='bbox 1661 4125 1870 4185; x_wconf 90' lang='lat' dir='ltr'><strong>repente</strong></span> <span class='ocrx_word' id='word_1_637' title='bbox 1899 4116 2248 4186; x_wconf 75' lang='lat' dir='ltr'><strong>conspexerit,</strong></span> <span class='ocrx_word' id='word_1_638' title='bbox 2271 4131 2394 4170; x_wconf 70' lang='lat' dir='ltr'><strong>mox</strong></span> <span class='ocrx_word' id='word_1_639' title='bbox 2421 4115 2632 4179; x_wconf 85' lang='lat' dir='ltr'><strong>indicet,</strong></span> <span class='ocrx_word' id='word_1_640' title='bbox 2664 4128 2961 4172; x_wconf 86' lang='lat' dir='ltr'><strong>constanter</strong></span> <span class='ocrx_word' id='word_1_641' title='bbox 2987 4122 3277 4184; x_wconf 76' lang='lat' dir='ltr'><strong>annuntiet,</strong></span> <span class='ocrx_word' id='word_1_642' title='bbox 3304 4132 3361 4176; x_wconf 90' lang='lat' dir='ltr'><strong>ut</strong></span> <span class='ocrx_word' id='word_1_643' title='bbox 3381 4133 3436 4178; x_wconf 82' lang='lat' dir='ltr'><strong>at</strong></span> 
     </span>
    </p>
   </div>
   <div class='ocr_carea' id='block_1_43' title="bbox 144 4202 3432 4278">
    <p class='ocr_par' dir='ltr' id='par_1_43' title="bbox 144 4202 3432 4278">
     <span class='ocr_line' id='line_1_43' title="bbox 144 4202 3432 4278; baseline 0.003 -24"><span class='ocrx_word' id='word_1_644' title='bbox 144 4203 252 4256; x_wconf 74' lang='lat' dir='ltr'><strong>ciuis</strong></span> <span class='ocrx_word' id='word_1_645' title='bbox 275 4204 342 4256; x_wconf 87' lang='lat' dir='ltr'><strong>ad</strong></span> <span class='ocrx_word' id='word_1_646' title='bbox 359 4203 647 4259; x_wconf 73' lang='lat' dir='ltr'><strong>cauendum</strong></span> <span class='ocrx_word' id='word_1_647' title='bbox 666 4202 949 4273; x_wconf 90' lang='lat' dir='ltr'><strong>periculum</strong></span> <span class='ocrx_word' id='word_1_648' title='bbox 978 4204 1046 4256; x_wconf 85' lang='lat' dir='ltr'><strong>sit</strong></span> <span class='ocrx_word' id='word_1_649' title='bbox 1067 4212 1303 4274; x_wconf 88' lang='lat' dir='ltr'><strong>paratus,</strong></span> <span class='ocrx_word' id='word_1_650' title='bbox 1331 4213 1380 4258; x_wconf 90' lang='lat' dir='ltr'><strong>et</strong></span> <span class='ocrx_word' id='word_1_651' title='bbox 1401 4204 1565 4258; x_wconf 86' lang='lat' dir='ltr'><strong>hostis</strong></span> <span class='ocrx_word' id='word_1_652' title='bbox 1595 4205 1763 4274; x_wconf 85' lang='lat' dir='ltr'><strong>fugiat</strong></span> <span class='ocrx_word' id='word_1_653' title='bbox 1788 4206 2152 4276; x_wconf 89' lang='lat' dir='ltr'><strong>deprehensus.</strong></span> <span class='ocrx_word' id='word_1_654' title='bbox 2185 4203 2438 4258; x_wconf 62' lang='lat' dir='ltr'><strong>Caeterum</strong></span> <span class='ocrx_word' id='word_1_655' title='bbox 2459 4206 2524 4271; x_wconf 92' lang='lat' dir='ltr'><strong>si,</strong></span> <span class='ocrx_word' id='word_1_656' title='bbox 2549 4218 2762 4275; x_wconf 88' lang='lat' dir='ltr'><strong>urgente</strong></span> <span class='ocrx_word' id='word_1_657' title='bbox 2793 4207 3108 4274; x_wconf 88' lang='lat' dir='ltr'><strong>adversario,</strong></span> <span class='ocrx_word' id='word_1_658' title='bbox 3138 4209 3432 4278; x_wconf 84' lang='lat' dir='ltr'><strong>speculator</strong></span> 
     </span>
    </p>
   </div>
   <div class='ocr_carea' id='block_1_44' title="bbox 143 4296 3430 4370">
    <p class='ocr_par' dir='ltr' id='par_1_44' title="bbox 143 4296 3430 4370">
     <span class='ocr_line' id='line_1_44' title="bbox 143 4296 3430 4370; baseline 0.003 -22"><span class='ocrx_word' id='word_1_659' title='bbox 143 4296 546 4363; x_wconf 70' lang='lat' dir='ltr'><strong>dissimulaverit,</strong></span> <span class='ocrx_word' id='word_1_660' title='bbox 581 4301 817 4364; x_wconf 73' lang='lat' dir='ltr'><strong>tacuerit,</strong></span> <span class='ocrx_word' id='word_1_661' title='bbox 845 4298 1160 4368; x_wconf 72' lang='lat' dir='ltr'><strong>neglexerit;</strong></span> <span class='ocrx_word' id='word_1_662' title='bbox 1185 4307 1305 4352; x_wconf 89' lang='lat' dir='ltr'><strong>tunc</strong></span> <span class='ocrx_word' id='word_1_663' title='bbox 1328 4300 1408 4369; x_wconf 83' lang='lat' dir='ltr'><strong>fit,</strong></span> <span class='ocrx_word' id='word_1_664' title='bbox 1431 4309 1488 4352; x_wconf 90' lang='lat' dir='ltr'><strong>ut</strong></span> <span class='ocrx_word' id='word_1_665' title='bbox 1506 4300 1806 4369; x_wconf 89' lang='lat' dir='ltr'><strong>inopinatus</strong></span> <span class='ocrx_word' id='word_1_666' title='bbox 1828 4309 2213 4370; x_wconf 76' lang='lat' dir='ltr'><strong>prwoccupetur</strong></span> <span class='ocrx_word' id='word_1_667' title='bbox 2249 4299 2487 4369; x_wconf 88' lang='lat' dir='ltr'><strong>populus,</strong></span> <span class='ocrx_word' id='word_1_668' title='bbox 2518 4309 2567 4352; x_wconf 90' lang='lat' dir='ltr'><strong>et</strong></span> <span class='ocrx_word' id='word_1_669' title='bbox 2597 4301 2834 4353; x_wconf 86' lang='lat' dir='ltr'><strong>inimicus</strong></span> <span class='ocrx_word' id='word_1_670' title='bbox 2855 4303 3216 4369; x_wconf 85' lang='lat' dir='ltr'><strong>superveniens</strong></span> <span class='ocrx_word' id='word_1_671' title='bbox 3241 4302 3430 4357; x_wconf 87' lang='lat' dir='ltr'><strong>debac-</strong></span> 
     </span>
    </p>
   </div>
   <div class='ocr_carea' id='block_1_45' title="bbox 147 4389 3432 4465">
    <p class='ocr_par' dir='ltr' id='par_1_45' title="bbox 147 4389 3432 4465">
     <span class='ocr_line' id='line_1_45' title="bbox 147 4389 3432 4465; baseline 0.002 -24"><span class='ocrx_word' id='word_1_672' title='bbox 147 4390 325 4457; x_wconf 84' lang='lat' dir='ltr'><strong>chetur,</strong></span> <span class='ocrx_word' id='word_1_673' title='bbox 348 4402 501 4464; x_wconf 85' lang='lat' dir='ltr'><strong>atque</strong></span> <span class='ocrx_word' id='word_1_674' title='bbox 530 4392 650 4446; x_wconf 87' lang='lat' dir='ltr'><strong>ideo</strong></span> <span class='ocrx_word' id='word_1_675' title='bbox 680 4393 849 4446; x_wconf 87' lang='lat' dir='ltr'><strong>omnis</strong></span> <span class='ocrx_word' id='word_1_676' title='bbox 872 4392 1026 4462; x_wconf 90' lang='lat' dir='ltr'><strong>culpa</strong></span> <span class='ocrx_word' id='word_1_677' title='bbox 1047 4393 1095 4446; x_wconf 91' lang='lat' dir='ltr'><strong>ei</strong></span> <span class='ocrx_word' id='word_1_678' title='bbox 1121 4393 1419 4458; x_wconf 88' lang='lat' dir='ltr'><strong>ascribitur,</strong></span> <span class='ocrx_word' id='word_1_679' title='bbox 1450 4394 1537 4465; x_wconf 89' lang='lat' dir='ltr'><strong>qui</strong></span> <span class='ocrx_word' id='word_1_680' title='bbox 1565 4393 1704 4460; x_wconf 86' lang='lat' dir='ltr'><strong>loqui</strong></span> <span class='ocrx_word' id='word_1_681' title='bbox 1733 4394 1918 4458; x_wconf 89' lang='lat' dir='ltr'><strong>noluit,</strong></span> <span class='ocrx_word' id='word_1_682' title='bbox 1948 4402 2008 4446; x_wconf 89' lang='lat' dir='ltr'><strong>ut</strong></span> <span class='ocrx_word' id='word_1_683' title='bbox 2043 4392 2265 4446; x_wconf 85' lang='lat' dir='ltr'><strong>salvaret</strong></span> <span class='ocrx_word' id='word_1_684' title='bbox 2293 4391 2543 4460; x_wconf 86' lang='lat' dir='ltr'><strong>plurimas</strong></span> <span class='ocrx_word' id='word_1_685' title='bbox 2559 4407 2578 4453; x_wconf 90' lang='lat'><em>;</em></span> <span class='ocrx_word' id='word_1_686' title='bbox 2604 4389 2694 4443; x_wconf 89' lang='lat' dir='ltr'><strong>sed</strong></span> <span class='ocrx_word' id='word_1_687' title='bbox 2725 4399 2894 4442; x_wconf 89' lang='lat' dir='ltr'><strong>tacere</strong></span> <span class='ocrx_word' id='word_1_688' title='bbox 2925 4390 3130 4452; x_wconf 90' lang='lat' dir='ltr'><strong>maluit,</strong></span> <span class='ocrx_word' id='word_1_689' title='bbox 3153 4400 3212 4445; x_wconf 92' lang='lat' dir='ltr'><strong>ut</strong></span> <span class='ocrx_word' id='word_1_690' title='bbox 3237 4396 3432 4461; x_wconf 80' lang='lat' dir='ltr'><strong>periret</strong></span> 
     </span>
    </p>
   </div>
   <div class='ocr_carea' id='block_1_46' title="bbox 146 4482 3429 4557">
    <p class='ocr_par' dir='ltr' id='par_1_46' title="bbox 146 4482 3429 4557">
     <span class='ocr_line' id='line_1_46' title="bbox 146 4482 3429 4557; baseline 0.004 -24"><span class='ocrx_word' id='word_1_691' title='bbox 146 4484 242 4550; x_wconf 87' lang='lat' dir='ltr'><strong>ipse</strong></span> <span class='ocrx_word' id='word_1_692' title='bbox 265 4501 378 4538; x_wconf 84' lang='lat' dir='ltr'><strong>cum</strong></span> <span class='ocrx_word' id='word_1_693' title='bbox 401 4484 662 4556; x_wconf 83' lang='lat' dir='ltr'><strong>pluribus.</strong></span> <span class='ocrx_word' id='word_1_694' title='bbox 699 4484 813 4539; x_wconf 78' lang='lat' dir='ltr'><strong>Iios</strong></span> <span class='ocrx_word' id='word_1_695' title='bbox 851 4502 975 4557; x_wconf 87' lang='lat' dir='ltr'><strong>ergo</strong></span> <span class='ocrx_word' id='word_1_696' title='bbox 1001 4486 1350 4556; x_wconf 87' lang='lat' dir='ltr'><strong>speculatores</strong></span> <span class='ocrx_word' id='word_1_697' title='bbox 1378 4504 1410 4540; x_wconf 91' lang='lat' dir='ltr'><strong>a</strong></span> <span class='ocrx_word' id='word_1_698' title='bbox 1438 4485 1665 4541; x_wconf 89' lang='lat' dir='ltr'><strong>Domino</strong></span> <span class='ocrx_word' id='word_1_699' title='bbox 1695 4488 2018 4550; x_wconf 86' lang='lat' dir='ltr'><strong>constitutas,</strong></span> <span class='ocrx_word' id='word_1_700' title='bbox 2045 4501 2171 4557; x_wconf 87' lang='lat' dir='ltr'><strong>quos</strong></span> <span class='ocrx_word' id='word_1_701' title='bbox 2209 4500 2320 4538; x_wconf 82' lang='lat' dir='ltr'><strong>esse</strong></span> <span class='ocrx_word' id='word_1_702' title='bbox 2348 4483 2587 4548; x_wconf 85' lang='lat' dir='ltr'><strong>dicimus,</strong></span> <span class='ocrx_word' id='word_1_703' title='bbox 2616 4484 2718 4536; x_wconf 90' lang='lat' dir='ltr'><strong>nisi</strong></span> <span class='ocrx_word' id='word_1_704' title='bbox 2761 4482 3084 4539; x_wconf 81' lang='lat' dir='ltr'><strong>beatissimos</strong></span> <span class='ocrx_word' id='word_1_705' title='bbox 3112 4489 3429 4554; x_wconf 78' lang='lat' dir='ltr'><strong>sacerdotes,</strong></span> 
     </span>
    </p>
   </div>
   <div class='ocr_carea' id='block_1_47' title="bbox 146 4577 3431 4651">
    <p class='ocr_par' dir='ltr' id='par_1_47' title="bbox 146 4577 3431 4651">
     <span class='ocr_line' id='line_1_47' title="bbox 146 4577 3431 4651; baseline 0.002 -23"><span class='ocrx_word' id='word_1_706' title='bbox 146 4578 223 4647; x_wconf 83' lang='lat' dir='ltr'><strong>qui</strong></span> <span class='ocrx_word' id='word_1_707' title='bbox 249 4580 377 4632; x_wconf 72' lang='lat' dir='ltr'><strong>velut</strong></span> <span class='ocrx_word' id='word_1_708' title='bbox 401 4581 457 4633; x_wconf 90' lang='lat' dir='ltr'><strong>in</strong></span> <span class='ocrx_word' id='word_1_709' title='bbox 487 4580 698 4634; x_wconf 86' lang='lat' dir='ltr'><strong>sublimi</strong></span> <span class='ocrx_word' id='word_1_710' title='bbox 725 4579 953 4651; x_wconf 85' lang='lat' dir='ltr'><strong>quadam</strong></span> <span class='ocrx_word' id='word_1_711' title='bbox 988 4595 1110 4634; x_wconf 87' lang='lat' dir='ltr'><strong>arce</strong></span> <span class='ocrx_word' id='word_1_712' title='bbox 1135 4582 1407 4650; x_wconf 70' lang='lat' dir='ltr'><strong>sapientiae</strong></span> <span class='ocrx_word' id='word_1_713' title='bbox 1450 4581 1692 4635; x_wconf 89' lang='lat' dir='ltr'><strong>collocati</strong></span> <span class='ocrx_word' id='word_1_714' title='bbox 1727 4580 1798 4634; x_wconf 89' lang='lat' dir='ltr'><strong>ad</strong></span> <span class='ocrx_word' id='word_1_715' title='bbox 1836 4580 2102 4633; x_wconf 87' lang='lat' dir='ltr'><strong>tuitionem</strong></span> <span class='ocrx_word' id='word_1_716' title='bbox 2142 4577 2468 4647; x_wconf 89' lang='lat' dir='ltr'><strong>populorum,</strong></span> <span class='ocrx_word' id='word_1_717' title='bbox 2503 4578 2910 4646; x_wconf 78' lang='lat' dir='ltr'><strong>supervenientta</strong></span> <span class='ocrx_word' id='word_1_718' title='bbox 2956 4579 3097 4630; x_wconf 87' lang='lat' dir='ltr'><strong>mala</strong></span> <span class='ocrx_word' id='word_1_719' title='bbox 3119 4581 3431 4636; x_wconf 76' lang='lat' dir='ltr'><strong>eminus-in-</strong></span> 
     </span>
    </p>
   </div>
   <div class='ocr_carea' id='block_1_48' title="bbox 148 4664 3432 4742">
    <p class='ocr_par' dir='ltr' id='par_1_48' title="bbox 148 4664 3432 4742">
     <span class='ocr_line' id='line_1_48' title="bbox 148 4664 3432 4742; baseline 0.002 -22"><span class='ocrx_word' id='word_1_720' title='bbox 148 4679 356 4736; x_wconf 86' lang='lat' dir='ltr'><strong>tuentur,</strong></span> <span class='ocrx_word' id='word_1_721' title='bbox 382 4681 432 4726; x_wconf 91' lang='lat' dir='ltr'><strong>et</strong></span> <span class='ocrx_word' id='word_1_722' title='bbox 451 4671 628 4726; x_wconf 86' lang='lat' dir='ltr'><strong>adhuc</strong></span> <span class='ocrx_word' id='word_1_723' title='bbox 651 4671 804 4742; x_wconf 86' lang='lat' dir='ltr'><strong>longe</strong></span> <span class='ocrx_word' id='word_1_724' title='bbox 831 4672 987 4742; x_wconf 89' lang='lat' dir='ltr'><strong>positi</strong></span> <span class='ocrx_word' id='word_1_725' title='bbox 1009 4671 1424 4742; x_wconf 89' lang='lat' dir='ltr'><strong>contemplantur</strong></span> <span class='ocrx_word' id='word_1_726' title='bbox 1449 4673 1626 4741; x_wconf 90' lang='lat' dir='ltr'><strong>futura</strong></span> <span class='ocrx_word' id='word_1_727' title='bbox 1656 4671 1931 4741; x_wconf 89' lang='lat' dir='ltr'><strong>supplicia,</strong></span> <span class='ocrx_word' id='word_1_728' title='bbox 1961 4685 2064 4723; x_wconf 90' lang='lat' dir='ltr'><strong>non</strong></span> <span class='ocrx_word' id='word_1_729' title='bbox 2086 4669 2222 4723; x_wconf 88' lang='lat' dir='ltr'><strong>oculi</strong></span> <span class='ocrx_word' id='word_1_730' title='bbox 2243 4664 2476 4739; x_wconf 83' lang='lat' dir='ltr'><strong>carnalis</strong></span> <span class='ocrx_word' id='word_1_731' title='bbox 2505 4667 2694 4720; x_wconf 86' lang='lat' dir='ltr'><strong>intuitu</strong></span> <span class='ocrx_word' id='word_1_732' title='bbox 2710 4707 2726 4731; x_wconf 92' lang='lat'><strong>,</strong></span> <span class='ocrx_word' id='word_1_733' title='bbox 2751 4667 2845 4720; x_wconf 86' lang='lat' dir='ltr'><strong>sed</strong></span> <span class='ocrx_word' id='word_1_734' title='bbox 2865 4667 3158 4736; x_wconf 73' lang='lat' dir='ltr'><strong>prudentia:</strong></span> <span class='ocrx_word' id='word_1_735' title='bbox 3177 4674 3432 4741; x_wconf 88' lang='lat' dir='ltr'><strong>spiritalis</strong></span> 
     </span>
    </p>
   </div>
   <div class='ocr_carea' id='block_1_49' title="bbox 149 4755 3432 4834">
    <p class='ocr_par' dir='ltr' id='par_1_49' title="bbox 149 4755 3432 4834">
     <span class='ocr_line' id='line_1_49' title="bbox 149 4755 3432 4834; baseline 0.002 -20"><span class='ocrx_word' id='word_1_736' title='bbox 149 4771 358 4831; x_wconf 84' lang='lat' dir='ltr'><strong>aspectu.</strong></span> <span class='ocrx_word' id='word_1_737' title='bbox 381 4762 452 4817; x_wconf 81' lang='lat' dir='ltr'><strong>Et</strong></span> <span class='ocrx_word' id='word_1_738' title='bbox 473 4763 595 4818; x_wconf 87' lang='lat' dir='ltr'><strong>ideo</strong></span> <span class='ocrx_word' id='word_1_739' title='bbox 627 4772 797 4817; x_wconf 88' lang='lat' dir='ltr'><strong>tacere</strong></span> <span class='ocrx_word' id='word_1_740' title='bbox 816 4779 920 4818; x_wconf 90' lang='lat' dir='ltr'><strong>non</strong></span> <span class='ocrx_word' id='word_1_741' title='bbox 944 4770 1176 4834; x_wconf 87' lang='lat' dir='ltr'><strong>possunt,</strong></span> <span class='ocrx_word' id='word_1_742' title='bbox 1216 4762 1307 4817; x_wconf 88' lang='lat' dir='ltr'><strong>sed</strong></span> <span class='ocrx_word' id='word_1_743' title='bbox 1334 4763 1561 4816; x_wconf 88' lang='lat' dir='ltr'><strong>clamare</strong></span> <span class='ocrx_word' id='word_1_744' title='bbox 1581 4769 1854 4833; x_wconf 90' lang='lat' dir='ltr'><strong>coguntur,</strong></span> <span class='ocrx_word' id='word_1_745' title='bbox 1879 4771 1945 4814; x_wconf 88' lang='lat' dir='ltr'><strong>ne</strong></span> <span class='ocrx_word' id='word_1_746' title='bbox 1970 4777 2061 4831; x_wconf 87' lang='lat' dir='ltr'><strong>per</strong></span> <span class='ocrx_word' id='word_1_747' title='bbox 2083 4759 2344 4814; x_wconf 85' lang='lat' dir='ltr'><strong>silentium</strong></span> <span class='ocrx_word' id='word_1_748' title='bbox 2373 4774 2579 4829; x_wconf 87' lang='lat' dir='ltr'><strong>gregem</strong></span> <span class='ocrx_word' id='word_1_749' title='bbox 2605 4755 2801 4811; x_wconf 80' lang='lat' dir='ltr'><strong>Christi</strong></span> <span class='ocrx_word' id='word_1_750' title='bbox 2835 4756 3072 4813; x_wconf 65' lang='lat' dir='ltr'><strong>diabolus</strong></span> <span class='ocrx_word' id='word_1_751' title='bbox 3101 4760 3193 4815; x_wconf 80' lang='lat' dir='ltr'><strong>hos</strong></span> <span class='ocrx_word' id='word_1_752' title='bbox 3218 4763 3266 4816; x_wconf 87' lang='lat' dir='ltr'><strong>is</strong></span> <span class='ocrx_word' id='word_1_753' title='bbox 3280 4765 3432 4819; x_wconf 75' lang='lat' dir='ltr'><strong>inra—</strong></span> 
     </span>
    </p>
   </div>
   <div class='ocr_carea' id='block_1_50' title="bbox 150 4848 3436 4923">
    <p class='ocr_par' dir='ltr' id='par_1_50' title="bbox 150 4848 3436 4923">
     <span class='ocr_line' id='line_1_50' title="bbox 150 4848 3436 4923; baseline 0.004 -24"><span class='ocrx_word' id='word_1_754' title='bbox 150 4849 246 4903; x_wconf 85' lang='lat' dir='ltr'><strong>dat.</strong></span> <span class='ocrx_word' id='word_1_755' title='bbox 285 4850 565 4909; x_wconf 84' lang='lat' dir='ltr'><strong>Consulito</strong></span> <span class='ocrx_word' id='word_1_756' title='bbox 595 4860 854 4922; x_wconf 68' lang='lat' dir='ltr'><strong>prieterea</strong></span> <span class='ocrx_word' id='word_1_757' title='bbox 883 4867 1187 4907; x_wconf 87' lang='lat' dir='ltr'><strong>sermonem</strong></span> <span class='ocrx_word' id='word_1_758' title='bbox 1217 4850 1340 4918; x_wconf 72' lang='grc'><strong>104,</strong></span> <span class='ocrx_word' id='word_1_759' title='bbox 1370 4865 1493 4922; x_wconf 81' lang='lat' dir='ltr'><strong>pag.</strong></span> <span class='ocrx_word' id='word_1_760' title='bbox 1544 4849 1643 4904; x_wconf 86' lang='grc'><strong>661</strong></span> <span class='ocrx_word' id='word_1_761' title='bbox 1677 4866 1830 4921; x_wconf 86' lang='lat' dir='ltr'><strong>seqq.</strong></span> <span class='ocrx_word' id='word_1_762' title='bbox 1860 4851 1936 4906; x_wconf 89' lang='lat' dir='ltr'><strong>De</strong></span> <span class='ocrx_word' id='word_1_763' title='bbox 1966 4849 2090 4918; x_wconf 90' lang='lat' dir='ltr'><strong>jure</strong></span> <span class='ocrx_word' id='word_1_764' title='bbox 2129 4864 2238 4918; x_wconf 89' lang='lat' dir='ltr'><strong>quo</strong></span> <span class='ocrx_word' id='word_1_765' title='bbox 2277 4849 2599 4908; x_wconf 80' lang='lat' dir='ltr'><strong>criminosas</strong></span> <span class='ocrx_word' id='word_1_766' title='bbox 2635 4848 2923 4918; x_wconf 83' lang='lat' dir='ltr'><strong>episcopus</strong></span> <span class='ocrx_word' id='word_1_767' title='bbox 2951 4851 3120 4919; x_wconf 80' lang='lat' dir='ltr'><strong>possit</strong></span> <span class='ocrx_word' id='word_1_768' title='bbox 3147 4855 3436 4923; x_wconf 83' lang='lat' dir='ltr'><strong>prohibere</strong></span> 
     </span>
    </p>
   </div>
   <div class='ocr_carea' id='block_1_51' title="bbox 149 4941 3436 5026">
    <p class='ocr_par' dir='ltr' id='par_1_51' title="bbox 149 4941 3436 5026">
     <span class='ocr_line' id='line_1_51' title="bbox 149 4941 3436 5026; baseline 0.003 -33"><span class='ocrx_word' id='word_1_769' title='bbox 149 4941 452 5013; x_wconf 80' lang='lat' dir='ltr'><strong>prirareque</strong></span> <span class='ocrx_word' id='word_1_770' title='bbox 479 4944 864 5000; x_wconf 84' lang='lat' dir='ltr'><strong>communione</strong></span> <span class='ocrx_word' id='word_1_771' title='bbox 890 4958 1185 5008; x_wconf 84' lang='lat' dir='ltr'><strong>sacrorum,</strong></span> <span class='ocrx_word' id='word_1_772' title='bbox 1215 4944 1422 5014; x_wconf 85' lang='lat' dir='ltr'><strong>paucis,</strong></span> <span class='ocrx_word' id='word_1_773' title='bbox 1453 4944 1549 4999; x_wconf 89' lang='lat' dir='ltr'><strong>sed</strong></span> <span class='ocrx_word' id='word_1_774' title='bbox 1595 4944 1726 4998; x_wconf 87' lang='lat' dir='ltr'><strong>satis</strong></span> <span class='ocrx_word' id='word_1_775' title='bbox 1766 4943 2034 5013; x_wconf 78' lang='lat' dir='ltr'><strong>explicate</strong></span> <span class='ocrx_word' id='word_1_776' title='bbox 2073 4943 2183 5011; x_wconf 85' lang='lat' dir='ltr'><strong>agit</strong></span> <span class='ocrx_word' id='word_1_777' title='bbox 2222 4941 2484 4996; x_wconf 77' lang='lat' dir='ltr'><strong>Maximus</strong></span> <span class='ocrx_word' id='word_1_778' title='bbox 2520 4942 2739 4996; x_wconf 82' lang='lat' dir='ltr'><strong>bomilia</strong></span> <span class='ocrx_word' id='word_1_779' title='bbox 2767 4942 2857 5006; x_wconf 64' lang='lat' dir='ltr'><strong>i7,</strong></span> <span class='ocrx_word' id='word_1_780' title='bbox 2905 4957 3030 5026; x_wconf 82' lang='lat' dir='ltr'><strong>pag.</strong></span> <span class='ocrx_word' id='word_1_781' title='bbox 3063 4943 3196 5013; x_wconf 71' lang='lat'><strong>“6;</strong></span> <span class='ocrx_word' id='word_1_782' title='bbox 3249 4948 3436 5005; x_wconf 80' lang='lat' dir='ltr'><strong>scribit</strong></span> 
     </span>
    </p>
   </div>
   <div class='ocr_carea' id='block_1_52' title="bbox 153 5032 3434 5108">
    <p class='ocr_par' dir='ltr' id='par_1_52' title="bbox 153 5032 3434 5108">
     <span class='ocr_line' id='line_1_52' title="bbox 153 5032 3434 5108; baseline 0.003 -22"><span class='ocrx_word' id='word_1_783' title='bbox 153 5035 280 5089; x_wconf 84' lang='lat' dir='ltr'><strong>enim</strong></span> <span class='ocrx_word' id='word_1_784' title='bbox 302 5055 315 5089; x_wconf 88' lang='lat'><strong>:</strong></span> <span class='ocrx_word' id='word_1_785' title='bbox 341 5036 664 5092; x_wconf 83' lang='lat' dir='ltr'><strong>Criminosos</strong></span> <span class='ocrx_word' id='word_1_786' title='bbox 689 5037 917 5108; x_wconf 80' lang='lat' dir='ltr'><strong>episcopi</strong></span> <span class='ocrx_word' id='word_1_787' title='bbox 935 5033 1193 5090; x_wconf 83' lang='lat' dir='ltr'><strong>sententia</strong></span> <span class='ocrx_word' id='word_1_788' title='bbox 1222 5036 1409 5108; x_wconf 90' lang='lat' dir='ltr'><strong>projici</strong></span> <span class='ocrx_word' id='word_1_789' title='bbox 1430 5036 1492 5089; x_wconf 88' lang='lat' dir='ltr'><strong>de</strong></span> <span class='ocrx_word' id='word_1_790' title='bbox 1519 5036 1782 5090; x_wconf 90' lang='lat' dir='ltr'><strong>consortia</strong></span> <span class='ocrx_word' id='word_1_791' title='bbox 1807 5034 2128 5089; x_wconf 87' lang='lat' dir='ltr'><strong>Christiano.</strong></span> <span class='ocrx_word' id='word_1_792' title='bbox 2162 5032 2244 5087; x_wconf 84' lang='lat' dir='ltr'><strong>Ad</strong></span> <span class='ocrx_word' id='word_1_793' title='bbox 2270 5047 2548 5088; x_wconf 85' lang='lat' dir='ltr'><strong>sacrorum</strong></span> <span class='ocrx_word' id='word_1_794' title='bbox 2577 5034 2721 5087; x_wconf 88' lang='lat' dir='ltr'><strong>enim</strong></span> <span class='ocrx_word' id='word_1_795' title='bbox 2750 5035 3040 5102; x_wconf 76' lang='lat' dir='ltr'><strong>antistites,</strong></span> <span class='ocrx_word' id='word_1_796' title='bbox 3071 5037 3266 5107; x_wconf 87' lang='lat' dir='ltr'><strong>quibus</strong></span> <span class='ocrx_word' id='word_1_797' title='bbox 3295 5055 3434 5097; x_wconf 83' lang='lat' dir='ltr'><strong>onus</strong></span> 
     </span>
    </p>
   </div>
   <div class='ocr_carea' id='block_1_53' title="bbox 155 5112 3436 5198">
    <p class='ocr_par' dir='ltr' id='par_1_53' title="bbox 155 5112 3436 5198">
     <span class='ocr_line' id='line_1_53' title="bbox 155 5112 3436 5198; baseline 0.002 -21"><span class='ocrx_word' id='word_1_798' title='bbox 155 5132 229 5178; x_wconf 86' lang='lat' dir='ltr'><strong>est</strong></span> <span class='ocrx_word' id='word_1_799' title='bbox 254 5127 557 5197; x_wconf 86' lang='lat' dir='ltr'><strong>impositum</strong></span> <span class='ocrx_word' id='word_1_800' title='bbox 587 5126 852 5183; x_wconf 87' lang='lat' dir='ltr'><strong>tractandi</strong></span> <span class='ocrx_word' id='word_1_801' title='bbox 880 5122 1173 5194; x_wconf 86' lang='lat' dir='ltr'><strong>Evangelii,</strong></span> <span class='ocrx_word' id='word_1_802' title='bbox 1204 5125 1458 5195; x_wconf 86' lang='lat' dir='ltr'><strong>pertinet,</strong></span> <span class='ocrx_word' id='word_1_803' title='bbox 1488 5124 1667 5179; x_wconf 88' lang='lat' dir='ltr'><strong>sordes</strong></span> <span class='ocrx_word' id='word_1_804' title='bbox 1694 5133 1964 5194; x_wconf 84' lang='lat' dir='ltr'><strong>amputare</strong></span> <span class='ocrx_word' id='word_1_805' title='bbox 1991 5121 2332 5193; x_wconf 83' lang='lat' dir='ltr'><strong>populorum;</strong></span> <span class='ocrx_word' id='word_1_806' title='bbox 2361 5112 2792 5192; x_wconf 74' lang='lat' dir='ltr'><strong>quemadmodum</strong></span> <span class='ocrx_word' id='word_1_807' title='bbox 2829 5124 2903 5178; x_wconf 85' lang='lat' dir='ltr'><strong>ad</strong></span> <span class='ocrx_word' id='word_1_808' title='bbox 2925 5127 3124 5198; x_wconf 83' lang='lat' dir='ltr'><strong>ferrum</strong></span> <span class='ocrx_word' id='word_1_809' title='bbox 3149 5135 3436 5196; x_wconf 80' lang='lat' dir='ltr'><strong>gestantem</strong></span> 
     </span>
    </p>
   </div>
   <div class='ocr_carea' id='block_1_54' title="bbox 156 5214 2204 5291">
    <p class='ocr_par' dir='ltr' id='par_1_54' title="bbox 156 5214 2204 5291">
     <span class='ocr_line' id='line_1_54' title="bbox 156 5214 2204 5291; baseline -0.001 -21"><span class='ocrx_word' id='word_1_810' title='bbox 156 5221 420 5290; x_wconf 74' lang='lat' dir='ltr'><strong>agricolam</strong></span> <span class='ocrx_word' id='word_1_811' title='bbox 439 5229 642 5291; x_wconf 82' lang='lat' dir='ltr'><strong>spectat</strong></span> <span class='ocrx_word' id='word_1_812' title='bbox 667 5228 931 5275; x_wconf 88' lang='lat' dir='ltr'><strong>sarmenta</strong></span> <span class='ocrx_word' id='word_1_813' title='bbox 955 5219 1204 5290; x_wconf 87' lang='lat' dir='ltr'><strong>deputare</strong></span> <span class='ocrx_word' id='word_1_814' title='bbox 1235 5220 1528 5282; x_wconf 74' lang='lat' dir='ltr'><strong>vinearum;</strong></span> <span class='ocrx_word' id='word_1_815' title='bbox 1558 5216 1779 5272; x_wconf 82' lang='lat' dir='ltr'><strong>bomilia</strong></span> <span class='ocrx_word' id='word_1_816' title='bbox 1809 5216 1896 5279; x_wconf 79' lang='grc'><strong>57,</strong></span> <span class='ocrx_word' id='word_1_817' title='bbox 1928 5228 2049 5286; x_wconf 91' lang='lat' dir='ltr'><strong>pag.</strong></span> <span class='ocrx_word' id='word_1_818' title='bbox 2084 5214 2204 5269; x_wconf 89' lang='grc'><strong>111.</strong></span> 
     </span>
    </p>
   </div>
   <div class='ocr_carea' id='block_1_55' title="bbox 219 5296 3434 5388">
    <p class='ocr_par' dir='ltr' id='par_1_55' title="bbox 219 5296 3434 5388">
     <span class='ocr_line' id='line_1_55' title="bbox 219 5296 3434 5388; baseline 0.003 -26"><span class='ocrx_word' id='word_1_819' title='bbox 219 5306 304 5377; x_wconf 76' lang='lat' dir='ltr'><strong>[cr]</strong></span> <span class='ocrx_word' id='word_1_820' title='bbox 333 5296 566 5364; x_wconf 77' lang='lat' dir='ltr'><strong>XXVIII.</strong></span> <span class='ocrx_word' id='word_1_821' title='bbox 592 5308 671 5364; x_wconf 90' lang='lat' dir='ltr'><strong>De</strong></span> <span class='ocrx_word' id='word_1_822' title='bbox 702 5309 903 5378; x_wconf 87' lang='lat' dir='ltr'><strong>nuptiis</strong></span> <span class='ocrx_word' id='word_1_823' title='bbox 928 5308 1007 5362; x_wconf 90' lang='lat' dir='ltr'><strong>sic</strong></span> <span class='ocrx_word' id='word_1_824' title='bbox 1036 5304 1198 5362; x_wconf 86' lang='lat' dir='ltr'><strong>habet</strong></span> <span class='ocrx_word' id='word_1_825' title='bbox 1226 5307 1446 5362; x_wconf 89' lang='lat' dir='ltr'><strong>bomilia</strong></span> <span class='ocrx_word' id='word_1_826' title='bbox 1473 5307 1565 5374; x_wconf 68' lang='grc'><strong>95,</strong></span> <span class='ocrx_word' id='word_1_827' title='bbox 1607 5320 1731 5377; x_wconf 86' lang='lat' dir='ltr'><strong>pag.</strong></span> <span class='ocrx_word' id='word_1_828' title='bbox 1758 5304 1826 5358; x_wconf 81' lang='lat'><strong>67</strong></span> <span class='ocrx_word' id='word_1_829' title='bbox 1860 5324 1872 5358; x_wconf 91' lang='lat'>:</span> <span class='ocrx_word' id='word_1_830' title='bbox 1914 5303 2073 5359; x_wconf 85' lang='lat' dir='ltr'><strong>Vadit</strong></span> <span class='ocrx_word' id='word_1_831' title='bbox 2101 5304 2171 5359; x_wconf 91' lang='lat' dir='ltr'><strong>ad</strong></span> <span class='ocrx_word' id='word_1_832' title='bbox 2196 5307 2407 5376; x_wconf 87' lang='lat' dir='ltr'><strong>nuptias</strong></span> <span class='ocrx_word' id='word_1_833' title='bbox 2431 5305 2532 5362; x_wconf 86' lang='lat' dir='ltr'><strong>Dei</strong></span> <span class='ocrx_word' id='word_1_834' title='bbox 2560 5305 2734 5364; x_wconf 82' lang='lat' dir='ltr'><strong>Filius</strong></span> <span class='ocrx_word' id='word_1_835' title='bbox 2752 5348 2768 5375; x_wconf 93' lang='lat'><strong>,</strong></span> <span class='ocrx_word' id='word_1_836' title='bbox 2797 5315 2856 5364; x_wconf 82' lang='lat' dir='ltr'><strong>ut</strong></span> <span class='ocrx_word' id='word_1_837' title='bbox 2890 5327 3018 5382; x_wconf 83' lang='lat' dir='ltr'><strong>quas</strong></span> <span class='ocrx_word' id='word_1_838' title='bbox 3060 5313 3266 5369; x_wconf 75' lang='lat' dir='ltr'><strong>dudum</strong></span> <span class='ocrx_word' id='word_1_839' title='bbox 3287 5327 3434 5388; x_wconf 84' lang='lat' dir='ltr'><strong>pate-</strong></span> 
     </span>
    </p>
   </div>
   <div class='ocr_carea' id='block_1_56' title="bbox 158 5396 3435 5472">
    <p class='ocr_par' dir='ltr' id='par_1_56' title="bbox 158 5396 3435 5472">
     <span class='ocr_line' id='line_1_56' title="bbox 158 5396 3435 5472; baseline 0.004 -26"><span class='ocrx_word' id='word_1_840' title='bbox 158 5403 276 5447; x_wconf 81' lang='lat' dir='ltr'><strong>state</strong></span> <span class='ocrx_word' id='word_1_841' title='bbox 299 5400 582 5464; x_wconf 81' lang='lat' dir='ltr'><strong>constituit,</strong></span> <span class='ocrx_word' id='word_1_842' title='bbox 614 5408 734 5452; x_wconf 88' lang='lat' dir='ltr'><strong>tunc</strong></span> <span class='ocrx_word' id='word_1_843' title='bbox 761 5400 1056 5469; x_wconf 71' lang='lat' dir='ltr'><strong>prtesentiw</strong></span> <span class='ocrx_word' id='word_1_844' title='bbox 1087 5413 1198 5452; x_wconf 67' lang='lat' dir='ltr'><strong>sua</strong></span> <span class='ocrx_word' id='word_1_845' title='bbox 1228 5397 1581 5452; x_wconf 88' lang='lat' dir='ltr'><strong>benedictione</strong></span> <span class='ocrx_word' id='word_1_846' title='bbox 1613 5398 1920 5466; x_wconf 82' lang='lat' dir='ltr'><strong>sanctificet.</strong></span> <span class='ocrx_word' id='word_1_847' title='bbox 1953 5396 2022 5451; x_wconf 84' lang='lat' dir='ltr'><strong>Et</strong></span> <span class='ocrx_word' id='word_1_848' title='bbox 2051 5396 2239 5452; x_wconf 87' lang='lat' dir='ltr'><strong>homil.</strong></span> <span class='ocrx_word' id='word_1_849' title='bbox 2275 5397 2365 5463; x_wconf 84' lang='grc'><strong>17,</strong></span> <span class='ocrx_word' id='word_1_850' title='bbox 2397 5414 2521 5469; x_wconf 89' lang='lat' dir='ltr'><strong>pag.</strong></span> <span class='ocrx_word' id='word_1_851' title='bbox 2549 5398 2616 5454; x_wconf 87' lang='lat'><strong>50</strong></span> <span class='ocrx_word' id='word_1_852' title='bbox 2648 5398 2810 5456; x_wconf 49' lang='lat' dir='ltr'><strong>:‘Nec</strong></span> <span class='ocrx_word' id='word_1_853' title='bbox 2837 5403 3028 5468; x_wconf 89' lang='lat' dir='ltr'><strong>minus,</strong></span> <span class='ocrx_word' id='word_1_854' title='bbox 3061 5404 3252 5472; x_wconf 89' lang='lat' dir='ltr'><strong>inquit,</strong></span> <span class='ocrx_word' id='word_1_855' title='bbox 3279 5411 3435 5461; x_wconf 83' lang='lat' dir='ltr'><strong>etiam</strong></span> 
     </span>
    </p>
   </div>
   <div class='ocr_carea' id='block_1_57' title="bbox 163 5484 3437 5568">
    <p class='ocr_par' dir='ltr' id='par_1_57' title="bbox 163 5484 3437 5568">
     <span class='ocr_line' id='line_1_57' title="bbox 163 5484 3437 5568; baseline 0.005 -30"><span class='ocrx_word' id='word_1_856' title='bbox 163 5486 290 5540; x_wconf 75' lang='lat' dir='ltr'><strong>trabis</strong></span> <span class='ocrx_word' id='word_1_857' title='bbox 315 5490 678 5544; x_wconf 67' lang='lat' dir='ltr'><strong>exsultantium</strong></span> <span class='ocrx_word' id='word_1_858' title='bbox 705 5484 802 5556; x_wconf 83' lang='lat' dir='ltr'><strong>est,</strong></span> <span class='ocrx_word' id='word_1_859' title='bbox 833 5506 896 5546; x_wconf 89' lang='lat' dir='ltr'><strong>eo</strong></span> <span class='ocrx_word' id='word_1_860' title='bbox 925 5489 1064 5563; x_wconf 88' lang='lat' dir='ltr'><strong>quod</strong></span> <span class='ocrx_word' id='word_1_861' title='bbox 1089 5492 1147 5545; x_wconf 90' lang='lat' dir='ltr'><strong>in</strong></span> <span class='ocrx_word' id='word_1_862' title='bbox 1173 5491 1271 5545; x_wconf 89' lang='lat' dir='ltr'><strong>hac</strong></span> <span class='ocrx_word' id='word_1_863' title='bbox 1299 5491 1657 5546; x_wconf 86' lang='lat' dir='ltr'><strong>sacratissima</strong></span> <span class='ocrx_word' id='word_1_864' title='bbox 1686 5492 1788 5545; x_wconf 88' lang='lat' dir='ltr'><strong>aiei</strong></span> <span class='ocrx_word' id='word_1_865' title='bbox 1824 5491 1977 5565; x_wconf 80' lang='lat' dir='ltr'><strong>hujus</strong></span> <span class='ocrx_word' id='word_1_866' title='bbox 2009 5490 2370 5565; x_wconf 76' lang='lat' dir='ltr'><strong>(Epiphanim)</strong></span> <span class='ocrx_word' id='word_1_867' title='bbox 2397 5494 2713 5561; x_wconf 88' lang='lat' dir='ltr'><strong>celebritate,</strong></span> <span class='ocrx_word' id='word_1_868' title='bbox 2747 5497 2880 5551; x_wconf 88' lang='lat' dir='ltr'><strong>sicut</strong></span> <span class='ocrx_word' id='word_1_869' title='bbox 2907 5508 3130 5568; x_wconf 85' lang='lat' dir='ltr'><strong>paterna</strong></span> <span class='ocrx_word' id='word_1_870' title='bbox 3159 5498 3437 5555; x_wconf 83' lang='lat' dir='ltr'><strong>traditione</strong></span> 
     </span>
    </p>
   </div>
   <div class='ocr_carea' id='block_1_58' title="bbox 162 5570 3442 5657">
    <p class='ocr_par' dir='ltr' id='par_1_58' title="bbox 162 5570 3442 5657">
     <span class='ocr_line' id='line_1_58' title="bbox 162 5570 3442 5657; baseline 0.005 -32"><span class='ocrx_word' id='word_1_871' title='bbox 162 5573 461 5644; x_wconf 83' lang='lat' dir='ltr'><strong>instruimur,</strong></span> <span class='ocrx_word' id='word_1_872' title='bbox 490 5581 602 5650; x_wconf 84' lang='lat' dir='ltr'><strong>ipse</strong></span> <span class='ocrx_word' id='word_1_873' title='bbox 631 5577 870 5634; x_wconf 85' lang='lat' dir='ltr'><strong>Christus</strong></span> <span class='ocrx_word' id='word_1_874' title='bbox 899 5577 1155 5654; x_wconf 75' lang='lat' dir='ltr'><strong>Dominus</strong></span> <span class='ocrx_word' id='word_1_875' title='bbox 1183 5588 1360 5650; x_wconf 85' lang='lat' dir='ltr'><strong>noster</strong></span> <span class='ocrx_word' id='word_1_876' title='bbox 1399 5579 1470 5633; x_wconf 90' lang='lat' dir='ltr'><strong>ad</strong></span> <span class='ocrx_word' id='word_1_877' title='bbox 1496 5587 1730 5634; x_wconf 87' lang='lat' dir='ltr'><strong>terrenas</strong></span> <span class='ocrx_word' id='word_1_878' title='bbox 1752 5580 2000 5635; x_wconf 83' lang='lat' dir='ltr'><strong>inuitatus</strong></span> <span class='ocrx_word' id='word_1_879' title='bbox 2022 5581 2236 5653; x_wconf 88' lang='lat' dir='ltr'><strong>nuptias</strong></span> <span class='ocrx_word' id='word_1_880' title='bbox 2263 5583 2574 5657; x_wconf 81' lang='lat' dir='ltr'><strong>aduenerat,</strong></span> <span class='ocrx_word' id='word_1_881' title='bbox 2605 5603 2708 5640; x_wconf 89' lang='lat' dir='ltr'><strong>non</strong></span> <span class='ocrx_word' id='word_1_882' title='bbox 2734 5597 2793 5642; x_wconf 88' lang='lat' dir='ltr'><strong>ut</strong></span> <span class='ocrx_word' id='word_1_883' title='bbox 2830 5570 2924 5643; x_wconf 87' lang='lat' dir='ltr'><strong>illa</strong></span> <span class='ocrx_word' id='word_1_884' title='bbox 2953 5587 3442 5657; x_wconf 70' lang='lat' dir='ltr'><strong>delectareturcon-</strong></span> 
     </span>
    </p>
   </div>
   <div class='ocr_carea' id='block_1_59' title="bbox 163 5665 3443 5748">
    <p class='ocr_par' dir='ltr' id='par_1_59' title="bbox 163 5665 3443 5748">
     <span class='ocr_line' id='line_1_59' title="bbox 163 5665 3443 5748; baseline 0.005 -29"><span class='ocrx_word' id='word_1_885' title='bbox 163 5665 297 5730; x_wconf 72' lang='lat' dir='ltr'><strong>atrio,</strong></span> <span class='ocrx_word' id='word_1_886' title='bbox 336 5671 424 5724; x_wconf 78' lang='lat' dir='ltr'><strong>sed</strong></span> <span class='ocrx_word' id='word_1_887' title='bbox 461 5681 516 5726; x_wconf 89' lang='lat' dir='ltr'><strong>ut</strong></span> <span class='ocrx_word' id='word_1_888' title='bbox 544 5673 848 5744; x_wconf 83' lang='lat' dir='ltr'><strong>nuptiarum</strong></span> <span class='ocrx_word' id='word_1_889' title='bbox 882 5688 939 5729; x_wconf 81' lang='lat' dir='ltr'><strong>se</strong></span> <span class='ocrx_word' id='word_1_890' title='bbox 964 5687 1078 5729; x_wconf 82' lang='lat' dir='ltr'><strong>esse</strong></span> <span class='ocrx_word' id='word_1_891' title='bbox 1105 5671 1486 5731; x_wconf 75' lang='lat' dir='ltr'><strong>demonstraret</strong></span> <span class='ocrx_word' id='word_1_892' title='bbox 1508 5665 1789 5739; x_wconf 68' lang='lat' dir='ltr'><strong>(uictorem,</strong></span> <span class='ocrx_word' id='word_1_893' title='bbox 1826 5671 2138 5746; x_wconf 82' lang='lat' dir='ltr'><strong>easdemque</strong></span> <span class='ocrx_word' id='word_1_894' title='bbox 2159 5689 2534 5732; x_wconf 66' lang='lat' dir='ltr'><strong>ssncrtrtcns</strong></span> <span class='ocrx_word' id='word_1_895' title='bbox 2563 5677 2741 5732; x_wconf 86' lang='lat' dir='ltr'><strong>divina</strong></span> <span class='ocrx_word' id='word_1_896' title='bbox 2771 5679 2934 5748; x_wconf 87' lang='lat' dir='ltr'><strong>ipsius</strong></span> <span class='ocrx_word' id='word_1_897' title='bbox 2970 5680 3310 5735; x_wconf 82' lang='lat' dir='ltr'><strong>innotescerct</strong></span> <span class='ocrx_word' id='word_1_898' title='bbox 3337 5683 3443 5736; x_wconf 74' lang='lat' dir='ltr'><strong>nir-</strong></span> 
     </span>
    </p>
   </div>
   <div class='ocr_carea' id='block_1_60' title="bbox 168 5757 384 5816">
    <p class='ocr_par' dir='ltr' id='par_1_60' title="bbox 168 5757 384 5816">
     <span class='ocr_line' id='line_1_60' title="bbox 168 5757 384 5816; baseline 0.005 -3"><span class='ocrx_word' id='word_1_899' title='bbox 168 5757 260 5816; x_wconf 68' lang='grc' dir='ltr'><strong>ιιιε.</strong></span> <span class='ocrx_word' id='word_1_900' title='bbox 286 5769 384 5816; x_wconf 87' lang='lat' dir='ltr'><strong>etc.</strong></span> 
     </span>
    </p>
   </div>
  </div>
