  <div class='ocr_page' id='page_1' title='image "/cluster/home/n/w/nwhite01/storage/ocr_20150623/57/uva.x000827099/057.png"; bbox 0 0 3898 6226; ppageno 0'>
   <div class='ocr_carea' id='block_1_1' title="bbox 464 394 2003 463">
    <p class='ocr_par' dir='ltr' id='par_1_1' title="bbox 464 400 2003 463">
     <span class='ocr_line' id='line_1_1' title="bbox 464 400 2003 463; baseline -0.005 0"><span class='ocrx_word' id='word_1_1' title='bbox 464 404 539 463; x_wconf 75' lang='lat'><strong>99</strong></span> <span class='ocrx_word' id='word_1_2' title='bbox 1931 400 2003 457; x_wconf 74' lang='lat' dir='ltr'><strong>Pii</strong></span> 
     </span>
    </p>
   </div>
   <div class='ocr_carea' id='block_1_2' title="bbox 2217 394 3756 463">
    <p class='ocr_par' dir='ltr' id='par_1_2' title="bbox 2217 394 3756 457">
     <span class='ocr_line' id='line_1_2' title="bbox 2217 394 3756 457; baseline -0.005 -2"><span class='ocrx_word' id='word_1_3' title='bbox 2217 399 2314 457; x_wconf 84' lang='grc' dir='ltr'><strong>ἸΟ.</strong></span> <span class='ocrx_word' id='word_1_4' title='bbox 3648 394 3756 448; x_wconf 76' lang='grc'>1011</span> 
     </span>
    </p>
   </div>
   <div class='ocr_carea' id='block_1_3' title="bbox 537 502 3756 581">
    <p class='ocr_par' dir='ltr' id='par_1_3' title="bbox 537 502 3756 581">
     <span class='ocr_line' id='line_1_3' title="bbox 537 502 3756 581; baseline -0.002 -12"><span class='ocrx_word' id='word_1_5' title='bbox 537 512 727 570; x_wconf 72' lang='lat' dir='ltr'><strong>XXIX.</strong></span> <span class='ocrx_word' id='word_1_6' title='bbox 756 514 1050 573; x_wconf 81' lang='lat' dir='ltr'><strong>Ecclesiam</strong></span> <span class='ocrx_word' id='word_1_7' title='bbox 1084 530 1114 571; x_wconf 89' lang='lat' dir='ltr'><strong>e</strong></span> <span class='ocrx_word' id='word_1_8' title='bbox 1142 515 1342 571; x_wconf 82' lang='lat' dir='ltr'><strong>Christi</strong></span> <span class='ocrx_word' id='word_1_9' title='bbox 1367 514 1675 571; x_wconf 73' lang='lat' dir='ltr'><strong>Senatoris</strong></span> <span class='ocrx_word' id='word_1_10' title='bbox 1703 512 1874 568; x_wconf 93' lang='lat' dir='ltr'><strong>latere</strong></span> <span class='ocrx_word' id='word_1_11' title='bbox 1912 512 2243 581; x_wconf 84' lang='lat' dir='ltr'><strong>salutariqne</strong></span> <span class='ocrx_word' id='word_1_12' title='bbox 2272 511 2493 565; x_wconf 86' lang='lat' dir='ltr'><strong>vulnere</strong></span> <span class='ocrx_word' id='word_1_13' title='bbox 2522 524 2787 575; x_wconf 76' lang='lat' dir='ltr'><strong>manasse,</strong></span> <span class='ocrx_word' id='word_1_14' title='bbox 2821 507 3040 563; x_wconf 77' lang='lat' dir='ltr'><strong>Patrum</strong></span> <span class='ocrx_word' id='word_1_15' title='bbox 3073 507 3149 577; x_wconf 93' lang='lat' dir='ltr'><strong>(a)</strong></span> <span class='ocrx_word' id='word_1_16' title='bbox 3179 513 3504 561; x_wconf 65' lang='lat' dir='ltr'><strong>ceterorum</strong></span> <span class='ocrx_word' id='word_1_17' title='bbox 3545 502 3756 561; x_wconf 89' lang='lat' dir='ltr'><strong>dicendi</strong></span> 
     </span>
    </p>
   </div>
   <div class='ocr_carea' id='block_1_4' title="bbox 465 595 3755 674">
    <p class='ocr_par' dir='ltr' id='par_1_4' title="bbox 465 595 3755 674">
     <span class='ocr_line' id='line_1_4' title="bbox 465 595 3755 674; baseline -0.004 -12"><span class='ocrx_word' id='word_1_18' title='bbox 465 607 731 662; x_wconf 84' lang='lat' dir='ltr'><strong>rationem</strong></span> <span class='ocrx_word' id='word_1_19' title='bbox 762 600 1017 674; x_wconf 58' lang='lat' dir='ltr'><strong>imitatui,</strong></span> <span class='ocrx_word' id='word_1_20' title='bbox 1047 608 1234 664; x_wconf 82' lang='lat' dir='ltr'><strong>scribit</strong></span> <span class='ocrx_word' id='word_1_21' title='bbox 1259 606 1525 661; x_wconf 75' lang='lat' dir='ltr'><strong>Maximus</strong></span> <span class='ocrx_word' id='word_1_22' title='bbox 1550 606 1737 659; x_wconf 88' lang='lat' dir='ltr'><strong>homil.</strong></span> <span class='ocrx_word' id='word_1_23' title='bbox 1773 602 1860 670; x_wconf 87' lang='lat'><strong>55,</strong></span> <span class='ocrx_word' id='word_1_24' title='bbox 1890 618 2013 674; x_wconf 92' lang='lat' dir='ltr'><strong>pag.</strong></span> <span class='ocrx_word' id='word_1_25' title='bbox 2046 603 2169 669; x_wconf 88' lang='lat'><strong>172,</strong></span> <span class='ocrx_word' id='word_1_26' title='bbox 2202 611 2259 657; x_wconf 91' lang='lat' dir='ltr'><strong>et</strong></span> <span class='ocrx_word' id='word_1_27' title='bbox 2285 618 2447 657; x_wconf 88' lang='lat' dir='ltr'><strong>serm.</strong></span> <span class='ocrx_word' id='word_1_28' title='bbox 2480 602 2567 665; x_wconf 76' lang='grc'><strong>54,</strong></span> <span class='ocrx_word' id='word_1_29' title='bbox 2599 615 2719 671; x_wconf 89' lang='lat' dir='ltr'><strong>pag.</strong></span> <span class='ocrx_word' id='word_1_30' title='bbox 2754 600 2877 665; x_wconf 83' lang='grc'>486,</span> <span class='ocrx_word' id='word_1_31' title='bbox 2909 600 3000 654; x_wconf 89' lang='lat' dir='ltr'><strong>ubi</strong></span> <span class='ocrx_word' id='word_1_32' title='bbox 3034 618 3045 652; x_wconf 89' lang='lat'>:</span> <span class='ocrx_word' id='word_1_33' title='bbox 3080 598 3143 651; x_wconf 84' lang='lat' dir='ltr'><strong>In</strong></span> <span class='ocrx_word' id='word_1_34' title='bbox 3177 599 3311 666; x_wconf 82' lang='lat' dir='ltr'><strong>ipso,</strong></span> <span class='ocrx_word' id='word_1_35' title='bbox 3344 596 3539 664; x_wconf 88' lang='lat' dir='ltr'><strong>inquit,</strong></span> <span class='ocrx_word' id='word_1_36' title='bbox 3576 595 3755 648; x_wconf 83' lang='lat' dir='ltr'><strong>mundi</strong></span> 
     </span>
    </p>
   </div>
   <div class='ocr_carea' id='block_1_5' title="bbox 470 693 3752 767">
    <p class='ocr_par' dir='ltr' id='par_1_5' title="bbox 470 693 3752 767">
     <span class='ocr_line' id='line_1_5' title="bbox 470 693 3752 767; baseline -0.002 -16"><span class='ocrx_word' id='word_1_37' title='bbox 470 699 728 753; x_wconf 81' lang='lat' dir='ltr'><strong>nascentis</strong></span> <span class='ocrx_word' id='word_1_38' title='bbox 754 700 987 765; x_wconf 78' lang='lat' dir='ltr'><strong>exordio,</strong></span> <span class='ocrx_word' id='word_1_39' title='bbox 1022 718 1136 756; x_wconf 86' lang='lat' dir='ltr'><strong>cum</strong></span> <span class='ocrx_word' id='word_1_40' title='bbox 1168 710 1337 756; x_wconf 96' lang='lat' dir='ltr'><strong>mater</strong></span> <span class='ocrx_word' id='word_1_41' title='bbox 1362 702 1455 757; x_wconf 89' lang='lat' dir='ltr'><strong>illa</strong></span> <span class='ocrx_word' id='word_1_42' title='bbox 1489 702 1715 756; x_wconf 88' lang='lat' dir='ltr'><strong>omnium</strong></span> <span class='ocrx_word' id='word_1_43' title='bbox 1742 702 2016 754; x_wconf 73' lang='lat' dir='ltr'><strong>viventium</strong></span> <span class='ocrx_word' id='word_1_44' title='bbox 2043 698 2157 753; x_wconf 87' lang='lat' dir='ltr'><strong>Eva</strong></span> <span class='ocrx_word' id='word_1_45' title='bbox 2186 700 2249 753; x_wconf 91' lang='lat' dir='ltr'><strong>de</strong></span> <span class='ocrx_word' id='word_1_46' title='bbox 2276 698 2579 753; x_wconf 87' lang='lat' dir='ltr'><strong>dormientis</strong></span> <span class='ocrx_word' id='word_1_47' title='bbox 2607 696 2735 752; x_wconf 77' lang='lat' dir='ltr'><strong>Ada:</strong></span> <span class='ocrx_word' id='word_1_48' title='bbox 2761 706 2903 753; x_wconf 81' lang='lat' dir='ltr'><strong>costa</strong></span> <span class='ocrx_word' id='word_1_49' title='bbox 2935 694 3185 767; x_wconf 88' lang='lat' dir='ltr'><strong>producta</strong></span> <span class='ocrx_word' id='word_1_50' title='bbox 3213 700 3323 757; x_wconf 86' lang='lat' dir='ltr'><strong>est;</strong></span> <span class='ocrx_word' id='word_1_51' title='bbox 3354 702 3521 746; x_wconf 90' lang='lat' dir='ltr'><strong>mater</strong></span> <span class='ocrx_word' id='word_1_52' title='bbox 3549 693 3752 744; x_wconf 69' lang='lat' dir='ltr'><strong>uniter-</strong></span> 
     </span>
    </p>
   </div>
   <div class='ocr_carea' id='block_1_6' title="bbox 467 785 3751 854">
    <p class='ocr_par' dir='ltr' id='par_1_6' title="bbox 467 785 3751 854">
     <span class='ocr_line' id='line_1_6' title="bbox 467 785 3751 854; baseline -0.002 -13"><span class='ocrx_word' id='word_1_53' title='bbox 467 802 645 841; x_wconf 86' lang='lat' dir='ltr'><strong>sorum</strong></span> <span class='ocrx_word' id='word_1_54' title='bbox 671 787 987 844; x_wconf 75' lang='lat' dir='ltr'><strong>credentium</strong></span> <span class='ocrx_word' id='word_1_55' title='bbox 1013 789 1247 845; x_wconf 85' lang='lat' dir='ltr'><strong>Ecclesia</strong></span> <span class='ocrx_word' id='word_1_56' title='bbox 1274 808 1337 845; x_wconf 85' lang='lat' dir='ltr'><strong>ex</strong></span> <span class='ocrx_word' id='word_1_57' title='bbox 1358 791 1517 845; x_wconf 81' lang='lat' dir='ltr'><strong>latere</strong></span> <span class='ocrx_word' id='word_1_58' title='bbox 1536 789 1729 845; x_wconf 88' lang='lat' dir='ltr'><strong>Christi</strong></span> <span class='ocrx_word' id='word_1_59' title='bbox 1748 793 1803 845; x_wconf 92' lang='lat' dir='ltr'><strong>in</strong></span> <span class='ocrx_word' id='word_1_60' title='bbox 1825 808 1973 845; x_wconf 85' lang='lat' dir='ltr'><strong>cruce</strong></span> <span class='ocrx_word' id='word_1_61' title='bbox 2000 792 2266 845; x_wconf 83' lang='lat' dir='ltr'><strong>morientis</strong></span> <span class='ocrx_word' id='word_1_62' title='bbox 2288 790 2671 845; x_wconf 79' lang='lat' dir='ltr'><strong>demonstratur</strong></span> <span class='ocrx_word' id='word_1_63' title='bbox 2691 790 2973 842; x_wconf 84' lang='lat' dir='ltr'><strong>nascitura.</strong></span> <span class='ocrx_word' id='word_1_64' title='bbox 3006 787 3136 852; x_wconf 62' lang='lat' dir='ltr'><strong>Quae</strong></span> <span class='ocrx_word' id='word_1_65' title='bbox 3161 785 3378 854; x_wconf 84' lang='lat' dir='ltr'><strong>quidem</strong></span> <span class='ocrx_word' id='word_1_66' title='bbox 3402 798 3469 837; x_wconf 90' lang='lat' dir='ltr'><strong>eo</strong></span> <span class='ocrx_word' id='word_1_67' title='bbox 3489 792 3751 853; x_wconf 81' lang='lat' dir='ltr'><strong>spectant,</strong></span> 
     </span>
    </p>
   </div>
   <div class='ocr_carea' id='block_1_7' title="bbox 470 871 3756 951">
    <p class='ocr_par' dir='ltr' id='par_1_7' title="bbox 470 871 3756 951">
     <span class='ocr_line' id='line_1_7' title="bbox 470 871 3756 951; baseline -0.002 -20"><span class='ocrx_word' id='word_1_68' title='bbox 470 886 530 932; x_wconf 91' lang='lat' dir='ltr'><strong>ut</strong></span> <span class='ocrx_word' id='word_1_69' title='bbox 554 879 815 948; x_wconf 87' lang='lat' dir='ltr'><strong>sanguine</strong></span> <span class='ocrx_word' id='word_1_70' title='bbox 843 887 898 935; x_wconf 90' lang='lat' dir='ltr'><strong>et</strong></span> <span class='ocrx_word' id='word_1_71' title='bbox 924 896 1065 951; x_wconf 87' lang='lat' dir='ltr'><strong>aqua</strong></span> <span class='ocrx_word' id='word_1_72' title='bbox 1095 897 1126 936; x_wconf 92' lang='lat' dir='ltr'><strong>e</strong></span> <span class='ocrx_word' id='word_1_73' title='bbox 1151 882 1319 937; x_wconf 84' lang='lat' dir='ltr'><strong>latere</strong></span> <span class='ocrx_word' id='word_1_74' title='bbox 1346 880 1549 936; x_wconf 85' lang='lat' dir='ltr'><strong>Christi</strong></span> <span class='ocrx_word' id='word_1_75' title='bbox 1576 881 1919 936; x_wconf 87' lang='lat' dir='ltr'><strong>manantibus</strong></span> <span class='ocrx_word' id='word_1_76' title='bbox 1946 890 2188 935; x_wconf 89' lang='lat' dir='ltr'><strong>sanctam</strong></span> <span class='ocrx_word' id='word_1_77' title='bbox 2219 880 2511 936; x_wconf 89' lang='lat' dir='ltr'><strong>Ecclesiam</strong></span> <span class='ocrx_word' id='word_1_78' title='bbox 2538 879 2701 934; x_wconf 83' lang='lat' dir='ltr'><strong>fuisse</strong></span> <span class='ocrx_word' id='word_1_79' title='bbox 2728 876 3079 947; x_wconf 84' lang='lat' dir='ltr'><strong>signiﬁcatam</strong></span> <span class='ocrx_word' id='word_1_80' title='bbox 3102 881 3548 929; x_wconf 88' lang='lat' dir='ltr'><strong>commonstrent.</strong></span> <span class='ocrx_word' id='word_1_81' title='bbox 3582 871 3756 941; x_wconf 86' lang='lat' dir='ltr'><strong>Atque</strong></span> 
     </span>
    </p>
   </div>
   <div class='ocr_carea' id='block_1_8' title="bbox 470 964 3750 1041">
    <p class='ocr_par' dir='ltr' id='par_1_8' title="bbox 470 964 3750 1041">
     <span class='ocr_line' id='line_1_8' title="bbox 470 964 3750 1041; baseline -0.002 -21"><span class='ocrx_word' id='word_1_82' title='bbox 470 966 578 1021; x_wconf 83' lang='lat' dir='ltr'><strong>huc</strong></span> <span class='ocrx_word' id='word_1_83' title='bbox 604 968 957 1024; x_wconf 79' lang='lat' dir='ltr'><strong>revolvuntur</strong></span> <span class='ocrx_word' id='word_1_84' title='bbox 991 986 1111 1041; x_wconf 62' lang='lat' dir='ltr'><strong>qua;</strong></span> <span class='ocrx_word' id='word_1_85' title='bbox 1138 970 1298 1026; x_wconf 87' lang='lat' dir='ltr'><strong>docet</strong></span> <span class='ocrx_word' id='word_1_86' title='bbox 1325 979 1539 1027; x_wconf 88' lang='lat' dir='ltr'><strong>sanctus</strong></span> <span class='ocrx_word' id='word_1_87' title='bbox 1568 972 1895 1038; x_wconf 80' lang='lat' dir='ltr'><strong>Augustinus</strong></span> <span class='ocrx_word' id='word_1_88' title='bbox 1919 987 2169 1027; x_wconf 81' lang='lat' dir='ltr'><strong>sermone</strong></span> <span class='ocrx_word' id='word_1_89' title='bbox 2199 968 2249 1034; x_wconf 87' lang='lat'><strong>5,</strong></span> <span class='ocrx_word' id='word_1_90' title='bbox 2283 971 2416 1026; x_wconf 91' lang='lat' dir='ltr'><strong>alias</strong></span> <span class='ocrx_word' id='word_1_91' title='bbox 2445 970 2495 1034; x_wconf 87' lang='lat'><strong>1,</strong></span> <span class='ocrx_word' id='word_1_92' title='bbox 2526 987 2591 1025; x_wconf 86' lang='lat' dir='ltr'><strong>ex</strong></span> <span class='ocrx_word' id='word_1_93' title='bbox 2632 968 3040 1031; x_wconf 89' lang='lat' dir='ltr'><strong>Sirmondianis,</strong></span> <span class='ocrx_word' id='word_1_94' title='bbox 3074 983 3222 1021; x_wconf 90' lang='lat' dir='ltr'><strong>num.</strong></span> <span class='ocrx_word' id='word_1_95' title='bbox 3256 966 3291 1021; x_wconf 90' lang='grc'><strong>5</strong></span> <span class='ocrx_word' id='word_1_96' title='bbox 3310 1006 3325 1031; x_wconf 96' lang='grc'><strong>,</strong></span> <span class='ocrx_word' id='word_1_97' title='bbox 3359 974 3488 1020; x_wconf 90' lang='lat' dir='ltr'><strong>tom.</strong></span> <span class='ocrx_word' id='word_1_98' title='bbox 3524 964 3566 1017; x_wconf 87' lang='lat' dir='ltr'><strong>V</strong></span> <span class='ocrx_word' id='word_1_99' title='bbox 3599 980 3750 1033; x_wconf 83' lang='lat' dir='ltr'><strong>oper.</strong></span> 
     </span>
    </p>
   </div>
   <div class='ocr_carea' id='block_1_9' title="bbox 468 1050 3756 1132">
    <p class='ocr_par' dir='ltr' id='par_1_9' title="bbox 468 1050 3756 1132">
     <span class='ocr_line' id='line_1_9' title="bbox 468 1050 3756 1132; baseline -0.001 -24"><span class='ocrx_word' id='word_1_100' title='bbox 468 1055 601 1110; x_wconf 85' lang='lat' dir='ltr'><strong>edit.</strong></span> <span class='ocrx_word' id='word_1_101' title='bbox 635 1058 897 1128; x_wconf 85' lang='lat' dir='ltr'><strong>Antuerp.</strong></span> <span class='ocrx_word' id='word_1_102' title='bbox 930 1075 1018 1113; x_wconf 91' lang='lat' dir='ltr'><strong>an.</strong></span> <span class='ocrx_word' id='word_1_103' title='bbox 1051 1057 1206 1115; x_wconf 87' lang='lat'><strong>1700.</strong></span> <span class='ocrx_word' id='word_1_104' title='bbox 1240 1060 1393 1126; x_wconf 85' lang='lat' dir='ltr'><strong>Nam,</strong></span> <span class='ocrx_word' id='word_1_105' title='bbox 1423 1062 1547 1132; x_wconf 87' lang='lat' dir='ltr'><strong>quid</strong></span> <span class='ocrx_word' id='word_1_106' title='bbox 1572 1062 1825 1132; x_wconf 79' lang='lat' dir='ltr'><strong>proﬂuxit</strong></span> <span class='ocrx_word' id='word_1_107' title='bbox 1857 1060 1920 1113; x_wconf 88' lang='lat' dir='ltr'><strong>de</strong></span> <span class='ocrx_word' id='word_1_108' title='bbox 1947 1060 2125 1125; x_wconf 84' lang='lat' dir='ltr'><strong>latere,</strong></span> <span class='ocrx_word' id='word_1_109' title='bbox 2160 1060 2349 1130; x_wconf 87' lang='lat' dir='ltr'><strong>inquit,</strong></span> <span class='ocrx_word' id='word_1_110' title='bbox 2386 1062 2486 1115; x_wconf 88' lang='lat' dir='ltr'><strong>nisi</strong></span> <span class='ocrx_word' id='word_1_111' title='bbox 2520 1067 2901 1114; x_wconf 89' lang='lat' dir='ltr'><strong>sacramentum</strong></span> <span class='ocrx_word' id='word_1_112' title='bbox 2927 1056 3064 1123; x_wconf 87' lang='lat' dir='ltr'><strong>quod</strong></span> <span class='ocrx_word' id='word_1_113' title='bbox 3090 1056 3349 1123; x_wconf 85' lang='lat' dir='ltr'><strong>accipiunt</strong></span> <span class='ocrx_word' id='word_1_114' title='bbox 3379 1052 3600 1123; x_wconf 78' lang='lat' dir='ltr'><strong>ﬁdeles!</strong></span> <span class='ocrx_word' id='word_1_115' title='bbox 3634 1050 3756 1121; x_wconf 79' lang='lat' dir='ltr'><strong>Spi-</strong></span> 
     </span>
    </p>
   </div>
   <div class='ocr_carea' id='block_1_10' title="bbox 469 1143 3757 1220">
    <p class='ocr_par' dir='ltr' id='par_1_10' title="bbox 469 1143 3757 1220">
     <span class='ocr_line' id='line_1_10' title="bbox 469 1143 3757 1220; baseline -0.001 -24"><span class='ocrx_word' id='word_1_116' title='bbox 469 1143 623 1208; x_wconf 81' lang='lat' dir='ltr'><strong>ritus,</strong></span> <span class='ocrx_word' id='word_1_117' title='bbox 653 1147 866 1215; x_wconf 85' lang='lat' dir='ltr'><strong>sanguis</strong></span> <span class='ocrx_word' id='word_1_118' title='bbox 886 1155 936 1199; x_wconf 93' lang='lat' dir='ltr'><strong>et</strong></span> <span class='ocrx_word' id='word_1_119' title='bbox 959 1163 1213 1217; x_wconf 81' lang='lat' dir='ltr'><strong>aqua.....</strong></span> <span class='ocrx_word' id='word_1_120' title='bbox 1243 1147 1323 1203; x_wconf 89' lang='lat' dir='ltr'><strong>De</strong></span> <span class='ocrx_word' id='word_1_121' title='bbox 1362 1150 1473 1218; x_wconf 85' lang='lat' dir='ltr'><strong>ipso</strong></span> <span class='ocrx_word' id='word_1_122' title='bbox 1501 1151 1754 1220; x_wconf 79' lang='lat' dir='ltr'><strong>sanguine</strong></span> <span class='ocrx_word' id='word_1_123' title='bbox 1778 1158 1986 1219; x_wconf 80' lang='lat' dir='ltr'><strong>etaqua</strong></span> <span class='ocrx_word' id='word_1_124' title='bbox 2013 1149 2340 1219; x_wconf 78' lang='lat' dir='ltr'><strong>signiﬁcatur</strong></span> <span class='ocrx_word' id='word_1_125' title='bbox 2362 1158 2489 1201; x_wconf 90' lang='lat' dir='ltr'><strong>nata</strong></span> <span class='ocrx_word' id='word_1_126' title='bbox 2522 1147 2775 1201; x_wconf 85' lang='lat' dir='ltr'><strong>Ecclesia.</strong></span> <span class='ocrx_word' id='word_1_127' title='bbox 2809 1146 2876 1199; x_wconf 82' lang='lat' dir='ltr'><strong>Et</strong></span> <span class='ocrx_word' id='word_1_128' title='bbox 2902 1145 3108 1217; x_wconf 88' lang='lat' dir='ltr'><strong>quando</strong></span> <span class='ocrx_word' id='word_1_129' title='bbox 3128 1146 3285 1197; x_wconf 77' lang='lat' dir='ltr'><strong>exivit</strong></span> <span class='ocrx_word' id='word_1_130' title='bbox 3306 1145 3518 1213; x_wconf 80' lang='lat' dir='ltr'><strong>sanguis</strong></span> <span class='ocrx_word' id='word_1_131' title='bbox 3542 1151 3594 1195; x_wconf 91' lang='lat' dir='ltr'><strong>et</strong></span> <span class='ocrx_word' id='word_1_132' title='bbox 3620 1158 3757 1211; x_wconf 84' lang='lat' dir='ltr'><strong>aqua</strong></span> 
     </span>
    </p>
   </div>
   <div class='ocr_carea' id='block_1_11' title="bbox 468 1227 3756 1307">
    <p class='ocr_par' dir='ltr' id='par_1_11' title="bbox 468 1227 3756 1307">
     <span class='ocr_line' id='line_1_11' title="bbox 468 1227 3756 1307; baseline -0.001 -23"><span class='ocrx_word' id='word_1_133' title='bbox 468 1231 534 1285; x_wconf 84' lang='lat' dir='ltr'><strong>de</strong></span> <span class='ocrx_word' id='word_1_134' title='bbox 558 1233 757 1287; x_wconf 73' lang='lat' dir='ltr'><strong>latere?</strong></span> <span class='ocrx_word' id='word_1_135' title='bbox 782 1232 913 1288; x_wconf 88' lang='lat' dir='ltr'><strong>Cum</strong></span> <span class='ocrx_word' id='word_1_136' title='bbox 928 1237 1044 1307; x_wconf 85' lang='lat' dir='ltr'><strong>jam</strong></span> <span class='ocrx_word' id='word_1_137' title='bbox 1072 1237 1321 1293; x_wconf 86' lang='lat' dir='ltr'><strong>dormiret</strong></span> <span class='ocrx_word' id='word_1_138' title='bbox 1344 1236 1578 1292; x_wconf 78' lang='lat' dir='ltr'><strong>Christus</strong></span> <span class='ocrx_word' id='word_1_139' title='bbox 1602 1240 1658 1291; x_wconf 82' lang='lat' dir='ltr'><strong>in</strong></span> <span class='ocrx_word' id='word_1_140' title='bbox 1680 1253 1845 1291; x_wconf 83' lang='lat' dir='ltr'><strong>cruce.</strong></span> <span class='ocrx_word' id='word_1_141' title='bbox 1880 1235 2015 1300; x_wconf 80' lang='lat' dir='ltr'><strong>Quia</strong></span> <span class='ocrx_word' id='word_1_142' title='bbox 2042 1237 2209 1291; x_wconf 81' lang='lat' dir='ltr'><strong>Adam</strong></span> <span class='ocrx_word' id='word_1_143' title='bbox 2231 1239 2284 1290; x_wconf 89' lang='lat' dir='ltr'><strong>in</strong></span> <span class='ocrx_word' id='word_1_144' title='bbox 2315 1236 2563 1307; x_wconf 85' lang='lat' dir='ltr'><strong>paradiso</strong></span> <span class='ocrx_word' id='word_1_145' title='bbox 2592 1250 2825 1288; x_wconf 87' lang='lat' dir='ltr'><strong>somnum</strong></span> <span class='ocrx_word' id='word_1_146' title='bbox 2854 1234 3069 1303; x_wconf 85' lang='lat' dir='ltr'><strong>accepit,</strong></span> <span class='ocrx_word' id='word_1_147' title='bbox 3099 1242 3149 1285; x_wconf 91' lang='lat' dir='ltr'><strong>et</strong></span> <span class='ocrx_word' id='word_1_148' title='bbox 3167 1232 3243 1285; x_wconf 90' lang='lat' dir='ltr'><strong>sic</strong></span> <span class='ocrx_word' id='word_1_149' title='bbox 3260 1230 3351 1284; x_wconf 89' lang='lat' dir='ltr'><strong>illo</strong></span> <span class='ocrx_word' id='word_1_150' title='bbox 3372 1230 3435 1283; x_wconf 88' lang='lat' dir='ltr'><strong>de</strong></span> <span class='ocrx_word' id='word_1_151' title='bbox 3454 1230 3618 1283; x_wconf 82' lang='lat' dir='ltr'><strong>latere</strong></span> <span class='ocrx_word' id='word_1_152' title='bbox 3646 1227 3756 1281; x_wconf 82' lang='lat' dir='ltr'><strong>Era</strong></span> 
     </span>
    </p>
   </div>
   <div class='ocr_carea' id='block_1_12' title="bbox 469 1321 3753 1399">
    <p class='ocr_par' dir='ltr' id='par_1_12' title="bbox 469 1321 3753 1399">
     <span class='ocr_line' id='line_1_12' title="bbox 469 1321 3753 1399; baseline -0.002 -19"><span class='ocrx_word' id='word_1_153' title='bbox 469 1328 722 1397; x_wconf 86' lang='lat' dir='ltr'><strong>producta</strong></span> <span class='ocrx_word' id='word_1_154' title='bbox 743 1336 837 1382; x_wconf 92' lang='lat' dir='ltr'><strong>est.</strong></span> <span class='ocrx_word' id='word_1_155' title='bbox 867 1327 978 1383; x_wconf 87' lang='lat' dir='ltr'><strong>Cur</strong></span> <span class='ocrx_word' id='word_1_156' title='bbox 1000 1344 1165 1399; x_wconf 90' lang='lat' dir='ltr'><strong>porro</strong></span> <span class='ocrx_word' id='word_1_157' title='bbox 1185 1330 1444 1397; x_wconf 88' lang='lat' dir='ltr'><strong>sanguine</strong></span> <span class='ocrx_word' id='word_1_158' title='bbox 1463 1338 1520 1384; x_wconf 87' lang='lat' dir='ltr'><strong>et</strong></span> <span class='ocrx_word' id='word_1_159' title='bbox 1546 1344 1685 1399; x_wconf 86' lang='lat' dir='ltr'><strong>aqua</strong></span> <span class='ocrx_word' id='word_1_160' title='bbox 1708 1329 2037 1398; x_wconf 79' lang='lat' dir='ltr'><strong>signiﬁcetur</strong></span> <span class='ocrx_word' id='word_1_161' title='bbox 2061 1328 2321 1392; x_wconf 85' lang='lat' dir='ltr'><strong>Ecclesia,</strong></span> <span class='ocrx_word' id='word_1_162' title='bbox 2354 1343 2423 1382; x_wconf 90' lang='lat' dir='ltr'><strong>ex</strong></span> <span class='ocrx_word' id='word_1_163' title='bbox 2448 1327 2513 1381; x_wconf 91' lang='lat' dir='ltr'><strong>iis</strong></span> <span class='ocrx_word' id='word_1_164' title='bbox 2538 1326 2875 1396; x_wconf 85' lang='lat' dir='ltr'><strong>perspicitur,</strong></span> <span class='ocrx_word' id='word_1_165' title='bbox 2907 1338 3026 1392; x_wconf 73' lang='lat' dir='ltr'><strong>qua:</strong></span> <span class='ocrx_word' id='word_1_166' title='bbox 3051 1321 3287 1377; x_wconf 77' lang='lat' dir='ltr'><strong>Joannes</strong></span> <span class='ocrx_word' id='word_1_167' title='bbox 3313 1321 3753 1391; x_wconf 84' lang='lat' dir='ltr'><strong>Chrysostomus,</strong></span> 
     </span>
    </p>
   </div>
   <div class='ocr_carea' id='block_1_13' title="bbox 471 1409 3755 1490">
    <p class='ocr_par' dir='ltr' id='par_1_13' title="bbox 471 1409 3755 1490">
     <span class='ocr_line' id='line_1_13' title="bbox 471 1409 3755 1490; baseline -0.003 -19"><span class='ocrx_word' id='word_1_168' title='bbox 471 1419 593 1473; x_wconf 91' lang='lat' dir='ltr'><strong>loco</strong></span> <span class='ocrx_word' id='word_1_169' title='bbox 623 1420 870 1488; x_wconf 81' lang='lat' dir='ltr'><strong>proxime</strong></span> <span class='ocrx_word' id='word_1_170' title='bbox 890 1420 1144 1483; x_wconf 89' lang='lat' dir='ltr'><strong>indicato,</strong></span> <span class='ocrx_word' id='word_1_171' title='bbox 1177 1420 1569 1475; x_wconf 77' lang='lat' dir='ltr'><strong>animadvertit.</strong></span> <span class='ocrx_word' id='word_1_172' title='bbox 1601 1418 1777 1490; x_wconf 80' lang='lat' dir='ltr'><strong>Atque</strong></span> <span class='ocrx_word' id='word_1_173' title='bbox 1805 1436 1851 1474; x_wconf 83' lang='lat' dir='ltr'><strong>IS</strong></span> <span class='ocrx_word' id='word_1_174' title='bbox 1881 1437 1894 1472; x_wconf 90' lang='lat'><strong>:</strong></span> <span class='ocrx_word' id='word_1_175' title='bbox 1926 1419 2010 1473; x_wconf 90' lang='lat' dir='ltr'><strong>Ex</strong></span> <span class='ocrx_word' id='word_1_176' title='bbox 2032 1420 2144 1483; x_wconf 90' lang='lat' dir='ltr'><strong>illa,</strong></span> <span class='ocrx_word' id='word_1_177' title='bbox 2177 1420 2368 1488; x_wconf 91' lang='lat' dir='ltr'><strong>inquit,</strong></span> <span class='ocrx_word' id='word_1_178' title='bbox 2398 1433 2553 1488; x_wconf 88' lang='lat' dir='ltr'><strong>aqua,</strong></span> <span class='ocrx_word' id='word_1_179' title='bbox 2585 1427 2634 1470; x_wconf 93' lang='lat' dir='ltr'><strong>et</strong></span> <span class='ocrx_word' id='word_1_180' title='bbox 2653 1417 2903 1488; x_wconf 83' lang='lat' dir='ltr'><strong>sanguine</strong></span> <span class='ocrx_word' id='word_1_181' title='bbox 2931 1422 3039 1468; x_wconf 88' lang='lat' dir='ltr'><strong>tota</strong></span> <span class='ocrx_word' id='word_1_182' title='bbox 3067 1422 3273 1466; x_wconf 85' lang='lat' dir='ltr'><strong>constat</strong></span> <span class='ocrx_word' id='word_1_183' title='bbox 3300 1410 3558 1464; x_wconf 81' lang='lat' dir='ltr'><strong>Ecclesia.</strong></span> <span class='ocrx_word' id='word_1_184' title='bbox 3592 1409 3755 1463; x_wconf 80' lang='lat' dir='ltr'><strong>Testis</strong></span> 
     </span>
    </p>
   </div>
   <div class='ocr_carea' id='block_1_14' title="bbox 460 1499 3753 1581">
    <p class='ocr_par' dir='ltr' id='par_1_14' title="bbox 460 1499 3753 1581">
     <span class='ocr_line' id='line_1_14' title="bbox 460 1499 3753 1581; baseline -0.002 -21"><span class='ocrx_word' id='word_1_185' title='bbox 460 1516 549 1561; x_wconf 77' lang='lat' dir='ltr'><strong>-est</strong></span> <span class='ocrx_word' id='word_1_186' title='bbox 582 1509 695 1578; x_wconf 89' lang='lat' dir='ltr'><strong>ipse</strong></span> <span class='ocrx_word' id='word_1_187' title='bbox 714 1510 889 1563; x_wconf 89' lang='lat' dir='ltr'><strong>dicens</strong></span> <span class='ocrx_word' id='word_1_188' title='bbox 920 1526 938 1564; x_wconf 91' lang='lat'><strong><em>:</em></strong></span> <span class='ocrx_word' id='word_1_189' title='bbox 977 1508 1103 1564; x_wconf 86' lang='lat' dir='ltr'><strong>Nisi</strong></span> <span class='ocrx_word' id='word_1_190' title='bbox 1130 1512 1218 1579; x_wconf 86' lang='lat' dir='ltr'><strong>qui</strong></span> <span class='ocrx_word' id='word_1_191' title='bbox 1259 1518 1471 1565; x_wconf 88' lang='lat' dir='ltr'><strong>renatus</strong></span> <span class='ocrx_word' id='word_1_192' title='bbox 1498 1512 1656 1581; x_wconf 79' lang='lat' dir='ltr'><strong>fuerit</strong></span> <span class='ocrx_word' id='word_1_193' title='bbox 1682 1526 1749 1564; x_wconf 82' lang='lat' dir='ltr'><strong>ex</strong></span> <span class='ocrx_word' id='word_1_194' title='bbox 1774 1527 1908 1581; x_wconf 83' lang='lat' dir='ltr'><strong>aqua</strong></span> <span class='ocrx_word' id='word_1_195' title='bbox 1936 1519 1987 1564; x_wconf 92' lang='lat' dir='ltr'><strong>et</strong></span> <span class='ocrx_word' id='word_1_196' title='bbox 2012 1510 2218 1579; x_wconf 83' lang='lat' dir='ltr'><strong>spiritu,</strong></span> <span class='ocrx_word' id='word_1_197' title='bbox 2251 1526 2354 1562; x_wconf 89' lang='lat' dir='ltr'><strong>non</strong></span> <span class='ocrx_word' id='word_1_198' title='bbox 2386 1517 2554 1577; x_wconf 85' lang='lat' dir='ltr'><strong>potest</strong></span> <span class='ocrx_word' id='word_1_199' title='bbox 2582 1508 2796 1560; x_wconf 87' lang='lat' dir='ltr'><strong>introire</strong></span> <span class='ocrx_word' id='word_1_200' title='bbox 2820 1508 2876 1559; x_wconf 89' lang='lat' dir='ltr'><strong>in</strong></span> <span class='ocrx_word' id='word_1_201' title='bbox 2904 1521 3118 1576; x_wconf 85' lang='lat' dir='ltr'><strong>regnum</strong></span> <span class='ocrx_word' id='word_1_202' title='bbox 3146 1503 3506 1557; x_wconf 76' lang='lat' dir='ltr'><strong>caelorum.....</strong></span> <span class='ocrx_word' id='word_1_203' title='bbox 3549 1499 3621 1554; x_wconf 88' lang='lat' dir='ltr'><strong>Et</strong></span> <span class='ocrx_word' id='word_1_204' title='bbox 3655 1518 3753 1553; x_wconf 83' lang='lat' dir='ltr'><strong>na-</strong></span> 
     </span>
    </p>
   </div>
   <div class='ocr_carea' id='block_1_15' title="bbox 469 1595 3757 1675">
    <p class='ocr_par' dir='ltr' id='par_1_15' title="bbox 469 1595 3757 1675">
     <span class='ocr_line' id='line_1_15' title="bbox 469 1595 3757 1675; baseline -0.002 -25"><span class='ocrx_word' id='word_1_205' title='bbox 469 1598 667 1651; x_wconf 86' lang='lat' dir='ltr'><strong>scimur</strong></span> <span class='ocrx_word' id='word_1_206' title='bbox 692 1599 902 1669; x_wconf 85' lang='lat' dir='ltr'><strong>quidem</strong></span> <span class='ocrx_word' id='word_1_207' title='bbox 930 1617 1023 1670; x_wconf 88' lang='lat' dir='ltr'><strong>per</strong></span> <span class='ocrx_word' id='word_1_208' title='bbox 1050 1616 1238 1671; x_wconf 83' lang='lat' dir='ltr'><strong>aquam</strong></span> <span class='ocrx_word' id='word_1_209' title='bbox 1266 1600 1609 1675; x_wconf 83' lang='lat' dir='ltr'><strong>baptismatis,</strong></span> <span class='ocrx_word' id='word_1_210' title='bbox 1636 1602 1825 1656; x_wconf 84' lang='lat' dir='ltr'><strong>alimur</strong></span> <span class='ocrx_word' id='word_1_211' title='bbox 1852 1611 2023 1655; x_wconf 86' lang='lat' dir='ltr'><strong>autem</strong></span> <span class='ocrx_word' id='word_1_212' title='bbox 2062 1617 2154 1671; x_wconf 86' lang='lat' dir='ltr'><strong>per</strong></span> <span class='ocrx_word' id='word_1_213' title='bbox 2186 1602 2512 1671; x_wconf 90' lang='lat' dir='ltr'><strong>sanguinem.</strong></span> <span class='ocrx_word' id='word_1_214' title='bbox 2549 1598 2704 1653; x_wconf 83' lang='lat' dir='ltr'><strong>Vides</strong></span> <span class='ocrx_word' id='word_1_215' title='bbox 2722 1598 2975 1670; x_wconf 86' lang='lat' dir='ltr'><strong>quomodo</strong></span> <span class='ocrx_word' id='word_1_216' title='bbox 3004 1600 3164 1651; x_wconf 88' lang='lat' dir='ltr'><strong>simus</strong></span> <span class='ocrx_word' id='word_1_217' title='bbox 3189 1614 3254 1651; x_wconf 88' lang='lat' dir='ltr'><strong>ex</strong></span> <span class='ocrx_word' id='word_1_218' title='bbox 3295 1613 3451 1650; x_wconf 90' lang='lat' dir='ltr'><strong>carne</strong></span> <span class='ocrx_word' id='word_1_219' title='bbox 3468 1595 3583 1665; x_wconf 82' lang='lat' dir='ltr'><strong>ejus</strong></span> <span class='ocrx_word' id='word_1_220' title='bbox 3617 1606 3669 1647; x_wconf 88' lang='lat' dir='ltr'><strong>et</strong></span> <span class='ocrx_word' id='word_1_221' title='bbox 3695 1610 3757 1645; x_wconf 80' lang='lat' dir='ltr'><strong>ex</strong></span> 
     </span>
    </p>
   </div>
   <div class='ocr_carea' id='block_1_16' title="bbox 474 1682 3759 1761">
    <p class='ocr_par' dir='ltr' id='par_1_16' title="bbox 474 1682 3759 1761">
     <span class='ocr_line' id='line_1_16' title="bbox 474 1682 3759 1761; baseline -0.003 -20"><span class='ocrx_word' id='word_1_222' title='bbox 474 1687 678 1741; x_wconf 88' lang='lat' dir='ltr'><strong>ossibus</strong></span> <span class='ocrx_word' id='word_1_223' title='bbox 710 1688 842 1759; x_wconf 89' lang='lat' dir='ltr'><strong>ejus,</strong></span> <span class='ocrx_word' id='word_1_224' title='bbox 873 1688 997 1743; x_wconf 89' lang='lat' dir='ltr'><strong>dum</strong></span> <span class='ocrx_word' id='word_1_225' title='bbox 1025 1704 1092 1743; x_wconf 84' lang='lat' dir='ltr'><strong>ex</strong></span> <span class='ocrx_word' id='word_1_226' title='bbox 1118 1691 1373 1761; x_wconf 87' lang='lat' dir='ltr'><strong>sanguine</strong></span> <span class='ocrx_word' id='word_1_227' title='bbox 1395 1690 1486 1743; x_wconf 91' lang='lat' dir='ltr'><strong>illo</strong></span> <span class='ocrx_word' id='word_1_228' title='bbox 1515 1701 1567 1745; x_wconf 89' lang='lat' dir='ltr'><strong>et</strong></span> <span class='ocrx_word' id='word_1_229' title='bbox 1593 1706 1730 1761; x_wconf 88' lang='lat' dir='ltr'><strong>aqua</strong></span> <span class='ocrx_word' id='word_1_230' title='bbox 1751 1699 1855 1743; x_wconf 89' lang='lat' dir='ltr'><strong>tum</strong></span> <span class='ocrx_word' id='word_1_231' title='bbox 1883 1690 2167 1754; x_wconf 86' lang='lat' dir='ltr'><strong>nascimur,</strong></span> <span class='ocrx_word' id='word_1_232' title='bbox 2196 1698 2300 1742; x_wconf 87' lang='lat' dir='ltr'><strong>tum</strong></span> <span class='ocrx_word' id='word_1_233' title='bbox 2338 1688 2561 1741; x_wconf 86' lang='lat' dir='ltr'><strong>alimur?</strong></span> <span class='ocrx_word' id='word_1_234' title='bbox 2587 1684 2661 1757; x_wconf 92' lang='lat' dir='ltr'><strong>(b)</strong></span> <span class='ocrx_word' id='word_1_235' title='bbox 2690 1685 2759 1738; x_wconf 90' lang='lat' dir='ltr'><strong>Et</strong></span> <span class='ocrx_word' id='word_1_236' title='bbox 2779 1684 3207 1757; x_wconf 86' lang='lat' dir='ltr'><strong>quemadmodum</strong></span> <span class='ocrx_word' id='word_1_237' title='bbox 3247 1685 3447 1736; x_wconf 85' lang='lat' dir='ltr'><strong>Adamo</strong></span> <span class='ocrx_word' id='word_1_238' title='bbox 3473 1682 3759 1736; x_wconf 86' lang='lat' dir='ltr'><strong>dormiente</strong></span> 
     </span>
    </p>
   </div>
   <div class='ocr_carea' id='block_1_17' title="bbox 475 1771 3756 1851">
    <p class='ocr_par' dir='ltr' id='par_1_17' title="bbox 475 1771 3756 1851">
     <span class='ocr_line' id='line_1_17' title="bbox 475 1771 3756 1851; baseline -0.004 -19"><span class='ocrx_word' id='word_1_239' title='bbox 475 1778 662 1832; x_wconf 80' lang='lat' dir='ltr'><strong>mulier</strong></span> <span class='ocrx_word' id='word_1_240' title='bbox 679 1788 759 1833; x_wconf 92' lang='lat' dir='ltr'><strong>est</strong></span> <span class='ocrx_word' id='word_1_241' title='bbox 786 1780 1018 1846; x_wconf 84' lang='lat' dir='ltr'><strong>condita,</strong></span> <span class='ocrx_word' id='word_1_242' title='bbox 1061 1781 1137 1834; x_wconf 86' lang='lat' dir='ltr'><strong>sic</strong></span> <span class='ocrx_word' id='word_1_243' title='bbox 1175 1778 1383 1834; x_wconf 82' lang='lat' dir='ltr'><strong>Christo</strong></span> <span class='ocrx_word' id='word_1_244' title='bbox 1410 1788 1615 1834; x_wconf 91' lang='lat' dir='ltr'><strong>mortuo</strong></span> <span class='ocrx_word' id='word_1_245' title='bbox 1652 1780 1793 1851; x_wconf 73' lang='lat' dir='ltr'><strong>facta</strong></span> <span class='ocrx_word' id='word_1_246' title='bbox 1819 1787 1895 1832; x_wconf 91' lang='lat' dir='ltr'><strong>est</strong></span> <span class='ocrx_word' id='word_1_247' title='bbox 1922 1774 2157 1831; x_wconf 86' lang='lat' dir='ltr'><strong>Ecclesia</strong></span> <span class='ocrx_word' id='word_1_248' title='bbox 2195 1792 2261 1829; x_wconf 86' lang='lat' dir='ltr'><strong>ex</strong></span> <span class='ocrx_word' id='word_1_249' title='bbox 2292 1778 2403 1846; x_wconf 84' lang='lat' dir='ltr'><strong>ejus</strong></span> <span class='ocrx_word' id='word_1_250' title='bbox 2434 1776 2614 1828; x_wconf 87' lang='lat' dir='ltr'><strong>latere.</strong></span> <span class='ocrx_word' id='word_1_251' title='bbox 2648 1772 2865 1828; x_wconf 88' lang='lat' dir='ltr'><strong>Scilicet</strong></span> <span class='ocrx_word' id='word_1_252' title='bbox 2892 1774 2985 1841; x_wconf 89' lang='lat' dir='ltr'><strong>qui</strong></span> <span class='ocrx_word' id='word_1_253' title='bbox 3014 1772 3308 1827; x_wconf 88' lang='lat' dir='ltr'><strong>Ecclesiam</strong></span> <span class='ocrx_word' id='word_1_254' title='bbox 3331 1771 3665 1825; x_wconf 89' lang='lat' dir='ltr'><strong>constituunt</strong></span> <span class='ocrx_word' id='word_1_255' title='bbox 3692 1784 3756 1821; x_wconf 91' lang='lat' dir='ltr'><strong>ex</strong></span> 
     </span>
    </p>
   </div>
   <div class='ocr_carea' id='block_1_18' title="bbox 473 1859 3758 1940">
    <p class='ocr_par' dir='ltr' id='par_1_18' title="bbox 473 1859 3758 1940">
     <span class='ocr_line' id='line_1_18' title="bbox 473 1859 3758 1940; baseline -0.004 -16"><span class='ocrx_word' id='word_1_256' title='bbox 473 1884 616 1939; x_wconf 77' lang='lat' dir='ltr'><strong>aqua</strong></span> <span class='ocrx_word' id='word_1_257' title='bbox 644 1870 816 1925; x_wconf 88' lang='lat' dir='ltr'><strong>renati</strong></span> <span class='ocrx_word' id='word_1_258' title='bbox 838 1877 985 1937; x_wconf 88' lang='lat' dir='ltr'><strong>sunt,</strong></span> <span class='ocrx_word' id='word_1_259' title='bbox 1017 1871 1341 1940; x_wconf 88' lang='lat' dir='ltr'><strong>alunturque</strong></span> <span class='ocrx_word' id='word_1_260' title='bbox 1368 1872 1630 1939; x_wconf 84' lang='lat' dir='ltr'><strong>sanguine</strong></span> <span class='ocrx_word' id='word_1_261' title='bbox 1648 1864 1971 1925; x_wconf 74' lang='lat' dir='ltr'><strong>Senatoris.</strong></span> <span class='ocrx_word' id='word_1_262' title='bbox 1998 1868 2116 1934; x_wconf 86' lang='lat' dir='ltr'><strong>Quo</strong></span> <span class='ocrx_word' id='word_1_263' title='bbox 2136 1866 2355 1936; x_wconf 86' lang='lat' dir='ltr'><strong>quidem</strong></span> <span class='ocrx_word' id='word_1_264' title='bbox 2376 1864 2624 1920; x_wconf 91' lang='lat' dir='ltr'><strong>recidunt</strong></span> <span class='ocrx_word' id='word_1_265' title='bbox 2650 1879 2771 1932; x_wconf 66' lang='lat' dir='ltr'><strong>quae</strong></span> <span class='ocrx_word' id='word_1_266' title='bbox 2797 1863 3061 1923; x_wconf 79' lang='lat' dir='ltr'><strong>Maximus</strong></span> <span class='ocrx_word' id='word_1_267' title='bbox 3080 1862 3302 1917; x_wconf 89' lang='lat' dir='ltr'><strong>bomilia</strong></span> <span class='ocrx_word' id='word_1_268' title='bbox 3329 1859 3418 1925; x_wconf 88' lang='lat'><strong>55,</strong></span> <span class='ocrx_word' id='word_1_269' title='bbox 3447 1862 3758 1930; x_wconf 76' lang='lat' dir='ltr'><strong>complexus</strong></span> 
     </span>
    </p>
   </div>
   <div class='ocr_carea' id='block_1_19' title="bbox 472 1948 3759 2030">
    <p class='ocr_par' dir='ltr' id='par_1_19' title="bbox 472 1948 3759 2030">
     <span class='ocr_line' id='line_1_19' title="bbox 472 1948 3759 2030; baseline -0.005 -14"><span class='ocrx_word' id='word_1_270' title='bbox 472 1968 557 2016; x_wconf 87' lang='lat' dir='ltr'><strong>est</strong></span> <span class='ocrx_word' id='word_1_271' title='bbox 584 1975 708 2030; x_wconf 90' lang='lat' dir='ltr'><strong>pag.</strong></span> <span class='ocrx_word' id='word_1_272' title='bbox 741 1960 864 2014; x_wconf 84' lang='grc'>174.</span> <span class='ocrx_word' id='word_1_273' title='bbox 898 1960 1165 2016; x_wconf 66' lang='lat' dir='ltr'><strong>Praeterea</strong></span> <span class='ocrx_word' id='word_1_274' title='bbox 1195 1961 1495 2018; x_wconf 85' lang='lat' dir='ltr'><strong>Ecclesiam</strong></span> <span class='ocrx_word' id='word_1_275' title='bbox 1523 1961 1675 2015; x_wconf 82' lang='lat' dir='ltr'><strong>navis</strong></span> <span class='ocrx_word' id='word_1_276' title='bbox 1700 1960 1870 2014; x_wconf 86' lang='lat' dir='ltr'><strong>instar</strong></span> <span class='ocrx_word' id='word_1_277' title='bbox 1898 1973 2046 2023; x_wconf 90' lang='lat' dir='ltr'><strong>esse,</strong></span> <span class='ocrx_word' id='word_1_278' title='bbox 2078 1956 2229 2025; x_wconf 83' lang='lat' dir='ltr'><strong>cujus</strong></span> <span class='ocrx_word' id='word_1_279' title='bbox 2258 1955 2427 2024; x_wconf 82' lang='lat' dir='ltr'><strong>ﬁgura</strong></span> <span class='ocrx_word' id='word_1_280' title='bbox 2456 1954 2618 2008; x_wconf 81' lang='lat' dir='ltr'><strong>fuerit</strong></span> <span class='ocrx_word' id='word_1_281' title='bbox 2654 1968 2776 2008; x_wconf 88' lang='lat' dir='ltr'><strong>arca</strong></span> <span class='ocrx_word' id='word_1_282' title='bbox 2809 1952 3025 2016; x_wconf 87' lang='lat' dir='ltr'><strong>Noemi,</strong></span> <span class='ocrx_word' id='word_1_283' title='bbox 3056 1950 3344 2019; x_wconf 86' lang='lat' dir='ltr'><strong>Scripturis</strong></span> <span class='ocrx_word' id='word_1_284' title='bbox 3387 1948 3759 2017; x_wconf 70' lang='lat' dir='ltr'><strong>maiorumque</strong></span> 
     </span>
    </p>
   </div>
   <div class='ocr_carea' id='block_1_20' title="bbox 475 2033 2014 2118">
    <p class='ocr_par' dir='ltr' id='par_1_20' title="bbox 475 2046 2014 2118">
     <span class='ocr_line' id='line_1_20' title="bbox 475 2046 2014 2118; baseline -0.002 -16"><span class='ocrx_word' id='word_1_285' title='bbox 475 2049 750 2104; x_wconf 82' lang='lat' dir='ltr'><strong>traditioni</strong></span> <span class='ocrx_word' id='word_1_286' title='bbox 778 2047 1042 2105; x_wconf 72' lang='lat' dir='ltr'><strong>Maximus</strong></span> <span class='ocrx_word' id='word_1_287' title='bbox 1070 2050 1343 2114; x_wconf 86' lang='lat' dir='ltr'><strong>insistens,</strong></span> <span class='ocrx_word' id='word_1_288' title='bbox 1372 2050 1536 2105; x_wconf 89' lang='lat' dir='ltr'><strong>docet</strong></span> <span class='ocrx_word' id='word_1_289' title='bbox 1561 2062 1686 2118; x_wconf 86' lang='lat' dir='ltr'><strong>psg.</strong></span> <span class='ocrx_word' id='word_1_290' title='bbox 1717 2046 1845 2111; x_wconf 86' lang='grc'>487,</span> <span class='ocrx_word' id='word_1_291' title='bbox 1877 2054 1933 2100; x_wconf 91' lang='lat' dir='ltr'><strong>et</strong></span> <span class='ocrx_word' id='word_1_292' title='bbox 1972 2046 2014 2100; x_wconf 66' lang='lat' dir='ltr'><strong>hc</strong></span> 
     </span>
    </p>
   </div>
   <div class='ocr_carea' id='block_1_21' title="bbox 2221 2033 3760 2118">
    <p class='ocr_par' dir='ltr' id='par_1_21' title="bbox 2222 2033 3760 2117">
     <span class='ocr_line' id='line_1_21' title="bbox 2222 2033 3760 2117; baseline -0.006 -21"><span class='ocrx_word' id='word_1_293' title='bbox 2222 2041 2310 2110; x_wconf 87' lang='lat'><strong>55,</strong></span> <span class='ocrx_word' id='word_1_294' title='bbox 2342 2057 2464 2117; x_wconf 91' lang='lat' dir='ltr'><strong>pag.</strong></span> <span class='ocrx_word' id='word_1_295' title='bbox 2515 2040 2648 2105; x_wconf 86' lang='grc'>174,</span> <span class='ocrx_word' id='word_1_296' title='bbox 2681 2048 2735 2095; x_wconf 91' lang='lat' dir='ltr'><strong>et</strong></span> <span class='ocrx_word' id='word_1_297' title='bbox 2762 2053 3011 2094; x_wconf 84' lang='lat' dir='ltr'><strong>sermone</strong></span> <span class='ocrx_word' id='word_1_298' title='bbox 3040 2036 3128 2099; x_wconf 96' lang='grc'><strong>94,</strong></span> <span class='ocrx_word' id='word_1_299' title='bbox 3160 2051 3283 2105; x_wconf 88' lang='lat' dir='ltr'><strong>pag.</strong></span> <span class='ocrx_word' id='word_1_300' title='bbox 3317 2034 3443 2099; x_wconf 81' lang='grc'>041,</span> <span class='ocrx_word' id='word_1_301' title='bbox 3470 2036 3561 2089; x_wconf 92' lang='lat' dir='ltr'><strong>ubi</strong></span> <span class='ocrx_word' id='word_1_302' title='bbox 3590 2053 3602 2087; x_wconf 91' lang='lat'>:</span> <span class='ocrx_word' id='word_1_303' title='bbox 3636 2033 3760 2097; x_wconf 77' lang='lat' dir='ltr'><strong>Qua</strong></span> 
     </span>
    </p>
   </div>
   <div class='ocr_carea' id='block_1_22' title="bbox 470 2124 3758 2210">
    <p class='ocr_par' dir='ltr' id='par_1_22' title="bbox 470 2124 3758 2210">
     <span class='ocr_line' id='line_1_22' title="bbox 470 2124 3758 2210; baseline -0.005 -18"><span class='ocrx_word' id='word_1_304' title='bbox 470 2139 637 2205; x_wconf 77' lang='lat' dir='ltr'><strong>navis,</strong></span> <span class='ocrx_word' id='word_1_305' title='bbox 670 2138 861 2210; x_wconf 83' lang='lat' dir='ltr'><strong>inquit,</strong></span> <span class='ocrx_word' id='word_1_306' title='bbox 891 2139 947 2192; x_wconf 82' lang='lat' dir='ltr'><strong>in</strong></span> <span class='ocrx_word' id='word_1_307' title='bbox 976 2138 1139 2192; x_wconf 85' lang='lat' dir='ltr'><strong>altum</strong></span> <span class='ocrx_word' id='word_1_308' title='bbox 1180 2138 1361 2193; x_wconf 72' lang='lat' dir='ltr'><strong>swculi</strong></span> <span class='ocrx_word' id='word_1_309' title='bbox 1401 2138 1556 2208; x_wconf 81' lang='lat' dir='ltr'><strong>hujus</strong></span> <span class='ocrx_word' id='word_1_310' title='bbox 1593 2139 1669 2190; x_wconf 87' lang='lat' dir='ltr'><strong>ita</strong></span> <span class='ocrx_word' id='word_1_311' title='bbox 1708 2144 1889 2199; x_wconf 89' lang='lat' dir='ltr'><strong>natat,</strong></span> <span class='ocrx_word' id='word_1_312' title='bbox 1919 2142 1977 2187; x_wconf 90' lang='lat' dir='ltr'><strong>ut</strong></span> <span class='ocrx_word' id='word_1_313' title='bbox 2015 2142 2258 2203; x_wconf 81' lang='lat' dir='ltr'><strong>pereunte</strong></span> <span class='ocrx_word' id='word_1_314' title='bbox 2287 2128 2500 2195; x_wconf 79' lang='lat' dir='ltr'><strong>mundo,</strong></span> <span class='ocrx_word' id='word_1_315' title='bbox 2531 2146 2709 2184; x_wconf 89' lang='lat' dir='ltr'><strong>omnes</strong></span> <span class='ocrx_word' id='word_1_316' title='bbox 2746 2144 2870 2200; x_wconf 89' lang='lat' dir='ltr'><strong>quos</strong></span> <span class='ocrx_word' id='word_1_317' title='bbox 2911 2128 3127 2195; x_wconf 83' lang='lat' dir='ltr'><strong>suscipit</strong></span> <span class='ocrx_word' id='word_1_318' title='bbox 3166 2133 3332 2179; x_wconf 84' lang='lat' dir='ltr'><strong>servet</strong></span> <span class='ocrx_word' id='word_1_319' title='bbox 3356 2125 3571 2179; x_wconf 61' lang='lat' dir='ltr'><strong>illaesos.</strong></span> <span class='ocrx_word' id='word_1_320' title='bbox 3605 2124 3758 2193; x_wconf 82' lang='lat' dir='ltr'><strong>Cujus</strong></span> 
     </span>
    </p>
   </div>
   <div class='ocr_carea' id='block_1_23' title="bbox 471 2217 3761 2300">
    <p class='ocr_par' dir='ltr' id='par_1_23' title="bbox 471 2217 3761 2300">
     <span class='ocr_line' id='line_1_23' title="bbox 471 2217 3761 2300; baseline -0.004 -19"><span class='ocrx_word' id='word_1_321' title='bbox 471 2228 697 2299; x_wconf 68' lang='lat' dir='ltr'><strong>ﬁguram</strong></span> <span class='ocrx_word' id='word_1_322' title='bbox 709 2228 823 2298; x_wconf 81' lang='lat' dir='ltr'><strong>jam</strong></span> <span class='ocrx_word' id='word_1_323' title='bbox 846 2228 901 2280; x_wconf 81' lang='lat' dir='ltr'><strong>in</strong></span> <span class='ocrx_word' id='word_1_324' title='bbox 932 2224 1049 2300; x_wconf 87' lang='lat' dir='ltr'><strong>[cu]</strong></span> <span class='ocrx_word' id='word_1_325' title='bbox 1084 2226 1257 2282; x_wconf 86' lang='lat' dir='ltr'><strong>Veteri</strong></span> <span class='ocrx_word' id='word_1_326' title='bbox 1285 2226 1515 2281; x_wconf 86' lang='lat' dir='ltr'><strong>videmus</strong></span> <span class='ocrx_word' id='word_1_327' title='bbox 1539 2225 1887 2279; x_wconf 86' lang='lat' dir='ltr'><strong>Testamento.</strong></span> <span class='ocrx_word' id='word_1_328' title='bbox 1906 2224 2053 2277; x_wconf 87' lang='lat' dir='ltr'><strong>Sicut</strong></span> <span class='ocrx_word' id='word_1_329' title='bbox 2083 2224 2219 2276; x_wconf 90' lang='lat' dir='ltr'><strong>enim</strong></span> <span class='ocrx_word' id='word_1_330' title='bbox 2242 2220 2296 2275; x_wconf 88' lang='grc' dir='ltr'><strong><em>Ν</em></strong></span> <span class='ocrx_word' id='word_1_331' title='bbox 2301 2238 2361 2277; x_wconf 88' lang='lat' dir='ltr'><strong>oe</strong></span> <span class='ocrx_word' id='word_1_332' title='bbox 2390 2238 2533 2287; x_wconf 89' lang='lat' dir='ltr'><strong>arca,</strong></span> <span class='ocrx_word' id='word_1_333' title='bbox 2566 2221 2914 2291; x_wconf 74' lang='lat' dir='ltr'><strong>naufragante</strong></span> <span class='ocrx_word' id='word_1_334' title='bbox 2940 2217 3153 2281; x_wconf 88' lang='lat' dir='ltr'><strong>mundo,</strong></span> <span class='ocrx_word' id='word_1_335' title='bbox 3172 2226 3404 2280; x_wconf 89' lang='lat' dir='ltr'><strong>cunctos,</strong></span> <span class='ocrx_word' id='word_1_336' title='bbox 3436 2233 3561 2287; x_wconf 87' lang='lat' dir='ltr'><strong>quos</strong></span> <span class='ocrx_word' id='word_1_337' title='bbox 3592 2232 3761 2270; x_wconf 77' lang='lat' dir='ltr'><strong>suste-</strong></span> 
     </span>
    </p>
   </div>
   <div class='ocr_carea' id='block_1_24' title="bbox 471 2305 3759 2386">
    <p class='ocr_par' dir='ltr' id='par_1_24' title="bbox 471 2305 3759 2386">
     <span class='ocr_line' id='line_1_24' title="bbox 471 2305 3759 2386; baseline -0.005 -15"><span class='ocrx_word' id='word_1_338' title='bbox 471 2325 643 2386; x_wconf 81' lang='lat' dir='ltr'><strong>perat,</strong></span> <span class='ocrx_word' id='word_1_339' title='bbox 670 2307 952 2370; x_wconf 68' lang='lat' dir='ltr'><strong>incolumes</strong></span> <span class='ocrx_word' id='word_1_340' title='bbox 993 2316 1306 2380; x_wconf 86' lang='lat' dir='ltr'><strong>reservavit;</strong></span> <span class='ocrx_word' id='word_1_341' title='bbox 1344 2315 1418 2368; x_wconf 88' lang='lat' dir='ltr'><strong>ita</strong></span> <span class='ocrx_word' id='word_1_342' title='bbox 1452 2324 1501 2369; x_wconf 89' lang='lat' dir='ltr'><strong>et</strong></span> <span class='ocrx_word' id='word_1_343' title='bbox 1539 2312 1688 2368; x_wconf 87' lang='lat' dir='ltr'><strong>Petri</strong></span> <span class='ocrx_word' id='word_1_344' title='bbox 1714 2311 1983 2376; x_wconf 85' lang='lat' dir='ltr'><strong>Ecclesia,</strong></span> <span class='ocrx_word' id='word_1_345' title='bbox 2019 2311 2382 2380; x_wconf 80' lang='lat' dir='ltr'><strong>conﬂagrante</strong></span> <span class='ocrx_word' id='word_1_346' title='bbox 2408 2308 2617 2374; x_wconf 82' lang='lat' dir='ltr'><strong>steculo,</strong></span> <span class='ocrx_word' id='word_1_347' title='bbox 2651 2322 2833 2361; x_wconf 87' lang='lat' dir='ltr'><strong>onmes</strong></span> <span class='ocrx_word' id='word_1_348' title='bbox 2862 2321 2988 2375; x_wconf 89' lang='lat' dir='ltr'><strong>quos</strong></span> <span class='ocrx_word' id='word_1_349' title='bbox 3017 2305 3347 2373; x_wconf 87' lang='lat' dir='ltr'><strong>amplectitur</strong></span> <span class='ocrx_word' id='word_1_350' title='bbox 3376 2306 3759 2373; x_wconf 66' lang='lat' dir='ltr'><strong>representabit</strong></span> 
     </span>
    </p>
   </div>
   <div class='ocr_carea' id='block_1_25' title="bbox 470 2395 3758 2473">
    <p class='ocr_par' dir='ltr' id='par_1_25' title="bbox 470 2395 3758 2473">
     <span class='ocr_line' id='line_1_25' title="bbox 470 2395 3758 2473; baseline -0.005 -9"><span class='ocrx_word' id='word_1_351' title='bbox 470 2408 689 2473; x_wconf 74' lang='lat' dir='ltr'><strong>illcsos,</strong></span> <span class='ocrx_word' id='word_1_352' title='bbox 732 2415 781 2461; x_wconf 84' lang='lat' dir='ltr'><strong>et</strong></span> <span class='ocrx_word' id='word_1_353' title='bbox 811 2408 964 2469; x_wconf 85' lang='lat' dir='ltr'><strong>sicut,</strong></span> <span class='ocrx_word' id='word_1_354' title='bbox 1006 2414 1130 2459; x_wconf 87' lang='lat' dir='ltr'><strong>tunc</strong></span> <span class='ocrx_word' id='word_1_355' title='bbox 1159 2413 1428 2459; x_wconf 89' lang='lat' dir='ltr'><strong>transacto</strong></span> <span class='ocrx_word' id='word_1_356' title='bbox 1458 2403 1669 2468; x_wconf 81' lang='lat' dir='ltr'><strong>diluvio,</strong></span> <span class='ocrx_word' id='word_1_357' title='bbox 1704 2402 1775 2457; x_wconf 87' lang='lat' dir='ltr'><strong>ad</strong></span> <span class='ocrx_word' id='word_1_358' title='bbox 1808 2418 1987 2455; x_wconf 90' lang='lat' dir='ltr'><strong>arcam</strong></span> <span class='ocrx_word' id='word_1_359' title='bbox 2018 2398 2135 2453; x_wconf 80' lang='lat' dir='ltr'><strong>Noe</strong></span> <span class='ocrx_word' id='word_1_360' title='bbox 2166 2398 2404 2453; x_wconf 75' lang='lat' dir='ltr'><strong>columba</strong></span> <span class='ocrx_word' id='word_1_361' title='bbox 2425 2399 2632 2469; x_wconf 88' lang='lat' dir='ltr'><strong>signum</strong></span> <span class='ocrx_word' id='word_1_362' title='bbox 2660 2397 2806 2467; x_wconf 86' lang='lat' dir='ltr'><strong>pacis</strong></span> <span class='ocrx_word' id='word_1_363' title='bbox 2830 2395 3041 2458; x_wconf 84' lang='lat' dir='ltr'><strong>detulit;</strong></span> <span class='ocrx_word' id='word_1_364' title='bbox 3076 2396 3150 2447; x_wconf 88' lang='lat' dir='ltr'><strong>ita</strong></span> <span class='ocrx_word' id='word_1_365' title='bbox 3178 2404 3229 2447; x_wconf 90' lang='lat' dir='ltr'><strong>et</strong></span> <span class='ocrx_word' id='word_1_366' title='bbox 3258 2403 3521 2448; x_wconf 87' lang='lat' dir='ltr'><strong>transacto</strong></span> <span class='ocrx_word' id='word_1_367' title='bbox 3542 2395 3758 2465; x_wconf 81' lang='lat' dir='ltr'><strong>judicio,</strong></span> 
     </span>
    </p>
   </div>
   <div class='ocr_carea' id='block_1_26' title="bbox 473 2484 3763 2567">
    <p class='ocr_par' dir='ltr' id='par_1_26' title="bbox 473 2484 3763 2567">
     <span class='ocr_line' id='line_1_26' title="bbox 473 2484 3763 2567; baseline -0.004 -14"><span class='ocrx_word' id='word_1_368' title='bbox 473 2498 547 2553; x_wconf 82' lang='lat' dir='ltr'><strong>ad</strong></span> <span class='ocrx_word' id='word_1_369' title='bbox 573 2496 867 2554; x_wconf 75' lang='lat' dir='ltr'><strong>Ecclesium</strong></span> <span class='ocrx_word' id='word_1_370' title='bbox 894 2495 1041 2567; x_wconf 84' lang='lat' dir='ltr'><strong>Petri</strong></span> <span class='ocrx_word' id='word_1_371' title='bbox 1069 2495 1306 2550; x_wconf 83' lang='lat' dir='ltr'><strong>Christus</strong></span> <span class='ocrx_word' id='word_1_372' title='bbox 1334 2494 1477 2565; x_wconf 88' lang='lat' dir='ltr'><strong>pacis</strong></span> <span class='ocrx_word' id='word_1_373' title='bbox 1504 2493 1751 2564; x_wconf 88' lang='lat' dir='ltr'><strong>gaudium</strong></span> <span class='ocrx_word' id='word_1_374' title='bbox 1777 2491 1961 2563; x_wconf 72' lang='lat' dir='ltr'><strong>defert.</strong></span> <span class='ocrx_word' id='word_1_375' title='bbox 1994 2491 2172 2559; x_wconf 82' lang='lat' dir='ltr'><strong>Atque</strong></span> <span class='ocrx_word' id='word_1_376' title='bbox 2199 2488 2599 2558; x_wconf 85' lang='lat' dir='ltr'><strong>Scripturarum</strong></span> <span class='ocrx_word' id='word_1_377' title='bbox 2626 2485 2843 2554; x_wconf 88' lang='lat' dir='ltr'><strong>quidem</strong></span> <span class='ocrx_word' id='word_1_378' title='bbox 2870 2484 3191 2539; x_wconf 84' lang='lat' dir='ltr'><strong>auctoritate</strong></span> <span class='ocrx_word' id='word_1_379' title='bbox 3219 2485 3430 2539; x_wconf 86' lang='lat' dir='ltr'><strong>ostendi</strong></span> <span class='ocrx_word' id='word_1_380' title='bbox 3455 2494 3656 2555; x_wconf 85' lang='lat' dir='ltr'><strong>potest,</strong></span> <span class='ocrx_word' id='word_1_381' title='bbox 3687 2502 3763 2546; x_wconf 74' lang='lat' dir='ltr'><strong>ar.</strong></span> 
     </span>
    </p>
   </div>
   <div class='ocr_carea' id='block_1_27' title="bbox 474 2567 3763 2657">
    <p class='ocr_par' dir='ltr' id='par_1_27' title="bbox 474 2567 3763 2657">
     <span class='ocr_line' id='line_1_27' title="bbox 474 2567 3763 2657; baseline -0.005 -11"><span class='ocrx_word' id='word_1_382' title='bbox 474 2590 597 2646; x_wconf 75' lang='lat' dir='ltr'><strong>eam</strong></span> <span class='ocrx_word' id='word_1_383' title='bbox 634 2586 826 2644; x_wconf 83' lang='lat' dir='ltr'><strong>Noemi</strong></span> <span class='ocrx_word' id='word_1_384' title='bbox 866 2586 1029 2642; x_wconf 80' lang='lat' dir='ltr'><strong>fuisse</strong></span> <span class='ocrx_word' id='word_1_385' title='bbox 1056 2585 1313 2642; x_wconf 69' lang='lat' dir='ltr'><strong>Ecclesiae</strong></span> <span class='ocrx_word' id='word_1_386' title='bbox 1339 2584 1639 2657; x_wconf 85' lang='lat' dir='ltr'><strong>symbolum</strong></span> <span class='ocrx_word' id='word_1_387' title='bbox 1671 2567 1767 2638; x_wconf 87' lang='lat' dir='ltr'><strong>seu</strong></span> <span class='ocrx_word' id='word_1_388' title='bbox 1807 2580 2052 2652; x_wconf 77' lang='lat' dir='ltr'><strong>ﬁguram.</strong></span> <span class='ocrx_word' id='word_1_389' title='bbox 2086 2581 2219 2636; x_wconf 84' lang='lat' dir='ltr'><strong>Vide</strong></span> <span class='ocrx_word' id='word_1_390' title='bbox 2250 2578 2548 2650; x_wconf 87' lang='lat' dir='ltr'><strong>Epistolam</strong></span> <span class='ocrx_word' id='word_1_391' title='bbox 2586 2578 2823 2648; x_wconf 87' lang='lat' dir='ltr'><strong>priorem</strong></span> <span class='ocrx_word' id='word_1_392' title='bbox 2853 2577 3024 2631; x_wconf 87' lang='lat' dir='ltr'><strong>sancti</strong></span> <span class='ocrx_word' id='word_1_393' title='bbox 3054 2574 3220 2641; x_wconf 70' lang='lat' dir='ltr'><strong>Putri,</strong></span> <span class='ocrx_word' id='word_1_394' title='bbox 3251 2592 3371 2646; x_wconf 84' lang='lat' dir='ltr'><strong>cap.</strong></span> <span class='ocrx_word' id='word_1_395' title='bbox 3404 2594 3499 2642; x_wconf 87' lang='grc' dir='ltr'>ιιι,</span> <span class='ocrx_word' id='word_1_396' title='bbox 3528 2593 3670 2632; x_wconf 83' lang='lat' dir='ltr'><strong>vers.</strong></span> <span class='ocrx_word' id='word_1_397' title='bbox 3697 2576 3763 2630; x_wconf 83' lang='lat'><strong>20</strong></span> 
     </span>
    </p>
   </div>
   <div class='ocr_carea' id='block_1_28' title="bbox 473 2666 3762 2750">
    <p class='ocr_par' dir='ltr' id='par_1_28' title="bbox 473 2666 3762 2750">
     <span class='ocr_line' id='line_1_28' title="bbox 473 2666 3762 2750; baseline -0.003 -17"><span class='ocrx_word' id='word_1_398' title='bbox 473 2694 591 2750; x_wconf 83' lang='lat' dir='ltr'><strong>seq.</strong></span> <span class='ocrx_word' id='word_1_399' title='bbox 618 2677 839 2734; x_wconf 83' lang='lat' dir='ltr'><strong>Patrum</strong></span> <span class='ocrx_word' id='word_1_400' title='bbox 866 2687 1070 2745; x_wconf 79' lang='lat' dir='ltr'><strong>autem,</strong></span> <span class='ocrx_word' id='word_1_401' title='bbox 1101 2679 1195 2748; x_wconf 90' lang='lat' dir='ltr'><strong>qui</strong></span> <span class='ocrx_word' id='word_1_402' title='bbox 1225 2678 1367 2733; x_wconf 91' lang='lat' dir='ltr'><strong>idem</strong></span> <span class='ocrx_word' id='word_1_403' title='bbox 1399 2679 1572 2747; x_wconf 87' lang='lat' dir='ltr'><strong>ipsum</strong></span> <span class='ocrx_word' id='word_1_404' title='bbox 1601 2674 1987 2739; x_wconf 78' lang='lat' dir='ltr'><strong>conﬁrmarint,</strong></span> <span class='ocrx_word' id='word_1_405' title='bbox 2020 2673 2413 2727; x_wconf 83' lang='lat' dir='ltr'><strong>vetustissimus</strong></span> <span class='ocrx_word' id='word_1_406' title='bbox 2456 2670 2699 2725; x_wconf 80' lang='lat' dir='ltr'><strong>Justinus</strong></span> <span class='ocrx_word' id='word_1_407' title='bbox 2726 2676 2931 2740; x_wconf 83' lang='lat' dir='ltr'><strong>martyr</strong></span> <span class='ocrx_word' id='word_1_408' title='bbox 2956 2667 3075 2721; x_wconf 82' lang='lat' dir='ltr'><strong>fuit.</strong></span> <span class='ocrx_word' id='word_1_409' title='bbox 3122 2666 3321 2722; x_wconf 79' lang='lat' dir='ltr'><strong>Confer</strong></span> <span class='ocrx_word' id='word_1_410' title='bbox 3346 2669 3463 2731; x_wconf 88' lang='lat' dir='ltr'><strong>ejus</strong></span> <span class='ocrx_word' id='word_1_411' title='bbox 3488 2668 3762 2740; x_wconf 79' lang='lat' dir='ltr'><strong>Dialogunt</strong></span> 
     </span>
    </p>
   </div>
   <div class='ocr_carea' id='block_1_29' title="bbox 472 2757 3759 2844">
    <p class='ocr_par' dir='ltr' id='par_1_29' title="bbox 472 2757 3759 2844">
     <span class='ocr_line' id='line_1_29' title="bbox 472 2757 3759 2844; baseline -0.004 -18"><span class='ocrx_word' id='word_1_412' title='bbox 472 2788 594 2827; x_wconf 87' lang='lat' dir='ltr'><strong>cum</strong></span> <span class='ocrx_word' id='word_1_413' title='bbox 624 2770 899 2844; x_wconf 74' lang='lat' dir='ltr'><strong>Tryphone</strong></span> <span class='ocrx_word' id='word_1_414' title='bbox 926 2787 1073 2826; x_wconf 85' lang='lat' dir='ltr'><strong>num.</strong></span> <span class='ocrx_word' id='word_1_415' title='bbox 1101 2770 1191 2835; x_wconf 87' lang='lat'><strong>88,</strong></span> <span class='ocrx_word' id='word_1_416' title='bbox 1221 2784 1344 2839; x_wconf 85' lang='lat' dir='ltr'><strong>pag.</strong></span> <span class='ocrx_word' id='word_1_417' title='bbox 1374 2767 1480 2822; x_wconf 82' lang='grc'><strong>242</strong></span> <span class='ocrx_word' id='word_1_418' title='bbox 1506 2768 1635 2823; x_wconf 87' lang='lat' dir='ltr'><strong>edit.</strong></span> <span class='ocrx_word' id='word_1_419' title='bbox 1659 2766 1848 2823; x_wconf 83' lang='lat' dir='ltr'><strong>Venet.</strong></span> <span class='ocrx_word' id='word_1_420' title='bbox 1878 2781 1966 2821; x_wconf 90' lang='lat' dir='ltr'><strong>an.</strong></span> <span class='ocrx_word' id='word_1_421' title='bbox 2001 2764 2158 2819; x_wconf 89' lang='grc'>1747.</span> <span class='ocrx_word' id='word_1_422' title='bbox 2192 2763 2347 2818; x_wconf 85' lang='lat' dir='ltr'><strong>Hunc</strong></span> <span class='ocrx_word' id='word_1_423' title='bbox 2366 2771 2450 2817; x_wconf 88' lang='lat' dir='ltr'><strong>est</strong></span> <span class='ocrx_word' id='word_1_424' title='bbox 2476 2769 2693 2817; x_wconf 86' lang='lat' dir='ltr'><strong>secutus</strong></span> <span class='ocrx_word' id='word_1_425' title='bbox 2721 2758 3101 2823; x_wconf 84' lang='lat' dir='ltr'><strong>Tertullianus,</strong></span> <span class='ocrx_word' id='word_1_426' title='bbox 3130 2758 3222 2827; x_wconf 88' lang='lat' dir='ltr'><strong>qui</strong></span> <span class='ocrx_word' id='word_1_427' title='bbox 3254 2757 3348 2813; x_wconf 88' lang='lat' dir='ltr'><strong>lib.</strong></span> <span class='ocrx_word' id='word_1_428' title='bbox 3379 2759 3441 2812; x_wconf 86' lang='lat' dir='ltr'><strong>de</strong></span> <span class='ocrx_word' id='word_1_429' title='bbox 3472 2758 3759 2827; x_wconf 82' lang='lat' dir='ltr'><strong>Baptismo,</strong></span> 
     </span>
    </p>
   </div>
   <div class='ocr_carea' id='block_1_30' title="bbox 478 2849 3763 2934">
    <p class='ocr_par' dir='ltr' id='par_1_30' title="bbox 478 2849 3763 2934">
     <span class='ocr_line' id='line_1_30' title="bbox 478 2849 3763 2934; baseline -0.005 -14"><span class='ocrx_word' id='word_1_430' title='bbox 478 2879 601 2933; x_wconf 87' lang='lat' dir='ltr'><strong>cap.</strong></span> <span class='ocrx_word' id='word_1_431' title='bbox 630 2864 685 2930; x_wconf 90' lang='lat'><strong>8,</strong></span> <span class='ocrx_word' id='word_1_432' title='bbox 728 2877 851 2934; x_wconf 92' lang='lat' dir='ltr'><strong>pag.</strong></span> <span class='ocrx_word' id='word_1_433' title='bbox 880 2861 986 2915; x_wconf 90' lang='lat'><strong>227</strong></span> <span class='ocrx_word' id='word_1_434' title='bbox 1016 2861 1146 2916; x_wconf 88' lang='lat' dir='ltr'><strong>edit.</strong></span> <span class='ocrx_word' id='word_1_435' title='bbox 1179 2860 1399 2915; x_wconf 70' lang='lat' dir='ltr'><strong>Veneta:</strong></span> <span class='ocrx_word' id='word_1_436' title='bbox 1424 2874 1515 2913; x_wconf 88' lang='lat' dir='ltr'><strong>an.</strong></span> <span class='ocrx_word' id='word_1_437' title='bbox 1548 2856 1708 2923; x_wconf 79' lang='grc'>1744,</span> <span class='ocrx_word' id='word_1_438' title='bbox 1741 2854 2205 2921; x_wconf 84' lang='lat' dir='ltr'><strong>Quemadmodum,</strong></span> <span class='ocrx_word' id='word_1_439' title='bbox 2238 2856 2441 2924; x_wconf 89' lang='lat' dir='ltr'><strong>inquit,</strong></span> <span class='ocrx_word' id='word_1_440' title='bbox 2473 2862 2589 2925; x_wconf 89' lang='lat' dir='ltr'><strong>post</strong></span> <span class='ocrx_word' id='word_1_441' title='bbox 2627 2868 2789 2924; x_wconf 86' lang='lat' dir='ltr'><strong>aquas</strong></span> <span class='ocrx_word' id='word_1_442' title='bbox 2829 2851 3029 2916; x_wconf 78' lang='lat' dir='ltr'><strong>diluvii,</strong></span> <span class='ocrx_word' id='word_1_443' title='bbox 3058 2849 3240 2921; x_wconf 83' lang='lat' dir='ltr'><strong>quibus</strong></span> <span class='ocrx_word' id='word_1_444' title='bbox 3274 2852 3521 2923; x_wconf 82' lang='lat' dir='ltr'><strong>iniquitas</strong></span> <span class='ocrx_word' id='word_1_445' title='bbox 3549 2854 3763 2924; x_wconf 82' lang='lat' dir='ltr'><strong>antiqua</strong></span> 
     </span>
    </p>
   </div>
   <div class='ocr_carea' id='block_1_31' title="bbox 474 2941 3764 3024">
    <p class='ocr_par' dir='ltr' id='par_1_31' title="bbox 474 2941 3764 3024">
     <span class='ocr_line' id='line_1_31' title="bbox 474 2941 3764 3024; baseline -0.003 -18"><span class='ocrx_word' id='word_1_446' title='bbox 474 2964 701 3024; x_wconf 88' lang='lat' dir='ltr'><strong>purgata</strong></span> <span class='ocrx_word' id='word_1_447' title='bbox 742 2961 841 3015; x_wconf 85' lang='lat' dir='ltr'><strong>est,</strong></span> <span class='ocrx_word' id='word_1_448' title='bbox 884 2962 1002 3023; x_wconf 88' lang='lat' dir='ltr'><strong>post</strong></span> <span class='ocrx_word' id='word_1_449' title='bbox 1041 2952 1353 3021; x_wconf 85' lang='lat' dir='ltr'><strong>baptismum</strong></span> <span class='ocrx_word' id='word_1_450' title='bbox 1382 2949 1459 3020; x_wconf 91' lang='lat' dir='ltr'><strong>(ut</strong></span> <span class='ocrx_word' id='word_1_451' title='bbox 1485 2949 1561 3002; x_wconf 91' lang='lat' dir='ltr'><strong>ita</strong></span> <span class='ocrx_word' id='word_1_452' title='bbox 1590 2947 1834 3018; x_wconf 84' lang='lat' dir='ltr'><strong>dixerim)</strong></span> <span class='ocrx_word' id='word_1_453' title='bbox 1864 2948 2064 3012; x_wconf 90' lang='lat' dir='ltr'><strong>mundi,</strong></span> <span class='ocrx_word' id='word_1_454' title='bbox 2094 2963 2275 3018; x_wconf 80' lang='lat' dir='ltr'><strong>pacem</strong></span> <span class='ocrx_word' id='word_1_455' title='bbox 2312 2945 2531 3000; x_wconf 79' lang='lat' dir='ltr'><strong>cwlestis</strong></span> <span class='ocrx_word' id='word_1_456' title='bbox 2558 2945 2651 2998; x_wconf 75' lang='lat' dir='ltr'><strong>ira:</strong></span> <span class='ocrx_word' id='word_1_457' title='bbox 2673 2958 2841 3015; x_wconf 74' lang='lat' dir='ltr'><strong>praeco</strong></span> <span class='ocrx_word' id='word_1_458' title='bbox 2865 2941 3102 2997; x_wconf 88' lang='lat' dir='ltr'><strong>columba</strong></span> <span class='ocrx_word' id='word_1_459' title='bbox 3134 2942 3285 2996; x_wconf 90' lang='lat' dir='ltr'><strong>terris</strong></span> <span class='ocrx_word' id='word_1_460' title='bbox 3314 2944 3642 2997; x_wconf 87' lang='lat' dir='ltr'><strong>annuntiavit</strong></span> <span class='ocrx_word' id='word_1_461' title='bbox 3677 2944 3764 2997; x_wconf 79' lang='lat' dir='ltr'><strong>de-</strong></span> 
     </span>
    </p>
   </div>
   <div class='ocr_carea' id='block_1_32' title="bbox 476 3035 3765 3111">
    <p class='ocr_par' dir='ltr' id='par_1_32' title="bbox 476 3035 3765 3111">
     <span class='ocr_line' id='line_1_32' title="bbox 476 3035 3765 3111; baseline -0.002 -13"><span class='ocrx_word' id='word_1_462' title='bbox 476 3044 641 3098; x_wconf 77' lang='lat' dir='ltr'><strong>missa</strong></span> <span class='ocrx_word' id='word_1_463' title='bbox 668 3059 735 3098; x_wconf 77' lang='lat' dir='ltr'><strong>ex</strong></span> <span class='ocrx_word' id='word_1_464' title='bbox 761 3060 909 3108; x_wconf 91' lang='lat' dir='ltr'><strong>arca,</strong></span> <span class='ocrx_word' id='word_1_465' title='bbox 940 3051 989 3096; x_wconf 90' lang='lat' dir='ltr'><strong>et</strong></span> <span class='ocrx_word' id='word_1_466' title='bbox 1029 3057 1144 3097; x_wconf 86' lang='lat' dir='ltr'><strong>cum</strong></span> <span class='ocrx_word' id='word_1_467' title='bbox 1172 3040 1289 3096; x_wconf 82' lang='lat' dir='ltr'><strong>olea</strong></span> <span class='ocrx_word' id='word_1_468' title='bbox 1317 3056 1521 3095; x_wconf 88' lang='lat' dir='ltr'><strong>reversa</strong></span> <span class='ocrx_word' id='word_1_469' title='bbox 1549 3054 1569 3095; x_wconf 89' lang='lat'><strong><em>:</em></strong></span> <span class='ocrx_word' id='word_1_470' title='bbox 1597 3038 1733 3109; x_wconf 80' lang='lat' dir='ltr'><strong>quod</strong></span> <span class='ocrx_word' id='word_1_471' title='bbox 1761 3040 1964 3111; x_wconf 89' lang='lat' dir='ltr'><strong>signum</strong></span> <span class='ocrx_word' id='word_1_472' title='bbox 1992 3040 2151 3092; x_wconf 89' lang='lat' dir='ltr'><strong>etiam</strong></span> <span class='ocrx_word' id='word_1_473' title='bbox 2179 3037 2320 3109; x_wconf 89' lang='lat' dir='ltr'><strong>apud</strong></span> <span class='ocrx_word' id='word_1_474' title='bbox 2348 3038 2585 3092; x_wconf 89' lang='lat' dir='ltr'><strong>nationes</strong></span> <span class='ocrx_word' id='word_1_475' title='bbox 2614 3037 2761 3107; x_wconf 90' lang='lat' dir='ltr'><strong>pacis</strong></span> <span class='ocrx_word' id='word_1_476' title='bbox 2790 3035 3161 3106; x_wconf 65' lang='lat' dir='ltr'><strong>praetenditur;</strong></span> <span class='ocrx_word' id='word_1_477' title='bbox 3203 3036 3385 3089; x_wconf 89' lang='lat' dir='ltr'><strong>eadem</strong></span> <span class='ocrx_word' id='word_1_478' title='bbox 3425 3035 3765 3106; x_wconf 87' lang='lat' dir='ltr'><strong>dispositione</strong></span> 
     </span>
    </p>
   </div>
   <div class='ocr_carea' id='block_1_33' title="bbox 476 3128 3765 3206">
    <p class='ocr_par' dir='ltr' id='par_1_33' title="bbox 476 3128 3765 3206">
     <span class='ocr_line' id='line_1_33' title="bbox 476 3128 3765 3206; baseline -0.002 -15"><span class='ocrx_word' id='word_1_479' title='bbox 476 3135 731 3206; x_wconf 84' lang='lat' dir='ltr'><strong>spiritalis</strong></span> <span class='ocrx_word' id='word_1_480' title='bbox 760 3136 994 3205; x_wconf 77' lang='lat' dir='ltr'><strong>effectus,</strong></span> <span class='ocrx_word' id='word_1_481' title='bbox 1029 3144 1201 3197; x_wconf 71' lang='lat' dir='ltr'><strong>terra,</strong></span> <span class='ocrx_word' id='word_1_482' title='bbox 1234 3133 1288 3187; x_wconf 88' lang='lat' dir='ltr'><strong>id</strong></span> <span class='ocrx_word' id='word_1_483' title='bbox 1313 3146 1389 3189; x_wconf 92' lang='lat' dir='ltr'><strong>est</strong></span> <span class='ocrx_word' id='word_1_484' title='bbox 1416 3136 1563 3189; x_wconf 86' lang='lat' dir='ltr'><strong>carni</strong></span> <span class='ocrx_word' id='word_1_485' title='bbox 1585 3142 1798 3199; x_wconf 71' lang='lat' dir='ltr'><strong>nostrae,</strong></span> <span class='ocrx_word' id='word_1_486' title='bbox 1827 3129 2109 3205; x_wconf 82' lang='lat' dir='ltr'><strong>emergenti</strong></span> <span class='ocrx_word' id='word_1_487' title='bbox 2136 3133 2199 3187; x_wconf 88' lang='lat' dir='ltr'><strong>de</strong></span> <span class='ocrx_word' id='word_1_488' title='bbox 2228 3133 2454 3196; x_wconf 85' lang='lat' dir='ltr'><strong>lavacro,</strong></span> <span class='ocrx_word' id='word_1_489' title='bbox 2486 3137 2602 3200; x_wconf 88' lang='lat' dir='ltr'><strong>post</strong></span> <span class='ocrx_word' id='word_1_490' title='bbox 2632 3139 2801 3183; x_wconf 84' lang='lat' dir='ltr'><strong>vetera</strong></span> <span class='ocrx_word' id='word_1_491' title='bbox 2829 3128 3041 3195; x_wconf 87' lang='lat' dir='ltr'><strong>delicta,</strong></span> <span class='ocrx_word' id='word_1_492' title='bbox 3074 3128 3308 3183; x_wconf 88' lang='lat' dir='ltr'><strong>columba</strong></span> <span class='ocrx_word' id='word_1_493' title='bbox 3336 3130 3505 3182; x_wconf 89' lang='lat' dir='ltr'><strong>sancti</strong></span> <span class='ocrx_word' id='word_1_494' title='bbox 3535 3129 3765 3199; x_wconf 83' lang='lat' dir='ltr'><strong>Spiritus</strong></span> 
     </span>
    </p>
   </div>
   <div class='ocr_carea' id='block_1_34' title="bbox 476 3221 3761 3295">
    <p class='ocr_par' dir='ltr' id='par_1_34' title="bbox 476 3221 3761 3295">
     <span class='ocr_line' id='line_1_34' title="bbox 476 3221 3761 3295; baseline -0.001 -16"><span class='ocrx_word' id='word_1_495' title='bbox 476 3224 705 3290; x_wconf 88' lang='lat' dir='ltr'><strong>advolat,</strong></span> <span class='ocrx_word' id='word_1_496' title='bbox 733 3242 912 3295; x_wconf 89' lang='lat' dir='ltr'><strong>pacem</strong></span> <span class='ocrx_word' id='word_1_497' title='bbox 932 3224 1033 3281; x_wconf 86' lang='lat' dir='ltr'><strong>Dei</strong></span> <span class='ocrx_word' id='word_1_498' title='bbox 1056 3226 1303 3295; x_wconf 68' lang='lat' dir='ltr'><strong>aﬁ&#39;erens,</strong></span> <span class='ocrx_word' id='word_1_499' title='bbox 1332 3228 1522 3281; x_wconf 87' lang='lat' dir='ltr'><strong>emissa</strong></span> <span class='ocrx_word' id='word_1_500' title='bbox 1549 3227 1613 3280; x_wconf 89' lang='lat' dir='ltr'><strong>de</strong></span> <span class='ocrx_word' id='word_1_501' title='bbox 1642 3225 1799 3291; x_wconf 73' lang='lat' dir='ltr'><strong>caelis,</strong></span> <span class='ocrx_word' id='word_1_502' title='bbox 1831 3225 1916 3279; x_wconf 89' lang='lat' dir='ltr'><strong>ubi</strong></span> <span class='ocrx_word' id='word_1_503' title='bbox 1945 3226 2204 3282; x_wconf 76' lang='lat' dir='ltr'><strong>ECCLESIA</strong></span> <span class='ocrx_word' id='word_1_504' title='bbox 2228 3242 2325 3281; x_wconf 72' lang='grc' dir='ltr'><strong>εει·</strong></span> <span class='ocrx_word' id='word_1_505' title='bbox 2352 3242 2492 3281; x_wconf 68' lang='lat' dir='ltr'><strong>suos</strong></span> <span class='ocrx_word' id='word_1_506' title='bbox 2520 3240 2801 3281; x_wconf 62' lang='lat' dir='ltr'><strong>meum“.</strong></span> <span class='ocrx_word' id='word_1_507' title='bbox 2828 3224 3186 3279; x_wconf 90' lang='lat' dir='ltr'><strong>Consentiunt</strong></span> <span class='ocrx_word' id='word_1_508' title='bbox 3215 3229 3432 3278; x_wconf 86' lang='lat' dir='ltr'><strong>sanctus</strong></span> <span class='ocrx_word' id='word_1_509' title='bbox 3458 3221 3761 3295; x_wconf 85' lang='lat' dir='ltr'><strong>Cyprianus</strong></span> 
     </span>
    </p>
   </div>
   <div class='ocr_carea' id='block_1_35' title="bbox 479 3313 3763 3389">
    <p class='ocr_par' dir='ltr' id='par_1_35' title="bbox 479 3313 3763 3389">
     <span class='ocr_line' id='line_1_35' title="bbox 479 3313 3763 3389; baseline -0.001 -20"><span class='ocrx_word' id='word_1_510' title='bbox 479 3314 573 3369; x_wconf 87' lang='lat' dir='ltr'><strong>lib.</strong></span> <span class='ocrx_word' id='word_1_511' title='bbox 608 3313 675 3369; x_wconf 89' lang='lat' dir='ltr'><strong>de</strong></span> <span class='ocrx_word' id='word_1_512' title='bbox 707 3313 917 3369; x_wconf 79' lang='lat' dir='ltr'><strong>Unitate</strong></span> <span class='ocrx_word' id='word_1_513' title='bbox 953 3314 1225 3383; x_wconf 68' lang='lat' dir='ltr'><strong>Ecclesia,</strong></span> <span class='ocrx_word' id='word_1_514' title='bbox 1258 3330 1379 3387; x_wconf 89' lang='lat' dir='ltr'><strong>pag.</strong></span> <span class='ocrx_word' id='word_1_515' title='bbox 1412 3315 1513 3371; x_wconf 99' lang='lat'><strong>109</strong></span> <span class='ocrx_word' id='word_1_516' title='bbox 1542 3316 1671 3371; x_wconf 90' lang='lat' dir='ltr'><strong>edit.</strong></span> <span class='ocrx_word' id='word_1_517' title='bbox 1700 3314 1873 3371; x_wconf 83' lang='lat' dir='ltr'><strong>Oxon.</strong></span> <span class='ocrx_word' id='word_1_518' title='bbox 1911 3332 1999 3371; x_wconf 90' lang='lat' dir='ltr'><strong>an.</strong></span> <span class='ocrx_word' id='word_1_519' title='bbox 2026 3316 2183 3382; x_wconf 85' lang='lat'><strong>1682,</strong></span> <span class='ocrx_word' id='word_1_520' title='bbox 2208 3318 2299 3372; x_wconf 93' lang='lat' dir='ltr'><strong>ubi</strong></span> <span class='ocrx_word' id='word_1_521' title='bbox 2338 3335 2351 3371; x_wconf 90' lang='lat'><strong>:</strong></span> <span class='ocrx_word' id='word_1_522' title='bbox 2386 3317 2447 3371; x_wconf 83' lang='lat' dir='ltr'><strong>Si</strong></span> <span class='ocrx_word' id='word_1_523' title='bbox 2477 3319 2662 3387; x_wconf 86' lang='lat' dir='ltr'><strong>potuit,</strong></span> <span class='ocrx_word' id='word_1_524' title='bbox 2696 3315 2884 3384; x_wconf 90' lang='lat' dir='ltr'><strong>inquit,</strong></span> <span class='ocrx_word' id='word_1_525' title='bbox 2934 3314 3151 3370; x_wconf 83' lang='lat' dir='ltr'><strong>evadere</strong></span> <span class='ocrx_word' id='word_1_526' title='bbox 3177 3318 3467 3389; x_wconf 85' lang='lat' dir='ltr'><strong>quisquam,</strong></span> <span class='ocrx_word' id='word_1_527' title='bbox 3498 3318 3585 3389; x_wconf 84' lang='lat' dir='ltr'><strong>qui</strong></span> <span class='ocrx_word' id='word_1_528' title='bbox 3612 3327 3763 3369; x_wconf 84' lang='lat' dir='ltr'><strong>extra</strong></span> 
     </span>
    </p>
   </div>
   <div class='ocr_carea' id='block_1_36' title="bbox 477 3403 3764 3479">
    <p class='ocr_par' dir='ltr' id='par_1_36' title="bbox 477 3403 3764 3479">
     <span class='ocr_line' id='line_1_36' title="bbox 477 3403 3764 3479; baseline 0 -19"><span class='ocrx_word' id='word_1_529' title='bbox 477 3422 660 3460; x_wconf 87' lang='lat' dir='ltr'><strong>arcam</strong></span> <span class='ocrx_word' id='word_1_530' title='bbox 692 3403 811 3461; x_wconf 89' lang='lat' dir='ltr'><strong>Noe</strong></span> <span class='ocrx_word' id='word_1_531' title='bbox 839 3407 969 3478; x_wconf 78' lang='lat' dir='ltr'><strong>fuit;</strong></span> <span class='ocrx_word' id='word_1_532' title='bbox 1003 3416 1052 3460; x_wconf 89' lang='lat' dir='ltr'><strong>et</strong></span> <span class='ocrx_word' id='word_1_533' title='bbox 1072 3409 1161 3478; x_wconf 89' lang='lat' dir='ltr'><strong>qui</strong></span> <span class='ocrx_word' id='word_1_534' title='bbox 1189 3417 1336 3461; x_wconf 85' lang='lat' dir='ltr'><strong>extra</strong></span> <span class='ocrx_word' id='word_1_535' title='bbox 1364 3406 1660 3461; x_wconf 82' lang='lat' dir='ltr'><strong>Ecclesium</strong></span> <span class='ocrx_word' id='word_1_536' title='bbox 1689 3410 1818 3478; x_wconf 79' lang='lat' dir='ltr'><strong>foris</strong></span> <span class='ocrx_word' id='word_1_537' title='bbox 1848 3409 2022 3479; x_wconf 75' lang='lat' dir='ltr'><strong>fuerit,</strong></span> <span class='ocrx_word' id='word_1_538' title='bbox 2054 3408 2257 3462; x_wconf 85' lang='lat' dir='ltr'><strong>evadat.</strong></span> <span class='ocrx_word' id='word_1_539' title='bbox 2286 3407 2466 3463; x_wconf 77' lang='lat' dir='ltr'><strong>Monet</strong></span> <span class='ocrx_word' id='word_1_540' title='bbox 2494 3408 2772 3470; x_wconf 90' lang='lat' dir='ltr'><strong>Dominus,</strong></span> <span class='ocrx_word' id='word_1_541' title='bbox 2803 3418 2852 3461; x_wconf 92' lang='lat' dir='ltr'><strong>et</strong></span> <span class='ocrx_word' id='word_1_542' title='bbox 2881 3408 3006 3461; x_wconf 88' lang='lat' dir='ltr'><strong>dicit</strong></span> <span class='ocrx_word' id='word_1_543' title='bbox 3031 3425 3049 3461; x_wconf 92' lang='lat'><strong><em>:</em></strong></span> <span class='ocrx_word' id='word_1_544' title='bbox 3083 3405 3183 3472; x_wconf 84' lang='lat' dir='ltr'><strong>Qui</strong></span> <span class='ocrx_word' id='word_1_545' title='bbox 3211 3426 3316 3464; x_wconf 88' lang='lat' dir='ltr'><strong>non</strong></span> <span class='ocrx_word' id='word_1_546' title='bbox 3345 3419 3425 3463; x_wconf 89' lang='lat' dir='ltr'><strong>est</strong></span> <span class='ocrx_word' id='word_1_547' title='bbox 3451 3424 3645 3462; x_wconf 84' lang='lat' dir='ltr'><strong>mecum</strong></span> <span class='ocrx_word' id='word_1_548' title='bbox 3668 3409 3764 3461; x_wconf 82' lang='lat' dir='ltr'><strong>ad-</strong></span> 
     </span>
    </p>
   </div>
   <div class='ocr_carea' id='block_1_37' title="bbox 477 3498 3764 3570">
    <p class='ocr_par' dir='ltr' id='par_1_37' title="bbox 477 3498 3764 3570">
     <span class='ocr_line' id='line_1_37' title="bbox 477 3498 3764 3570; baseline -0 -17"><span class='ocrx_word' id='word_1_549' title='bbox 477 3513 655 3553; x_wconf 87' lang='lat' dir='ltr'><strong>versus</strong></span> <span class='ocrx_word' id='word_1_550' title='bbox 685 3514 766 3552; x_wconf 90' lang='lat' dir='ltr'><strong>me</strong></span> <span class='ocrx_word' id='word_1_551' title='bbox 794 3507 891 3564; x_wconf 88' lang='lat' dir='ltr'><strong>est,</strong></span> <span class='ocrx_word' id='word_1_552' title='bbox 923 3507 972 3552; x_wconf 92' lang='lat' dir='ltr'><strong>et</strong></span> <span class='ocrx_word' id='word_1_553' title='bbox 999 3499 1086 3570; x_wconf 91' lang='lat' dir='ltr'><strong>qui</strong></span> <span class='ocrx_word' id='word_1_554' title='bbox 1118 3515 1220 3553; x_wconf 89' lang='lat' dir='ltr'><strong>non</strong></span> <span class='ocrx_word' id='word_1_555' title='bbox 1251 3515 1446 3553; x_wconf 89' lang='lat' dir='ltr'><strong>mecum</strong></span> <span class='ocrx_word' id='word_1_556' title='bbox 1475 3500 1691 3569; x_wconf 87' lang='lat' dir='ltr'><strong>colligit,</strong></span> <span class='ocrx_word' id='word_1_557' title='bbox 1724 3501 2035 3569; x_wconf 85' lang='lat' dir='ltr'><strong>spargit.....</strong></span> <span class='ocrx_word' id='word_1_558' title='bbox 2073 3500 2173 3563; x_wconf 82' lang='lat' dir='ltr'><strong>Qui</strong></span> <span class='ocrx_word' id='word_1_559' title='bbox 2201 3501 2325 3554; x_wconf 88' lang='lat' dir='ltr'><strong>alibi</strong></span> <span class='ocrx_word' id='word_1_560' title='bbox 2354 3509 2541 3570; x_wconf 68' lang='lat' dir='ltr'><strong>praeter</strong></span> <span class='ocrx_word' id='word_1_561' title='bbox 2583 3498 2873 3552; x_wconf 78' lang='lat' dir='ltr'><strong>Ecclesium</strong></span> <span class='ocrx_word' id='word_1_562' title='bbox 2900 3498 3117 3569; x_wconf 87' lang='lat' dir='ltr'><strong>colligit,</strong></span> <span class='ocrx_word' id='word_1_563' title='bbox 3149 3500 3367 3570; x_wconf 89' lang='lat' dir='ltr'><strong>spargit,</strong></span> <span class='ocrx_word' id='word_1_564' title='bbox 3398 3514 3505 3553; x_wconf 90' lang='lat' dir='ltr'><strong>etc.</strong></span> <span class='ocrx_word' id='word_1_565' title='bbox 3536 3499 3764 3553; x_wconf 85' lang='lat' dir='ltr'><strong>Sanctus</strong></span> 
     </span>
    </p>
   </div>
   <div class='ocr_carea' id='block_1_38' title="bbox 479 3587 3759 3661">
    <p class='ocr_par' dir='ltr' id='par_1_38' title="bbox 479 3587 3759 3661">
     <span class='ocr_line' id='line_1_38' title="bbox 479 3587 3759 3661; baseline 0.002 -20"><span class='ocrx_word' id='word_1_566' title='bbox 479 3587 713 3659; x_wconf 86' lang='lat' dir='ltr'><strong>Cyrillus</strong></span> <span class='ocrx_word' id='word_1_567' title='bbox 741 3589 1297 3660; x_wconf 79' lang='lat' dir='ltr'><strong>Hierosolymitanus,</strong></span> <span class='ocrx_word' id='word_1_568' title='bbox 1348 3591 1618 3646; x_wconf 87' lang='lat' dir='ltr'><strong>catechesi</strong></span> <span class='ocrx_word' id='word_1_569' title='bbox 1667 3590 1753 3656; x_wconf 91' lang='lat'><strong>17,</strong></span> <span class='ocrx_word' id='word_1_570' title='bbox 1784 3605 1931 3643; x_wconf 88' lang='lat' dir='ltr'><strong>num.</strong></span> <span class='ocrx_word' id='word_1_571' title='bbox 1966 3590 2051 3657; x_wconf 92' lang='lat'><strong>10,</strong></span> <span class='ocrx_word' id='word_1_572' title='bbox 2083 3606 2204 3661; x_wconf 86' lang='lat' dir='ltr'><strong>pag.</strong></span> <span class='ocrx_word' id='word_1_573' title='bbox 2235 3589 2339 3644; x_wconf 88' lang='lat'><strong>269</strong></span> <span class='ocrx_word' id='word_1_574' title='bbox 2368 3591 2496 3645; x_wconf 90' lang='lat' dir='ltr'><strong>edit.</strong></span> <span class='ocrx_word' id='word_1_575' title='bbox 2530 3588 2699 3644; x_wconf 89' lang='lat' dir='ltr'><strong>Paris.</strong></span> <span class='ocrx_word' id='word_1_576' title='bbox 2735 3606 2824 3644; x_wconf 89' lang='lat' dir='ltr'><strong>an.</strong></span> <span class='ocrx_word' id='word_1_577' title='bbox 2856 3589 3026 3655; x_wconf 89' lang='lat'><strong>1720;</strong></span> <span class='ocrx_word' id='word_1_578' title='bbox 3059 3598 3277 3644; x_wconf 90' lang='lat' dir='ltr'><strong>sanctus</strong></span> <span class='ocrx_word' id='word_1_579' title='bbox 3303 3589 3633 3657; x_wconf 87' lang='lat' dir='ltr'><strong>Ambrosius,</strong></span> <span class='ocrx_word' id='word_1_580' title='bbox 3667 3591 3759 3647; x_wconf 89' lang='lat' dir='ltr'><strong>lib.</strong></span> 
     </span>
    </p>
   </div>
   <div class='ocr_carea' id='block_1_39' title="bbox 476 3676 3759 3751">
    <p class='ocr_par' dir='ltr' id='par_1_39' title="bbox 476 3676 3759 3751">
     <span class='ocr_line' id='line_1_39' title="bbox 476 3676 3759 3751; baseline 0.001 -19"><span class='ocrx_word' id='word_1_581' title='bbox 476 3678 543 3732; x_wconf 90' lang='lat' dir='ltr'><strong>de</strong></span> <span class='ocrx_word' id='word_1_582' title='bbox 572 3676 690 3733; x_wconf 85' lang='lat' dir='ltr'><strong>Noe</strong></span> <span class='ocrx_word' id='word_1_583' title='bbox 717 3688 767 3731; x_wconf 89' lang='lat' dir='ltr'><strong>et</strong></span> <span class='ocrx_word' id='word_1_584' title='bbox 795 3679 951 3744; x_wconf 78' lang='lat' dir='ltr'><strong>Area,</strong></span> <span class='ocrx_word' id='word_1_585' title='bbox 982 3693 1103 3748; x_wconf 89' lang='lat' dir='ltr'><strong>cap.</strong></span> <span class='ocrx_word' id='word_1_586' title='bbox 1138 3680 1226 3741; x_wconf 92' lang='grc'><strong>15,</strong></span> <span class='ocrx_word' id='word_1_587' title='bbox 1259 3695 1406 3734; x_wconf 88' lang='lat' dir='ltr'><strong>num.</strong></span> <span class='ocrx_word' id='word_1_588' title='bbox 1436 3678 1523 3739; x_wconf 86' lang='grc'><strong>25,</strong></span> <span class='ocrx_word' id='word_1_589' title='bbox 1549 3694 1672 3749; x_wconf 88' lang='lat' dir='ltr'><strong>pag.</strong></span> <span class='ocrx_word' id='word_1_590' title='bbox 1701 3679 1825 3745; x_wconf 83' lang='lat'><strong>276,</strong></span> <span class='ocrx_word' id='word_1_591' title='bbox 1856 3688 1910 3735; x_wconf 93' lang='lat' dir='ltr'><strong>et</strong></span> <span class='ocrx_word' id='word_1_592' title='bbox 1935 3696 2054 3749; x_wconf 89' lang='lat' dir='ltr'><strong>cap.</strong></span> <span class='ocrx_word' id='word_1_593' title='bbox 2089 3681 2175 3745; x_wconf 84' lang='lat'><strong>15,</strong></span> <span class='ocrx_word' id='word_1_594' title='bbox 2201 3697 2350 3735; x_wconf 89' lang='lat' dir='ltr'><strong>num.</strong></span> <span class='ocrx_word' id='word_1_595' title='bbox 2382 3680 2469 3748; x_wconf 90' lang='lat'><strong>52,</strong></span> <span class='ocrx_word' id='word_1_596' title='bbox 2512 3695 2635 3751; x_wconf 88' lang='lat' dir='ltr'><strong>pag.</strong></span> <span class='ocrx_word' id='word_1_597' title='bbox 2665 3680 2789 3745; x_wconf 89' lang='lat'><strong>290,</strong></span> <span class='ocrx_word' id='word_1_598' title='bbox 2822 3690 2952 3736; x_wconf 91' lang='lat' dir='ltr'><strong>tom.</strong></span> <span class='ocrx_word' id='word_1_599' title='bbox 2983 3680 3004 3734; x_wconf 88' lang='lat' dir='ltr'><strong>l</strong></span> <span class='ocrx_word' id='word_1_600' title='bbox 3043 3681 3171 3735; x_wconf 90' lang='lat' dir='ltr'><strong>edit.</strong></span> <span class='ocrx_word' id='word_1_601' title='bbox 3202 3680 3423 3736; x_wconf 76' lang='lat' dir='ltr'><strong>Veneta:</strong></span> <span class='ocrx_word' id='word_1_602' title='bbox 3451 3698 3539 3735; x_wconf 87' lang='lat' dir='ltr'><strong>an.</strong></span> <span class='ocrx_word' id='word_1_603' title='bbox 3584 3682 3759 3747; x_wconf 74' lang='grc'>1748,</span> 
     </span>
    </p>
   </div>
   <div class='ocr_carea' id='block_1_40' title="bbox 474 3766 3761 3838">
    <p class='ocr_par' dir='ltr' id='par_1_40' title="bbox 474 3766 3761 3838">
     <span class='ocr_line' id='line_1_40' title="bbox 474 3766 3761 3838; baseline 0 -13"><span class='ocrx_word' id='word_1_604' title='bbox 474 3776 696 3825; x_wconf 85' lang='lat' dir='ltr'><strong>sanctus</strong></span> <span class='ocrx_word' id='word_1_605' title='bbox 725 3766 1103 3838; x_wconf 81' lang='lat' dir='ltr'><strong>Hieronymus,</strong></span> <span class='ocrx_word' id='word_1_606' title='bbox 1135 3768 1295 3837; x_wconf 90' lang='lat' dir='ltr'><strong>epist.</strong></span> <span class='ocrx_word' id='word_1_607' title='bbox 1324 3768 1390 3822; x_wconf 89' lang='lat' dir='ltr'><strong>ad</strong></span> <span class='ocrx_word' id='word_1_608' title='bbox 1416 3768 1722 3833; x_wconf 84' lang='lat' dir='ltr'><strong>Damasum,</strong></span> <span class='ocrx_word' id='word_1_609' title='bbox 1754 3784 1874 3837; x_wconf 70' lang='lat' dir='ltr'><strong>quae</strong></span> <span class='ocrx_word' id='word_1_610' title='bbox 1902 3778 1982 3823; x_wconf 89' lang='lat' dir='ltr'><strong>est</strong></span> <span class='ocrx_word' id='word_1_611' title='bbox 2012 3769 2149 3823; x_wconf 88' lang='lat' dir='ltr'><strong>inter</strong></span> <span class='ocrx_word' id='word_1_612' title='bbox 2178 3769 2527 3825; x_wconf 85' lang='lat' dir='ltr'><strong>Damasianas</strong></span> <span class='ocrx_word' id='word_1_613' title='bbox 2557 3768 2655 3835; x_wconf 87' lang='grc'>10,</span> <span class='ocrx_word' id='word_1_614' title='bbox 2686 3785 2833 3823; x_wconf 78' lang='lat' dir='ltr'><strong>tium.</strong></span> <span class='ocrx_word' id='word_1_615' title='bbox 2864 3767 2918 3835; x_wconf 90' lang='lat'><strong>2,</strong></span> <span class='ocrx_word' id='word_1_616' title='bbox 2948 3782 3071 3838; x_wconf 90' lang='lat' dir='ltr'><strong>pag.</strong></span> <span class='ocrx_word' id='word_1_617' title='bbox 3104 3766 3206 3821; x_wconf 87' lang='grc'><strong>546</strong></span> <span class='ocrx_word' id='word_1_618' title='bbox 3236 3768 3365 3823; x_wconf 88' lang='lat' dir='ltr'><strong>edit.</strong></span> <span class='ocrx_word' id='word_1_619' title='bbox 3398 3768 3571 3824; x_wconf 85' lang='lat' dir='ltr'><strong>Paris.</strong></span> <span class='ocrx_word' id='word_1_620' title='bbox 3619 3769 3761 3825; x_wconf 85' lang='lat' dir='ltr'><strong>Cou-</strong></span> 
     </span>
    </p>
   </div>
   <div class='ocr_carea' id='block_1_41' title="bbox 474 3856 3761 3935">
    <p class='ocr_par' dir='ltr' id='par_1_41' title="bbox 474 3856 3761 3935">
     <span class='ocr_line' id='line_1_41' title="bbox 474 3856 3761 3935; baseline 0.001 -21"><span class='ocrx_word' id='word_1_621' title='bbox 474 3858 662 3914; x_wconf 86' lang='lat' dir='ltr'><strong>stantii</strong></span> <span class='ocrx_word' id='word_1_622' title='bbox 689 3872 779 3913; x_wconf 85' lang='lat' dir='ltr'><strong>an.</strong></span> <span class='ocrx_word' id='word_1_623' title='bbox 810 3856 968 3923; x_wconf 89' lang='grc'>1721,</span> <span class='ocrx_word' id='word_1_624' title='bbox 1005 3873 1114 3926; x_wconf 91' lang='lat' dir='ltr'><strong>quo</strong></span> <span class='ocrx_word' id='word_1_625' title='bbox 1142 3859 1263 3912; x_wconf 91' lang='lat' dir='ltr'><strong>loco</strong></span> <span class='ocrx_word' id='word_1_626' title='bbox 1294 3858 1361 3913; x_wconf 85' lang='lat' dir='ltr'><strong>de</strong></span> <span class='ocrx_word' id='word_1_627' title='bbox 1389 3858 1628 3914; x_wconf 84' lang='lat' dir='ltr'><strong>Ecclesia</strong></span> <span class='ocrx_word' id='word_1_628' title='bbox 1657 3859 1832 3926; x_wconf 90' lang='lat' dir='ltr'><strong>Petri,</strong></span> <span class='ocrx_word' id='word_1_629' title='bbox 1864 3874 1958 3915; x_wconf 89' lang='lat' dir='ltr'><strong>seu</strong></span> <span class='ocrx_word' id='word_1_630' title='bbox 1986 3860 2053 3915; x_wconf 82' lang='lat' dir='ltr'><strong>de</strong></span> <span class='ocrx_word' id='word_1_631' title='bbox 2077 3860 2321 3915; x_wconf 83' lang='lat' dir='ltr'><strong>Romana</strong></span> <span class='ocrx_word' id='word_1_632' title='bbox 2351 3862 2481 3917; x_wconf 88' lang='lat' dir='ltr'><strong>sede</strong></span> <span class='ocrx_word' id='word_1_633' title='bbox 2510 3876 2678 3931; x_wconf 91' lang='lat' dir='ltr'><strong>agens</strong></span> <span class='ocrx_word' id='word_1_634' title='bbox 2710 3883 2723 3917; x_wconf 90' lang='lat'><strong>:</strong></span> <span class='ocrx_word' id='word_1_635' title='bbox 2758 3862 3076 3935; x_wconf 82' lang='lat' dir='ltr'><strong>Quicunque,</strong></span> <span class='ocrx_word' id='word_1_636' title='bbox 3104 3860 3294 3932; x_wconf 88' lang='lat' dir='ltr'><strong>inquit,</strong></span> <span class='ocrx_word' id='word_1_637' title='bbox 3320 3874 3471 3916; x_wconf 87' lang='lat' dir='ltr'><strong>extra</strong></span> <span class='ocrx_word' id='word_1_638' title='bbox 3510 3865 3646 3916; x_wconf 84' lang='lat' dir='ltr'><strong>hanc</strong></span> <span class='ocrx_word' id='word_1_639' title='bbox 3671 3865 3761 3917; x_wconf 54' lang='lat' dir='ltr'><strong>do-</strong></span> 
     </span>
    </p>
   </div>
   <div class='ocr_carea' id='block_1_42' title="bbox 476 3948 3761 4025">
    <p class='ocr_par' dir='ltr' id='par_1_42' title="bbox 476 3948 3761 4025">
     <span class='ocr_line' id='line_1_42' title="bbox 476 3948 3761 4025; baseline 0.002 -23"><span class='ocrx_word' id='word_1_640' title='bbox 476 3966 618 4006; x_wconf 84' lang='lat' dir='ltr'><strong>mum</strong></span> <span class='ocrx_word' id='word_1_641' title='bbox 647 3963 839 4020; x_wconf 86' lang='lat' dir='ltr'><strong>agnum</strong></span> <span class='ocrx_word' id='word_1_642' title='bbox 868 3948 1167 4011; x_wconf 81' lang='lat' dir='ltr'><strong>consederit,</strong></span> <span class='ocrx_word' id='word_1_643' title='bbox 1199 3950 1455 4018; x_wconf 72' lang='lat' dir='ltr'><strong>profanus</strong></span> <span class='ocrx_word' id='word_1_644' title='bbox 1477 3958 1572 4002; x_wconf 90' lang='lat' dir='ltr'><strong>est.</strong></span> <span class='ocrx_word' id='word_1_645' title='bbox 1608 3948 1668 4003; x_wconf 92' lang='lat' dir='ltr'><strong>Si</strong></span> <span class='ocrx_word' id='word_1_646' title='bbox 1694 3952 1806 4021; x_wconf 85' lang='lat' dir='ltr'><strong>quis</strong></span> <span class='ocrx_word' id='word_1_647' title='bbox 1834 3952 1891 4004; x_wconf 91' lang='lat' dir='ltr'><strong>in</strong></span> <span class='ocrx_word' id='word_1_648' title='bbox 1920 3968 2044 4004; x_wconf 83' lang='lat' dir='ltr'><strong>arca</strong></span> <span class='ocrx_word' id='word_1_649' title='bbox 2075 3950 2194 4007; x_wconf 88' lang='lat' dir='ltr'><strong>Noe</strong></span> <span class='ocrx_word' id='word_1_650' title='bbox 2216 3968 2320 4007; x_wconf 91' lang='lat' dir='ltr'><strong>non</strong></span> <span class='ocrx_word' id='word_1_651' title='bbox 2343 3954 2516 4024; x_wconf 75' lang='lat' dir='ltr'><strong>fuerit,</strong></span> <span class='ocrx_word' id='word_1_652' title='bbox 2542 3954 2723 4023; x_wconf 89' lang='lat' dir='ltr'><strong>peribit</strong></span> <span class='ocrx_word' id='word_1_653' title='bbox 2744 3962 2998 4025; x_wconf 87' lang='lat' dir='ltr'><strong>regnante</strong></span> <span class='ocrx_word' id='word_1_654' title='bbox 3026 3954 3239 4007; x_wconf 88' lang='lat' dir='ltr'><strong>diluvio.</strong></span> <span class='ocrx_word' id='word_1_655' title='bbox 3272 3953 3503 4008; x_wconf 89' lang='lat' dir='ltr'><strong>Sanctus</strong></span> <span class='ocrx_word' id='word_1_656' title='bbox 3529 3951 3761 4007; x_wconf 83' lang='lat' dir='ltr'><strong>Joannes</strong></span> 
     </span>
    </p>
   </div>
   <div class='ocr_carea' id='block_1_43' title="bbox 476 4036 3756 4115">
    <p class='ocr_par' dir='ltr' id='par_1_43' title="bbox 476 4036 3756 4115">
     <span class='ocr_line' id='line_1_43' title="bbox 476 4036 3756 4115; baseline 0.001 -24"><span class='ocrx_word' id='word_1_657' title='bbox 476 4036 919 4108; x_wconf 75' lang='lat' dir='ltr'><strong>Cbrysostomus,‘</strong></span> <span class='ocrx_word' id='word_1_658' title='bbox 962 4036 1149 4091; x_wconf 88' lang='lat' dir='ltr'><strong>bomil.</strong></span> <span class='ocrx_word' id='word_1_659' title='bbox 1182 4038 1239 4090; x_wconf 89' lang='lat' dir='ltr'><strong>in</strong></span> <span class='ocrx_word' id='word_1_660' title='bbox 1280 4047 1432 4091; x_wconf 77' lang='lat' dir='ltr'><strong>teme</strong></span> <span class='ocrx_word' id='word_1_661' title='bbox 1479 4047 1674 4091; x_wconf 84' lang='lat' dir='ltr'><strong>motum</strong></span> <span class='ocrx_word' id='word_1_662' title='bbox 1712 4048 1761 4093; x_wconf 92' lang='lat' dir='ltr'><strong>et</strong></span> <span class='ocrx_word' id='word_1_663' title='bbox 1791 4037 2081 4106; x_wconf 78' lang='lat' dir='ltr'><strong>Lazarum,</strong></span> <span class='ocrx_word' id='word_1_664' title='bbox 2115 4058 2263 4097; x_wconf 90' lang='lat' dir='ltr'><strong>num.</strong></span> <span class='ocrx_word' id='word_1_665' title='bbox 2300 4043 2359 4109; x_wconf 89' lang='lat'><strong>7,</strong></span> <span class='ocrx_word' id='word_1_666' title='bbox 2391 4050 2521 4098; x_wconf 92' lang='lat' dir='ltr'><strong>tom.</strong></span> <span class='ocrx_word' id='word_1_667' title='bbox 2563 4044 2619 4109; x_wconf 93' lang='grc'><strong>1,</strong></span> <span class='ocrx_word' id='word_1_668' title='bbox 2650 4057 2772 4115; x_wconf 90' lang='lat' dir='ltr'><strong>pag.</strong></span> <span class='ocrx_word' id='word_1_669' title='bbox 2808 4043 2911 4098; x_wconf 85' lang='grc'><strong>785</strong></span> <span class='ocrx_word' id='word_1_670' title='bbox 2938 4044 3069 4099; x_wconf 91' lang='lat' dir='ltr'><strong>edit.</strong></span> <span class='ocrx_word' id='word_1_671' title='bbox 3112 4042 3281 4098; x_wconf 89' lang='lat' dir='ltr'><strong>Paris.</strong></span> <span class='ocrx_word' id='word_1_672' title='bbox 3313 4058 3402 4097; x_wconf 87' lang='lat' dir='ltr'><strong>an.</strong></span> <span class='ocrx_word' id='word_1_673' title='bbox 3435 4044 3593 4108; x_wconf 90' lang='lat' dir='ltr'><strong>17l8,</strong></span> <span class='ocrx_word' id='word_1_674' title='bbox 3626 4044 3713 4099; x_wconf 89' lang='lat' dir='ltr'><strong>ubi</strong></span> <span class='ocrx_word' id='word_1_675' title='bbox 3745 4061 3756 4095; x_wconf 92' lang='lat'>:</span> 
     </span>
    </p>
   </div>
   <div class='ocr_carea' id='block_1_44' title="bbox 476 4127 3757 4206">
    <p class='ocr_par' dir='ltr' id='par_1_44' title="bbox 476 4127 3757 4206">
     <span class='ocr_line' id='line_1_44' title="bbox 476 4127 3757 4206; baseline 0.001 -22"><span class='ocrx_word' id='word_1_676' title='bbox 476 4128 731 4199; x_wconf 67' lang='grc' dir='ltr'><strong>Μειδία-ἔα</strong></span> <span class='ocrx_word' id='word_1_677' title='bbox 760 4129 989 4199; x_wconf 72' lang='lat' dir='ltr'><strong>fuerunt,</strong></span> <span class='ocrx_word' id='word_1_678' title='bbox 1023 4127 1216 4196; x_wconf 87' lang='lat' dir='ltr'><strong>inquit,</strong></span> <span class='ocrx_word' id='word_1_679' title='bbox 1246 4143 1359 4200; x_wconf 70' lang='lat' dir='ltr'><strong>quin</strong></span> <span class='ocrx_word' id='word_1_680' title='bbox 1388 4138 1690 4194; x_wconf 88' lang='lat' dir='ltr'><strong>narrantur,</strong></span> <span class='ocrx_word' id='word_1_681' title='bbox 1720 4137 1769 4183; x_wconf 90' lang='lat' dir='ltr'><strong>ct</strong></span> <span class='ocrx_word' id='word_1_682' title='bbox 1798 4147 1968 4185; x_wconf 87' lang='lat' dir='ltr'><strong>rerum</strong></span> <span class='ocrx_word' id='word_1_683' title='bbox 1995 4134 2287 4202; x_wconf 75' lang='lat' dir='ltr'><strong>futurarum</strong></span> <span class='ocrx_word' id='word_1_684' title='bbox 2315 4136 2504 4205; x_wconf 76' lang='lat' dir='ltr'><strong>ﬁgura,</strong></span> <span class='ocrx_word' id='word_1_685' title='bbox 2534 4151 2649 4205; x_wconf 72' lang='lat' dir='ltr'><strong>qua:</strong></span> <span class='ocrx_word' id='word_1_686' title='bbox 2678 4145 2796 4189; x_wconf 90' lang='lat' dir='ltr'><strong>tunc</strong></span> <span class='ocrx_word' id='word_1_687' title='bbox 2834 4136 3049 4205; x_wconf 81' lang='lat' dir='ltr'><strong>ﬁebant.</strong></span> <span class='ocrx_word' id='word_1_688' title='bbox 3082 4134 3347 4190; x_wconf 80' lang='lat' dir='ltr'><strong>Nimirum</strong></span> <span class='ocrx_word' id='word_1_689' title='bbox 3376 4152 3500 4189; x_wconf 88' lang='lat' dir='ltr'><strong>arca</strong></span> <span class='ocrx_word' id='word_1_690' title='bbox 3530 4138 3625 4206; x_wconf 79' lang='lat' dir='ltr'><strong>fuit</strong></span> <span class='ocrx_word' id='word_1_691' title='bbox 3655 4134 3757 4188; x_wconf 78' lang='lat' dir='ltr'><strong>Ec-</strong></span> 
     </span>
    </p>
   </div>
   <div class='ocr_carea' id='block_1_45' title="bbox 476 4217 3760 4297">
    <p class='ocr_par' dir='ltr' id='par_1_45' title="bbox 476 4217 3760 4297">
     <span class='ocr_line' id='line_1_45' title="bbox 476 4217 3760 4297; baseline 0.001 -22"><span class='ocrx_word' id='word_1_692' title='bbox 476 4220 653 4286; x_wconf 87' lang='lat' dir='ltr'><strong>clesia,</strong></span> <span class='ocrx_word' id='word_1_693' title='bbox 685 4217 805 4275; x_wconf 86' lang='lat' dir='ltr'><strong>Noe</strong></span> <span class='ocrx_word' id='word_1_694' title='bbox 825 4217 1086 4287; x_wconf 82' lang='lat' dir='ltr'><strong>Christus,</strong></span> <span class='ocrx_word' id='word_1_695' title='bbox 1111 4219 1347 4272; x_wconf 85' lang='lat' dir='ltr'><strong>columba</strong></span> <span class='ocrx_word' id='word_1_696' title='bbox 1376 4218 1607 4288; x_wconf 86' lang='lat' dir='ltr'><strong>Spiritus</strong></span> <span class='ocrx_word' id='word_1_697' title='bbox 1639 4232 1869 4287; x_wconf 90' lang='lat' dir='ltr'><strong>sanctus,</strong></span> <span class='ocrx_word' id='word_1_698' title='bbox 1898 4225 2028 4278; x_wconf 71' lang='lat' dir='ltr'><strong>olea:</strong></span> <span class='ocrx_word' id='word_1_699' title='bbox 2057 4226 2238 4295; x_wconf 77' lang='lat' dir='ltr'><strong>folium</strong></span> <span class='ocrx_word' id='word_1_700' title='bbox 2267 4224 2364 4279; x_wconf 88' lang='lat' dir='ltr'><strong>Dei</strong></span> <span class='ocrx_word' id='word_1_701' title='bbox 2395 4225 2705 4297; x_wconf 87' lang='lat' dir='ltr'><strong>benignitas,</strong></span> <span class='ocrx_word' id='word_1_702' title='bbox 2735 4233 2839 4280; x_wconf 84' lang='lat' dir='ltr'><strong>etc.</strong></span> <span class='ocrx_word' id='word_1_703' title='bbox 2872 4224 3102 4280; x_wconf 87' lang='lat' dir='ltr'><strong>Sanctus</strong></span> <span class='ocrx_word' id='word_1_704' title='bbox 3129 4224 3475 4293; x_wconf 79' lang='lat' dir='ltr'><strong>Augustinus,</strong></span> <span class='ocrx_word' id='word_1_705' title='bbox 3500 4225 3594 4279; x_wconf 91' lang='lat' dir='ltr'><strong>lib.</strong></span> <span class='ocrx_word' id='word_1_706' title='bbox 3630 4242 3660 4279; x_wconf 72' lang='grc' dir='ltr'><strong>ν</strong></span> <span class='ocrx_word' id='word_1_707' title='bbox 3697 4225 3760 4279; x_wconf 90' lang='lat' dir='ltr'><strong>de</strong></span> 
     </span>
    </p>
   </div>
   <div class='ocr_carea' id='block_1_46' title="bbox 478 4307 3755 4386">
    <p class='ocr_par' dir='ltr' id='par_1_46' title="bbox 478 4307 3755 4386">
     <span class='ocr_line' id='line_1_46' title="bbox 478 4307 3755 4386; baseline 0.001 -20"><span class='ocrx_word' id='word_1_708' title='bbox 478 4312 765 4383; x_wconf 90' lang='lat' dir='ltr'><strong>Baptismo,</strong></span> <span class='ocrx_word' id='word_1_709' title='bbox 799 4326 919 4381; x_wconf 85' lang='lat' dir='ltr'><strong>cap.</strong></span> <span class='ocrx_word' id='word_1_710' title='bbox 962 4318 1228 4373; x_wconf 89' lang='lat' dir='ltr'><strong>extremo,</strong></span> <span class='ocrx_word' id='word_1_711' title='bbox 1262 4325 1409 4363; x_wconf 88' lang='lat' dir='ltr'><strong>num.</strong></span> <span class='ocrx_word' id='word_1_712' title='bbox 1443 4307 1530 4375; x_wconf 91' lang='grc'><strong>59,</strong></span> <span class='ocrx_word' id='word_1_713' title='bbox 1563 4324 1686 4380; x_wconf 87' lang='lat' dir='ltr'><strong>pag.</strong></span> <span class='ocrx_word' id='word_1_714' title='bbox 1734 4311 1857 4379; x_wconf 88' lang='grc'>108,</span> <span class='ocrx_word' id='word_1_715' title='bbox 1890 4322 2020 4369; x_wconf 90' lang='lat' dir='ltr'><strong>tom.</strong></span> <span class='ocrx_word' id='word_1_716' title='bbox 2052 4314 2125 4368; x_wconf 78' lang='lat' dir='ltr'><strong>1X</strong></span> <span class='ocrx_word' id='word_1_717' title='bbox 2152 4330 2376 4384; x_wconf 85' lang='lat' dir='ltr'><strong>cperum</strong></span> <span class='ocrx_word' id='word_1_718' title='bbox 2396 4353 2412 4378; x_wconf 88' lang='lat'><strong>,</strong></span> <span class='ocrx_word' id='word_1_719' title='bbox 2442 4323 2497 4370; x_wconf 88' lang='lat' dir='ltr'><strong>et</strong></span> <span class='ocrx_word' id='word_1_720' title='bbox 2540 4316 2633 4370; x_wconf 91' lang='lat' dir='ltr'><strong>lib.</strong></span> <span class='ocrx_word' id='word_1_721' title='bbox 2676 4331 2744 4371; x_wconf 87' lang='lat' dir='ltr'><strong>xv</strong></span> <span class='ocrx_word' id='word_1_722' title='bbox 2772 4316 2837 4369; x_wconf 91' lang='lat' dir='ltr'><strong>de</strong></span> <span class='ocrx_word' id='word_1_723' title='bbox 2877 4316 2986 4371; x_wconf 83' lang='lat' dir='ltr'><strong>Civ.</strong></span> <span class='ocrx_word' id='word_1_724' title='bbox 3018 4315 3117 4369; x_wconf 86' lang='lat' dir='ltr'><strong>Dei</strong></span> <span class='ocrx_word' id='word_1_725' title='bbox 3139 4356 3153 4381; x_wconf 92' lang='lat'><strong>,</strong></span> <span class='ocrx_word' id='word_1_726' title='bbox 3185 4331 3307 4386; x_wconf 89' lang='lat' dir='ltr'><strong>cap.</strong></span> <span class='ocrx_word' id='word_1_727' title='bbox 3350 4315 3446 4381; x_wconf 89' lang='lat'><strong>26,</strong></span> <span class='ocrx_word' id='word_1_728' title='bbox 3479 4330 3602 4386; x_wconf 91' lang='lat' dir='ltr'><strong>pag.</strong></span> <span class='ocrx_word' id='word_1_729' title='bbox 3635 4317 3755 4381; x_wconf 84' lang='grc'>510,</span> 
     </span>
    </p>
   </div>
   <div class='ocr_carea' id='block_1_47' title="bbox 476 4403 3757 4477">
    <p class='ocr_par' dir='ltr' id='par_1_47' title="bbox 476 4403 3757 4477">
     <span class='ocr_line' id='line_1_47' title="bbox 476 4403 3757 4477; baseline -0.001 -17"><span class='ocrx_word' id='word_1_730' title='bbox 476 4414 608 4460; x_wconf 84' lang='lat' dir='ltr'><strong>tom.</strong></span> <span class='ocrx_word' id='word_1_731' title='bbox 644 4403 732 4458; x_wconf 72' lang='grc' dir='ltr'><strong>γυ</strong></span> <span class='ocrx_word' id='word_1_732' title='bbox 762 4404 886 4458; x_wconf 89' lang='lat' dir='ltr'><strong>edit.</strong></span> <span class='ocrx_word' id='word_1_733' title='bbox 919 4404 1219 4473; x_wconf 75' lang='lat' dir='ltr'><strong>Antuerpiat</strong></span> <span class='ocrx_word' id='word_1_734' title='bbox 1246 4420 1336 4456; x_wconf 87' lang='lat' dir='ltr'><strong>an.</strong></span> <span class='ocrx_word' id='word_1_735' title='bbox 1367 4403 1520 4468; x_wconf 86' lang='lat'><strong>1700,</strong></span> <span class='ocrx_word' id='word_1_736' title='bbox 1552 4405 1631 4458; x_wconf 89' lang='lat' dir='ltr'><strong>sic</strong></span> <span class='ocrx_word' id='word_1_737' title='bbox 1658 4405 1819 4459; x_wconf 87' lang='lat' dir='ltr'><strong>habet</strong></span> <span class='ocrx_word' id='word_1_738' title='bbox 1848 4423 1859 4458; x_wconf 96' lang='lat'>:</span> <span class='ocrx_word' id='word_1_739' title='bbox 1895 4403 2045 4470; x_wconf 83' lang='lat' dir='ltr'><strong>Quod</strong></span> <span class='ocrx_word' id='word_1_740' title='bbox 2088 4403 2207 4459; x_wconf 87' lang='lat' dir='ltr'><strong>Noe</strong></span> <span class='ocrx_word' id='word_1_741' title='bbox 2238 4407 2432 4461; x_wconf 89' lang='lat' dir='ltr'><strong>homini</strong></span> <span class='ocrx_word' id='word_1_742' title='bbox 2450 4407 2713 4477; x_wconf 83' lang='lat' dir='ltr'><strong>justo.....</strong></span> <span class='ocrx_word' id='word_1_743' title='bbox 2757 4408 2976 4476; x_wconf 87' lang='lat' dir='ltr'><strong>imperat</strong></span> <span class='ocrx_word' id='word_1_744' title='bbox 3007 4405 3169 4471; x_wconf 88' lang='lat' dir='ltr'><strong>Deus,</strong></span> <span class='ocrx_word' id='word_1_745' title='bbox 3207 4415 3263 4458; x_wconf 91' lang='lat' dir='ltr'><strong>ut</strong></span> <span class='ocrx_word' id='word_1_746' title='bbox 3299 4422 3473 4459; x_wconf 89' lang='lat' dir='ltr'><strong>arcam</strong></span> <span class='ocrx_word' id='word_1_747' title='bbox 3502 4407 3679 4476; x_wconf 77' lang='lat' dir='ltr'><strong>faciat,</strong></span> <span class='ocrx_word' id='word_1_748' title='bbox 3707 4409 3757 4460; x_wconf 86' lang='lat' dir='ltr'><strong>in</strong></span> 
     </span>
    </p>
   </div>
   <div class='ocr_carea' id='block_1_48' title="bbox 475 4497 3757 4575">
    <p class='ocr_par' dir='ltr' id='par_1_48' title="bbox 475 4497 3757 4575">
     <span class='ocr_line' id='line_1_48' title="bbox 475 4497 3757 4575; baseline 0.002 -26"><span class='ocrx_word' id='word_1_749' title='bbox 475 4513 574 4567; x_wconf 89' lang='lat' dir='ltr'><strong>qua</strong></span> <span class='ocrx_word' id='word_1_750' title='bbox 595 4513 711 4551; x_wconf 87' lang='lat' dir='ltr'><strong>cum</strong></span> <span class='ocrx_word' id='word_1_751' title='bbox 734 4498 863 4561; x_wconf 87' lang='lat' dir='ltr'><strong>suis,</strong></span> <span class='ocrx_word' id='word_1_752' title='bbox 889 4497 945 4550; x_wconf 93' lang='lat' dir='ltr'><strong>id</strong></span> <span class='ocrx_word' id='word_1_753' title='bbox 978 4506 1057 4551; x_wconf 90' lang='lat' dir='ltr'><strong>est</strong></span> <span class='ocrx_word' id='word_1_754' title='bbox 1084 4512 1264 4559; x_wconf 83' lang='lat' dir='ltr'><strong>uxore,</strong></span> <span class='ocrx_word' id='word_1_755' title='bbox 1288 4497 1415 4565; x_wconf 71' lang='lat' dir='ltr'><strong>ﬁliis</strong></span> <span class='ocrx_word' id='word_1_756' title='bbox 1441 4507 1490 4550; x_wconf 91' lang='lat' dir='ltr'><strong>et</strong></span> <span class='ocrx_word' id='word_1_757' title='bbox 1511 4498 1745 4564; x_wconf 86' lang='lat' dir='ltr'><strong>nuribus,</strong></span> <span class='ocrx_word' id='word_1_758' title='bbox 1774 4510 1823 4552; x_wconf 91' lang='lat' dir='ltr'><strong>et</strong></span> <span class='ocrx_word' id='word_1_759' title='bbox 1852 4516 1967 4553; x_wconf 90' lang='lat' dir='ltr'><strong>cum</strong></span> <span class='ocrx_word' id='word_1_760' title='bbox 1999 4501 2330 4565; x_wconf 88' lang='lat' dir='ltr'><strong>animalibus,</strong></span> <span class='ocrx_word' id='word_1_761' title='bbox 2359 4518 2473 4572; x_wconf 80' lang='lat' dir='ltr'><strong>qua:</strong></span> <span class='ocrx_word' id='word_1_762' title='bbox 2499 4501 2568 4553; x_wconf 87' lang='lat' dir='ltr'><strong>ad</strong></span> <span class='ocrx_word' id='word_1_763' title='bbox 2589 4501 2737 4555; x_wconf 88' lang='lat' dir='ltr'><strong>illum</strong></span> <span class='ocrx_word' id='word_1_764' title='bbox 2763 4517 2828 4555; x_wconf 86' lang='lat' dir='ltr'><strong>ex</strong></span> <span class='ocrx_word' id='word_1_765' title='bbox 2848 4500 2948 4555; x_wconf 89' lang='lat' dir='ltr'><strong>Dei</strong></span> <span class='ocrx_word' id='word_1_766' title='bbox 2969 4512 3227 4571; x_wconf 77' lang='lat' dir='ltr'><strong>prwcepto</strong></span> <span class='ocrx_word' id='word_1_767' title='bbox 3249 4503 3304 4555; x_wconf 90' lang='lat' dir='ltr'><strong>in</strong></span> <span class='ocrx_word' id='word_1_768' title='bbox 3331 4519 3505 4556; x_wconf 88' lang='lat' dir='ltr'><strong>arcam</strong></span> <span class='ocrx_word' id='word_1_769' title='bbox 3529 4505 3757 4575; x_wconf 86' lang='lat' dir='ltr'><strong>ingressa</strong></span> 
     </span>
    </p>
   </div>
   <div class='ocr_carea' id='block_1_49' title="bbox 476 4587 3759 4665">
    <p class='ocr_par' dir='ltr' id='par_1_49' title="bbox 476 4587 3759 4665">
     <span class='ocr_line' id='line_1_49' title="bbox 476 4587 3759 4665; baseline 0.002 -23"><span class='ocrx_word' id='word_1_770' title='bbox 476 4599 619 4653; x_wconf 90' lang='lat' dir='ltr'><strong>sunt,</strong></span> <span class='ocrx_word' id='word_1_771' title='bbox 650 4587 997 4642; x_wconf 85' lang='lat' dir='ltr'><strong>liberarentur</strong></span> <span class='ocrx_word' id='word_1_772' title='bbox 1021 4604 1053 4641; x_wconf 90' lang='lat' dir='ltr'><strong>a</strong></span> <span class='ocrx_word' id='word_1_773' title='bbox 1092 4587 1272 4641; x_wconf 82' lang='lat' dir='ltr'><strong>diluvii</strong></span> <span class='ocrx_word' id='word_1_774' title='bbox 1304 4591 1560 4656; x_wconf 86' lang='lat' dir='ltr'><strong>vastitate,</strong></span> <span class='ocrx_word' id='word_1_775' title='bbox 1600 4591 1784 4661; x_wconf 86' lang='lat' dir='ltr'><strong>procul</strong></span> <span class='ocrx_word' id='word_1_776' title='bbox 1824 4592 1979 4645; x_wconf 89' lang='lat' dir='ltr'><strong>dubio</strong></span> <span class='ocrx_word' id='word_1_777' title='bbox 2007 4591 2177 4664; x_wconf 73' lang='lat' dir='ltr'><strong>figura</strong></span> <span class='ocrx_word' id='word_1_778' title='bbox 2210 4604 2287 4647; x_wconf 87' lang='lat' dir='ltr'><strong>est</strong></span> <span class='ocrx_word' id='word_1_779' title='bbox 2314 4597 2692 4665; x_wconf 88' lang='lat' dir='ltr'><strong>peregrinantis</strong></span> <span class='ocrx_word' id='word_1_780' title='bbox 2716 4596 2771 4648; x_wconf 89' lang='lat' dir='ltr'><strong>in</strong></span> <span class='ocrx_word' id='word_1_781' title='bbox 2800 4596 2896 4649; x_wconf 89' lang='lat' dir='ltr'><strong>hoc</strong></span> <span class='ocrx_word' id='word_1_782' title='bbox 2940 4597 3130 4649; x_wconf 83' lang='lat' dir='ltr'><strong>steculo</strong></span> <span class='ocrx_word' id='word_1_783' title='bbox 3159 4596 3380 4649; x_wconf 85' lang='lat' dir='ltr'><strong>civitatis</strong></span> <span class='ocrx_word' id='word_1_784' title='bbox 3409 4596 3528 4662; x_wconf 87' lang='lat' dir='ltr'><strong>Dei,</strong></span> <span class='ocrx_word' id='word_1_785' title='bbox 3566 4598 3658 4651; x_wconf 88' lang='lat' dir='ltr'><strong>hoc</strong></span> <span class='ocrx_word' id='word_1_786' title='bbox 3686 4606 3759 4651; x_wconf 90' lang='lat' dir='ltr'><strong>est</strong></span> 
     </span>
    </p>
   </div>
   <div class='ocr_carea' id='block_1_50' title="bbox 478 4675 3758 4753">
    <p class='ocr_par' dir='ltr' id='par_1_50' title="bbox 478 4675 3758 4753">
     <span class='ocr_line' id='line_1_50' title="bbox 478 4675 3758 4753; baseline 0.003 -26"><span class='ocrx_word' id='word_1_787' title='bbox 478 4677 764 4739; x_wconf 75' lang='lat' dir='ltr'><strong>Ecclesite,</strong></span> <span class='ocrx_word' id='word_1_788' title='bbox 817 4692 931 4745; x_wconf 71' lang='lat' dir='ltr'><strong>qua</strong></span> <span class='ocrx_word' id='word_1_789' title='bbox 985 4676 1046 4745; x_wconf 79' lang='lat' dir='ltr'><strong>ﬁt</strong></span> <span class='ocrx_word' id='word_1_790' title='bbox 1100 4675 1247 4729; x_wconf 79' lang='lat' dir='ltr'><strong>salva</strong></span> <span class='ocrx_word' id='word_1_791' title='bbox 1284 4693 1376 4747; x_wconf 88' lang='lat' dir='ltr'><strong>per</strong></span> <span class='ocrx_word' id='word_1_792' title='bbox 1432 4677 1664 4748; x_wconf 88' lang='lat' dir='ltr'><strong>lignum,</strong></span> <span class='ocrx_word' id='word_1_793' title='bbox 1715 4681 1770 4732; x_wconf 91' lang='lat' dir='ltr'><strong>in</strong></span> <span class='ocrx_word' id='word_1_794' title='bbox 1828 4678 1998 4753; x_wconf 86' lang='lat' dir='ltr'><strong>[cm]</strong></span> <span class='ocrx_word' id='word_1_795' title='bbox 2048 4699 2146 4752; x_wconf 87' lang='lat' dir='ltr'><strong>quo</strong></span> <span class='ocrx_word' id='word_1_796' title='bbox 2186 4684 2425 4752; x_wconf 86' lang='lat' dir='ltr'><strong>pependit</strong></span> <span class='ocrx_word' id='word_1_797' title='bbox 2464 4684 2717 4737; x_wconf 87' lang='lat' dir='ltr'><strong>mediator</strong></span> <span class='ocrx_word' id='word_1_798' title='bbox 2771 4682 2871 4737; x_wconf 86' lang='lat' dir='ltr'><strong>Dei</strong></span> <span class='ocrx_word' id='word_1_799' title='bbox 2923 4694 2972 4736; x_wconf 92' lang='lat' dir='ltr'><strong>et</strong></span> <span class='ocrx_word' id='word_1_800' title='bbox 3017 4684 3282 4738; x_wconf 88' lang='lat' dir='ltr'><strong>hominum</strong></span> <span class='ocrx_word' id='word_1_801' title='bbox 3328 4686 3479 4740; x_wconf 87' lang='lat' dir='ltr'><strong>homo</strong></span> <span class='ocrx_word' id='word_1_802' title='bbox 3529 4686 3758 4741; x_wconf 83' lang='lat' dir='ltr'><strong>Christus</strong></span> 
     </span>
    </p>
   </div>
   <div class='ocr_carea' id='block_1_51' title="bbox 475 4762 3757 4847">
    <p class='ocr_par' dir='ltr' id='par_1_51' title="bbox 475 4762 3757 4847">
     <span class='ocr_line' id='line_1_51' title="bbox 475 4762 3757 4847; baseline 0.003 -27"><span class='ocrx_word' id='word_1_803' title='bbox 475 4765 649 4820; x_wconf 75' lang='lat' dir='ltr'><strong>Iesus.</strong></span> <span class='ocrx_word' id='word_1_804' title='bbox 714 4762 851 4820; x_wconf 81' lang='lat' dir='ltr'><strong>Hinc</strong></span> <span class='ocrx_word' id='word_1_805' title='bbox 904 4762 1194 4819; x_wconf 87' lang='lat' dir='ltr'><strong>Christiani</strong></span> <span class='ocrx_word' id='word_1_806' title='bbox 1248 4773 1462 4821; x_wconf 83' lang='lat' dir='ltr'><strong>veteres</strong></span> <span class='ocrx_word' id='word_1_807' title='bbox 1512 4767 1566 4821; x_wconf 89' lang='lat' dir='ltr'><strong>id</strong></span> <span class='ocrx_word' id='word_1_808' title='bbox 1614 4766 1794 4837; x_wconf 73' lang='lat' dir='ltr'><strong>ﬁgura:</strong></span> <span class='ocrx_word' id='word_1_809' title='bbox 1836 4782 2003 4837; x_wconf 81' lang='lat' dir='ltr'><strong>genus</strong></span> <span class='ocrx_word' id='word_1_810' title='bbox 2055 4772 2198 4841; x_wconf 88' lang='lat' dir='ltr'><strong>pingi</strong></span> <span class='ocrx_word' id='word_1_811' title='bbox 2253 4772 2493 4841; x_wconf 77' lang='lat' dir='ltr'><strong>sculpive</strong></span> <span class='ocrx_word' id='word_1_812' title='bbox 2539 4781 2814 4827; x_wconf 85' lang='lat' dir='ltr'><strong>curarunt.</strong></span> <span class='ocrx_word' id='word_1_813' title='bbox 2858 4772 2971 4838; x_wconf 87' lang='lat' dir='ltr'><strong>Qua</strong></span> <span class='ocrx_word' id='word_1_814' title='bbox 3021 4773 3088 4827; x_wconf 90' lang='lat' dir='ltr'><strong>de</strong></span> <span class='ocrx_word' id='word_1_815' title='bbox 3134 4790 3193 4828; x_wconf 89' lang='lat' dir='ltr'><strong>re</strong></span> <span class='ocrx_word' id='word_1_816' title='bbox 3248 4776 3457 4832; x_wconf 89' lang='lat' dir='ltr'><strong>consuli</strong></span> <span class='ocrx_word' id='word_1_817' title='bbox 3507 4786 3757 4847; x_wconf 85' lang='lat' dir='ltr'><strong>poterunt</strong></span> 
     </span>
    </p>
   </div>
   <div class='ocr_carea' id='block_1_52' title="bbox 479 4854 3756 4933">
    <p class='ocr_par' dir='ltr' id='par_1_52' title="bbox 479 4854 3756 4933">
     <span class='ocr_line' id='line_1_52' title="bbox 479 4854 3756 4933; baseline 0 -19"><span class='ocrx_word' id='word_1_818' title='bbox 479 4856 851 4927; x_wconf 88' lang='lat' dir='ltr'><strong>Ciampinius,</strong></span> <span class='ocrx_word' id='word_1_819' title='bbox 918 4854 1256 4921; x_wconf 79' lang='lat' dir='ltr'><strong>Bonarrota,</strong></span> <span class='ocrx_word' id='word_1_820' title='bbox 1321 4855 1602 4923; x_wconf 66' lang='lat' dir='ltr'><strong>Mall’eius,</strong></span> <span class='ocrx_word' id='word_1_821' title='bbox 1655 4858 1971 4925; x_wconf 86' lang='lat' dir='ltr'><strong>Boldettus,</strong></span> <span class='ocrx_word' id='word_1_822' title='bbox 2020 4861 2110 4915; x_wconf 87' lang='lat' dir='ltr'><strong>alii</strong></span> <span class='ocrx_word' id='word_1_823' title='bbox 2165 4876 2393 4929; x_wconf 90' lang='lat' dir='ltr'><strong>quorum</strong></span> <span class='ocrx_word' id='word_1_824' title='bbox 2450 4862 2693 4915; x_wconf 87' lang='lat' dir='ltr'><strong>meminit</strong></span> <span class='ocrx_word' id='word_1_825' title='bbox 2738 4860 3067 4915; x_wconf 81' lang='lat' dir='ltr'><strong>Mamacbius</strong></span> <span class='ocrx_word' id='word_1_826' title='bbox 3113 4870 3245 4916; x_wconf 91' lang='lat' dir='ltr'><strong>tom.</strong></span> <span class='ocrx_word' id='word_1_827' title='bbox 3296 4863 3353 4930; x_wconf 91' lang='grc'><strong>1,</strong></span> <span class='ocrx_word' id='word_1_828' title='bbox 3403 4879 3527 4933; x_wconf 87' lang='lat' dir='ltr'><strong>pag.</strong></span> <span class='ocrx_word' id='word_1_829' title='bbox 3586 4864 3651 4917; x_wconf 90' lang='lat'><strong>78</strong></span> <span class='ocrx_word' id='word_1_830' title='bbox 3705 4872 3756 4915; x_wconf 88' lang='lat' dir='ltr'><strong>et</strong></span> 
     </span>
    </p>
   </div>
   <div class='ocr_carea' id='block_1_53' title="bbox 478 4946 2017 5025">
    <p class='ocr_par' dir='ltr' id='par_1_53' title="bbox 478 4946 2000 5019">
     <span class='ocr_line' id='line_1_53' title="bbox 478 4946 2000 5019; baseline -0.001 -15"><span class='ocrx_word' id='word_1_831' title='bbox 478 4950 603 5013; x_wconf 76' lang='grc'>264,</span> <span class='ocrx_word' id='word_1_832' title='bbox 651 4955 706 5004; x_wconf 89' lang='lat' dir='ltr'><strong>et</strong></span> <span class='ocrx_word' id='word_1_833' title='bbox 752 4956 884 5003; x_wconf 88' lang='lat' dir='ltr'><strong>tom.</strong></span> <span class='ocrx_word' id='word_1_834' title='bbox 926 4946 993 5004; x_wconf 85' lang='lat' dir='ltr'><strong>Ill</strong></span> <span class='ocrx_word' id='word_1_835' title='bbox 1014 4946 1389 5019; x_wconf 82' lang='lat' dir='ltr'><strong>Antiquitatum</strong></span> <span class='ocrx_word' id='word_1_836' title='bbox 1433 4947 1865 5015; x_wconf 83' lang='lat' dir='ltr'><strong>Christianorum,</strong></span> <span class='ocrx_word' id='word_1_837' title='bbox 1908 4951 2000 5005; x_wconf 88' lang='lat' dir='ltr'><strong>lib.</strong></span> 
     </span>
    </p>
   </div>
   <div class='ocr_carea' id='block_1_54' title="bbox 2215 4946 3754 5025">
    <p class='ocr_par' dir='ltr' id='par_1_54' title="bbox 2215 4951 3754 5025">
     <span class='ocr_line' id='line_1_54' title="bbox 2215 4951 3754 5025; baseline 0.003 -22"><span class='ocrx_word' id='word_1_838' title='bbox 2215 4960 2331 5005; x_wconf 73' lang='lat' dir='ltr'><strong>iart.</strong></span> <span class='ocrx_word' id='word_1_839' title='bbox 2379 4968 2427 5016; x_wconf 88' lang='grc' dir='ltr'>ι,</span> <span class='ocrx_word' id='word_1_840' title='bbox 2479 4967 2599 5021; x_wconf 89' lang='lat' dir='ltr'><strong>cap.</strong></span> <span class='ocrx_word' id='word_1_841' title='bbox 2652 4951 2707 5017; x_wconf 88' lang='lat'><strong>1,</strong></span> <span class='ocrx_word' id='word_1_842' title='bbox 2752 4952 2779 5023; x_wconf 66' lang='grc' dir='ltr'>ς</span> <span class='ocrx_word' id='word_1_843' title='bbox 2837 4953 2889 5018; x_wconf 92' lang='grc'><strong>5,</strong></span> <span class='ocrx_word' id='word_1_844' title='bbox 2939 4968 3088 5007; x_wconf 90' lang='lat' dir='ltr'><strong>num.</strong></span> <span class='ocrx_word' id='word_1_845' title='bbox 3139 4952 3189 5019; x_wconf 89' lang='grc'><strong>5,</strong></span> <span class='ocrx_word' id='word_1_846' title='bbox 3242 4968 3364 5023; x_wconf 89' lang='lat' dir='ltr'><strong>pag.</strong></span> <span class='ocrx_word' id='word_1_847' title='bbox 3412 4954 3473 5008; x_wconf 87' lang='grc'><strong>51</strong></span> <span class='ocrx_word' id='word_1_848' title='bbox 3528 4971 3644 5025; x_wconf 85' lang='lat' dir='ltr'><strong>seq.</strong></span> <span class='ocrx_word' id='word_1_849' title='bbox 3686 4954 3754 5007; x_wconf 86' lang='lat' dir='ltr'><strong>De</strong></span> 
     </span>
    </p>
   </div>
   <div class='ocr_carea' id='block_1_55' title="bbox 478 5041 3755 5115">
    <p class='ocr_par' dir='ltr' id='par_1_55' title="bbox 478 5041 3755 5115">
     <span class='ocr_line' id='line_1_55' title="bbox 478 5041 3755 5115; baseline -0 -17"><span class='ocrx_word' id='word_1_850' title='bbox 478 5043 603 5099; x_wconf 80' lang='lat' dir='ltr'><strong>navi</strong></span> <span class='ocrx_word' id='word_1_851' title='bbox 622 5057 743 5111; x_wconf 64' lang='lat' dir='ltr'><strong>quae</strong></span> <span class='ocrx_word' id='word_1_852' title='bbox 772 5041 1067 5097; x_wconf 84' lang='lat' dir='ltr'><strong>Ecclesiatn</strong></span> <span class='ocrx_word' id='word_1_853' title='bbox 1098 5041 1225 5096; x_wconf 91' lang='lat' dir='ltr'><strong>item</strong></span> <span class='ocrx_word' id='word_1_854' title='bbox 1258 5043 1509 5096; x_wconf 83' lang='lat' dir='ltr'><strong>exhibeat</strong></span> <span class='ocrx_word' id='word_1_855' title='bbox 1531 5083 1549 5111; x_wconf 91' lang='lat'><strong>,</strong></span> <span class='ocrx_word' id='word_1_856' title='bbox 1580 5058 1805 5113; x_wconf 61' lang='lat' dir='ltr'><strong>quicque</strong></span> <span class='ocrx_word' id='word_1_857' title='bbox 1836 5044 2059 5114; x_wconf 85' lang='lat' dir='ltr'><strong>proinde</strong></span> <span class='ocrx_word' id='word_1_858' title='bbox 2093 5046 2263 5115; x_wconf 84' lang='lat' dir='ltr'><strong>pingi,</strong></span> <span class='ocrx_word' id='word_1_859' title='bbox 2296 5045 2491 5111; x_wconf 91' lang='lat' dir='ltr'><strong>incidi,</strong></span> <span class='ocrx_word' id='word_1_860' title='bbox 2525 5046 2816 5114; x_wconf 85' lang='lat' dir='ltr'><strong>insculpive</strong></span> <span class='ocrx_word' id='word_1_861' title='bbox 2847 5046 3130 5115; x_wconf 89' lang='lat' dir='ltr'><strong>lapidibus,</strong></span> <span class='ocrx_word' id='word_1_862' title='bbox 3164 5054 3292 5109; x_wconf 88' lang='lat' dir='ltr'><strong>etc.,</strong></span> <span class='ocrx_word' id='word_1_863' title='bbox 3324 5043 3545 5111; x_wconf 88' lang='lat' dir='ltr'><strong>soleret,</strong></span> <span class='ocrx_word' id='word_1_864' title='bbox 3578 5045 3755 5100; x_wconf 77' lang='lat' dir='ltr'><strong>confer</strong></span> 
     </span>
    </p>
   </div>
   <div class='ocr_carea' id='block_1_56' title="bbox 475 5131 3751 5206">
    <p class='ocr_par' dir='ltr' id='par_1_56' title="bbox 475 5131 3751 5206">
     <span class='ocr_line' id='line_1_56' title="bbox 475 5131 3751 5206; baseline -0.001 -17"><span class='ocrx_word' id='word_1_865' title='bbox 475 5132 812 5189; x_wconf 83' lang='lat' dir='ltr'><strong>Clementem</strong></span> <span class='ocrx_word' id='word_1_866' title='bbox 867 5131 1326 5198; x_wconf 87' lang='lat' dir='ltr'><strong>Alexandrinum,</strong></span> <span class='ocrx_word' id='word_1_867' title='bbox 1376 5133 1469 5188; x_wconf 92' lang='lat' dir='ltr'><strong>lib.</strong></span> <span class='ocrx_word' id='word_1_868' title='bbox 1528 5149 1584 5189; x_wconf 86' lang='grc' dir='ltr'><strong>ιιι</strong></span> <span class='ocrx_word' id='word_1_869' title='bbox 1624 5133 1947 5205; x_wconf 74' lang='lat' dir='ltr'><strong>deagogi,</strong></span> <span class='ocrx_word' id='word_1_870' title='bbox 2006 5152 2126 5205; x_wconf 86' lang='lat' dir='ltr'><strong>cap.</strong></span> <span class='ocrx_word' id='word_1_871' title='bbox 2186 5136 2287 5201; x_wconf 92' lang='lat'><strong>11,</strong></span> <span class='ocrx_word' id='word_1_872' title='bbox 2356 5152 2457 5206; x_wconf 87' lang='lat' dir='ltr'><strong>pag</strong></span> <span class='ocrx_word' id='word_1_873' title='bbox 2501 5136 2605 5189; x_wconf 84' lang='grc'><strong>245</strong></span> <span class='ocrx_word' id='word_1_874' title='bbox 2672 5136 2802 5189; x_wconf 89' lang='lat' dir='ltr'><strong>edit.</strong></span> <span class='ocrx_word' id='word_1_875' title='bbox 2862 5135 3027 5189; x_wconf 88' lang='lat' dir='ltr'><strong>Paris.</strong></span> <span class='ocrx_word' id='word_1_876' title='bbox 3086 5152 3175 5187; x_wconf 89' lang='lat' dir='ltr'><strong>an.</strong></span> <span class='ocrx_word' id='word_1_877' title='bbox 3210 5133 3365 5200; x_wconf 83' lang='grc'>1641,</span> <span class='ocrx_word' id='word_1_878' title='bbox 3423 5143 3479 5189; x_wconf 88' lang='lat' dir='ltr'><strong>et</strong></span> <span class='ocrx_word' id='word_1_879' title='bbox 3520 5144 3751 5192; x_wconf 85' lang='lat' dir='ltr'><strong>sanctum</strong></span> 
     </span>
    </p>
   </div>
   <div class='ocr_carea' id='block_1_57' title="bbox 478 5220 3749 5297">
    <p class='ocr_par' dir='ltr' id='par_1_57' title="bbox 478 5220 3749 5297">
     <span class='ocr_line' id='line_1_57' title="bbox 478 5220 3749 5297; baseline 0.002 -21"><span class='ocrx_word' id='word_1_880' title='bbox 478 5222 819 5278; x_wconf 85' lang='lat' dir='ltr'><strong>Ambrosium</strong></span> <span class='ocrx_word' id='word_1_881' title='bbox 891 5223 947 5276; x_wconf 87' lang='lat' dir='ltr'><strong>in</strong></span> <span class='ocrx_word' id='word_1_882' title='bbox 1021 5220 1144 5275; x_wconf 89' lang='lat' dir='ltr'><strong>Luc.</strong></span> <span class='ocrx_word' id='word_1_883' title='bbox 1204 5222 1293 5276; x_wconf 90' lang='lat' dir='ltr'><strong>lib.</strong></span> <span class='ocrx_word' id='word_1_884' title='bbox 1354 5239 1446 5287; x_wconf 76' lang='lat' dir='ltr'><strong>IV,</strong></span> <span class='ocrx_word' id='word_1_885' title='bbox 1502 5239 1652 5278; x_wconf 90' lang='lat' dir='ltr'><strong>num.</strong></span> <span class='ocrx_word' id='word_1_886' title='bbox 1699 5225 1765 5277; x_wconf 92' lang='lat'><strong>70</strong></span> <span class='ocrx_word' id='word_1_887' title='bbox 1825 5242 1937 5293; x_wconf 84' lang='lat' dir='ltr'><strong>seq.</strong></span> <span class='ocrx_word' id='word_1_888' title='bbox 1972 5266 1986 5289; x_wconf 92' lang='lat'><strong>,</strong></span> <span class='ocrx_word' id='word_1_889' title='bbox 2047 5241 2165 5295; x_wconf 89' lang='lat' dir='ltr'><strong>pag.</strong></span> <span class='ocrx_word' id='word_1_890' title='bbox 2238 5228 2389 5293; x_wconf 85' lang='grc'>848,</span> <span class='ocrx_word' id='word_1_891' title='bbox 2467 5238 2593 5282; x_wconf 87' lang='lat' dir='ltr'><strong>tom.</strong></span> <span class='ocrx_word' id='word_1_892' title='bbox 2677 5228 2740 5281; x_wconf 91' lang='lat' dir='ltr'><strong>ll.</strong></span> <span class='ocrx_word' id='word_1_893' title='bbox 2823 5228 2955 5281; x_wconf 84' lang='lat' dir='ltr'><strong>Vide</strong></span> <span class='ocrx_word' id='word_1_894' title='bbox 3008 5237 3268 5297; x_wconf 71' lang='lat' dir='ltr'><strong>prmtert-a</strong></span> <span class='ocrx_word' id='word_1_895' title='bbox 3327 5238 3514 5283; x_wconf 81' lang='lat' dir='ltr'><strong>vetera</strong></span> <span class='ocrx_word' id='word_1_896' title='bbox 3569 5245 3749 5283; x_wconf 88' lang='lat' dir='ltr'><strong>monu-</strong></span> 
     </span>
    </p>
   </div>
   <div class='ocr_carea' id='block_1_58' title="bbox 474 5312 3747 5385">
    <p class='ocr_par' dir='ltr' id='par_1_58' title="bbox 474 5312 3747 5385">
     <span class='ocr_line' id='line_1_58' title="bbox 474 5312 3747 5385; baseline 0 -16"><span class='ocrx_word' id='word_1_897' title='bbox 474 5322 656 5369; x_wconf 87' lang='lat' dir='ltr'><strong>menta</strong></span> <span class='ocrx_word' id='word_1_898' title='bbox 702 5328 823 5383; x_wconf 54' lang='lat' dir='ltr'><strong>quae.</strong></span> <span class='ocrx_word' id='word_1_899' title='bbox 870 5314 1099 5368; x_wconf 85' lang='lat' dir='ltr'><strong>attulere</strong></span> <span class='ocrx_word' id='word_1_900' title='bbox 1154 5312 1508 5385; x_wconf 80' lang='lat' dir='ltr'><strong>Hieronymus</strong></span> <span class='ocrx_word' id='word_1_901' title='bbox 1563 5314 1866 5370; x_wconf 80' lang='lat' dir='ltr'><strong>Alexander</strong></span> <span class='ocrx_word' id='word_1_902' title='bbox 1916 5314 2134 5382; x_wconf 79' lang='lat' dir='ltr'><strong>Junior,</strong></span> <span class='ocrx_word' id='word_1_903' title='bbox 2187 5316 2387 5385; x_wconf 88' lang='lat' dir='ltr'><strong>aliique</strong></span> <span class='ocrx_word' id='word_1_904' title='bbox 2433 5332 2568 5385; x_wconf 87' lang='lat' dir='ltr'><strong>quos</strong></span> <span class='ocrx_word' id='word_1_905' title='bbox 2640 5324 2888 5371; x_wconf 88' lang='lat' dir='ltr'><strong>recenset</strong></span> <span class='ocrx_word' id='word_1_906' title='bbox 2943 5315 3274 5370; x_wconf 78' lang='lat' dir='ltr'><strong>Mamachius</strong></span> <span class='ocrx_word' id='word_1_907' title='bbox 3341 5316 3437 5369; x_wconf 92' lang='lat' dir='ltr'><strong>lib.</strong></span> <span class='ocrx_word' id='word_1_908' title='bbox 3499 5316 3747 5377; x_wconf 85' lang='lat' dir='ltr'><strong>indicato,</strong></span> 
     </span>
    </p>
   </div>
   <div class='ocr_carea' id='block_1_59' title="bbox 548 5481 3747 5554">
    <p class='ocr_par' dir='ltr' id='par_1_59' title="bbox 548 5481 3747 5554">
     <span class='ocr_line' id='line_1_59' title="bbox 548 5481 3747 5554; baseline 0.002 -19"><span class='ocrx_word' id='word_1_909' title='bbox 548 5484 625 5554; x_wconf 94' lang='lat' dir='ltr'><strong>(a_)</strong></span> <span class='ocrx_word' id='word_1_910' title='bbox 659 5482 787 5536; x_wconf 87' lang='lat' dir='ltr'><strong>Vide</strong></span> <span class='ocrx_word' id='word_1_911' title='bbox 804 5490 1055 5554; x_wconf 75' lang='lat' dir='ltr'><strong>sanctum</strong></span> <span class='ocrx_word' id='word_1_912' title='bbox 1084 5481 1342 5554; x_wconf 76' lang='lat' dir='ltr'><strong>Joannem</strong></span> <span class='ocrx_word' id='word_1_913' title='bbox 1374 5481 2056 5554; x_wconf 52' lang='lat' dir='ltr'><strong>Chrysostomuni,homil.</strong></span> <span class='ocrx_word' id='word_1_914' title='bbox 2166 5502 2313 5541; x_wconf 90' lang='lat' dir='ltr'><strong>num.</strong></span> <span class='ocrx_word' id='word_1_915' title='bbox 2348 5487 2433 5552; x_wconf 90' lang='lat'><strong>10,</strong></span> <span class='ocrx_word' id='word_1_916' title='bbox 2465 5501 2588 5554; x_wconf 89' lang='lat' dir='ltr'><strong>pag.</strong></span> <span class='ocrx_word' id='word_1_917' title='bbox 2635 5487 2722 5552; x_wconf 92' lang='grc'><strong>44,</strong></span> <span class='ocrx_word' id='word_1_918' title='bbox 2755 5487 2884 5540; x_wconf 78' lang='lat' dir='ltr'><strong>edit.</strong></span> <span class='ocrx_word' id='word_1_919' title='bbox 2919 5486 3087 5541; x_wconf 86' lang='lat' dir='ltr'><strong>Paris.</strong></span> <span class='ocrx_word' id='word_1_920' title='bbox 3118 5501 3243 5539; x_wconf 88' lang='lat' dir='ltr'><strong>ann.</strong></span> <span class='ocrx_word' id='word_1_921' title='bbox 3279 5486 3438 5542; x_wconf 79' lang='grc'>1720.</span> <span class='ocrx_word' id='word_1_922' title='bbox 3470 5496 3527 5541; x_wconf 87' lang='lat' dir='ltr'><strong>et</strong></span> <span class='ocrx_word' id='word_1_923' title='bbox 3550 5488 3747 5542; x_wconf 74' lang='lat' dir='ltr'><strong>catecli</strong></span> 
     </span>
    </p>
   </div>
   <div class='ocr_carea' id='block_1_60' title="bbox 477 5552 3749 5625">
    <p class='ocr_par' dir='ltr' id='par_1_60' title="bbox 477 5552 3749 5625">
     <span class='ocr_line' id='line_1_60' title="bbox 477 5552 3749 5625; baseline 0.001 -20"><span class='ocrx_word' id='word_1_924' title='bbox 477 5552 756 5625; x_wconf 13' lang='lat' dir='ltr'><strong>dei‘LaLude</strong></span> <span class='ocrx_word' id='word_1_925' title='bbox 796 5552 1037 5625; x_wconf 68' lang='lat' dir='ltr'><strong>Maximi,</strong></span> <span class='ocrx_word' id='word_1_926' title='bbox 1054 5567 1209 5625; x_wconf 58' lang='lat' dir='ltr'><strong>num.</strong></span> <span class='ocrx_word' id='word_1_927' title='bbox 1244 5552 1295 5614; x_wconf 89' lang='grc'><strong>5,</strong></span> <span class='ocrx_word' id='word_1_928' title='bbox 1330 5565 1449 5621; x_wconf 85' lang='lat' dir='ltr'><strong>pag.</strong></span> <span class='ocrx_word' id='word_1_929' title='bbox 1493 5552 1615 5625; x_wconf 83' lang='grc'>215,</span> <span class='ocrx_word' id='word_1_930' title='bbox 1649 5560 1779 5625; x_wconf 72' lang='lat' dir='ltr'><strong>tom.</strong></span> <span class='ocrx_word' id='word_1_931' title='bbox 1812 5553 1875 5607; x_wconf 91' lang='lat' dir='ltr'><strong>Ill</strong></span> <span class='ocrx_word' id='word_1_932' title='bbox 1907 5569 2056 5622; x_wconf 81' lang='lat' dir='ltr'><strong>Oper.</strong></span> <span class='ocrx_word' id='word_1_933' title='bbox 2166 5557 2251 5621; x_wconf 86' lang='grc'><strong>15,</strong></span> <span class='ocrx_word' id='word_1_934' title='bbox 2287 5572 2434 5609; x_wconf 90' lang='lat' dir='ltr'><strong>num.</strong></span> <span class='ocrx_word' id='word_1_935' title='bbox 2463 5552 2559 5619; x_wconf 70' lang='grc'><strong>21,</strong></span> <span class='ocrx_word' id='word_1_936' title='bbox 2586 5572 2707 5625; x_wconf 89' lang='lat' dir='ltr'><strong>pag.</strong></span> <span class='ocrx_word' id='word_1_937' title='bbox 2743 5554 2864 5617; x_wconf 87' lang='grc'>195,</span> <span class='ocrx_word' id='word_1_938' title='bbox 2898 5564 2951 5609; x_wconf 90' lang='lat' dir='ltr'><strong>et</strong></span> <span class='ocrx_word' id='word_1_939' title='bbox 2991 5564 3234 5625; x_wconf 82' lang='lat' dir='ltr'><strong>sanctum</strong></span> <span class='ocrx_word' id='word_1_940' title='bbox 3272 5556 3634 5625; x_wconf 82' lang='lat' dir='ltr'><strong>Ambrosium,</strong></span> <span class='ocrx_word' id='word_1_941' title='bbox 3665 5558 3749 5610; x_wconf 89' lang='lat' dir='ltr'><strong>lib.</strong></span> 
     </span>
    </p>
   </div>
   <div class='ocr_carea' id='block_1_61' title="bbox 473 5620 3750 5695">
    <p class='ocr_par' dir='ltr' id='par_1_61' title="bbox 473 5620 3750 5695">
     <span class='ocr_line' id='line_1_61' title="bbox 473 5620 3750 5695; baseline 0.001 -17"><span class='ocrx_word' id='word_1_942' title='bbox 473 5624 604 5678; x_wconf 84' lang='lat' dir='ltr'><strong>edit.</strong></span> <span class='ocrx_word' id='word_1_943' title='bbox 640 5620 814 5695; x_wconf 64' lang='lat' dir='ltr'><strong>Paris.</strong></span> <span class='ocrx_word' id='word_1_944' title='bbox 852 5638 974 5695; x_wconf 83' lang='lat' dir='ltr'><strong>ann.</strong></span> <span class='ocrx_word' id='word_1_945' title='bbox 1018 5620 1172 5684; x_wconf 83' lang='lat'><strong>1721,</strong></span> <span class='ocrx_word' id='word_1_946' title='bbox 1206 5630 1259 5675; x_wconf 91' lang='lat' dir='ltr'><strong>et</strong></span> <span class='ocrx_word' id='word_1_947' title='bbox 1288 5620 1530 5675; x_wconf 79' lang='lat' dir='ltr'><strong>sanctum</strong></span> <span class='ocrx_word' id='word_1_948' title='bbox 1562 5623 1911 5690; x_wconf 87' lang='lat' dir='ltr'><strong>Augustinum</strong></span> <span class='ocrx_word' id='word_1_949' title='bbox 1942 5620 2061 5681; x_wconf 81' lang='lat' dir='ltr'><strong>loco</strong></span> <span class='ocrx_word' id='word_1_950' title='bbox 2165 5643 2199 5680; x_wconf 89' lang='lat' dir='ltr'><strong>x</strong></span> <span class='ocrx_word' id='word_1_951' title='bbox 2224 5629 2277 5679; x_wconf 86' lang='lat' dir='ltr'><strong>in</strong></span> <span class='ocrx_word' id='word_1_952' title='bbox 2304 5625 2431 5679; x_wconf 87' lang='lat' dir='ltr'><strong>Lac.</strong></span> <span class='ocrx_word' id='word_1_953' title='bbox 2467 5620 2739 5695; x_wconf 43' lang='lat' dir='ltr'><strong>Evangétq</strong></span> <span class='ocrx_word' id='word_1_954' title='bbox 2768 5640 2915 5678; x_wconf 90' lang='lat' dir='ltr'><strong>num.</strong></span> <span class='ocrx_word' id='word_1_955' title='bbox 2942 5624 3063 5689; x_wconf 81' lang='grc'>155,</span> <span class='ocrx_word' id='word_1_956' title='bbox 3088 5634 3221 5679; x_wconf 91' lang='lat' dir='ltr'><strong>tom.</strong></span> <span class='ocrx_word' id='word_1_957' title='bbox 3246 5624 3290 5695; x_wconf 87' lang='lat' dir='ltr'><strong>ll</strong></span> <span class='ocrx_word' id='word_1_958' title='bbox 3318 5641 3467 5695; x_wconf 83' lang='lat' dir='ltr'><strong>oper.</strong></span> <span class='ocrx_word' id='word_1_959' title='bbox 3502 5620 3629 5681; x_wconf 82' lang='lat' dir='ltr'><strong>edit.</strong></span> <span class='ocrx_word' id='word_1_960' title='bbox 3658 5625 3750 5682; x_wconf 86' lang='lat' dir='ltr'><strong>Ve-</strong></span> 
     </span>
    </p>
   </div>
   <div class='ocr_carea' id='block_1_62' title="bbox 475 5692 3748 5767">
    <p class='ocr_par' dir='ltr' id='par_1_62' title="bbox 475 5692 3748 5767">
     <span class='ocr_line' id='line_1_62' title="bbox 475 5692 3748 5767; baseline 0.002 -23"><span class='ocrx_word' id='word_1_961' title='bbox 475 5692 997 5767; x_wconf 55' lang='lat' dir='ltr'><strong>nmx_descrugeiido.</strong></span> <span class='ocrx_word' id='word_1_962' title='bbox 1042 5766 1045 5767; x_wconf 14' lang='grc' dir='ltr'><em>ν</em></span> <span class='ocrx_word' id='word_1_963' title='bbox 1181 5758 1214 5767; x_wconf 37' lang='grc' dir='ltr'><em>Β</em></span> <span class='ocrx_word' id='word_1_964' title='bbox 1684 5764 1695 5767; x_wconf 95' lang='lat'><em>_</em></span> <span class='ocrx_word' id='word_1_965' title='bbox 1924 5766 1935 5767; x_wconf 16' lang='grc' dir='ltr'>ί</span> <span class='ocrx_word' id='word_1_966' title='bbox 2006 5766 2009 5767; x_wconf 15' lang='grc' dir='ltr'><em>ν</em></span> <span class='ocrx_word' id='word_1_967' title='bbox 2163 5705 2302 5767; x_wconf 71' lang='lat' dir='ltr'><strong>neue</strong></span> <span class='ocrx_word' id='word_1_968' title='bbox 2332 5710 2420 5749; x_wconf 85' lang='lat' dir='ltr'><strong>an.</strong></span> <span class='ocrx_word' id='word_1_969' title='bbox 2442 5692 2629 5767; x_wconf 59' lang='grc'><strong>⁸1748,⁷</strong></span> <span class='ocrx_word' id='word_1_970' title='bbox 2646 5694 3059 5767; x_wconf 58' lang='lat' dir='ltr'><strong>Tertullianum,</strong></span> <span class='ocrx_word' id='word_1_971' title='bbox 3092 5694 3195 5767; x_wconf 51' lang='lat' dir='ltr'><strong>lib:</strong></span> <span class='ocrx_word' id='word_1_972' title='bbox 3214 5694 3283 5767; x_wconf 71' lang='lat' dir='ltr'><strong>de</strong></span> <span class='ocrx_word' id='word_1_973' title='bbox 3314 5692 3607 5767; x_wconf 79' lang='lat' dir='ltr'><strong>Baptismo,</strong></span> <span class='ocrx_word' id='word_1_974' title='bbox 3634 5711 3748 5763; x_wconf 76' lang='lat' dir='ltr'><strong>cap.</strong></span> 
     </span>
    </p>
   </div>
   <div class='ocr_carea' id='block_1_63' title="bbox 546 5758 2085 5837">
    <p class='ocr_par' dir='ltr' id='par_1_63' title="bbox 546 5758 2055 5832">
     <span class='ocr_line' id='line_1_63' title="bbox 546 5758 2055 5832; baseline 0.008 -18"><span class='ocrx_word' id='word_1_975' title='bbox 546 5760 622 5832; x_wconf 73' lang='grc' dir='ltr'><strong>(ὁ)</strong></span> <span class='ocrx_word' id='word_1_976' title='bbox 642 5758 874 5818; x_wconf 79' lang='lat' dir='ltr'><strong>Consule</strong></span> <span class='ocrx_word' id='word_1_977' title='bbox 904 5766 1146 5818; x_wconf 84' lang='lat' dir='ltr'><strong>sanctum</strong></span> <span class='ocrx_word' id='word_1_978' title='bbox 1175 5758 1429 5829; x_wconf 83' lang='lat' dir='ltr'><strong>Cyrillum</strong></span> <span class='ocrx_word' id='word_1_979' title='bbox 1455 5761 1745 5829; x_wconf 82' lang='lat' dir='ltr'><strong>Hierosol.,</strong></span> <span class='ocrx_word' id='word_1_980' title='bbox 1769 5766 1979 5822; x_wconf 85' lang='lat' dir='ltr'><strong>catech.</strong></span> <span class='ocrx_word' id='word_1_981' title='bbox 2002 5766 2055 5826; x_wconf 85' lang='grc'>5.</span> 
     </span>
    </p>
   </div>
   <div class='ocr_carea' id='block_1_64' title="bbox 1748 5758 3287 5837">
    <p class='ocr_par' dir='ltr' id='par_1_64' title="bbox 1769 5762 3287 5837">
     <span class='ocr_line' id='line_1_64' title="bbox 1769 5762 3287 5837; baseline 0 -15"><span class='ocrx_word' id='word_1_982' title='bbox 1769 5766 1979 5822; x_wconf 86' lang='lat' dir='ltr'><strong>catech.</strong></span> <span class='ocrx_word' id='word_1_983' title='bbox 2002 5766 2055 5826; x_wconf 91' lang='grc'>5.</span> <span class='ocrx_word' id='word_1_984' title='bbox 2164 5764 2248 5825; x_wconf 81' lang='grc'><strong>15,</strong></span> <span class='ocrx_word' id='word_1_985' title='bbox 2282 5778 2399 5837; x_wconf 85' lang='lat' dir='ltr'><strong>pag.</strong></span> <span class='ocrx_word' id='word_1_986' title='bbox 2434 5764 2561 5831; x_wconf 79' lang='grc'>259,</span> <span class='ocrx_word' id='word_1_987' title='bbox 2596 5765 2725 5821; x_wconf 87' lang='lat' dir='ltr'><strong>edit.</strong></span> <span class='ocrx_word' id='word_1_988' title='bbox 2762 5763 3095 5828; x_wconf 60' lang='lat' dir='ltr'><strong>Venetaman.</strong></span> <span class='ocrx_word' id='word_1_989' title='bbox 3133 5762 3287 5822; x_wconf 87' lang='grc'>1744.</span> 
     </span>
    </p>
   </div>
  </div>
