3898 6226
108 381 185 439 liii
1561 387 1647 444 PR

1862 389 1944 446 l0.
3298 396 3401 451 102

107 507 230 547 num.
259 492 340 560 32,
370 507 489 564 pag.
515 494 610 550 98.
651 495 788 550 Jam
844 493 1111 550 Maximus
1146 496 1367 571 bomilia
1422 495 1509 563 50,
1556 512 1676 568 pag.
1732 498 1860 565 154,
1907 500 2204 570 explicans,
2237 503 2589 571 quamobrem
2621 504 2744 560 navi
2785 504 3014 560 similem
3042 504 3186 559 dicat
3213 504 3402 563 Eccle-

105 582 251 636 siam:
278 583 404 638 Cum
422 603 457 638 a
480 586 690 653 nautis,
727 586 950 654 inquit,
981 587 1226 641 scinditur
1247 605 1410 654 mare,
1439 591 1583 659 prius
1609 590 1674 644 ab
1702 593 1833 663 ipsis
1866 593 2091 663 (nautis)
2114 594 2270 650 arbor
2294 597 2531 667 erigitur,
2558 600 2722 654 velum
2752 599 3083 665 distenditur,
3113 608 3207 665 ut,
3249 615 3402 653 cruce

104 670 288 731 Domini
312 679 473 750 facta,
497 695 769 748 aquarum
795 680 1006 747 ﬂuenta
1032 690 1350 749 rumpuntur,
1380 688 1427 733 et
1454 681 1549 735 hoc
1579 682 1839 737 dominico
1861 686 2029 738 securi
2054 686 2201 754 signo
2226 696 2431 757 portum
2459 689 2645 745 salutis
2680 699 2878 761 petunt,
2910 692 3194 763 periculum
3213 694 3398 749 nwrtis

102 766 323 831 eradunt;
344 766 521 841 ﬁgui-u
538 774 691 824 enim
722 771 1049 825 sacramenti
1073 771 1307 841 quadam
1331 780 1408 824 est
1428 773 1592 825 velum
1621 789 1927 843 suspensum
1956 776 2010 828 in
2032 774 2249 841 arbore,
2272 778 2423 847 quasi
2464 775 2694 834 Christus
2738 781 2807 834 sit
2843 780 3103 834 exaltutus
3128 781 3185 834 in
3213 796 3396 847 cruce;

102 857 359 927 atqueideo
384 859 722 928 conﬁdentia
753 860 824 913 de
845 861 1086 928 mysterio
1111 861 1369 926 veniente,
1400 861 1632 915 homines
1680 872 1947 916 ventorum
1973 864 2225 933 procellas
2267 867 2532 937 negligant
2556 909 2571 933 ,
2598 871 3029 940 peregrinationis
3068 878 3186 924 vota
3228 872 3397 924 susci-

101 950 243 1016 piunt.
282 946 430 1004 Sicut
459 958 643 1004 autem
674 950 931 1003 Ecclesia
954 950 1064 1003 sine
1089 965 1240 1003 cruce
1264 959 1404 1003 stare
1430 967 1535 1003 non
1556 960 1751 1020 potest,
1783 954 1858 1005 ita
1885 962 1936 1006 et
1963 955 2075 1007 sine
2096 953 2281 1008 arbore
2308 957 2452 1009 navis
2481 958 2691 1026 inﬁrma
2721 957 2817 1012 est.
2863 959 3058 1013 Statim
3078 962 3234 1014 renim
3270 962 3385 1015 dia-

101 1036 223 1091 bolus
247 1039 520 1109 inquietat,
551 1050 605 1093 et
646 1041 804 1093 illam
834 1048 1011 1095 ventus
1037 1039 1227 1093 allidit.
1269 1040 1335 1091 At
1374 1037 1461 1093 ubi
1499 1040 1708 1109 signum
1754 1042 1924 1095 crucis
1951 1043 2187 1113 erigitur,
2220 1045 2398 1098 statim
2438 1054 2488 1099 et
2532 1045 2726 1101 diaboli
2754 1049 3003 1119 iniquitas
3032 1048 3315 1120 repellitur,
3346 1062 3398 1105 et

98 1136 333 1182 ventorum
354 1129 595 1199 procella
617 1132 856 1200 sopitur.

156 1218 224 1272 Ac
248 1219 311 1273 de
340 1221 615 1290 symbolis
664 1236 812 1276 arca:
854 1226 1112 1291 navisque
1157 1220 1440 1276 hactenus.
1495 1219 1648 1275 Nunc
1694 1220 1763 1276 de
1812 1221 1980 1275 vineae
2034 1221 2283 1292 lunaeque
2319 1225 2724 1294 comparatione
2771 1240 2892 1279 cum
2944 1223 3203 1293 Ecclesia,
3236 1240 3299 1281 ac
3329 1228 3396 1279 de

95 1306 320 1364 Ecclesia:
349 1310 524 1379 ipsius
552 1313 961 1382 prapagatione
990 1311 1518 1381 ampliﬁcationeque
1565 1312 1635 1365 ab
1683 1312 2121 1381 prtedicatianem
2154 1314 2319 1373 Verbi,
2343 1316 2437 1370 Dei
2463 1358 2478 1381 ,
2530 1318 2815 1387 fusumque
2844 1332 2875 1371 a
2907 1318 3232 1389 martyribus
3260 1334 3393 1372 san-

96 1400 304 1467 guinem,
335 1416 459 1469 qua:
488 1410 629 1455 sunt
660 1417 693 1456 a
724 1401 962 1456 Maxima
995 1402 1206 1469 tradita,
1240 1404 1520 1472 explicabo
1569 1404 1738 1458 brevi.
1793 1404 1936 1473 Erga
1984 1406 2250 1462 Maximus
2295 1408 2518 1464 hamilia
2567 1410 2653 1469 50,
2707 1424 2830 1478 pag.
2862 1408 2986 1476 478,
3023 1408 3161 1475 Noe,
3195 1410 3388 1478 inquit,

94 1492 159 1544 rir
184 1492 405 1563 agricola
433 1508 560 1545 cum
582 1492 884 1562 plantasset
921 1494 1151 1546 vineam.
1173 1531 1186 1545 .
1207 1532 1253 1545 ..
1305 1491 1565 1547 Christum
1595 1494 1924 1563 signiﬁcavit,
1957 1498 2043 1566 qui
2074 1497 2273 1550 vineam
2304 1498 2423 1568 fecit
2453 1496 2764 1550 Ecclesium.
2798 1496 3005 1563 Quotus
3035 1506 3214 1551 autem
3243 1496 3393 1565 quis-

93 1596 183 1647 que
208 1589 303 1645 est,
335 1582 428 1650 qui
460 1596 581 1637 non
635 1597 673 1635 a
722 1580 972 1636 Patribus
1018 1582 1214 1649 modo,
1250 1596 1440 1637 verum
1487 1584 1652 1637 etiam
1682 1597 1712 1635 a
1742 1581 1958 1639 Christo
1989 1585 2106 1655 ipso
2136 1585 2424 1649 Servatore
2453 1588 2505 1640 in
2537 1585 2847 1655 Evangelia,
2896 1587 3189 1644 Ecclesium
3222 1588 3393 1642 vineae

91 1672 236 1728 fuisse
263 1683 674 1744 comparatam,
710 1674 956 1742 ignoret?
976 1673 1096 1729 1am
1126 1690 1255 1730 vero
1284 1675 1504 1731 bomilia
1536 1675 1658 1741 101,
1687 1691 1811 1747 pag.
1841 1677 1964 1743 558,
1992 1676 2183 1751 Fulget
2206 1679 2456 1745 Ecclesia,
2483 1681 2673 1751 inquit,
2708 1698 2812 1735 non
2840 1698 2953 1748 suo,
2980 1682 3072 1736 sed
3099 1682 3393 1738 Saluatoris

94 1764 281 1829 lumine,
312 1776 363 1818 et
391 1767 577 1820 radiat
608 1782 723 1819 non
752 1767 965 1835 proprio
994 1767 1181 1832 nitore,
1212 1766 1306 1820 sed
1333 1765 1534 1830 Patris,
1560 1768 1693 1820 sicut
1720 1768 1997 1839 Apostolus
2027 1770 2122 1834 ait,
2153 1771 2331 1824 dicens
2354 1786 2373 1823 :
2413 1769 2542 1825 Vivo
2589 1777 2757 1823 autem
2810 1769 2916 1834 iam
2962 1786 3065 1824 non
3107 1788 3232 1841 ego;
3272 1773 3393 1825 vivit

92 1870 193 1908 rem
213 1856 261 1909 in
290 1872 370 1909 me
395 1853 653 1909 Christus
682 1864 772 1919 ;et
792 1856 981 1908 iterum
1003 1871 1022 1908 :
1057 1854 1126 1909 Ut
1152 1857 1220 1909 sit
1242 1857 1614 1928 primogenitus
1644 1857 1697 1911 in
1727 1859 1901 1936 multis
1923 1858 2191 1929 fratribus.
2233 1858 2390 1914 Recte
2414 1861 2569 1931 plane
2607 1860 2746 1914 luna:
2774 1869 3105 1933 comparatur
3131 1860 3389 1927 Ecclesia,

93 1949 315 2012 quoniam
337 1958 387 2000 et
407 1948 530 2016 ipsa
562 1961 669 2000 nos
699 1946 895 2000 lavacri
916 1962 1034 1999 rore
1052 1946 1337 2017 perfundit,
1369 1956 1419 2001 et
1449 1956 1643 2001 terram
1665 1952 1897 2019 corporis
1926 1952 2091 2004 nostri
2119 1950 2443 2021 baptismatis
2469 1970 2589 2008 rore
2616 1954 2854 2023 viviﬁcat.
2910 1952 3061 2007 Recte
3088 1954 3225 2008 Iunce
3252 1970 3392 2009 eom-

92 2047 289 2106 paratur
316 2036 584 2104 Ecclesia,
602 2039 733 2110 quia
759 2046 808 2092 et
839 2038 954 2108 ipsa
974 2046 1303 2109 augmentum
1330 2042 1570 2110 acquirit,
1595 2041 1887 2111 patiturque
1914 2042 2184 2114 defectum.
2222 2043 2476 2098 Minuitur
2493 2045 2631 2099 enim
2651 2061 2807 2113 scepe,
2834 2047 3126 2117 frequenter
3153 2053 3391 2118 augetur.

94 2127 327 2183 Minuitur
367 2131 848 2201 persecutionibus,
890 2130 1351 2201 praedicationibus
1391 2132 1691 2204 ampliatur.
1737 2132 2007 2187 Decrescit‘
2037 2151 2152 2188 cum
2200 2137 2450 2190 minuitur
2495 2137 2650 2206 ﬁliis,
2692 2139 2876 2190 crescit
2920 2152 3033 2189 cum
3074 2134 3391 2206 martyribus

95 2230 381 2284 coronatur;
410 2231 462 2273 et
486 2220 681 2273 eadem
708 2236 871 2273 causa
900 2235 1016 2289 qum
1057 2218 1235 2273 tribuit
1262 2222 1345 2288 illi,
1382 2220 1657 2291 defectum,
1679 2221 1795 2287 ipsa
1824 2231 2040 2291 prastat
2067 2232 2397 2294 augmentum
2424 2241 2442 2278 :
2468 2228 2761 2297 frequenter
2785 2227 3077 2298 enimquos
3105 2225 3244 2279 dolet
3271 2242 3393 2295 per-

93 2320 348 2374 secutores,
380 2312 530 2381 ipsos
559 2312 753 2380 recipit
783 2312 1124 2381 canfessores.
1169 2308 1299 2374 Qua:
1317 2327 1444 2364 sane
1472 2309 1694 2363 Patrum
1724 2308 1853 2380 [Civ]
1894 2312 2123 2365 omnium
2164 2328 2272 2365 una
2300 2329 2399 2371 vos:
2427 2314 2545 2384 fuit.
2584 2311 2824 2369 Justinus
2852 2322 3058 2384 martyr
3076 2313 3141 2367 in
3167 2312 3395 2385 Diulogo

92 2415 195 2452 cum
222 2400 496 2472 Tryphone
521 2443 537 2466 ,
576 2418 731 2458 num.
766 2403 887 2468 110,
920 2417 1042 2472 pag.
1073 2401 1181 2455 214
1210 2400 1342 2457 edit.
1368 2416 1601 2471 operum
1630 2400 1849 2456 Venetae
1889 2417 1978 2460 an.
2024 2403 2185 2458 1747.
2230 2403 2366 2458 Dum
2409 2404 2606 2476 gladio,
2658 2405 2852 2476 inquit,
2900 2402 3238 2476 percutimur,
3272 2407 3395 2460 dum

92 2493 444 2565 cruciﬁgimur,
476 2494 612 2549 dum
645 2497 775 2565 feris
804 2495 1081 2559 tradimur,
1121 2504 1169 2547 et
1193 2494 1432 2558 vinculis,
1464 2502 1514 2546 et
1554 2494 1684 2564 igni,
1712 2502 1763 2546 et
1801 2493 2038 2551 omnibus
2063 2496 2185 2549 aliis
2215 2497 2505 2564 tormentis,
2534 2512 2567 2549 a
2592 2496 2941 2567 confessione,
2973 2504 3029 2549 ut
3056 2498 3395 2568 manifestum

94 2589 179 2644 est,
197 2597 295 2635 non
317 2584 671 2637 discedimus.
712 2582 821 2638 Sed
847 2592 1039 2653 quanto
1066 2584 1236 2654 magis
1258 2583 1385 2642 talia
1411 2582 1558 2636 nobis
1581 2584 1905 2655 inﬂiguntur,
1932 2602 1991 2639 eo
2016 2585 2193 2657 plures
2213 2586 2306 2639 alii
2334 2602 2427 2656 per
2447 2603 2633 2641 nomen
2658 2586 2780 2642 Jesu
2802 2586 2997 2642 Christi
3027 2588 3205 2657 ﬁdeles
3233 2589 3390 2658 ﬁunt.

98 2670 531 2735 Quemadmodum
562 2674 709 2739 ritis,
739 2674 785 2727 si
812 2675 928 2744 quis
956 2680 1132 2743 partes
1172 2673 1291 2726 illas
1311 2679 1550 2743 amputet
1572 2713 1587 2738 ,
1619 2689 1734 2744 qua:
1762 2675 1986 2744 fructum
2017 2677 2212 2745 ferunt,
2253 2676 2328 2729 ita
2356 2676 2586 2746 proﬁcit,
2617 2684 2673 2728 ut
2699 2676 2834 2730 alios
2862 2677 3105 2746 ﬂorentes
3133 2686 3183 2731 et
3210 2676 3395 2748 fructi-

97 2763 216 2830 feros
254 2762 499 2830 palmites
551 2776 740 2814 rursus
785 2762 1037 2830 proferat.
1079 2758 1225 2813 Idem
1268 2759 1415 2814 nobis
1444 2777 1643 2831 quoque
1660 2763 1847 2815 evenit.
1906 2761 2223 2817 Cansanant
2251 2763 2337 2818 his
2365 2778 2485 2832 qua:
2512 2765 2698 2820 scribit
2728 2764 3089 2821 Tertullianus
3117 2768 3172 2821 in
3198 2768 3292 2822 lib.
3326 2766 3398 2820 ad

96 2852 380 2921 Scapulam,
412 2868 539 2921 cap.
567 2850 625 2918 4,
652 2864 776 2921 pag.
814 2850 915 2904 79.:
950 2848 1073 2903 Non
1103 2851 1327 2921 deﬁciet,
1361 2852 1553 2919 inquit,
1583 2852 1691 2904 harc
1711 2860 1874 2917 secta,
1906 2870 2062 2923 quam
2085 2863 2205 2908 tunc
2232 2856 2401 2925 magis
2423 2856 2677 2927 aediﬁcari
2704 2859 2843 2912 scias
2872 2873 2998 2912 cum'
3017 2860 3149 2913 credi
3170 2860 3392 2921 videtur.

97 2937 154 2990 Et
179 2942 500 3013 Apologetici
526 2959 656 3012 cap.
691 2943 901 3009 ultimo,
933 2957 1054 3012 pag.
1083 2943 1188 2996 4οι
1217 2942 1405 2996 Plures
1432 2944 1711 3013 efﬁcimur,
1755 2945 1953 3013 quoties
1983 2947 2225 3000 metimur
2253 2962 2285 2999 a
2312 2947 2471 3001 vobis.
2510 2947 2698 3008 Semen
2726 2958 2804 3001 est
2822 2951 3036 3021 sanguis
3065 2948 3397 3006 Christiano-

97 3048 215 3086 rum.
264 3032 471 3088 Harum
498 3040 636 3088 sunt
665 3034 859 3087 similia
885 3048 1005 3101 qua:
1036 3032 1304 3101 complexi
1350 3039 1474 3086 sunt
1517 3041 1736 3087 sanctus
1787 3031 2020 3103 Cyrillus
2048 3032 2570 3105 Hierosolymitanus
2599 3038 2808 3092 catech.
2841 3037 2929 3103 18,
2958 3054 3105 3092 num.
3146 3037 3237 3104 ‘27,
3269 3053 3397 3109 pag.

96 3121 203 3187 298,
233 3133 451 3178 sanctus
471 3123 778 3192 Gregorius
806 3122 1171 3177 Nazianzenus
1198 3131 1338 3175 orat.
1360 3121 1449 3186 25,
1484 3134 1608 3190 pag.
1633 3119 1757 3184 414,
1785 3127 1913 3175 tam.
1936 3120 1958 3174 1
1982 3122 2108 3176 edit.
2141 3122 2334 3178 Colon.
2367 3140 2457 3179 an.
2476 3123 2637 3191 1690,
2668 3141 2775 3195 quo
2804 3126 2945 3191 loca,
2982 3127 3395 3195 Persecutiones,

98 3216 265 3284 inquit,
298 3216 649 3269 illustriorem
676 3217 848 3283 ipsam
876 3211 1209 3286 (Ecclesium)
1241 3212 1739 3282 splendidioremque
1766 3227 1860 3281 per
1885 3212 2143 3283 supplicia
2171 3213 2476 3270 reddebant.
2530 3215 2600 3269 Et
2624 3217 2862 3272 carmine
2892 3214 2953 3271 11
2980 3217 3053 3291 δᾶ,
3077 3217 3394 3290 Episcopas,

100 3316 213 3361 tam.
237 3306 298 3374 11,
322 3321 454 3378 pag.
485 3309 583 3372 8‘3,
615 3306 709 3360 ubi
731 3306 810 3360 sic
840 3306 1041 3361 habet:

720 3419 943 3482 ﬁamque
968 3418 1330 3482 etiamhostilis
1349 3419 1501 3480 furor,
1543 3424 1694 3481 atque
1719 3420 1945 3467 immania
1970 3430 2181 3480 quaeque

717 3480 965 3542 §upplicia
987 3481 1276 3530 addiderant
1296 3482 1470 3530 animis
1495 3480 1621 3528 nova
1643 3483 1817 3542 robora
1839 3482 2034 3542 nostris,

721 3540 1095 3604 Iarmentlsque
1122 3542 1243 3591 lides
1261 3542 1494 3603 gravibus
1517 3553 1659 3600 mage
1686 3540 1803 3589 fulta
1822 3540 2038 3602 vigebat.

102 3657 310 3717 Sanctus
339 3664 668 3719 Ambrosius
688 3663 850 3733 epist.
887 3662 974 3730 72,
999 3678 1147 3718 num.
1182 3662 1273 3729 14,
1296 3678 1420 3734 pag.
1452 3663 1611 3726 1175,
1639 3679 1641 3686 ⁴

1859 3662 1863 3715 ἱ
1891 3678 2042 3731 oper.
2068 3662 2197 3717 edit.
2222 3663 2446 3719 Veneta:
2475 3679 2567 3723 an.
2602 3665 2736 3719 1751
2759 3707 2774 3734 ,
2818 3666 2925 3721 Per
2947 3675 3204 3735 martyres
3225 3684 3398 3723 cumu-

104 3753 265 3819 latam,
294 3757 369 3809 ait
390 3773 541 3821 esse,
577 3772 686 3811 non
718 3758 973 3810 minutam
1002 3756 1324 3827 religionem.
1358 3754 1588 3815 Sanctus
1627 3754 1864 3809 Joannes
1909 3754 2355 3826 Chrysaslomus,
2402 3757 2493 3811 lib.
2529 3756 2787 3813 adversus
2823 3758 3037 3813 Iudicas
3065 3767 3120 3813 et
3146 3760 3397 3827 gentiles,

108 3843 241 3908 Quod
259 3848 493 3904 Christus
527 3852 597 3902 sit
620 3847 780 3913 Deus,
813 3863 960 3901 num.
988 3846 1076 3912 12,
1101 3846 1382 3918 pag._258,
1416 3855 1549 3901 tam.
1580 3845 1619 3899 1.
1653 3845 2221 3914 SanctusAugustinus
2249 3848 2304 3901 in
2324 3849 2459 3918 psal.
2485 3865 2573 3913 XL,
2598 3864 2747 3903 num.
2781 3849 2831 3915 1,
2862 3864 2985 3920 pag.
3013 3849 3140 3915 258,
3173 3860 3306 3908 tam.
3329 3851 3398 3906 IV

106 3932 221 3987 edit.
254 3936 519 4008 Antuerp.
555 3952 643 3990 an.
671 3935 811 3989 1700
831 3950 939 4004 quo
968 3936 1089 3991 loco
1115 3954 1127 3989 :
1159 3934 1556 3989 Persecutiones
1579 3933 1813 3988 diabolus
1848 3937 1901 3989 in
1935 3933 2219 3990 Ecclesium
2241 3938 2514 3992 concitavit
2543 3939 2613 3992 ad
2627 3939 2943 4009 perdendum
2972 3957 3159 3996 nomen
3188 3939 3400 4007 Christi,

108 4026 342 4095 inquit,”
366 4069 379 4082 .
402 4068 416 4082 .
465 4026 541 4083 Ut
562 4035 853 4081 moreretur
880 4028 1065 4080 iterum
1096 4024 1331 4079 Christus
1356 4040 1461 4078 non
1491 4024 1546 4077 in
1574 4027 1764 4094 capite,
1795 4026 1887 4078 sed
1914 4025 1967 4078 in
1996 4040 2209 4093 corpore
2239 4042 2353 4092 suo,
2379 4028 2533 4081 occisi
2560 4037 2680 4082 sunt
2707 4038 2755 4082 et
2783 4039 3056 4100 martyres.
3105 4030 3190 4083 Ad
3216 4029 3399 4084 multi—

107 4117 381 4184 plicandans
422 4116 724 4172 Ecclesium
772 4118 932 4170 valuit
971 4124 1182 4169 sanctus
1228 4115 1442 4185 sanguis
1484 4114 1677 4182 effusus
1717 4130 1733 4168 :
1774 4116 2105 4169 seminationi
2153 4117 2371 4169 accessit
2427 4125 2476 4170 et
2517 4134 2654 4171 mors
2694 4110 3000 4188 martyrum.
3053 4119 3297 4175 Pretiosa
3343 4122 3398 4174 in

108 4223 362 4279 conspectu
388 4211 614 4267 Domini
642 4226 781 4264 mors
806 4209 1068 4280 justorum
1107 4203 1237 4278 'ejus.
1298 4207 1635 4278 Multiplicuti
1662 4216 1782 4261 sunt
1807 4209 1975 4278 magis
2004 4208 2268 4279 magisque
2297 4208 2603 4276 Christiani,
2635 4210 2683 4263 ét
2712 4226 2814 4263 non
2854 4220 2930 4265 est
2970 4212 3235 4283 impletum
3264 4215 3400 4284 quod

110 4301 330 4352 dixerunt
359 4300 597 4353 inimici.
621 4338 635 4352 .
658 4338 670 4351 .
694 4338 709 4351 .
743 4297 942 4352 Sedent
971 4298 1189 4368 pagani,
1218 4304 1266 4349 et
1289 4303 1590 4364 computant
1617 4294 1714 4348 sibi
1735 4312 1927 4360 annos,
1951 4294 2169 4349 audiunt
2195 4298 2452 4368 fanaticos
2482 4314 2602 4351 suos
2648 4298 2896 4364 dicentes,
2941 4301 3221 4372 aliquando
3249 4300 3403 4356 Chri-

108 4392 251 4445 stiani
278 4410 379 4446 non
408 4400 566 4446 erunt
584 4431 596 4443 .
616 4430 629 4444 .
653 4431 666 4443 .
687 4430 701 4444 .
736 4390 917 4443 Adhuc
946 4391 1121 4443 dicunt
1146 4406 1162 4443 :
1197 4386 1420 4453 Quando
1448 4388 1696 4442 morietur
1716 4396 1764 4440 et
1791 4388 1977 4458 peribit
2006 4406 2191 4442 nomen
2213 4390 2345 4459 ejus.
2373 4389 2460 4443 Bis
2490 4392 2627 4455 victi,
2659 4395 2737 4444 vel
2758 4394 2909 4446 tertio
2941 4396 3124 4463 sapite.
3160 4394 3403 4449 Mortuus

106 4494 174 4535 est
200 4482 451 4548 Christus,
484 4500 590 4536 non
622 4484 776 4553 periit
806 4497 994 4535 nomen
1019 4480 1169 4550 ejus:
1201 4481 1392 4534 mortui
1420 4490 1538 4545 sunt
1576 4489 1859 4550 martyres,
1892 4480 2237 4549 multiplicata
2265 4489 2339 4533 est
2369 4482 2534 4551 magis
2565 4479 2823 4534 Ecclesia.
2876 4481 3073 4537 Crescit
3103 4502 3194 4555 per
3222 4503 3399 4540 omnes

105 4586 265 4647 gentes
289 4594 476 4631 nomen
523 4574 736 4639 Christi,
768 4576 855 4646 qui
897 4575 958 4628 de
987 4585 1149 4628 morte
1186 4590 1281 4628 sua
1311 4584 1359 4628 et
1401 4576 1778 4629 resurrectione
1819 4574 2097 4646 praedixit;
2146 4575 2232 4646 qui
2278 4562 2342 4628 de
2388 4576 2635 4630 mortibus
2683 4587 2973 4647 martyrum
3010 4594 3219 4632 suorum
3262 4590 3311 4632 et
3341 4579 3406 4633 de

106 4682 282 4719 corona
304 4668 577 4737 pradixit.
620 4665 686 4720 Et
716 4681 969 4720 somnone
1000 4665 1025 4718 1
1062 4665 1114 4719 in
1147 4664 1281 4736 psal.
1315 4681 1461 4729 Lvnt,
1497 4682 1641 4719 num.
1678 4666 1743 4732 5,
1792 4680 1911 4734 pag.
1946 4665 2088 4718 418:
2146 4664 2359 4733 Effusas
2397 4676 2473 4719 est
2523 4684 2747 4739 magnus
2790 4677 2839 4721 et
2886 4669 3078 4723 multus
3116 4680 3406 4740 martyrum

106 4762 303 4830 sanguis
328 4801 343 4820 ,
393 4776 497 4833 quo
528 4759 722 4826 effuso,
757 4768 1002 4830 tanquam
1024 4758 1275 4812 seminata
1304 4774 1448 4828 seges
1487 4755 1736 4811 Ecclesia:
1764 4758 1986 4827 fertilius
2018 4766 2176 4811 totum
2206 4756 2480 4820 mundum,
2508 4759 2642 4810 sicut
2684 4772 2819 4811 nunc
2846 4760 3216 4828 conspicimus,
3249 4776 3405 4814 occu-

107 4850 252 4914 parit.
300 4850 369 4904 Et
397 4865 661 4906 sermone
692 4848 763 4903 32
794 4850 844 4903 in
878 4848 1009 4919 psal.
1045 4865 1225 4913 cxvm,
1259 4864 1406 4903 num.
1443 4848 1493 4915 6,
1530 4862 1650 4917 pag.
1687 4848 1847 4902 lbal.
1904 4846 2029 4911 Quis
2067 4865 2171 4902 non
2202 4848 2368 4901 videat
2388 4859 2637 4904 ouantum
2668 4852 2931 4927 adjuvarit
2960 4852 3255 4907 Ecclesium
3279 4870 3407 4907 san-

109 4942 212 5009 guis
240 4941 347 5014 [cv]
369 4943 667 4998 Ecclesia?
696 4940 906 5007 Quanta
933 4958 999 4996 ex
1035 4941 1128 5005 illa
1156 4952 1380 4996 semente
1406 4957 1552 5012 seges
1582 4950 1685 4995 toto
1732 4941 1854 4995 orbe
1894 4940 2214 4994 surrexerit?
2243 4938 2312 4993 Et
2342 4939 2435 4994 lib.
2469 4956 2579 4995 xxn
2610 4941 2673 4995 de
2700 4940 2852 4997 Civit.
2882 4942 3004 5008 Dei,
3038 4960 3159 5013 cap.
3194 4943 3245 5009 6,
3280 4959 3405 5013 pag.

111 5030 220 5096 A99,
253 5042 385 5090 tam.
419 5034 516 5089 νυ
542 5053 555 5088 ;
589 5036 636 5087 Α
659 5032 869 5088 Christo
891 5031 1002 5088 Deo
1027 5050 1133 5087 non
1153 5033 1319 5088 solum
1340 5032 1577 5095 colenda,
1600 5048 1775 5085 verum
1798 5032 1953 5086 etiam
1973 5030 2267 5101 conﬁtendo
2295 5040 2495 5085 tantam
2523 5049 2614 5103 per
2642 5032 2817 5087 orbem
2839 5043 3097 5089 terran
3117 5046 3407 5107 martyrum

112 5127 481 5182 multitudinem
509 5137 676 5181 metus
708 5142 950 5182 revocare
980 5143 1083 5181 non
1110 5128 1294 5197 potuit,
1328 5143 1431 5180 non
1460 5128 1584 5180 levis
1613 5126 1917 5194 offensionis
1942 5127 2277 5190 animorum;
2311 5126 2406 5178 sed
2443 5127 2813 5181 immensarum
2840 5130 3204 5201 variarumque
3232 5147 3387 5198 poena

111 5233 233 5282 rum,
261 5229 307 5273 et
337 5220 503 5290 ipsius
525 5222 729 5281 martis,
761 5234 877 5289 qua:
913 5220 1027 5289 plus
1056 5221 1258 5274 caneris
1285 5220 1617 5291 formidatur.
1667 5218 1850 5290 Neque
1896 5228 2015 5271 tunc
2064 5219 2243 5283 civitas
2271 5216 2463 5272 Christi
2487 5263 2501 5287 ,
2535 5223 2765 5293 quamvis
2794 5222 2964 5277 adhuc
2984 5226 3400 5296 peregrinaretur

114 5308 161 5361 in
189 5314 352 5376 terris,
402 5321 455 5365 et
494 5311 709 5366 haberet
756 5322 928 5365 tamen
974 5326 1286 5382 magnarum
1328 5311 1542 5379 agmina
1588 5308 1934 5379 papillarum,
1977 5308 2219 5361 adversus
2250 5310 2435 5375 impios
2477 5322 2829 5380 persecutores
2859 5329 2976 5369 suos
3003 5332 3099 5386 pro
3132 5318 3407 5384 temporali

114 5400 265 5456 salute
291 5407 569 5476 pugnavit;
621 5404 713 5459 sed
740 5405 910 5475 potius
957 5414 1013 5458 ut
1059 5403 1311 5459 obtineret
1341 5413 1608 5466 mternam,
1654 5419 1758 5455 non
1798 5409 2117 5472 repugnavit.
2166 5403 2515 5475 Ligabuntur,
2545 5406 2965 5471 includebantur,
2999 5408 3333 5463 credebantur
3361 5424 3409 5464 rt

116 5496 596 5564 multiplicabuntur.
638 5497 871 5553 Sanctus
918 5496 1028 5553 Leo
1078 5496 1302 5566 Magnus
1348 5510 1599 5551 sermone
1648 5494 1737 5562 8'5,
1783 5496 1873 5564 qui
1905 5503 1987 5550 est
2026 5495 2089 5549 de
2142 5492 2327 5551 Natali
2358 5501 2712 5569 apostolorum
2742 5501 2890 5555 Petri
2912 5511 2961 5555 et
2984 5502 3162 5568 Pauli,
3196 5519 3318 5571 cap.
3352 5506 3408 5563 (ἰ,

117 5598 231 5653 pag.
258 5585 382 5653 337,
414 5598 545 5643 tam.
580 5587 601 5642 l
632 5603 859 5659 operum
888 5586 1016 5642 edit.
1050 5585 1237 5641 Romae
1266 5600 1354 5639 an.
1392 5583 1564 5638 1755:
1599 5582 1723 5639 Non
1744 5585 2010 5650 minuitur,
2037 5585 2228 5653 inquit,
2251 5588 2694 5657 persecutionibus
2725 5587 2982 5655 Ecclesia,
3020 5592 3110 5644 sed
3150 5602 3405 5660 augetur;

119 5684 164 5727 et
186 5692 375 5743 semper
406 5678 711 5735 Dominicus
732 5696 858 5752 ager
884 5689 1056 5751 segete
1076 5678 1257 5733 ditiori
1286 5681 1516 5742 vestitur,
1548 5678 1670 5731 dum
1699 5695 1885 5748 grana,
1918 5695 2033 5750 qua:
2072 5680 2281 5750 singula
2309 5681 2520 5749 cadunt,
2553 5680 2902 5751 multiplicata
2932 5692 3237 5737 nascuntur.
3298 5682 3406 5740 llas

126 5759 295 5822 l’alrcs
325 5780 665 5829 consectatus
694 5770 960 5830 Maximus
985 5776 1163 5841 pergit
1190 5770 1427 5829 scribere
1454 5785 1708 5827 sermone
1738 5769 1828 5837 50,
1862 5783 1985 5839 pag.
2021 5769 2165 5826 59.8:
2217 5770 2454 5826 Vexatur
2489 5770 2728 5828 Ecclesia
2773 5772 3013 5829 manibus
3051 5782 3409 5845 cruentatum,
