3898 6226
438 324 444 328 ·
550 323 654 378 tes
2004 304 2392 384 PiltEFATlO.
3731 331 3823 385 un

546 442 727 487 nonut
754 433 889 487 inter
908 435 1160 506 supplicia
1200 452 1474 507 poenasque
1507 437 1714 507 deﬁciat
1730 454 1746 501 ;
1778 436 1867 490 sed
1896 447 1950 489 ut
1990 453 2083 506 per
2110 439 2440 493 multimodos
2482 439 2814 494 victoriarum
2857 440 3039 492 titulos
3066 440 3118 492 in
3165 454 3369 494 omnem
3399 440 3820 501 pulchritudinem

547 539 729 577 cruore
752 525 1177 596 triumphantium
1199 535 1488 597 martyrum
1511 528 1804 588 decoretur.

617 612 760 666 Ante
778 611 1048 666 Christum
1081 622 1263 668 natum
1297 615 1590 671 Ecclesiam
1620 615 1815 670 Christi
1846 620 2094 684 viguisse,
2128 617 2390 672 Maximus
2411 616 2551 671 idem
2574 615 2951 671 animadvertit
2971 617 3136 671 homil
3185 616 3304 683 101,
3329 632 3450 688 pag.
3481 617 3610 681 558.
3636 635 3740 690 qua
3761 623 3818 675 de

547 702 815 768 doctrina,
849 709 910 756 ut
924 711 1149 756 caeteros
1165 707 1590 772 prastermittam,
1613 707 1798 761 confer
1818 707 2190 776 Augustinum,
2213 708 2304 762 lib.
2329 723 2346 762 ι
2369 708 2433 760 de
2454 699 2721 778 Baptismo
2733 714 2920 762 contra
2941 705 3267 773 Donatistas,
3289 725 3410 777 cap.
3431 709 3500 763 15
3520 725 3661 778 seq.,
3683 727 3813 765 num.

544 793 616 846 24
635 808 776 863 seq.,
799 802 932 850 tom.
959 793 1048 860 lx,
1071 811 1201 866 pag.
1219 795 1305 849 62.
1331 796 1506 864 Atque
1536 813 1654 851 eam
1691 798 1906 866 quidem
1939 798 2252 863 Ecclesium,
2285 799 2426 853 idem
2456 798 2616 853 docet
2645 797 2927 863 Maximus,
2961 792 3112 862 ibid.,
3145 807 3390 854 evertere
3417 800 3582 854 fuisse
3611 808 3816 854 conatos

549 884 797 939 Jamneni
827 893 884 940 et
913 885 1209 940 Mambrcm
1235 925 1251 950 ,
1302 902 1424 940 cum
1455 885 1589 941 Mosi
1620 890 1886 942 restitere.
1928 887 2047 941 Jam
2077 904 2204 943 vero
2235 896 2363 943 tunc
2391 904 2541 953 eam,
2573 889 2716 956 quod
2749 886 2941 942 ﬁnibus
2971 886 3082 941 fere
3113 885 3410 946 Palmstina:
3439 888 3814 951 contineretur,

547 960 955 1046 propagata‘que
985 978 1051 1033 ad
1081 980 1311 1047 gentiles
1341 995 1446 1037 non
1478 987 1640 1043 esset,
1677 979 1837 1034 fuisse
1866 981 2125 1034 sterilem.
2167 978 2399 1035 Homilia
2430 978 2517 1043 95,
2551 991 2674 1048 pag.
2708 977 2811 1032 555
2841 997 2853 1031 :
2887 977 3250 1050 Requiramus,
3282 979 3472 1047 inquit,
3505 996 3621 1051 qua:
3641 981 3705 1032 sit
3727 981 3811 1031 ista

547 1072 747 1135 civitas,
774 1087 888 1142 quos
913 1073 1187 1125 sterilitate
1211 1071 1508 1125 laborabat.
1526 1110 1539 1125 .
1560 1111 1572 1126 .
1595 1113 1609 1125 .
1651 1070 1891 1144 Legimus
1919 1074 1973 1125 in
2007 1071 2183 1125 eodem
2203 1071 2437 1142 apostolo
2468 1071 2657 1123 dictum
2689 1069 2753 1122 de
2781 1068 3020 1123 Ecclesia
3045 1085 3062 1122 :
3096 1067 3318 1135 Laztare,
3351 1071 3561 1132 sterilis,
3590 1087 3703 1139 qua:
3725 1085 3811 1122 non

545 1163 722 1232 paris;
752 1179 982 1226 erumpe,
1009 1172 1058 1215 et
1085 1165 1341 1228 exclama,
1366 1180 1481 1236 qua
1507 1180 1612 1218 non
1633 1166 1880 1235 parturis.
1924 1163 2066 1234 Ergo
2088 1162 2322 1217 Ecclesia
2345 1173 2423 1216 est
2458 1163 2550 1216 illa
2579 1163 2770 1216 sterilis
2799 1162 2998 1225 civitas,
3029 1177 3142 1230 qua:
3169 1170 3290 1214 ante
3310 1161 3588 1214 adventum
3615 1160 3811 1223 Christi,

546 1270 799 1326 aquarum
825 1257 968 1320 vitio,
993 1257 1086 1310 hoc
1107 1267 1187 1311 est
1211 1259 1482 1329 sacrilegio
1509 1259 1776 1329 gentilium
1805 1259 2129 1329 populorum,
2157 1258 2478 1312 sterilitatem
2511 1258 2792 1319 sustinens,
2825 1255 2924 1310 Dei
2949 1257 3091 1326 ﬁlios
3121 1272 3397 1325 procreare
3423 1272 3528 1310 non
3558 1258 3810 1326 potuisset.

551 1342 649 1398 Ubi
670 1347 805 1398 venit
825 1344 1080 1410 Christus,
1105 1347 1239 1399 velut
1262 1364 1350 1400 vas
1375 1349 1531 1417 ﬁctile
1553 1365 1818 1402 assumens
1845 1365 2031 1418 corpus
2058 1348 2356 1408 humanum,
2385 1348 2505 1400 vitia
2535 1349 2741 1400 sanauit
2760 1363 3027 1417 aquarum,
3061 1347 3156 1399 hoc
3182 1356 3257 1400 est
3281 1348 3526 1399 resecavit
3553 1348 3814 1416 sacrilegia

546 1439 871 1504 populorum.
915 1435 1108 1491 Statim
1148 1436 1387 1490 Ecclesia
1406 1477 1421 1500 ,
1446 1454 1560 1507 ιμιτε
1604 1447 1716 1490 erat
1760 1437 1983 1501 sterilis,
2013 1439 2162 1508 coepit
2191 1453 2302 1490 esse
2323 1435 2565 1507 fecunda.
2610 1433 2759 1488 Unde
2777 1443 2825 1488 et
2843 1436 3120 1504 Apostolus
3151 1435 3319 1488 dicit:
3351 1433 3580 1498 Laetare,
3611 1438 3809 1488 sterilis.

547 1524 734 1580 Plures
759 1528 896 1580 enim
918 1528 1058 1596 ﬁlios
1085 1545 1150 1581 ex
1169 1543 1227 1580 eo
1251 1525 1505 1592 Ecclesia,
1530 1545 1642 1598 quas
1669 1536 1780 1581 erat
1809 1527 1999 1581 sterilis
2029 1527 2334 1597 procreavit,
2365 1543 2518 1597 quam
2545 1524 2828 1596 Sgnagoga
2857 1525 2955 1597 (α),
2988 1542 3103 1596 qua:
3132 1526 3275 1596 (cum
3305 1523 3604 1579 Paizcstiuze
3634 1524 3812 1581 ﬁnibus

544 1616 934 1684 contineretur)
965 1626 1078 1669 erat
1101 1617 1340 1688 fecunda,
1363 1619 1657 1687 susceperit.
1712 1616 1848 1672 Sunt
1877 1618 1990 1672 haec
2020 1619 2179 1687 plane
2219 1627 2583 1672 consentanea
2612 1616 2677 1669 iis
2705 1631 2826 1685 qua:
2856 1617 2922 1670 ab
2947 1618 3158 1671 ueteris
3188 1615 3437 1672 Patribus
3465 1619 3812 1672 monumentis

545 1705 696 1760 ruere
727 1705 918 1759 tradita
949 1705 1271 1760 litterarum.
1312 1706 1578 1776 [inprimis
1608 1717 1786 1761 autem
1817 1723 1847 1761 a
1876 1706 2075 1778 Cyrillo
2105 1707 2593 1778 Ilierosolymitano
2623 1708 2891 1763 catechesi
2923 1708 3008 1773 18,
3042 1724 3186 1761 num.
3222 1707 3292 1761 26
3319 1724 3494 1778 seqq.,
3528 1725 3650 1779 pag.
3683 1710 3806 1774 298;

544 1795 614 1849 ah
640 1793 848 1851 Joanne
877 1797 1264 1868 Chrysostomo
1293 1799 1347 1850 in
1393 1797 1552 1852 Isaiae
1586 1815 1699 1868 cap.
1745 1815 1799 1859 it,
1835 1813 1978 1852 num.
2013 1799 2063 1862 5,
2097 1813 2218 1868 pag.
2250 1797 2312 1850 2|
2349 1813 2464 1867 seq.
2491 1838 2506 1862 ,
2541 1807 2669 1852 tom.
2704 1798 2775 1851 Vl
2813 1807 2868 1852 et
2905 1798 2959 1852 in
2999 1813 3118 1868 cap.
3161 1816 3212 1853 ιν
3254 1797 3422 1868 Epist.
3460 1801 3531 1852 ad
3580 1799 3806 1854 Galatas.

544 1904 692 1943 num.
728 1889 781 1954 4,
814 1898 945 1944 tom.
979 1890 1025 1943 X
1056 1905 1179 1961 pag.
1215 1890 1315 1943 710
1342 1905 1480 1958 seq.,
1515 1891 1604 1943 ubi
1643 1890 1699 1944 S.
1733 1889 1956 1945 doctor:
1994 1887 2140 1956 Qum,
2186 1891 2376 1958 inquit,
2418 1890 2636 1943 antehac
2676 1891 2887 1954 sterilis,
2932 1899 2981 1944 et
3010 1907 3123 1961 qua:
3169 1892 3409 1947 deserta?
3455 1893 3538 1948 An
3563 1911 3666 1948 non
3706 1910 3809 1963 per-

541 1984 773 2051 spicuum
794 1981 918 2053 [CVI]
943 1993 1019 2035 est
1042 1984 1176 2036 hanc
1200 2000 1311 2038 esse
1332 1983 1618 2036 Ecclesium
1641 1999 1706 2037 ea:
1735 1984 1982 2054 gentibus,
2000 1999 2113 2054 quae
2136 1983 2350 2036 antehac
2379 1981 2478 2034 Dei
2498 1983 2790 2051 cognitione
2818 1982 2916 2051 fuit
2933 1982 3170 2049 privata?
3200 1979 3328 2045 Qua:
3347 2000 3465 2037 vero
3491 1994 3570 2037 est
3589 1986 3683 2038 illa
3709 2001 3810 2056 quis

547 2070 701 2125 habet
723 2075 924 2127 uirum?
961 2072 1157 2128 Nonne
1184 2075 1339 2147 liquet
1377 2075 1510 2126 hanc
1555 2090 1668 2127 esse
1701 2074 2072 2143 Synagogam?
2100 2074 2339 2133 Attamen
2371 2072 2506 2124 hanc
2552 2071 2932 2123 multitudinem
2973 2070 3248 2125 liberorum
3288 2075 3552 2143 superavit
3597 2075 3808 2134 sterilis;

544 2162 797 2232 siquidem
819 2164 929 2217 haec
951 2181 1110 2218 unam
1147 2165 1402 2218 duntaxat
1441 2164 1658 2217 habebat
1694 2174 1930 2234 gentem;
1961 2165 2051 2216 sed
2071 2162 2323 2218 Ecclesia
2351 2163 2449 2233 ﬁlii
2475 2161 2752 2226 Graeciam,
2785 2161 3114 2229 Barbariem,
3140 2172 3351 2234 terram,
3397 2181 3563 2227 mare,
3609 2166 3809 2227 denique

539 2251 714 2306 orbem
742 2256 1036 2308 universum
1065 2256 1297 2325 implent.

609 2344 772 2400 Credi
802 2363 966 2416 porro
998 2347 1292 2402 Ecclesium
1321 2355 1593 2416 Oportere,
1626 2346 1857 2400 afﬁrmat
1885 2345 2163 2402 Maximus.
2198 2346 2660 2413 Quemadmodum
2693 2358 2873 2401 autem
2902 2346 3170 2402 credenda
3200 2347 3289 2412 sit,
3321 2349 3554 2417 explicat
3585 2355 3808 2403 tractatu

535 2435 573 2489 2
600 2438 665 2491 de
686 2437 970 2509 Baptismo,
1003 2453 1126 2508 pag.
1163 2438 1283 2491 7M.
1320 2438 1468 2502 Quod
1487 2437 1930 2508 interrogavimus,
1956 2439 2148 2505 inquit,
2174 2439 2343 2491 credis
2361 2440 2416 2490 in
2436 2448 2671 2490 sanctam
2701 2437 2988 2490 Ecclesium
3011 2447 3059 2490 et
3085 2439 3440 2494 remissionem
3467 2448 3808 2509 peccatorum,

538 2545 643 2582 non
665 2545 727 2583 eo
746 2531 901 2584 modo
923 2531 1371 2600 interrogavimus,
1407 2541 1462 2582 ut
1489 2530 1740 2602 quomodo
1769 2532 1821 2583 in
1853 2529 2018 2587 Deum
2036 2528 2283 2593 creditur,
2330 2531 2405 2582 sic
2434 2545 2485 2582 ut
2515 2528 2816 2583 Eccwsuu
2848 2544 3088 2583 sane“!
3118 2544 3474 2584 cuuoucsu.
3532 2530 3809 2601 Propterea

534 2627 720 2672 sancta
748 2627 798 2672 et
817 2619 1074 2672 catholica
1089 2631 1187 2683 est,
1211 2620 1329 2691 quia
1351 2628 1484 2672 recte
1506 2619 1664 2671 credit
1692 2621 1746 2671 in
1775 2617 1956 2672 Deum.
1988 2616 2108 2671 Non
2139 2635 2262 2689 ergo
2284 2617 2527 2682 diximus,
2557 2628 2612 2671 ut
2634 2620 2690 2671 in
2720 2616 3030 2682 Ecclesium,
3059 2620 3207 2689 quasi
3236 2621 3287 2672 in
3314 2619 3482 2674 Deum
3510 2621 3806 2680 crederetis;

531 2708 630 2762 aed
654 2709 930 2779 intelligite
954 2726 1048 2763 nos
1073 2710 1260 2775 dicere,
1291 2719 1339 2764 et
1360 2712 1586 2764 dixisse:
1619 2708 1687 2763 Ut
1708 2710 1760 2762 in
1783 2707 2019 2762 Ecclesia
2041 2721 2224 2762 sancta
2255 2719 2305 2763 et
2343 2711 2599 2765 catholica
2620 2721 3001 2778 conversantes,
3030 2712 3104 2783 (b)
3135 2712 3190 2764 in
3217 2710 3382 2766 Deum
3404 2713 3706 2767 crederetis.
3749 2711 3808 2764 Et

536 2800 760 2855 humilia
790 2801 880 2866 85,
913 2815 1036 2870 pag.
1059 2802 1212 2854 272:
1248 2801 1499 2857 Sanctam
1526 2802 1837 2855 Ecclesiam.
1874 2802 2002 2855 Vere
2042 2812 2224 2854 sancta
2263 2810 2340 2856 est
2382 2802 2624 2857 Ecclesia
2663 2803 2978 2873 conﬁtenda,
3011 2820 3104 2873 per
3122 2819 3275 2874 quam
3297 2812 3348 2857 et
3365 2803 3713 2873 sanctiﬁcatio
3741 2815 3808 2857 cst

535 2890 663 2943 data
689 2890 1014 2956 mortalibus,
1045 2900 1099 2946 et
1123 2901 1381 2946 crescente
1399 2892 1714 2946 credentium
1737 2908 1951 2945 numero
1969 2933 1983 2956 ,
2016 2894 2244 2947 omnium
2269 2910 2400 2963 pene
2428 2877 2618 2965 linguis
2644 2895 2701 2947 in
2727 2892 2825 2948 Dei
2854 2894 3034 2949 laudes
3061 2897 3292 2949 sanctior
3319 2897 3539 2950 mundus
3562 2898 3804 2950 exsultat.

541 2981 745 3039 Sancta
771 2991 850 3036 est
878 2980 1134 3048 Ecclesia,
1164 2998 1278 3054 qua:
1302 2983 1543 3051 baptismi
1567 2995 1890 3039 sacramento
1935 2995 2261 3053 peccatorum
2310 2973 2614 3055 contagione
2655 2986 2876 3052 detersa,
2911 2995 3168 3042 terrarum
3189 2989 3390 3043 incolas
3421 2992 3723 3044 transmittit
3747 2989 3806 3042 ad

536 3075 740 3128 calum.
792 3071 872 3127 En
901 3071 1064 3127 modo
1095 3088 1202 3143 quo
1231 3081 1472 3128 sanctam
1501 3074 1780 3141 intelligat,
1813 3083 1866 3128 et
1896 3091 2004 3143 quo
2035 3075 2357 3129 catholicam
2387 3072 2652 3130 Maximus
2678 3093 2691 3128 :
2725 3085 2979 3140 sanctam,
3007 3077 3150 3145 quod
3171 3087 3316 3131 recte
3338 3079 3388 3131 in
3420 3077 3586 3131 Deum
3617 3079 3805 3141 credat,

535 3164 681 3236 quod
707 3165 1061 3222 sanctiﬁcatio
1090 3166 1410 3220 mortalibus
1438 3165 1563 3219 data
1594 3182 1693 3235 per
1721 3181 1838 3220 eam
1867 3168 1955 3230 sit,
1987 3166 2238 3235 quodque
2269 3166 2536 3235 baptismo
2565 3175 2911 3235 peccatorum
2940 3167 3263 3235 contagione
3283 3168 3516 3234 detersa,
3553 3182 3805 3224 terrarum

536 3258 741 3314 incolas
770 3259 1105 3314 transmittat
1135 3258 1204 3312 ad
1237 3259 1462 3322 ccelum;
1496 3257 1813 3311 catholicam
1844 3264 2044 3320 autem,
2093 3256 2237 3326 quod
2279 3265 2572 3327 pr0pagata
2608 3257 2867 3313 latissime
2894 3273 2994 3329 per
3021 3259 3208 3313 orbem
3241 3266 3503 3313 terrarum
3535 3261 3610 3314 ita
3639 3262 3726 3322 sit,
3756 3269 3808 3314 ut

532 3351 775 3405 omnium
823 3365 963 3420 pene
1015 3349 1206 3416 linguis
1250 3348 1304 3401 in
1353 3347 1449 3401 Dei
1501 3346 1686 3404 laudes
1728 3348 1967 3400 sanctior
2008 3346 2236 3401 mundus
2283 3347 2535 3400 exsultet.
2575 3346 2805 3401 Humilia
2835 3361 3053 3416 quoque
3081 3347 3132 3412 9,
3165 3362 3287 3418 pag.
3321 3348 3425 3402 26:
3463 3347 3806 3412 Ineluctabili,

529 3439 724 3511 inquit,
755 3435 862 3510 ﬁde
881 3457 941 3493 ac
974 3440 1240 3494 devotione
1265 3439 1439 3502 solita,
1472 3436 1753 3492 sacerdotis
1783 3447 1855 3491 tot
1874 3454 2075 3506 semper
2102 3437 2310 3490 monitis
2341 3436 2650 3491 inhaerentes
2670 3478 2684 3501 ,
2725 3455 2816 3508 per
2843 3437 3072 3508 religiosi
3112 3439 3312 3492 itineris
3349 3439 3459 3502 vias
3498 3455 3559 3492 ac
3589 3441 3807 3492 veritatis

527 3535 741 3587 semitas
767 3570 784 3597 ,
825 3548 955 3603 quas
1000 3532 1242 3585 universa
1291 3539 1423 3582 tenet
1464 3527 1702 3582 Ecclesia
1747 3528 2064 3597 gradientes,
2116 3530 2282 3598 magis
2323 3530 2588 3599 magisque
2635 3529 2994 3582 hereticorum
3048 3530 3196 3583 devia
3224 3537 3274 3583 et
3317 3529 3574 3584 diabolica
3614 3531 3805 3584 calcate

527 3623 797 3693 ﬁgmenta.
851 3621 927 3676 Ac
972 3636 1190 3690 seraper
1240 3620 1455 3689 quidem
1505 3627 1683 3673 veram
1731 3617 2031 3672 doctrinam
2062 3619 2133 3690 al.
2158 3616 2398 3672 Ecclesia
2430 3616 2696 3670 catholica
2727 3623 2900 3672 teneri
2948 3625 3112 3686 atque
3154 3617 3336 3672 doceri
3376 3617 3516 3672 idem
3547 3618 3806 3673 Maximus

524 3714 719 3768 statuit
746 3713 971 3768 homilia
1001 3711 1093 3776 45,
1124 3725 1246 3782 pag.
1285 3710 1421 3764 Ml):
1456 3707 1687 3774 .i‘tomini,
1721 3710 1910 3777 inquit,
1941 3693 2197 3778 sapientia
2225 3725 2329 3762 non
2350 3717 2550 3760 asserta
2576 3717 2674 3771 est,
2705 3723 2810 3761 non
2838 3709 3083 3780 qumsita;
3114 3726 3219 3763 non
3256 3709 3394 3762 enim
3436 3709 3623 3764 didicit
3643 3727 3677 3763 a
3704 3727 3782 3764 ma

525 3785 713 3876 gistro,
734 3804 874 3858 sicut
903 3805 1007 3874 ipsi
1028 3802 1204 3857 Judwi
1225 3803 1402 3856 dicunt
1428 3818 1445 3855 :
1479 3801 1745 3864 Quomodo
1772 3801 1853 3854 hic
1881 3801 2081 3853 litteras
2110 3800 2265 3862 novit,
2293 3816 2407 3852 cum
2428 3816 2533 3853 non
2556 3799 2816 3864 didicerit,
2850 3808 2906 3853 et
2935 3799 3050 3869 ipse
3073 3799 3220 3855 dicat
3244 3817 3256 3852 :
3291 3799 3415 3854 Mea
3444 3801 3688 3856 doctrina
3710 3817 3802 3854 non

523 3902 604 3947 est
623 3893 689 3947 de
708 3893 803 3949 hoc
830 3892 1042 3955 mundo,
1073 3891 1164 3946 sed
1183 3893 1294 3962 ejus
1315 3891 1400 3962 qui
1429 3892 1568 3963 misit
1596 3907 1692 3943 me.
1724 3888 1840 3943 Hoc
1860 3899 1956 3953 est,
1983 3888 2117 3960 quod
2155 3890 2230 3941 ait
2260 3888 2322 3941 de
2361 3890 2625 3943 suoeriore
2650 3897 2981 3949 contextum:
3020 3906 3118 3953 auo
3155 3892 3480 3952 vestimento.
3521 3894 3602 3946 uel
3632 3892 3801 3964 quibus

521 3982 758 4037 omnibus
786 3983 1103 4037 vestimentis
1126 3979 1388 4035 Eccmsu
1416 3994 1711 4034 cuuouca
1740 3994 1944 4046 suurn
1976 3994 2173 4031 auten
2204 3994 2318 4032 EST.

666 4072 814 4148 [cvn]
851 4070 1022 4127 XXX.
1046 4073 1159 4141 Age
1187 4087 1314 4126 vero
1343 4072 1762 4136 consideremus,
1787 4068 2234 4139 quemadmodum
2263 4075 2316 4122 et
2337 4081 2496 4136 quam
2517 4066 2588 4122 ob
2609 4083 2846 4134 causam,
2871 4067 3167 4124 Ecclesium
3196 4070 3520 4126 catholicam
3547 4071 3800 4128 Maximus

519 4173 579 4221 et
605 4165 774 4218 navim
796 4171 852 4218 et
876 4161 1160 4216 Ecclesium
1184 4162 1328 4215 Petri
1360 4160 1766 4217 vocet.~Scribit
1789 4161 1932 4215 enim
1962 4160 2050 4214 ille
2078 4159 2188 4214 hoc
2217 4159 2378 4213 modo
2403 4157 2473 4228 (c)
2510 4177 2523 4211 :
2567 4159 2847 4214 Videamus
2869 4200 2883 4226 ,
2923 4176 3038 4232 qua:
3075 4162 3142 4215 sit
3179 4162 3281 4216 ista
3307 4165 3548 4218 navicula
3579 4165 3798 4222 Simonis

521 4256 688 4322 Petri,
711 4271 866 4328 quam
893 4255 964 4308 ad
991 4253 1275 4310 docendum
1304 4253 1366 4307 de
1385 4245 1583 4306 duabus
1605 4254 1769 4324 magis
1795 4259 2134 4322 opportunam
2167 4249 2421 4302 Dominus
2435 4247 2709 4318 judicavit,
2740 4264 2855 4320 qua:
2880 4258 2931 4302 et
2959 4258 3121 4304 tutum
3151 4250 3477 4306 Saluatorem
3503 4264 3717 4322 priestet
3740 4257 3798 4308 ab

518 4349 736 4419 injuria,
770 4356 821 4401 et
841 4345 1161 4400 credulitatis
1183 4341 1471 4398 hominibus
1493 4344 1748 4414 largiatur
1768 4343 1990 4412 eloquia.
2024 4339 2325 4393 Invenimus
2348 4341 2482 4392 enim
2503 4338 2618 4408 jam
2647 4336 2929 4406 Dominum
2953 4339 3226 4410 navigasse
3243 4341 3297 4393 in
3318 4341 3427 4394 alia
3451 4345 3592 4407 navi,
3618 4352 3670 4398 et
3688 4361 3797 4416 gra-

519 4435 662 4490 vibus
684 4436 890 4506 injuriis
912 4434 1225 4487 lacessitum.
1255 4430 1536 4502 Nauigauit
1562 4432 1699 4484 enim
1720 4447 1834 4483 cum
1855 4429 2034 4500 Moyse
2060 4430 2114 4482 in
2142 4429 2280 4482 mari
2305 4427 2500 4491 Rubro,
2526 4426 2733 4496 quando
2753 4427 2995 4496 populum
3017 4426 3190 4483 Israel
3210 4446 3302 4500 per
3329 4431 3590 4486 undarum
3611 4435 3796 4503 ﬂuenta

519 4527 831 4589 transumit;
859 4523 950 4577 sed
969 4521 1204 4593 gravibus
1234 4530 1309 4575 est
1338 4521 1554 4589 aﬁ‘ectus
1581 4520 1808 4590 injuriis,
1839 4520 1971 4572 sicut
1992 4519 2100 4587 ipse
2123 4518 2196 4570 ait
2224 4516 2279 4568 in
2300 4509 2587 4585 Evangelia
2608 4514 2679 4567 ad
2697 4513 2910 4570 Indicos
2933 4532 2949 4569 :
2980 4515 3045 4571 Si
3071 4517 3349 4571 crederetis
3387 4518 3578 4591 Moysi,
3609 4532 3659 4577 et
3683 4525 3796 4578 mihi

515 4617 810 4670 crederetis.
844 4612 1051 4685 Injuria
1071 4621 1241 4666 autem
1263 4599 1549 4668 Saluatoris
1579 4621 1656 4664 est
1681 4599 2018 4663 incredulitas
2048 4608 2360 4678 Sgnagogw.
2388 4605 2530 4676 Ergo
2559 4604 2728 4660 Ρετιιι
2756 4622 2932 4662 Μνειι
2964 4608 3135 4678 elegit,
3165 4608 3336 4681 Moysi
3364 4613 3591 4679 deserit;
3613 4616 3709 4670 hoc
3727 4625 3794 4669 est

517 4709 715 4783 spernit
749 4706 1084 4779 Sgnagogam
1111 4706 1396 4777 perﬁdam;
1429 4705 1638 4774 ﬁdelem
1659 4705 1876 4757 assumit
1895 4702 2205 4757 Ecclesium.
2230 4702 2363 4756 Dua'
2389 4703 2527 4755 enim
2555 4703 2702 4772 quasi
2732 4704 2986 4758 navicula:
3012 4723 3043 4758 a
3073 4705 3185 4760 Deo
3213 4708 3487 4764 destinatis
3513 4719 3658 4776 sunt,
3692 4725 3794 4781 qui:

518 4803 574 4858 in
603 4801 720 4867 hoc,
746 4808 989 4872 tanquam
1018 4802 1072 4854 in
1101 4800 1254 4864 mari,
1285 4799 1477 4853 mundo
1507 4799 1726 4851 salutem
1752 4795 2040 4851 hominibus
2069 4798 2509 4866 piscarentur.....
2543 4794 2629 4849 Ea:
2648 4795 2730 4848 his
2763 4795 2961 4850 duabus
2989 4799 3237 4852 naviculis
3267 4815 3375 4853 una
3404 4801 3710 4871 relinquitur
3733 4803 3793 4852 ad

515 4901 712 4947 terram
737 4892 910 4945 inanis
942 4899 991 4944 et
1019 4907 1177 4943 vacua
1195 4930 1210 4954 ,
1243 4890 1408 4942 altera
1435 4888 1734 4959 producitur
1768 4889 1824 4940 in
1853 4886 2015 4940 altum
2044 4895 2228 4939 onusta
2255 4886 2342 4938 vel
2360 4884 2531 4954 plena.
2574 4883 2753 4937 Vacua
2779 4885 2918 4938 enim
2946 4884 3228 4957 Sgnagoga
3265 4889 3573 4959 relinquitur
3617 4891 3670 4943 in
3716 4889 3769 4942 lit

514 4993 645 5051 tore,
667 4985 787 5048 quia
807 4980 1068 5036 Christum
1089 4999 1205 5036 cum
1229 4981 1597 5053 pmphetarum
1619 4980 1797 5033 amisit
1824 4977 2083 5043 oraculis;
2116 4985 2306 5032 onusta
2334 4982 2505 5029 autem
2531 4973 2770 5029 Ecclesia
2788 4976 2844 5028 in
2865 4974 3027 5029 altum
3048 4977 3346 5042 assumitur,
3371 4979 3492 5048 quia
3517 4977 3789 5034 Dominum

614 5154 669 5222 a)
707 5152 844 5208 Vide
871 5153 1032 5223 etiam
1063 5150 1336 5223 humilium
1367 5150 1454 5218 18,
1475 5164 1599 5222 pag.
1633 5149 1718 5205 5!.
1917 5221 1927 5223 Α
2014 5221 2026 5223 _
2047 5220 2066 5223 __
2203 5151 2508 5223 minicorum
2534 5153 2758 5223 nomine
2787 5151 3056 5223 honestare
3095 5153 3354 5223 nituntur)
3374 5193 3387 5214 ,
3404 5168 3580 5223 neque
3606 5151 3786 5223 ubisit

614 5157 669 5222 a)
707 5157 844 5208 Vide
871 5157 1032 5208 etiam
1063 5157 1336 5207 homiliam
1367 5157 1454 5218 18,
1475 5164 1599 5222 pag.
1633 5157 1718 5205 5!.
2203 5157 2508 5204 minicorum
2551 5157 2758 5206 nomine
2787 5157 3056 5206 honestare
3095 5157 3354 5220 nituntur)
3374 5193 3387 5214 ,
3418 5168 3580 5223 neque
3606 5157 3693 5204 ubi
3728 5157 3786 5201 sit

587 5157 665 5296 ξι)
703 5223 839 5296 Χῇάε
873 5222 1129 5296 Cyrillum
1159 5220 1970 5296 iiierosolyuiitanum,catech.
2007 5220 2094 5296 l8,
2205 5221 2505 5296 simpliciter
2525 5219 2789 5296 Ecclesia;
2810 5222 2902 5276 sed
2923 5220 3008 5296 ubi
3027 5223 3095 5296 sit
3117 5221 3374 5277 catholica
3395 5220 3650 5296 Ecclesia.
3682 5218 3787 5272 Hoc

513 5291 664 5350 nutu.
695 5291 788 5357 25,
820 5291 945 5362 pag;
976 5291 1102 5356 297,
1133 5293 1226 5347 ubi
1255 5291 1438 5360 leges:
1474 5291 1607 5362 Tibi
1616 5293 1830 5345 tradidit
1858 5292 1987 5361 ﬁdes
2022 5292 2102 5362 ita
2201 5293 2336 5362 enim
2360 5291 2624 5359 proprium
2652 5308 2838 5362 nomen
2864 5299 2941 5344 est
2963 5291 3116 5361 hujus
3134 5301 3351 5355 sancta,
3393 5301 3443 5344 et
3472 5292 3658 5362 matris
3685 5306 3784 5343 oni-

511 5365 788 5420 tenendum
810 5360 836 5416 :'
866 5360 963 5414 «Et
987 5364 1039 5414 in
1078 5378 1233 5415 unam
1263 5371 1501 5414 sanctam
1563 5360 2107 5416 Ecclesiam’catholic
2203 5361 2345 5414 nium
2365 5368 2678 5414 nostrorum.
2711 5360 2831 5428 Quo
2851 5361 3016 5416 etiam
3030 5360 3302 5429 aspectant,
3334 5375 3456 5429 quae
3484 5361 3645 5429 docet
3672 5374 3785 5429 san:

511 5451 648 5500 cam,
672 5455 690 5487 ι
716 5441 772 5487 ut
801 5447 975 5486 eorum
1011 5430 1360 5502 abominanda
1401 5432 1615 5500 collegia
1644 5433 1867 5502 fugiens,
1914 5431 2099 5484 adhte-
2202 5437 2321 5484 ctus
2378 5425 2751 5502 Augustinus
2778 5430 2870 5485 lib.
2924 5425 3106 5502 contra
3159 5425 3452 5502 Epistulam
3515 5425 3783 5502 Municipi

511 5495 852 5571 reas'semper
879 5503 1146 5556 catholici:
1185 5499 1462 5565 Ecclesia,
1494 5495 1549 5554 in
1702 5495 1753 5555 ct
1788 5508 1995 5571 renatus
2022 5517 2095 5554 es.
2203 5513 2324 5571 gap.
2367 5498 2418 5563 tl,
2466 5495 2710 5571 num.”5,
2738 5514 2876 5571 pag.
2924 5499 3047 5564 110,
3080 5495 3217 5554 tom.
3263 5498 3376 5554 Vlll
3406 5513 3633 5569 operum
3662 5495 3781 5553 edit.

513 5557 930 5645 Etrvsiirqisando
975 5573 1355 5645 peregrinatur
1379 5557 1536 5645 fueris
1586 5557 1642 5624 in
1668 5569 2096 5645 _civitatibus,_ne
2203 5557 2462 5645 Atitucifp.
2496 5584 2584 5622 an.
2622 5557 2779 5645 1109'.

507 5637 817 5710 simpliciter
852 5637 1084 5713 requiras
1097 5637 1198 5694 'ubi
1226 5642 1292 5694 sit
1320 5637 1629 5695 dominicum
1659 5641 1804 5713 (nam
1825 5650 1875 5693 et
1902 5642 2089 5713 impio-
2269 5638 2341 5709 (c)
2381 5637 2643 5698 Sermone
2671 5639 2761 5706 94,
2791 5653 2914 5712 pag.
2947 5637 3051 5695 610
3076 5650 3227 5708 seqq.

505 5709 622 5770 runt
651 5723 805 5770 secta
841 5709 992 5780 atque
1037 5712 1254 5768 haereses
1291 5726 1412 5766 suas
1441 5709 1676 5783 ipsorum
1697 5709 1963 5781 speluncas
1992 5709 2086 5764 do-
