3898 6226
116 326 201 381 l03
1530 327 1910 386 PREFA'I'IO.
3275 323 3376 377 illi

111 455 210 490 cunt
237 440 604 506 apostolorum
633 439 875 493 doctrina
903 442 1140 508 suscepit.
1175 440 1472 508 Sgnagoga,
1503 438 1729 508 inquam,
1758 437 2060 508 relinquitur
2082 449 2150 486 ua
2170 442 2361 496 terras,
2395 434 2542 505 quasi
2574 438 2784 489 terrenis
2825 436 3078 489 inhaerens
3106 436 3368 504 operanti-

111 529 220 591 bus;
244 526 484 580 Ecclesia
515 538 700 582 autem
723 531 776 582 in
797 530 1115 583 altitudinem
1143 537 1399 591 evocatur,
1425 535 1661 596 tanquam
1681 528 1920 578 caelorum
1948 527 2206 595 profunda
2234 534 2558 580 sacramexta
2579 527 2879 590 discutiens,
2909 529 2962 579 in
2996 526 3140 581 illam
3181 526 3375 579 scilicet

113 617 418 669 altitudinem
440 619 511 671 de
533 637 642 689 qua
672 620 942 690 Apostolus
965 623 1037 673 ait
1059 636 1076 672 :
1102 619 1147 672 0
1174 618 1390 671 altitudo
1413 617 1705 669 divitiarum
1733 617 2001 685 sapientiae
2029 626 2078 669 et
2104 617 2330 670 scientia
2359 616 2474 670 Dei.
2509 622 2790 686 Propterea
2812 617 2997 671 dicitur
3026 615 3184 670 Petro
3215 633 3232 668 :
3263 614 3375 668 Duc

111 708 157 757 in
182 707 351 766 altum,
378 706 487 759 hoc
514 719 601 761 est
632 710 686 761 in
718 709 1026 778 profundum
1054 706 1460 775 disputationum
1493 705 1567 775 (η)
1598 706 1942 775 generationis
1971 705 2174 760 divinat.
2204 703 2340 768 Quid
2358 707 2492 758 enim
2515 715 2617 757 tam
2644 705 2954 775 profundum
2973 723 3124 778 quant
3144 705 3278 777 quod
3298 705 3374 758 ait

115 794 278 846 Petrus
304 796 374 847 ad
404 795 705 849 Dominum
728 813 745 849 :
780 797 850 848 Tu
872 813 924 849 es
953 793 1186 849 Christus
1214 794 1382 847 Filius
1412 791 1507 844 Dei
1529 793 1662 845 vivi?
1687 792 1823 858 Quid
1844 800 1949 844 tant
1970 800 2225 845 terrenum
2246 809 2394 863 quam
2412 792 2551 862 quod
2573 792 2634 844 de
2653 791 2874 844 Dontiuo
2904 793 3142 845 dixerunt
3160 791 3334 845 Judati
3354 807 3373 844 :

116 885 287 938 Nonne
312 888 396 938 hic
427 898 508 941 est
540 889 690 956 ﬁlius
716 887 910 957 Ioseph
939 888 1202 958 fabri
1237 885 1384 939 Unde
1414 885 1486 937 ait
1518 883 1759 937 Salvator
1786 882 1944 936 Petro
1973 899 1990 936 :
2025 884 2157 948 Quia
2181 900 2284 936 non
2312 900 2432 936 caro
2461 892 2506 934 ct
2531 884 2739 952 sanguis
2765 880 2851 934 tibi
2879 882 2971 934 hoc
2999 880 3256 944 reuelauit,
3283 879 3376 933 sed

114 978 253 1028 Pater
278 994 446 1041 meus,
479 979 576 1048 qui
606 980 660 1031 in
692 978 829 1031 caelis
851 987 946 1030 est.
976 977 1253 1031 Pltarisleis
1278 987 1447 1028 autem
1475 975 1599 1028 dicit
1625 990 1642 1025 :
1676 971 1943 1036 Quomodo
1972 976 2180 1044 potestis
2225 974 2358 1027 bona
2395 974 2573 1041 loqui,
2605 989 2717 1024 cum
2760 974 2871 1026 sitis
2913 973 3178 1043 nequam?
3224 970 3378 1025 lianc

118 1069 251 1134 igitur
279 1083 454 1121 SOLAI
483 1069 775 1124 Eccaesua
802 1085 973 1123 amant
1002 1068 1233 1122 ascendit
1253 1066 1524 1130 Dominus,
1557 1083 1608 1120 1N
1637 1081 1657 1127 ς

1792 1065 1980 1119 ἐτιωε
2006 1080 2265 1119 IACISTER
2299 1079 2397 1117 EST
2437 1078 2799 1117 CONSTITUTUS
2828 1080 2839 1113 ε
2873 1078 3097 1116 DICENTE
3127 1062 3331 1116 DOMINO

116 1156 262 1224 Super
289 1157 426 1210 hunc
452 1169 667 1227 petram
689 1158 955 1228 wdi/icabo
983 1158 1273 1212 Ecclesium
1301 1173 1484 1209 meam.
1520 1154 1648 1219 Quae
1676 1157 1820 1209 navis
1847 1157 1901 1208 in
1927 1157 2089 1208 altum
2116 1156 2294 1208 surculi
2316 1154 2468 1222 hujus
2496 1155 2569 1205 ita
2597 1161 2764 1214 natat,
2796 1161 2870 1217 ut,
2902 1161 3143 1221 pereunte
3163 1151 3378 1215 mundo,

117 1262 269 1298 omiles
293 1264 423 1315 quos
455 1249 684 1318 suscipit
705 1256 861 1302 servet
889 1249 1098 1302 illaesos.
1121 1245 1282 1318 Cujus
1309 1248 1530 1316 figuram
1545 1247 1659 1317 jam
1679 1248 1732 1299 in
1767 1246 1936 1300 Veteri
1960 1246 2184 1300 videmus
2217 1245 2558 1298 Testamento.
2585 1244 2889 1299 Sicutenim
2912 1243 3027 1297 Noe
3054 1261 3179 1296 arca
3199 1285 3213 1310 ,
3249 1261 3384 1298 nau-

119 1338 330 1407 {ragante
358 1339 570 1392 mundo
591 1375 608 1400 ,
639 1348 850 1392 cunctos
875 1355 996 1409 quos
1021 1348 1312 1407 susceperat
1337 1337 1618 1392 incolumes
1643 1339 1945 1401 reservavit;
1974 1338 2048 1390 ita
2073 1354 2140 1390 ετ
2165 1335 2332 1390 PETRI
2359 1333 2636 1400 ECCLESIA,
2669 1336 3020 1406 conﬂagrante
3037 1337 3225 1391 saeculo
3243 1379 3256 1402 ,
3289 1355 3386 1392 mt-

123 1440 200 1478 ses
224 1441 352 1486 quos
380 1442 796 1490 sunscnrun,
829 1443 1278 1481 BEPBESENTABIT
1309 1442 1654 1482 ILLESOS..."
1690 1425 1798 1481 Sed
1822 1429 2063 1498 quoniam
2093 1427 2225 1480 hanc
2253 1427 2480 1479 eamdem
2507 1427 2793 1479 naviculam
2820 1425 2964 1479 Petri
2987 1464 3002 1488 ,
3035 1428 3100 1481 de
3124 1445 3224 1498 qua
3251 1445 3387 1482 nunc

123 1513 348 1567 Dominus
377 1516 618 1568 caelestis
639 1515 890 1569 doctrina:
915 1531 1025 1568 sum
1049 1525 1376 1570 sacramenta
1403 1516 1675 1585 depromit,
1705 1516 1917 1586 legimus
1938 1519 1991 1570 in
2018 1516 2286 1581 Matt/iam,
2316 1517 2599 1569 dormiente
2636 1518 2691 1569 in
2713 1517 2890 1569 eadem
2933 1517 3175 1583 Domino,
3225 1523 3388 1573 ventis

123 1604 483 1672 insurgentibus
516 1603 892 1672 perturbatam,
921 1606 996 1657 ita
1023 1615 1078 1657 ut
1105 1607 1277 1658 cuncti
1298 1606 1521 1674 apostoli
1548 1607 1728 1659 mortis
1757 1606 2037 1676 periculum
2068 1606 2442 1677 formidarent;
2473 1606 2733 1660 videamus
2779 1623 2892 1677 qua:
2920 1624 3076 1662 causa
3108 1609 3272 1682 [cvm]
3311 1622 3390 1665 est

121 1694 237 1761 quod
258 1711 358 1748 una
381 1695 678 1763 eademque
700 1696 938 1749 navicula
959 1697 1042 1750 hic
1063 1699 1114 1750 in
1141 1697 1511 1768 tranquillitate
1528 1697 1820 1750 doctrinam
1839 1697 2039 1765 populis
2061 1697 2256 1760 tribuit,
2280 1697 2350 1750 ibi
2372 1698 2427 1750 in
2449 1707 2746 1765 tempestate
2765 1699 3029 1769 discipulis
3051 1710 3238 1755 metum
3257 1719 3389 1756 mor-

121 1788 172 1836 tis
191 1785 382 1850 indicit,
409 1786 715 1855 praesertim
742 1802 856 1838 cum
872 1786 945 1839 ibi
965 1788 1121 1840 etiam
1148 1803 1262 1840 cum
1291 1789 1490 1846 cazteris
1521 1787 1769 1856 apostolis
1797 1786 1977 1841 Simon
1998 1788 2184 1842 Petrus
2204 1797 2355 1842 esset.
2377 1788 2503 1843 Hazc
2523 1799 2599 1843 est
2620 1798 2788 1843 autem
2817 1807 2975 1844 causa
3002 1793 3216 1862 periculi
3237 1811 3254 1847 :
3275 1806 3389 1848 erat

119 1875 177 1927 ibi
205 1874 382 1928 Simon
417 1873 623 1927 Petrus
647 1892 663 1938 ;
690 1873 783 1927 sed
800 1884 911 1928 erat
936 1876 1130 1945 pariter
1153 1886 1207 1928 et
1235 1877 1468 1945 proditor
1492 1869 1679 1929 ludas.
1708 1874 1949 1938 Quamvis
1971 1878 2105 1930 enim
2123 1877 2265 1930 illius
2288 1879 2418 1947 fides
2441 1878 2685 1948 [undaret
2708 1881 3016 1944 amiculam,
3038 1882 3192 1950 hujus
3213 1891 3387 1937 tamen

116 1982 215 2016 eam
232 1966 454 2034 perfidia
474 1962 848 2018 conturbabat.
885 1963 1255 2036 Tranquillitas
1283 1974 1378 2029 est,
1415 1964 1490 2035 (b)
1520 1963 1604 2018 ubi
1636 1963 1850 2018 Puraus
1877 1980 2036 2018 sows
2055 1958 2319 2030 nmen;
2363 1975 2632 2034 tempestas
2660 1965 2744 2020 ubi
2771 1965 2937 2020 ludas
2970 1969 3387 2039 adjungitur.....

122 2053 446 2109 .lletuentibus
477 2055 648 2124 igitur
673 2053 960 2121 discipulis,
984 2056 1233 2107 anxiante
1259 2052 1436 2118 Petro,
1467 2054 1752 2107 dormiebat
1777 2053 2049 2107 Dominus.
2078 2052 2269 2106 Mirum
2297 2056 2430 2124 forte
2466 2055 2699 2108 videatur
2723 2056 2890 2127 quod,
2931 2059 3178 2110 anxiante
3203 2058 3385 2122 Petro,

119 2146 387 2199 dormiebat
417 2145 704 2199 Dominus.
734 2145 1033 2199 Dormiebat
1060 2144 1237 2208 Petro,
1271 2161 1335 2198 ne
1355 2145 1588 2213 vigilaret
1615 2142 1884 2198 Ι
1909 2144 1970 2197 Si
1990 2146 2138 2197 unius
2159 2144 2310 2197 Juda:
2332 2152 2538 2212 peccato
2557 2145 2730 2197 cuncti
2757 2146 3114 2214 periclitantur
3144 2150 3387 2217 apostoli,

119 2236 199 2288 hoc
223 2235 458 2305 exemplo
487 2251 767 2289 caveamus
798 2234 1068 2304 perfidum,
1101 2250 1370 2287 caveamus
1392 2234 1726 2304 proditorem,
1749 2250 1812 2286 ne
1832 2251 1920 2303 per
1938 2250 2096 2286 unum
2122 2235 2329 2303 plurimi
2359 2235 2681 2302 ﬂuctuemus.
2716 2231 2852 2297 Quin
2898 2236 3054 2289 etiam
3094 2236 3388 2306 hujusmodi

115 2325 405 2392 abjiciamus
439 2323 508 2376 de
530 2323 790 2384 navicula,
823 2331 878 2373 ut
905 2338 1007 2374 non
1039 2319 1344 2384 obdormiat,
1367 2321 1459 2374 sed
1479 2321 1650 2391 vigilet
1671 2323 1726 2374 iu
1747 2321 1890 2374 nobis
1920 2321 2190 2385 Dominus,
2223 2332 2372 2392 atque
2394 2340 2453 2376 ea
2476 2322 2716 2392 vigilante
2743 2324 2887 2376 nulla
2907 2339 2999 2377 nos
3023 2326 3270 2395 spiritalis
3294 2342 3358 2379 ne
3377 2355 3390 2368 ο

116 2418 272 2484 guitire
291 2418 533 2484 procella
565 2416 838 2469 concutiat.
872 2413 969 2466 Ubi
998 2415 1133 2467 enim
1161 2414 1293 2482 ﬁdes
1320 2415 1527 2482 integra
1546 2423 1642 2476 est,
1666 2412 1735 2466 ibi
1764 2412 2009 2468 Salvator
2034 2413 2199 2471 docet.
2232 2414 2408 2484 vigilat
2429 2423 2478 2466 et
2503 2413 2759 2478 exsultat;
2787 2413 2860 2466 ibi
2886 2415 3116 2486 requies,
3150 2415 3220 2471 ibi
3241 2426 3390 2472 tran-

114 2507 349 2574 quillilas,
373 2507 447 2557 ibi
473 2512 778 2557 cunctorum
803 2512 878 2556 est
897 2504 1176 2556 medicina.
1211 2501 1310 2556 Ubi
1331 2511 1504 2557 autem
1528 2503 1650 2572 ﬁdei
1677 2509 1753 2556 est
1778 2503 2012 2556 admixta
2039 2498 2279 2574 perfidia,
2320 2503 2389 2558 ibi
2415 2501 2716 2558 Christus...
2758 2504 3037 2570 dormit,...
3081 2507 3154 2560 ibi
3203 2519 3388 2573 metus,

116 2598 176 2647 ibi
199 2605 504 2666 tempestas,
539 2601 642 2649 etc.
672 2593 745 2648 De
771 2592 1011 2647 Ecclesia
1032 2593 1296 2647 catholica
1326 2593 1410 2661 agi
1439 2608 1470 2647 a
1499 2591 1752 2658 Maximo,
1784 2592 1914 2646 nihil
1941 2591 2087 2646 dubii
2109 2602 2208 2647 est.
2241 2590 2368 2645 Nam
2396 2593 2511 2646 haec
2543 2593 2610 2646 ab
2637 2592 2728 2646 illo
2755 2591 3049 2662 Synagogxe
3079 2598 3388 2665 opponitur,

112 2697 265 2756 atque
294 2689 413 2742 sola
441 2700 569 2740 esse
596 2685 810 2750 dicitur,
838 2698 998 2752 quam
1025 2683 1266 2736 ascendit
1291 2682 1556 2738 Christus.
1586 2681 1705 2737 lam
1726 2698 1873 2748 vero,
1898 2682 2036 2735 hanc
2055 2682 2226 2751 ipsam
2258 2689 2310 2734 et
2332 2683 2521 2744 navim,
2546 2689 2602 2734 et
2622 2679 2907 2734 Ecclesium
2931 2681 3078 2735 Petri
3097 2698 3128 2736 a
3153 2683 3389 2739 Maximo

113 2780 366 2848 appellari
390 2787 512 2832 tam
539 2785 621 2830 est
641 2791 707 2830 ex
727 2775 841 2842 ejus
860 2775 1038 2829 verbis
1066 2775 1426 2843 perspicuum,
1452 2781 1512 2828 ut
1532 2774 1624 2843 qui
1651 2773 1878 2836 dubitet,
1903 2789 2010 2827 non
2039 2774 2269 2837 videant,
2299 2788 2396 2827 cur
2423 2788 2530 2827 non
2554 2773 2694 2826 idem
2715 2813 2732 2837 ,
2781 2774 2919 2827 sitne
2957 2762 3070 2833 sol,
3114 2790 3182 2828 an
3211 2777 3390 2832 nullus

113 2873 197 2936 sit,
225 2871 476 2925 dubitare
500 2868 689 2937 possit.
722 2866 1078 2933 Quamobrem
1108 2866 1327 2919 autem?
1357 2864 1575 2920 Scilicet
1603 2865 1728 2933 quia
1751 2865 1805 2917 in
1825 2878 1889 2917 ea
1916 2863 2105 2917 Petrus
2134 2865 2378 2934 magister
2403 2873 2479 2917 est
2503 2864 2833 2917 constitutus.
2870 2862 3020 2918 Unde
3051 2880 3178 2919 vero
3198 2867 3252 2919 id
3274 2883 3390 2920 Ina-

117 2965 386 3029 gisterium
418 2961 662 3019 ostendit
683 2959 864 3013 Petri?
893 2958 1154 3013 Nimirum
1185 2973 1251 3012 ex
1272 2973 1337 3012 eo
1359 2957 1504 3025 quod
1523 2955 1768 3011 Christus
1788 2957 1983 3009 dixerit
2007 2973 2018 3007 :
2041 2952 2210 3024 Super
2229 2957 2364 3007 hanc
2380 2967 2581 3025 petram
2598 2955 2868 3025 αηάὶρεώο
2890 2955 3177 3011 Ecclesium
3198 2976 3384 3014 meam.

114 3048 297 3103 Navim
329 3064 499 3118 poz-ro
527 3062 624 3100 seu
649 3045 944 3101 Ecclesiam
978 3044 1145 3110 Petri,
1169 3059 1265 3098 seu
1294 3046 1348 3096 in
1369 3060 1467 3114 qua
1494 3045 1740 3114 magister
1763 3053 1839 3096 est
1867 3043 2169 3096 constitutus
2213 3041 2418 3106 Petrus,
2453 3045 2537 3096 cui
2564 3043 2763 3097 dictum
2808 3044 3031 3112 proinde
3059 3056 3143 3100 est
3171 3064 3183 3099 :
3219 3047 3389 3118 Super

118 3141 247 3193 hanc
275 3151 480 3210 petram
509 3139 776 3207 ediﬁcabo
805 3137 1095 3190 Ecclesium
1114 3154 1300 3201 meam,
1323 3137 1470 3190 velut
1495 3152 1674 3190 arcam
1701 3135 1834 3200 Noe,
1860 3136 2048 3190 illaesos
2077 3151 2291 3190 servare
2317 3152 2492 3190 omnes
2532 3152 2655 3207 quos
2701 3139 3054 3207 complectitur
3071 3181 3085 3204 ,
3126 3139 3391 3196 Maximus

117 3230 301 3296 docet;
334 3232 623 3300 perireqne
654 3238 936 3298 propterea
966 3227 1087 3282 illos
1113 3227 1204 3296 qui
1233 3234 1383 3280 extra
1413 3227 1581 3296 ipsam
1609 3227 1743 3291 sint,
1773 3227 1939 3281 veluti
1968 3227 2122 3294 aquis
2148 3225 2434 3295 absorptos
2478 3226 2682 3280 diluvii.
2725 3228 2884 3282 Addit
2917 3239 3136 3286 sanctus
3173 3235 3389 3302 episco~

118 3341 232 3393 pus,
265 3323 700 3395 tranquillitatem
722 3337 840 3375 esse
867 3321 951 3374 ubi
979 3320 1118 3373 solus
1140 3317 1328 3371 Petrus
1356 3319 1582 3387 navigat,
1616 3324 1987 3386 tempestatem
2013 3325 2200 3371 contra
2230 3317 2320 3371 ubi
2349 3316 2708 3385 adjunguntur
2724 3318 2970 3373 homines
2989 3318 3139 3376 ludat
3162 3324 3386 3379 similes.

118 3414 250 3481 Quid
277 3422 462 3468 autem
491 3413 596 3467 hoc
619 3422 720 3476 est,
749 3426 910 3479 quam
931 3408 1380 3477 tranquillitatem
1425 3423 1544 3462 esse
1586 3407 1676 3461 ubi
1703 3409 1830 3471 sint,
1881 3408 1973 3475 qui
2018 3423 2138 3462 cum
2185 3406 2346 3462 Petro
2375 3407 2442 3462 de
2471 3408 2715 3463 doctrina
2766 3411 3074 3481 pietateque
3120 3415 3385 3479 sentiant;

118 3516 497 3576 tempestatem
527 3514 734 3567 contra,
757 3505 801 3557 si
830 3504 920 3571 qui
950 3509 1180 3565 exstant,
1205 3500 1296 3568 qui
1325 3515 1355 3552 a
1388 3496 1547 3553 Petro
1576 3499 1909 3554 dissideant?
1935 3498 2066 3554 Nam
2096 3499 2139 3554 si
2170 3499 2322 3567 qums
2342 3506 2440 3560 est,
2474 3498 2565 3552 ubi
2596 3497 2783 3554 Petrus
2803 3509 2886 3555 est
2914 3502 3092 3568 solus;
3135 3504 3225 3571 qui
3267 3520 3388 3559 esse

122 3609 406 3668 tempestas
437 3598 641 3666 poterit
667 3595 755 3649 ubi
784 3595 1019 3649 omnium
1040 3595 1110 3648 sit
1131 3607 1334 3646 summa
1363 3606 1484 3645 cum
1509 3590 1669 3645 Petro
1698 3592 2027 3647 consensio?
2056 3589 2296 3659 Cumque
2326 3599 2477 3660 petra
2501 3606 2661 3660 supra
2687 3606 2846 3659 quam
2869 3594 3127 3648 ludiﬁcata
3149 3593 3388 3651 Ecclesia

121 3692 200 3752 sit,
233 3686 572 3742 fundamenti
603 3686 722 3739 loco
751 3684 1042 3749 habeatur;
1082 3683 1208 3736 hinc
1243 3682 1506 3736 Maximus
1549 3679 1947 3734 fundamentum
1981 3679 2231 3734 Ecclesiae
2274 3680 2509 3749 appellat
2554 3679 2770 3735 Petrum
2821 3683 2873 3736 in
2915 3682 3164 3751 capitulis
3206 3683 3385 3739 Evan-

123 3783 371 3849 geliorum
397 3822 413 3845 ,
457 3793 585 3849 pag.
629 3777 730 3830 7'18
761 3795 774 3829 :
810 3777 1000 3830 Pastor
1022 3818 1036 3840 ,
1064 3756 1252 3845 inquit
1274 3814 1288 3836 ,
1328 3774 1577 3827 Ecclesia
1605 3775 1721 3843 fuit,
1762 3775 1972 3840 insuper
2008 3780 2057 3824 et
2092 3781 2270 3840 pastor
2307 3773 2496 3842 gregis.
2558 3769 2725 3825 Pasce
2762 3775 2896 3827 enim
2921 3812 2935 3836 ,
2974 3774 3055 3827 illi
3083 3777 3157 3828 ait
3191 3773 3344 3830 Iesus
3367 3816 3382 3839 ,

125 3890 224 3926 ores
244 3889 405 3926 meas.
438 3869 756 3938 Discipulos,
796 3878 847 3920 et
871 3865 1147 3921 Eccuesus
1171 3879 1584 3927 ruumueuruu,
1607 3872 1657 3916 et
1683 3863 1946 3930 apostolus
1962 3903 1975 3926 ,
2006 3872 2055 3915 et
2073 3871 2291 3932 martyr,
2323 3864 2490 3930 capite
2514 3861 2750 3915 deorsum
2775 3861 2952 3918 Romi:
2977 3874 3055 3917 est
3081 3867 3383 3936 cruciﬁxus.

131 3964 194 4016 Ac
218 3974 414 4033 petram
443 3959 683 4030 quidem,
707 3961 859 4027 cujus
879 3958 1122 4012 Christus
1142 3956 1358 4010 Petrum
1400 3954 1678 4021 alloquens
1717 3953 1979 4013 meminit,
2023 3950 2238 4006 Petrum
2278 3952 2450 4020 ipsum
2491 3965 2638 4014 esse,
2680 3951 2819 4005 idem
2854 3960 3078 4006 testatur
3120 3952 3384 4009 Maximus

131 4056 243 4123 laxi
265 4054 491 4109 homilia
514 4051 608 4115 54,
635 4065 755 4119 pag.
784 4048 885 4102 169
913 4068 925 4101 :
955 4048 1220 4120 Tanquam
1258 4048 1420 4101 bonus
1459 4055 1658 4116 pastor,
1687 4044 1877 4111 inquit,
1909 4057 2153 4096 rusunuu
2178 4056 2387 4096 ceuceu
2417 4041 2642 4108 accepit,
2670 4051 2725 4092 ut
2762 4042 2846 4110 qui
2874 4041 2970 4094 sibi
2998 4050 3119 4095 ante
3145 4043 3384 4110 infirmus

132 4142 297 4205 fuerat,
328 4145 482 4211 ﬁeret
508 4155 733 4196 ouuwus
760 4151 1168 4199 rtuusueuruu;
1198 4144 1248 4188 et
1271 4136 1356 4206 qui
1385 4134 1494 4204 ipse
1519 4131 1940 4202 interrogationis
1963 4131 2244 4183 tentatione
2281 4137 2566 4191 nutaveral,
2592 4143 2842 4182 ειετειιυε
2866 4144 3003 4182 non:
3031 4144 3380 4184 summurn

133 4251 411 4291 saxosum.
445 4235 686 4305 Denique
733 4249 826 4302 pro
871 4231 1132 4285 soliditate
1158 4229 1439 4282 devotionis
1468 4226 1836 4306 Eccuusnsauu
1879 4239 2047 4277 PETRA
2078 4221 2282 4277 dicitur.
2313 4221 2444 4275 sicut
2471 4221 2545 4272 ait
2575 4217 2863 4273 Dominus:
2909 4219 2983 4274 Tu
3008 4237 3062 4273 es
3097 4220 3303 4286 Petrus,
3333 4235 3384 4276 et

133 4340 264 4392 super
290 4329 425 4380 hanc
443 4333 650 4396 petram
671 4322 937 4392 ludiﬁcabo
961 4319 1246 4373 Ecclesium
1273 4334 1458 4372 meum.
1497 4316 1657 4370 Petra
1678 4316 1813 4368 enim
1829 4314 2033 4375 dicitur,
2064 4328 2122 4365 eo
2151 4311 2286 4382 quod
2295 4312 2490 4378 primus
2515 4312 2571 4363 in
2593 4309 2882 4363 nationibus
2901 4311 3025 4379 ﬁdei
3039 4312 3378 4382 fundamenta

133 4420 356 4482 posuerit,
389 4433 460 4471 ετ
488 4429 737 4476 unousu
771 4428 940 4467 ssxuu
963 4425 1213 4464 lllOBlLE
1247 4423 1437 4464 ‘I'OTIUS
1466 4423 1650 4463 OPERIS
1692 4421 1987 4461 cumsuam
2028 4418 2304 4490 COMPAGEI
2336 4416 2616 4463 uocemus
2651 4417 2965 4456 counuesr.
3000 4402 3190 4458 Pastor
3218 4407 3380 4474 igitur

134 4503 293 4556 ovium
313 4502 517 4557 Christi
542 4500 755 4559 Petrus,
781 4499 1026 4567 idemque
1047 4498 1428 4568 ﬁrmamentum
1455 4495 1710 4559 omnibus,
1736 4509 1799 4547 ac
1826 4502 1969 4563 petra
1999 4492 2346 4545 Ecclesiarum
2375 4494 2560 4562 factus,
2583 4499 2715 4545 teste
2741 4492 2985 4556 Maxilua,
3016 4505 3223 4550 cazteros
3251 4498 3379 4566 ﬁdei

134 4589 388 4645 stabilitate
417 4590 676 4662 fundavit,
697 4596 754 4640 ut
774 4589 862 4654 qui
887 4594 941 4640 et
968 4595 1112 4656 petra
1137 4586 1206 4638 sit
1219 4585 1556 4647 constitutus,
1584 4594 1639 4638 et
1657 4594 1905 4654 tanquam
1924 4599 2106 4637 saxum
2124 4580 2381 4635 immobile
2402 4583 2554 4634 totius
2579 4581 2854 4635 Christiani
2883 4585 3051 4652 operis
3081 4603 3379 4660 compagem

135 4680 397 4749 molemque
415 4681 704 4732 contineat.
731 4676 789 4729 Id
817 4690 941 4728 vero
964 4674 1154 4730 Petrus
1176 4681 1494 4729 consecutus
1515 4673 1801 4726 devotione
1843 4679 1943 4734 est,
1968 4671 2109 4738 quod
2131 4671 2326 4723 virtute
2371 4678 2455 4722 est
2480 4668 2739 4724 Christus.
2769 4671 2912 4724 Sicut
2960 4675 3033 4725 ait
3063 4675 3335 4742 Apostolus
3355 4697 3377 4735 .-

141 4766 362 4820 Bibebant
391 4778 568 4820 autem
599 4767 663 4819 de
689 4765 946 4834 spirituali
977 4772 1310 4834 consequente
1332 4779 1417 4816 eos
1437 4771 1583 4832 petra
1605 4779 1622 4815 :
1652 4772 1800 4831 petra
1827 4771 1995 4816 autem
2034 4771 2145 4813 erat
2173 4758 2420 4814 Christus.
2455 4759 2609 4815 Recte
2635 4763 2947 4814 consortium
2970 4775 3190 4818 metetur
3210 4771 3377 4822 nomi-

136 4857 224 4916 nis,
245 4859 322 4924 qui
350 4869 685 4911 coxsonrwu
713 4867 961 4907 κεηετυι
980 4868 1046 4905 ετ
1068 4866 1267 4915 oreals,
1290 4858 1392 4906 etc.
1421 4849 1695 4904 Pastorem
1719 4859 1895 4903 autem
1919 4851 2096 4907 ovium
2119 4849 2314 4902 dictum
2354 4864 2472 4904 esse
2495 4847 2730 4914 Petrum,
2755 4858 3040 4921 propterea
3062 4854 3209 4921 quod
3230 4872 3382 4910 suos

141 4962 386 5005 stautros
411 4963 735 5012 ACCEPEBIT,
762 4943 1020 4999 Maximus
1045 4946 1155 5013 ipse
1178 4944 1337 4999 docet
1358 4943 1574 4997 humilia
1599 4941 1688 5006 55,
1713 4956 1831 5012 pag.
1860 4941 1979 4999 168.
2004 4941 2122 4995 Jam
2143 4949 2349 5010 petram
2371 4939 2586 4995 Petrum
2611 4942 2770 4997 fuisse
2790 4945 3138 4998 constitutum
3163 4947 3232 5000 ob
3254 4963 3386 5002 con-

142 5039 404 5095 fessionem
428 5038 729 5094 divinitatis
749 5035 964 5099 Christi,
995 5036 1174 5089 claves
1195 5035 1343 5102 regni
1366 5034 1622 5088 caelorum
1654 5032 1943 5099 accepisse,
1982 5038 2442 5098 consecutumque
2466 5030 2739 5099 judicandi
2770 5044 3115 5103 potestatem,
3142 5035 3378 5103 Maximi,

144 5137 193 5181 ut
214 5139 522 5185 ceterorum
544 5129 706 5182 etiam
730 5125 967 5189 Patrum,
991 5133 1242 5181 constans
1264 5123 1505 5178 doctrina
1528 5131 1629 5177 est.
1657 5124 1828 5190 Atque
1849 5123 1894 5174 is
1919 5122 2132 5174 humilia
2157 5120 2224 5175 68
2241 5162 2255 5187 ,
2281 5136 2403 5191 pag.
2431 5122 2496 5174 Π
2519 5137 2693 5192 seqq.:
2723 5125 2790 5179 Ut
2813 5128 3148 5196 confessionis
3167 5127 3382 5199 (Petri),

143 5219 313 5288 inquit,
339 5228 538 5291 quotuu
566 5227 698 5272 esset
727 5215 1024 5286 magnitudo
1053 5214 1295 5270 Salvator
1319 5213 1658 5278 ostenderet;
1709 5213 1783 5265 ait
1810 5213 1858 5264 ei
1890 5230 1901 5262 :
1932 5210 2117 5264 Beatus
2161 5227 2237 5279 es,
2268 5210 2450 5267 Simon
2483 5211 2773 5269 Bar—Jona.
2797 5217 2916 5284 quia
2950 5231 3071 5270 caro
3100 5225 3148 5268 et
3175 5223 3389 5287 sanguis

143 5325 231 5360 non
256 5311 491 5364 reuelauit
521 5308 632 5371 tibi,
651 5307 741 5361 sed
768 5306 929 5360 Pater
952 5322 1092 5360 meus
1118 5305 1207 5374 qui
1233 5308 1286 5359 in
1311 5307 1447 5360 cazlis
1474 5314 1550 5359 est
1579 5322 1596 5357 :
1627 5315 1677 5357 et
1716 5304 1805 5357 tibi
1839 5304 1969 5356 dabo
1991 5304 2156 5357 claves
2200 5306 2344 5374 regni
2373 5306 2703 5358 calorum...
2738 5305 2854 5359 Hoc
2894 5306 2971 5360 illi
3005 5309 3264 5376 confessio
3294 5311 3389 5361 de-

144 5400 225 5461 dit,
244 5409 302 5452 ut
321 5409 439 5456 ante
461 5398 629 5454 claves
656 5399 802 5469 regni
825 5399 1065 5453 caelorum
1088 5400 1364 5469 acciperet,
1391 5415 1543 5470 quam
1571 5397 1889 5468 cazlijanuas
1909 5397 2207 5450 introiret...
2241 5397 2408 5451 Clavis
2437 5398 2546 5452 εωιὶ
2574 5398 2749 5467 lingua
2773 5408 2850 5451 est
2875 5397 3041 5462 Petri,
3073 5399 3194 5469 quia
3220 5403 3396 5470 singn.

209 5531 276 5596 (a)
312 5529 443 5586 Vide
461 5538 723 5601 prmterea
743 5543 902 5601 serm.
927 5527 1013 5601 95,
1037 5543 1157 5601 pag.
1182 5528 1304 5583 6H.
1321 5527 1520 5601 Confer
1541 5528 1698 5582 etiam
1879 5529 2279 5601 (b)_Adeundus
2307 5540 2525 5587 sanctus
2562 5529 2892 5601 Ambrosius,
2931 5530 3087 5597 ibid.,
3116 5546 3265 5588 nmn.
3300 5533 3391 5601 70,

148 5608 363 5668 sanctum
390 5597 750 5668 Anibntsium,
774 5598 865 5652 lib.
890 5613 942 5653 tv
969 5600 1023 5652 in
1039 5597 1263 5668 'Lueunt,
1292 5613 1433 5654 num.
1463 5597 1550 5663 7|,
1574 5611 1694 5667 pag.
1808 5597 2079 5668 pag.'8i8.

155 5664 256 5727 iis,
286 5677 410 5719 tum.
444 5668 486 5722 11
514 5683 544 5722 e
564 5668 646 5720 lit.
676 5667 895 5721 Veneta:
923 5683 1012 5720 an.
1047 5667 1204 5724 1748.
1251 5664 1256 5666 Ἴ
1575 5664 1591 5667 ⁷

2844 5691 2879 5761 t

403 5765 674 5821 Ριτκυῑ..
735 5762 912 5820 LVII.
