3898 6226
521 365 615 416 til‘l
1952 362 2334 419 PRA'ZFATIO.
3669 359 3758 413 103

507 480 675 527 torum
704 478 887 530 merita
915 477 1186 542 censendo,
1217 478 1491 548 Apostolus
1521 474 1793 543 unicuique
1819 487 2025 542 regnum
2053 473 2292 526 calorum
2321 483 2408 525 aut
2445 473 2656 536 claudit,
2688 483 2778 526 aut
2825 475 3008 544 aperit.
3042 471 3164 526 Non
3207 481 3280 526 est
3321 487 3440 540 ergo
3479 466 3638 521 elatis
3668 469 3756 520 ista

503 567 746 620 mortalis
773 569 989 638 artificis
1007 579 1186 638 aptata
1215 585 1398 632 manu,
1423 566 1514 621 sed
1541 582 1679 620 ous
1703 581 1735 617 Α
1759 562 1993 618 Cunter
2017 578 2284 618 peresus
2310 579 2407 618 esr
2427 579 2814 619 JUDICANDI..."
2842 566 2943 619 llic
2970 574 3046 619 est
3074 563 3259 618 Petrus
3295 565 3376 616 cui
3401 561 3629 616 Christus
3655 559 3753 613 Do-

508 657 679 712 minus
700 661 1107 714 communionem
1127 661 1204 713 sui
1235 659 1458 712 nominis
1485 657 1698 711 libenter
1726 655 1959 708 indulsit.
1984 651 2050 706 Ut
2076 653 2232 716 enim,
2255 655 2384 706 sicut
2404 655 2667 724 apostolus
2695 655 2893 709 Paulus
2922 656 3141 722 edocuit,
3164 669 3334 708 νει-ιι
3356 662 3466 706 erat
3483 651 3748 712 Cutusrtis,

507 752 582 804 ita
603 766 694 820 per
717 747 971 802 Christum
997 748 1211 803 Penus
1233 763 1438 802 ncrus
1456 762 1552 801 EST
1579 761 1769 807 peras,
1793 743 1992 798 dicente
2018 743 2065 795 ei
2085 741 2310 796 Domino
2343 742 2451 811 (a):
2485 743 2560 797 Tu
2581 762 2634 799 es
2658 743 2860 809 Petrus,
2883 756 2933 799 et
2950 763 3102 816 super
3131 747 3264 798 hanc
3283 753 3480 814 petram
3502 741 3750 810 cdiﬁcubo

511 837 798 893 Ecclesium
825 853 1010 891 meam.
1046 835 1207 902 Nam,
1231 838 1360 891 sicut
1410 837 1465 889 in
1501 835 1721 896 deserto,
1754 831 2011 886 dominico
2040 833 2236 885 sitienti
2273 832 2461 902 populo
2490 850 2622 903 aqua
2651 835 2804 903 fluxit
2830 851 2858 887 e
2885 837 3156 904 petra;ita
3190 835 3422 886 universo
3450 831 3636 884 mundo
3657 831 3752 880 ari-

509 924 671 981 ditate
690 925 901 989 lassata,
931 925 993 978 de
1019 941 1108 978 ore
1133 925 1278 978 Petri
1317 925 1435 995 fons
1462 923 1748 992 salutifera
1772 921 2114 991 confessionis
2141 923 2367 975 emersit.
2402 920 2505 975 Hic
2543 932 2620 976 est
2641 923 2846 986 Petrus,
2889 926 2969 977 cui
2991 924 3223 978 Christus
3251 937 3554 976 ascensum
3573 921 3642 971 ad
3660 919 3750 973 Pa-

509 1025 661 1080 trem,
691 1016 979 1086 pascendos
1008 1016 1233 1069 oviculas
1279 1031 1400 1068 suas
1444 1030 1704 1085 agnosque
1731 1013 2071 1076 commendat,
2116 1023 2173 1075 ut
2192 1031 2316 1084 quos
2343 1013 2431 1067 ille
2455 1017 2660 1086 pietatis
2703 1018 3030 1070 miseratione
3055 1016 3342 1080 redimeret,
3373 1015 3454 1068 hic
3490 1031 3629 1068 rum
3655 1029 3752 1067 suc

505 1121 748 1160 νιιτυη
769 1121 1060 1160 εεινλιιετ.
1095 1104 1164 1158 Et
1191 1114 1325 1159 recte
1347 1121 1474 1158 sane
1510 1107 1557 1159 ei
1593 1103 1784 1159 arbiter
1831 1105 2147 1160 occultorum
2163 1105 2268 1160 Dei
2295 1104 2467 1160 Filius
2505 1123 2799 1164 pascamus
2838 1123 2969 1171 oves
3008 1123 3346 1170 russusque
3391 1121 3656 1164 COlllSlT.
3683 1104 3753 1156 cui

514 1204 748 1261 noverat,
777 1197 832 1249 in
857 1194 1129 1249 nutriendo
1152 1211 1305 1265 grege
1333 1193 1609 1258 dominico,
1633 1210 1725 1247 nec
1743 1193 1968 1247 studium
1992 1194 2185 1260 deesse,
2220 1211 2314 1247 nec
2333 1195 2507 1265 ﬁdem.
2535 1195 2604 1249 Et
2626 1197 2810 1250 homil.
2841 1197 2924 1260 70,
2952 1211 3072 1265 pag.
3102 1195 3206 1248 Ὧι
3239 1213 3251 1247 :
3281 1193 3494 1248 Petrum
3517 1192 3578 1245 de
3600 1195 3755 1261 pisca-

510 1297 624 1344 tore
649 1289 909 1343 doctorem
925 1290 1136 1359 factum,
1168 1286 1430 1339 Maximus
1452 1286 1545 1347 ait,
1572 1287 1717 1356 cujus
1745 1284 1890 1339 Petri
1920 1284 2196 1338 credulitas
2239 1285 2488 1340 doctrina:
2510 1287 2577 1339 sit
2612 1286 3022 1357 fundamentum.
3054 1284 3304 1353 Adjungit
3338 1285 3459 1338 inde
3481 1298 3601 1354 pag.
3624 1283 3718 1336 225
3741 1302 3752 1335 :

517 1378 630 1452 [cx]
661 1378 852 1443 Quanti
881 1380 1042 1449 igitur
1068 1377 1236 1430 meriti
1258 1377 1397 1447 apud
1430 1377 1596 1430 Deum
1639 1393 1788 1432 suum
1809 1376 1994 1431 Petrus
2023 1387 2155 1442 erat,
2177 1388 2233 1430 ut
2262 1379 2308 1430 ei
2326 1388 2442 1447 post
2478 1379 2732 1433 navicula:
2758 1396 2929 1450 parra:
2967 1381 3233 1450 remigium
3273 1394 3461 1433 rarius
3495 1377 3753 1433 Eccum;

509 1485 881 1525 cuusauscuu
913 1484 1297 1523 rusneunuwn
1312 1468 1404 1521 ἲ...
1435 1465 1573 1532 Quid
1589 1467 1652 1521 de
1671 1466 1830 1522 Petro
1853 1469 2093 1538 referam,
2118 1470 2263 1538 cujus
2286 1477 2433 1522 tanta
2459 1477 2534 1522 est
2563 1485 2595 1521 a
2624 1468 2734 1524 Deo
2763 1473 3045 1541 approbata
3067 1471 3301 1540 justitia,
3335 1479 3575 1541 tantaque
3602 1470 3648 1522 ei
3676 1483 3754 1520 ro-

511 1577 711 1616 'I'BSTAS
737 1575 1038 1614 ΑττιιιιιυτΔ
1063 1574 1366 1625 ιυυιελκυι,
1396 1574 1465 1613 υτ
1497 1574 1547 1613 IN
1576 1573 1822 1614 ΔΒΒῙΊἭῙΟ
1851 1574 1975 1612 ωυδ
2004 1575 2050 1610 ﬂ

2219 1576 2318 1613 run
2347 1575 2605 1614 caussas
2647 1561 2920 1615 ιυωοιωιῖ
2948 1559 3232 1629 Perspicite
3274 1578 3394 1631 ergo
3431 1571 3481 1614 et
3527 1560 3758 1614 testimate

507 1660 699 1715 quanto
722 1648 868 1703 nobis
903 1650 968 1703 sit
991 1648 1177 1702 Petrus
1200 1648 1462 1719 apostolus
1483 1649 1675 1702 honore
1701 1650 2025 1712 reverendus,
2055 1665 2211 1706 cusus
2233 1665 2567 1704 sumsum!
2606 1667 2656 1704 ιη
2687 1667 2875 1706 τειιιιιε
2914 1667 3192 1706 pnounu
3237 1667 3553 1706 semensum
3592 1666 3758 1706 tumcn

510 1755 749 1803 ιερυιτλε
795 1755 894 1794 non
935 1754 1216 1792 ιιειιειωτ.
1249 1738 1319 1791 Et
1346 1737 1462 1792 ideo
1491 1738 1763 1810 diligenter
1781 1740 2046 1804 intendite,
2071 1755 2183 1810 quae
2203 1741 2268 1793 sit
2295 1741 2404 1810 ejus
2432 1742 2612 1810 gloria
2639 1742 2956 1812 magnitudo,
2989 1744 3069 1796 cui
3101 1759 3206 1797 nou
3235 1759 3432 1798 canes
3473 1759 3625 1797 usam
3651 1759 3760 1797 cou-

507 1847 816 1885 mnuurun
835 1831 1034 1894 interni,
1065 1829 1244 1884 ctelum
1263 1830 1341 1884 illi
1356 1830 1595 1885 claudere
1610 1839 1661 1884 et
1687 1831 1890 1901 aperire
1910 1832 2215 1900 permissum
2243 1838 2338 1883 est.
2361 1828 2500 1894 Quin
2523 1831 2686 1885 etiam
2731 1831 2914 1886 bomil.
2971 1831 3056 1897 72,
3095 1814 3230 1900 pag.
3268 1831 3394 1896 251,
3435 1831 3503 1885 de
3527 1830 3683 1885 Petro
3705 1847 3760 1884 ac

507 1917 674 1973 Paulo
696 1919 961 1972 disserens
987 1935 1000 1970 :
1026 1919 1209 1982 Ambo,
1235 1919 1427 1986 inquit,
1452 1921 1618 1974 claues
1644 1937 1678 1974 a
1705 1920 1926 1974 Domino
1954 1928 2318 1990 perceperunt,
2343 1937 2598 1976 BCIBNTI£
2621 1937 2740 1976 lS'l‘E
2764 1920 3027 1991 (Paulus),
3053 1921 3140 1975 ille
3163 1920 3398 1992 (Petrus)
3427 1937 3757 1977 rorantis...

507 1996 654 2080 Ergo
678 2008 811 2062 beati
834 2008 1023 2064 Petrus
1068 2021 1118 2064 et
1165 2008 1359 2064 Paulus
1382 2013 1610 2065 eminent
1631 2013 1766 2066 inter
1791 2013 2056 2065 universos
2096 2011 2400 2079 apostolos,
2430 2021 2480 2064 et
2525 2011 2773 2082 peculiari
2802 2011 3025 2081 quadam
3070 2011 3409 2080 prterogatioa
3456 2011 3760 2078 praecellunt.

503 2100 703 2157 Confer
724 2109 984 2170 prteterea
1007 2101 1194 2156 homil.
1221 2101 1345 2168 {07,
1372 2115 1494 2172 pag.
1520 2101 1645 2167 554,
1667 2117 1776 2170 quo
1808 2102 1927 2156 loco
1954 2120 1967 2154 :
1997 2100 2270 2174 lmplebat,
2296 2102 2485 2170 inquit,
2511 2101 2755 2156 bonitatis
2780 2108 2828 2153 et
2856 2100 3145 2169 disciplina:
3172 2114 3296 2168 opus
3328 2099 3649 2151 beatissimus
3669 2097 3761 2150 Pe-

505 2203 633 2256 trus,
659 2209 774 2246 cum
812 2200 862 2246 et
891 2202 1135 2265 tempsam
1161 2209 1274 2247 vere
1303 2192 1464 2247 bonus
1491 2193 1719 2247 medicus
1748 2193 1947 2247 oblatos
1984 2195 2044 2246 sit

2221 2203 2310 2246 iret
2349 2194 2606 2262 infirmos,
2642 2199 2691 2244 et
2723 2207 2791 2245 ur
2820 2204 3120 2244 ntsctmus
3150 2204 3422 2243 C(ELISTIS
3459 2204 3724 2243 renus-ros
3744 2209 3760 2236 ν

504 2299 663 2340 ausu
703 2298 930 2338 PONIIB'I'
957 2299 1187 2338 umoris
1217 2299 1508 2347 IIENDACES,
1538 2285 1801 2336 Ananiam
1847 2284 2053 2338 scilicet
2073 2291 2126 2336 et
2168 2283 2464 2353 Saphyram
2496 2300 2513 2336 :
2543 2293 2598 2337 et
2620 2296 2780 2336 serm.
2808 2281 2897 2346 '57,
2929 2294 3053 2349 pag.
3079 2279 3202 2343 498,
3233 2280 3322 2333 ubi
3351 2277 3567 2333 Petrum
3589 2283 3761 2350 prieri-

507 2391 664 2445 puum
691 2381 852 2429 vocat
880 2375 1250 2444 apostolorum.
1283 2373 1351 2429 Et
1371 2388 1530 2428 serm.
1559 2372 1645 2437 66,
1672 2365 1791 2442 pag.
1825 2372 1926 2425 567
1948 2388 2085 2440 seq.,
2111 2388 2219 2442 quo
2268 2374 2387 2427 loco
2430 2373 2587 2426 Petro
2612 2372 2834 2443 quidem,
2860 2372 3059 2439 inquit,
3092 2372 3240 2439 regni
3271 2371 3353 2423 sui
3381 2371 3578 2434 clares,
3608 2371 3762 2424 Paulo

506 2465 645 2519 uerbi
672 2466 984 2532 sapientiam
1013 2465 1172 2518 dedit.
1207 2462 1318 2517 Nec
1345 2462 1644 2518 incredibile
1672 2463 1785 2527 hoc,
1819 2464 2064 2533 quoniam
2092 2465 2177 2534 qui
2217 2480 2404 2534 aquam
2450 2463 2693 2533 produxit
2723 2479 2752 2515 e
2778 2473 2942 2532 petra.
2984 2460 3283 2515 Eccaesuu
3309 2476 3569 2516 ruunsvrr
3600 2478 3648 2515 IN
3675 2461 3763 2514 Ps-

510 2567 731 2607 που...
756 2552 1021 2607 Doctrina
1049 2553 1220 2623 gratia
1250 2551 1445 2606 cmlum
1475 2538 1673 2604 Paulus
1703 2551 2019 2622 ingreditur;
2051 2553 2395 2621 simplicitatis
2417 2554 2596 2604 merito
2612 2550 2876 2619 aperiendi
2899 2551 3007 2604 celi
3035 2550 3221 2605 Petrus
3243 2553 3428 2620 accipit
3455 2560 3764 2620 potestatem.

510 2647 752 2716 Denique
775 2663 1024 2703 sermone
1048 2646 1135 2713 69,
1162 2660 1281 2716 pag.
1309 2645 1412 2699 577
1433 2661 1570 2716 seq.,
1595 2647 1664 2701 de
1705 2645 1866 2702 Petro
1894 2664 2103 2702 rursum
2133 2647 2306 2716 deque
2332 2647 2496 2702 Paulo
2537 2662 2702 2715 agens
2743 2648 3003 2702 Maximus
3029 2666 3040 2700 :
3074 2646 3312 2700 Diximus
3341 2648 3656 2717 frequenter,
3695 2647 3766 2698 in-

504 2740 644 2809 quit,
668 2740 837 2808 ipsum
859 2739 1072 2793 Petrum
1101 2755 1308 2794 PRTBAII
1337 2755 1369 2790 a
1391 2737 1615 2792 Domino
1646 2750 2017 2810 nuncupatum,
2043 2743 2174 2794 sicut
2204 2743 2276 2793 ait
2300 2744 2446 2810 ipse:
2480 2739 2552 2792 Tu
2574 2759 2626 2794 es
2657 2741 2861 2806 Petrus,
2893 2747 2998 2794 etc.
3031 2738 3091 2792 Si
3119 2755 3237 2808 ergo
3260 2737 3447 2791 Petrus
3479 2754 3649 2792 Pfl'l'lu
3678 2753 3766 2790 εει-

513 2846 676 2885 suras
698 2844 838 2890 ausu
860 2844 1188 2884 amnes-run
1212 2827 1488 2893 Ecccssu,
1514 2839 1649 2882 recte
1676 2831 1816 2899 prius
1845 2830 1998 2900 pedes
2022 2841 2173 2884 sanat
2204 2830 2444 2901 (claudi),
2473 2841 2530 2884 ut
2557 2834 2685 2884 sicut
2706 2847 2755 2885 tu
2780 2831 3038 2886 Eccwsu
3070 2846 3208 2883 rint-:1
3236 2845 3548 2887 ruunsusul
3563 2845 3631 2886 Ul
3659 2845 3772 2885 cus—

513 2935 690 2987 ﬂuur,
714 2924 787 2975 ita
814 2931 863 2976 et
889 2925 946 2975 in
974 2923 1178 2976 nomine
1205 2917 1544 2977 membrorum
1573 2919 1910 2994 fundttntattu
1941 2922 2282 2993 conﬁrmet...
2314 2921 2511 2980 Paulus
2540 2939 2572 2979 tt
2600 2921 2821 2980 Domino
2849 2939 2935 2979 vas
2974 2924 3232 2978 electionis
3260 2931 3335 2976 est
3365 2924 3764 2976 nominatus.....
3860 2951 3861 2954 η

512 3015 724 3082 Optima
746 3016 1089 3082 apostolorum
1119 3015 1331 3067 nomina
1355 3031 1545 3079 raras,
1577 3025 1624 3069 et
1653 3018 1913 3070 vasculum
1931 3020 2218 3072 necessaria
2238 3019 2412 3073 domui
2434 3019 2742 3075 Saluatoris.
2769 3019 2965 3074 Domus
2992 3020 3127 3072 enim
3169 3028 3432 3090 petrarum
3471 3019 3770 3088 fortitudine

513 3104 842 3167 construitur,
873 3103 1096 3155 utilitate
1119 3106 1254 3156 uasis
1285 3114 1520 3159 ornatur.
1548 3104 1728 3160 Parus
1752 3108 1821 3159 ad
1851 3124 2200 3173 rtnurrunu,
2231 3126 2294 3162 ne
2317 3109 2572 3174 labantur,
2601 3118 2850 3163 sustentat
2877 3111 3124 3180 populos;
3155 3126 3246 3163 vas
3282 3109 3352 3161 ad
3377 3109 3684 3170 custodiam,
3714 3125 3771 3159 ne

513 3198 790 3254 tententur,
821 3192 987 3260 operit
1015 3188 1359 3245 Christianos.
1391 3193 1465 3245 De
1489 3202 1753 3261 potestate
1771 3194 2044 3262 judicandi
2067 3197 2259 3251 collata
2283 3196 2536 3251 divinitus
2579 3195 2761 3261 Petro,
2787 3197 2852 3250 de
2897 3196 3150 3262 clavibus,
3177 3195 3243 3251 de
3285 3195 3405 3263 jure
3447 3195 3648 3262 ligandi
3670 3194 3771 3248 sol-
3860 3219 3861 3266 χ

513 3279 794 3347 vendique,
819 3279 889 3333 de
908 3280 1208 3349 principatu
1240 3282 1382 3335 Petri
1409 3282 1667 3350 ejusdem,
1693 3283 1867 3352 deque
1920 3282 2079 3339 Petro
2103 3287 2221 3355 ipso
2263 3295 2438 3357 petra,
2461 3288 2709 3343 columna
2751 3296 2807 3342 et
2849 3287 3192 3342 fundamento
3234 3287 3506 3351 doctrinm,
3533 3303 3630 3341 seu
3656 3286 3768 3340 ﬁdei
3860 3269 3861 3278 “

514 3375 762 3432 Ecclesiae
783 3375 924 3444 quod
946 3376 1128 3430 scribit
1152 3376 1432 3442 Maximus,
1457 3378 1521 3431 iis
1562 3385 1646 3432 est
1687 3378 1846 3446 plane
1871 3381 2147 3434 cohaerens
2188 3388 2243 3434 et
2265 3390 2716 3446 consentaneum,
2741 3395 2860 3448 qua:
2895 3381 3036 3435 dicta
3070 3380 3217 3435 fuere
3251 3381 3302 3434 in
3336 3379 3608 3449 Ephesina
3628 3395 3769 3435 mcu-

513 3468 717 3524 menlca
740 3467 964 3537 synodo,
994 3466 1208 3522 Patrum
1240 3469 1452 3522 nemine
1494 3476 1846 3539 repugnante,
1880 3471 2078 3524 action.
2106 3471 2156 3535 '5,
2185 3481 2313 3524 tom.
2343 3469 2673 3526 lConcilior.
2707 3470 2836 3524 edit.
2881 3469 3048 3526 Paris.
3094 3486 3182 3524 an.
3230 3469 3390 3534 17η,
3416 3483 3538 3538 pag.
3591 3468 3726 3521 M78
3753 3487 3765 3520 :

512 3557 663 3613 Nulli
685 3558 892 3611 dubium
923 3567 1019 3618 est,
1067 3560 1172 3610 imo
1200 3557 1401 3611 suculis
1423 3557 1658 3612 omnibus
1676 3567 1854 3612 notum
1872 3569 1965 3621 est,
1991 3559 2126 3630 quod
2144 3571 2352 3614 sanctus
2382 3562 2802 3631 beatissimusque
2826 3560 3013 3614 Petrus
3059 3561 3403 3631 apostolorum
3430 3562 3694 3630 princeps,
3723 3569 3769 3612 et

511 3657 682 3718 caput,
706 3647 926 3717 ﬁdeique
952 3647 1212 3711 columna,
1243 3657 1291 3699 et
1318 3646 1568 3702 Ecclesia
1593 3647 1863 3701 catholica:
1890 3648 2282 3717 fundamentum
2312 3668 2342 3700 a
2373 3649 2595 3703 Domino
2639 3658 2816 3702 nostro
2843 3648 2970 3702 Iesu
3017 3649 3220 3704 Christo
3256 3648 3512 3703 salvatore
3557 3647 3766 3700 humani

510 3740 709 3810 generis
737 3754 799 3791 ac
825 3737 1144 3807 redemptore
1172 3738 1336 3791 claves
1357 3741 1500 3811 regni
1524 3741 1744 3809 accepit,
1773 3730 1904 3812 [cui
1925 3739 2251 3809 solvendique
2271 3757 2332 3792 ac
2353 3741 2557 3810 ligandi
2589 3749 2819 3810 potestas
2856 3740 2955 3810 ipsi
2984 3740 3107 3792 data
3135 3747 3230 3800 est,
3269 3740 3353 3810 qui
3380 3737 3448 3790 ad
3495 3736 3594 3789 hoc
3619 3753 3771 3809 usque

516 3840 714 3899 tempus
741 3836 787 3881 et
815 3843 1012 3897 semper
1032 3827 1086 3879 in
1110 3828 1218 3880 suis
1241 3829 1614 3882 successoribus
1635 3830 1771 3889 civit,
1804 3834 1883 3883 καὶ
1911 3829 2122 3894 δικάζει,
2155 3845 2223 3882 ετ
2250 3844 2466 3882 wmcn
2491 3846 2576 3882 seu
2601 3831 2689 3900 jus
2719 3830 2862 3882 dicit.
2889 3829 2956 3881 Et
2976 3828 3173 3882 action.
3201 3825 3253 3892 2,
3291 3839 3412 3896 pag.
3441 3824 3573 3877 ηπ
3609 3843 3622 3877 :
3652 3823 3768 3877 Non

515 3922 728 3991 ignorat
755 3928 922 3972 vestra
951 3918 1208 3972 beatitudo
1228 3920 1382 3972 totius
1401 3919 1543 3988 fidei,
1566 3919 1645 3973 vel
1667 3921 1818 3973 etiam
1842 3921 2193 3990 apostolorum
2232 3927 2384 3990 caput
2421 3935 2531 3972 esse
2560 3919 2762 3972 beatum
2784 3920 3070 3988 apostolum
3115 3916 3346 3971 Petrum.
3369 3915 3569 3969 Eadem
3594 3925 3766 3970 autem

512 4009 748 4063 omnium
780 4005 1016 4069 Patrum,
1037 4006 1148 4076 jam
1174 4022 1341 4077 usque
1362 4008 1429 4061 ab
1458 4009 1610 4062 initio
1634 4008 1733 4063 fuit
1754 4025 1818 4063 ex
1847 4009 2136 4077 Evangelio
2159 4008 2314 4062 ducta
2346 4009 2608 4074 doctrina,
2651 3999 2796 4064 velut
2816 4017 3089 4062 ostensum
3117 4022 3146 4060 a
3174 4007 3371 4060 nostris
3398 4006 3766 4076 scriptoribus.

510 4099 1041 4164 demonstratumque
1064 4104 1170 4149 tam
1201 4111 1326 4150 vere
1347 4097 1734 4166 perspicueque
1777 4108 1877 4162 est,
1911 4107 1969 4151 ut
1998 4098 2066 4152 ad
2107 4096 2248 4151 idem
2296 4113 2506 4152 rursum
2546 4098 3021 4154 demonstrandum
3063 4113 3170 4151 non
3198 4098 3267 4151 sit
3295 4096 3543 4150 oratione
3591 4108 3768 4152 nostra

509 4203 662 4258 opus.
686 4186 895 4240 Interea
918 4186 1121 4240 consuli
1146 4186 1472 4240 Mamachius
1501 4188 1702 4255 poterit
1726 4196 1854 4241 tom.
1889 4188 1955 4254 V,
1980 4195 2118 4257 part.
2147 4188 2171 4240 l
2205 4188 2582 4259 Antiquitatum
2613 4188 3046 4252 Christianarum,
3079 4200 3203 4256 pag.
3251 4186 3318 4238 92
3343 4201 3524 4254 seqq.,
3557 4196 3615 4242 et
3644 4201 3764 4257 pag.

514 4279 605 4332 151
640 4292 820 4346 seqq.,
851 4285 907 4332 et
929 4290 1049 4346 pag.
1073 4275 1178 4329 286
1201 4293 1376 4346 seqq.,
1406 4285 1460 4332 et
1488 4292 1609 4346 pag.
1641 4276 1746 4330 405
1771 4294 1922 4349 seqq.
1958 4279 2160 4332 Rursus
2181 4279 2323 4347 quod
2347 4279 2413 4332 de
2437 4278 2616 4344 Petro,
2642 4279 2732 4334 cui
2772 4279 2970 4333 tradita
3018 4277 3166 4332 fuere
3195 4279 3361 4333 totius
3388 4275 3648 4332 Ecclesia:
3673 4291 3766 4346 gu-

511 4367 820 4430 bernacula,
845 4367 1043 4436 quique
1068 4367 1319 4434 patentia:
1341 4367 1534 4420 clavim
1557 4369 1784 4436 accepit,
1810 4382 1928 4422 cum
1954 4367 2150 4423 Paulus
2172 4369 2440 4438 acceperit
2467 4368 2658 4423 clavim
2701 4366 2971 4434 scientiae;
3001 4368 3169 4439 quod,
3212 4369 3449 4438 inquam,
3494 4369 3567 4424 de
3609 4367 3768 4424 Petro

512 4461 566 4512 in
583 4459 728 4510 hanc
746 4456 1064 4509 sententiam
1080 4453 1337 4507 Maximus
1368 4456 1560 4508 litteris
1589 4456 1875 4518 commisit,
1895 4456 2149 4510 doctrina:
2175 4458 2436 4525 majorum
2460 4456 2684 4510 miriﬁce
2709 4457 2972 4524 congruit,
2996 4457 3087 4525 qui
3111 4473 3216 4512 non
3245 4458 3418 4513 solum
3438 4457 3555 4512 haec
3581 4457 3768 4512 eadem

508 4548 792 4615 scripsere,
815 4558 1000 4596 verum
1022 4543 1180 4596 etiam
1213 4544 1569 4597 monumentis
1601 4545 1753 4596 aereis
1797 4553 2194 4611 expresserunt.
2220 4543 2406 4597 Exstat
2443 4546 2495 4598 in
2524 4559 2710 4598 musco
2734 4545 3035 4601 archiducis
3065 4547 3244 4615 magni
3277 4545 3427 4601 ducis
3454 4546 3768 4602 Florentino

510 4637 729 4705 insignis
749 4633 1120 4690 cmmeterialis
1146 4649 1284 4687 turea
1310 4634 1547 4698 lucerna,
1575 4649 1694 4702 quae
1715 4649 1823 4703 pra:
1856 4649 1915 4688 se
1942 4637 2089 4689 navis
2117 4635 2219 4690 fert
2261 4636 2501 4703 ligurum,
2526 4651 2588 4690 ac
2617 4635 2834 4691 Petrum
2863 4635 2928 4689 ad
2952 4637 3171 4706 puppim
3200 4635 3475 4689 sedentem
3500 4645 3556 4689 et
3578 4637 3767 4704 guber-

509 4724 757 4779 naculum
779 4723 1181 4781 moderantem;
1211 4720 1431 4776 Paulum
1478 4737 1604 4775 vero
1634 4722 1699 4774 ad
1731 4737 1944 4790 proram
1991 4731 2220 4777 stantem
2251 4725 2738 4793 pnedicantcmque
2781 4725 3020 4778 exhibet.
3064 4724 3140 4778 De
3166 4739 3269 4793 qua
3293 4724 3509 4792 quidem
3555 4724 3768 4778 lucem:

507 4823 630 4884 post
652 4814 801 4878 alios,
834 4828 971 4881 quos
993 4814 1253 4879 nominat,
1285 4815 1391 4880 egit
1434 4813 1762 4867 Mamacbius
1791 4813 1931 4866 idem
1969 4822 2102 4867 tom.
2126 4815 2191 4868 [ll
2222 4817 2593 4886 Antiquitatum
2624 4813 3060 4877 Christianarum,
3087 4828 3213 4883 pag.
3240 4811 3308 4866 99
3331 4828 3470 4883 seq.,
3495 4821 3550 4867 et
3573 4820 3688 4867 tom
3708 4811 3767 4876 V,

507 4920 628 4978 pag.
655 4903 756 4958 291'
787 4919 939 4972 seqq.
975 4903 1212 4972 Longum
1234 4915 1315 4960 est
1339 4906 1442 4958 iter
1461 4905 1525 4958 ad
1557 4902 1743 4958 Patres
1763 4920 1973 4970 omnes,
2007 4921 2234 4974 quorum
2257 4909 2449 4962 seriem
2478 4907 2697 4961 exhibet
2732 4905 3060 4959 Mamacbius
3090 4911 3220 4958 tom.
3255 4902 3316 4968 V,
3343 4915 3463 4972 pag.
3489 4901 3597 4955 M0
3618 4916 3766 4970 seqq.

511 4997 816 5064 l’erpancos
835 5009 1021 5049 eorum
1044 4997 1499 5058 commemorabo,
1531 5010 1758 5064 quorum
1788 5002 1897 5048 tam
1941 4995 2037 5049 fuit
2064 4996 2166 5050 hac
2185 4998 2253 5051 de
2283 5013 2341 5052 re
2364 4998 2470 5052 late
2500 5005 2792 5067 propagata
2820 5003 3177 5063 constansque
3198 4993 3484 5059 sententia,
3518 5000 3578 5046 ut
3607 5007 3640 5046 ν
3670 5007 3767 5046 sa:-

508 5087 630 5140 culo
672 5083 1016 5138 Bonifacius!
1039 5083 1090 5137 id
1131 5083 1431 5147 amrmarit,
1457 5084 1601 5152 quod
1624 5099 1742 5138 esse
1787 5084 2034 5138 omnibus
2065 5085 2346 5153 probatum
2389 5086 2552 5140 sciret
2580 5103 2592 5137 :
2621 5085 2686 5138 In
2724 5083 2880 5137 Petro
2909 5091 3147 5138 constare
3172 5081 3479 5135 universalis
3521 5078 3767 5134 Ecclesia

507 5176 736 5245 regimen
768 5181 818 5228 et
856 5188 1122 5237 summam,
1154 5175 1309 5244 epist.
1344 5173 1428 5239 id,
1457 5185 1577 5244 pag.
1604 5175 1760 5238 1057,
1791 5181 1920 5230 tom.
1945 5175 1965 5229 l
1993 5174 2280 5243 Epistolar.
2328 5173 2692 5229 Romanorum
2735 5170 3074 5242 pontiﬁcum,
3119 5171 3249 5225 edit.
3283 5168 3606 5224 Coustantii.
3639 5166 3769 5222 Pru-

506 5262 722 5315 dentius
764 5271 942 5316 autem
987 5262 1038 5315 in
1081 5261 1216 5317 libro
1262 5268 1380 5335 llspi
1424 5267 1694 5334 Στεφάνων,
1739 5264 1936 5333 hymno
1978 5262 2032 5326 2,
2062 5263 2257 5332 quiest
2287 5263 2353 5317 de
2394 5272 2580 5318 sancto
2610 5261 2898 5317 Lauremio
2927 5275 3068 5316 vers.
3102 5257 3398 5328 b605eqq.,
3427 5257 3498 5313 de
3523 5254 3771 5316 Petrosc

515 5349 700 5418 Paulo,
725 5351 913 5409 scribit
948 5369 957 5403 :

1492 5462 1582 5513 Hic
1599 5477 1775 5526 nempe
1790 5465 1886 5526 jam
1907 5469 2116 5525 regnant
2135 5464 2230 5512 duo

1499 5525 1834 5587 Apostoldrum
1865 5527 2133 5587 principes;

1501 5584 1639 5634 Alter
1659 5584 2122 5646 vocatur’gentium,

591 5702 662 5770 (α)
697 5705 832 5764 Vide
853 5714 906 5762 et
927 5706 1112 5762 homil.
1141 5706 1262 5772 115,
1292 5719 1418 5776 pag.
1443 5706 1564 5772 375,
1592 5719 1647 5762 et
1667 5723 1828 5763 serm.
1854 5709 1944 5776 27,
1969 5724 2090 5778 pag.
2117 5714 2130 5761 Α

1514 5706 1564 5772 5,
1592 5719 1647 5762 et
1667 5723 1828 5763 serm.
1854 5709 1944 5776 27,
1969 5724 2090 5778 pag.
2117 5708 2243 5772 467,
2271 5716 2324 5763 et
2354 5722 2493 5762 serm
2543 5708 2631 5770 57,
2659 5719 2779 5774 pag.
2820 5705 2919 5756 £97
2942 5718 3053 5772 seq.
