3898 6226
501 363 596 416 111
1939 356 2040 412 PR.

2210 357 2319 414 [⁸10.
3663 356 3680 406 l
3697 357 3749 409 l‘l

497 473 822 544 praedicent,
875 469 1008 524 adeo
1045 478 1104 523 ut
1141 469 1303 527 statui
1330 477 1560 539 nequeat
1589 477 1704 524 uter
1732 469 1885 523 alteri
1914 470 1982 523 sit
2009 469 2426 538 prmponendus,
2457 484 2566 523 non
2603 469 2670 524 de
2698 469 2956 538 dignitate
2996 480 3050 525 et
3077 478 3376 540 potestate,
3401 486 3509 539 qua
3539 479 3746 543 morque

505 561 716 615 Petrum
739 559 941 613 latetur
968 558 1129 614 fuisse
1161 557 1326 612 Paulo
1356 560 1655 629 potiorem;
1687 558 1779 613 sed
1808 559 1874 612 de
1907 561 2041 612 mira
2069 558 2371 628 electione_,
2400 558 2466 612 de
2496 560 2725 622 virtute,
2774 560 2841 614 de
2868 561 3092 626 merito,
3125 560 3190 614 de
3217 562 3457 632 martyrii
3485 562 3651 630 gloria
3675 570 3747 618 est

504 651 923 720 intelligendum.
974 650 1040 706 Ι]
1088 665 1213 705 vero
1258 666 1325 705 ex
1373 651 1510 706 serie
1558 651 1672 720 ipsa
1718 652 2001 705 verborum
2051 652 2325 720 utriusque
2372 653 2544 708 sancti
2571 653 2810 722 episcOpi
2839 653 2998 722 plane
3026 654 3210 723 liquet.
3245 654 3324 709 Ac
3345 655 3524 709 meriti
3551 655 3744 724 quidem

505 751 749 812 uterque,
781 743 1006 807 virtutis,
1038 745 1278 814 martyrii
1303 745 1570 810 meminit;
1600 743 1874 812 dignitatis
1903 758 2029 797 vero
2058 743 2276 812 majoris
2300 757 2365 798 ac
2391 746 2674 813 potestatis
2696 744 2821 799 dum
2849 745 3107 811 meminit,
3132 745 3204 799 ita
3229 745 3472 800 meminit
3498 744 3740 812 proiecto.

507 839 565 884 ut
593 829 752 886 Petro
780 846 897 886 eam
927 833 1250 897 attribuerit,
1282 831 1446 885 Paulo
1477 847 1582 886 non
1614 833 1760 886 item.
1813 833 1888 888 De
1911 830 2076 886 Petro
2114 834 2321 888 scilicet
2353 835 2598 902 quaedam
2626 833 2887 888 Maximus
2909 836 3151 904 scripsit,
3181 850 3300 904 quae
3329 834 3528 889 indicat
3554 834 3604 887 in
3632 832 3745 886 l‘au-

509 922 620 976 lum
667 921 888 990 perinde
921 938 1041 976 .non
1086 922 1278 976 cadere
1305 940 1318 973 ε
1370 921 1472 974 llic
1499 931 1574 975 est
1606 922 1819 985 Petrus,
1863 922 2066 990 inquit,
2096 924 2177 976 cui
2201 920 2433 975 Christus
2472 921 2724 977 Dominus
2760 925 3167 977 communionem
3195 925 3274 976 sui
3303 924 3525 976 nominis
3554 920 3744 974 libenter

503 1011 740 1066 indulsit.
796 1010 864 1065 Ut
888 1012 1022 1064 enim
1042 1051 1054 1063 .
1075 1051 1089 1064 .
1111 1051 1124 1064 .
1143 1051 1158 1065 .
1206 1020 1353 1080 petra
1389 1022 1499 1064 erat
1537 1009 1772 1064 Christus
1793 1050 1807 1074 ,
1837 1012 1911 1069 ita
1938 1028 2029 1080 per
2054 1009 2313 1065 Christum
2355 1009 2539 1066 Petrus
2576 1014 2742 1083 factus
2770 1023 2847 1066 est
2874 1021 3019 1084 petra
3036 1051 3050 1067 .
3073 1054 3087 1067 .
3108 1052 3124 1067 .
3146 1052 3162 1067 .
3207 1013 3312 1066 llic
3345 1023 3421 1066 est
3446 1011 3651 1074 Petrus,
3677 1011 3746 1063 cui

513 1101 744 1157 Christus
788 1117 1089 1154 ascensurus
1131 1100 1201 1153 ad
1239 1099 1451 1153 Patrem
1491 1101 1780 1170 pascendos
1825 1101 2049 1154 oviculas
2101 1117 2222 1154 suas
2279 1116 2538 1171 agnosque
2573 1103 2897 1155 commendat
2939 1101 3038 1172 (a).
3096 1100 3326 1154 Rursum
3352 1099 3420 1154 de
3443 1098 3606 1153 Petro
3630 1115 3642 1149 :
3670 1095 3744 1159 Ei,

509 1192 699 1261 inquit,
716 1189 879 1262 [cxtv]
895 1199 1010 1259 post
1031 1189 1279 1242 navicula:
1302 1205 1475 1258 parva:
1499 1189 1775 1257 remigium
1800 1205 1985 1243 rorws
2001 1187 2271 1244 Ecccesu:
2287 1204 2659 1244 consumtus
2677 1190 2950 1244 traduntur
2973 1188 3066 1260 (b).
3080 1188 3207 1244 Inde
3224 1187 3444 1242 Paulum
3463 1202 3587 1241 cum
3608 1184 3668 1238 Pe
3677 1195 3749 1238 tro

506 1284 828 1342 conferens,
876 1281 1124 1349 quodque
1169 1295 1356 1333 eorum
1404 1280 1596 1348 cuique
1640 1280 1872 1349 speciale
1915 1295 1978 1333 ac
2011 1280 2284 1348 proprium
2336 1288 2419 1334 est
2446 1282 2591 1348 (pag.
2623 1277 2751 1348 217)
2781 1279 3088 1334 describens
3117 1278 3186 1348 (ε)
3220 1296 3233 1330 :
3265 1276 3421 1342 Quid,
3451 1276 3641 1344 inquit,
3669 1276 3750 1327 hoc

509 1371 742 1443 apostolo
771 1370 981 1442 (Paulo)
1012 1371 1424 1442 magniﬁcentius
1447 1411 1462 1435 ,
1514 1371 1596 1423 cui
1639 1370 1694 1424 in
1723 1371 1894 1424 medio
1933 1370 2226 1424 mortalium
2265 1371 2543 1424 constituto
2566 1409 2582 1433 ,
2613 1380 2662 1423 et
2695 1386 2855 1439 supra
2894 1370 3046 1423 castos
3087 1370 3166 1422 ire
3193 1368 3386 1433 datum,
3426 1377 3476 1421 et
3506 1369 3577 1421 ad
3604 1375 3753 1420 terras

508 1461 678 1515 redire
704 1475 996 1513 concessum
1020 1470 1114 1512 est.
1159 1455 1294 1521 Quid
1315 1459 1412 1512 hoc
1434 1458 1629 1513 beatius
1657 1460 1789 1526 uiro,
1819 1459 1906 1530 qui
1921 1459 2059 1512 inter
2077 1470 2271 1514 secreta
2298 1459 2532 1530 paradisi
2559 1460 2786 1514 ediscere
2803 1460 3004 1525 meruit,
3036 1459 3172 1530 quod
3199 1474 3292 1511 nec
3334 1459 3510 1529 lingua
3552 1456 3754 1510 hominis

509 1551 646 1623 loqui
669 1551 865 1619 possit,
898 1566 987 1602 nec
1014 1551 1278 1622 quisguam
1309 1559 1585 1604 mereretur
1626 1551 1877 1605 audire?.
1897 1592 1910 1604 .
1929 1591 1943 1604 .
1965 1590 1979 1603 .
2025 1549 2161 1615 Quid
2207 1554 2361 1607 etiam
2401 1553 2465 1605 de
2506 1551 2666 1607 Petro
2712 1554 2964 1622 referam,
3013 1552 3124 1604 cui.
3146 1590 3159 1603 .
3178 1590 3192 1602 .
3215 1589 3229 1603 .
3268 1559 3415 1604 tanta
3439 1557 3665 1620 potestas
3690 1557 3756 1601 est

511 1642 758 1695 attributa
779 1643 1072 1712 judicandi,
1093 1654 1150 1696 ut
1178 1644 1232 1696 in
1255 1642 1468 1698 arbitrio
1492 1646 1604 1715 ejus
1632 1654 1903 1714 poneretur
1932 1646 2130 1699 cmleste
2149 1645 2403 1714 judicium
2419 1645 2469 1697 Ρ.
2493 1684 2507 1697 .
2524 1683 2542 1698 .
2563 1684 2577 1699 .
2611 1643 2898 1714 Diligenter
2915 1642 3190 1708 intendite,
3222 1657 3335 1712 qua
3361 1641 3432 1693 sit
3451 1639 3566 1709 ejus
3589 1641 3753 1710 gloria!

509 1731 809 1800 magnitudo
831 1769 848 1795 ,
889 1732 970 1784 cui
1009 1732 1130 1784 dum
1171 1732 1337 1784 claves
1382 1735 1527 1802 regni
1568 1735 1953 1786 committuntur
1979 1735 2178 1798 reterni,
2205 1733 2386 1788 caelum
2411 1734 2488 1787 illi
2517 1730 2757 1787 clalsdere
2797 1744 2845 1785 et
2884 1733 3086 1802 aperire
3111 1730 3413 1802 permissum
3439 1739 3537 1783 est.
3571 1729 3672 1783 Sed
3701 1743 3758 1781 ne

510 1819 724 1885 longum
755 1815 944 1872 faciam
969 1857 984 1882 ,
1036 1821 1166 1873 satis
1212 1821 1315 1874 erit
1361 1821 1486 1874 illud
1511 1836 1930 1876 commemorare
1959 1824 2102 1892 quod
2130 1823 2269 1879 idem
2297 1824 2560 1878 Maximus
2582 1824 2741 1879 docet
2767 1824 2986 1878 homilia
3017 1822 3101 1887 72,
3134 1836 3257 1892 pag.
3287 1820 3392 1874 250
3420 1836 3537 1889 seq.
3565 1838 3580 1873 :
3613 1819 3757 1872 Petro

498 1911 639 1962 sicut
659 1909 788 1964 bono
817 1911 1157 1981 dispensatori
1186 1913 1376 1966 clavem
1405 1916 1548 1983 regni
1572 1916 1786 1970 caelestis
1805 1916 1946 1969 dedit
1972 1916 2048 1984 (tl)
2076 1933 2090 1970 :
2118 1915 2284 1969 Paulo
2314 1925 2554 1987 tanquam
2577 1915 2760 1969 idoneo
2792 1914 2989 1968 doctori
3029 1904 3378 1984 magisterium
3414 1911 3758 1965 ecclesiastica

508 2002 842 2056 institutionis
863 2003 1111 2072 injunxit,
1140 2003 1335 2057 scilicet
1359 2014 1415 2056 ut
1434 2020 1558 2075 quos
1583 2007 1682 2058 iste
1707 2006 1950 2059 erudierit
1979 2007 2048 2058 ad
2065 2006 2299 2068 salutem,
2331 2007 2419 2060 ille
2438 2007 2689 2075 suscipiat
2714 1999 2782 2058 ad
2801 2006 3052 2071 quietem;
3075 2013 3131 2056 ut
3151 2019 3364 2073 quorum
3395 2001 3554 2055 corda
3577 1999 3762 2054 Paulus

511 2093 750 2161 patefecit
768 2092 1004 2145 doctrina
1024 2091 1308 2156 verborum,
1337 2108 1511 2146 eorum
1535 2093 1805 2146 animabus
1831 2092 2018 2146 Petrus
2042 2095 2238 2162 aperiat
2261 2109 2418 2165 regna
2451 2092 2707 2145 caelorum.
2739 2090 2959 2146 Cursu
2989 2105 3112 2143 satu
3140 2102 3491 2152 quonsuuono
3519 2104 3552 2140 α
3571 2086 3762 2140 Christo

509 2180 735 2232 scientia:
760 2188 808 2232 et
836 2178 1034 2233 Paulus
1056 2181 1255 2249 accepit
1275 2220 1286 2232 .
1305 2218 1320 2232 .
1339 2218 1353 2232 .
1372 2217 1385 2231 .
1422 2179 1495 2250 (e)
1519 2178 1680 2233 Ambo
1720 2179 1884 2234 claves
1911 2198 1944 2233 a
1969 2181 2192 2235 Domino
2231 2187 2582 2251 perceperunt,
2613 2178 2843 2233 scientiae
2866 2179 2979 2244 iste,
3010 2177 3098 2231 ille
3127 2193 3403 2231 romana
3434 2178 3536 2247 (ης
3567 2177 3764 2230 divitias

508 2271 912 2325 immortalitatis
933 2272 1020 2326 ille
1062 2271 1349 2343 dispergit,
1395 2273 1626 2326 scientiae
1655 2273 1918 2327 thesauros
1956 2275 2052 2326 iste
2097 2274 2335 2344 largitur.
2394 2272 2594 2328 Confer
2619 2285 2737 2340 qua:
2765 2286 2926 2340 supra
2953 2271 3020 2325 de
3048 2269 3206 2324 Petro
3236 2270 3605 2340 apostolorum
3632 2283 3758 2339 prce

511 2364 672 2432 cipuo
694 2363 822 2427 dixi,
875 2371 1098 2418 auctore
1140 2379 1267 2417 usus
1308 2361 1558 2416 Maximo.
1601 2361 1676 2416 De
1705 2361 1885 2417 Leone
1907 2401 1923 2426 ,
1970 2364 2048 2417 sic
2095 2363 2312 2417 habeto.
2357 2361 2406 2416 ls
2433 2376 2683 2416 sermone
2715 2360 2774 2426 2,
2809 2376 2930 2431 pag.
2962 2361 3013 2414 6.
3042 2360 3239 2422 Manet,
3265 2361 3456 2428 inquit,
3495 2361 3758 2429 dispositio

512 2455 755 2519 raritatis,
786 2463 834 2506 et
862 2454 1037 2506 beatus
1066 2452 1252 2506 Petrus
1279 2455 1334 2507 in
1361 2462 1571 2522 accepta
1599 2453 1899 2523 fortitudine
1925 2463 2085 2523 petrtz
2104 2471 2449 2524 perseverans,
2479 2465 2713 2524 suscepta
2728 2452 2973 2508 Ecclesiae
2996 2452 3343 2524 gubernacula
3371 2468 3474 2505 non
3505 2453 3758 2522 relinquit.

513 2549 602 2603 Sic
628 2548 762 2600 enim
789 2560 902 2602 rtus:
930 2561 1169 2600 οιετειιε
1196 2554 1271 2598 est
1293 2545 1586 2608 ordinatus,
1613 2553 1666 2597 ut
1691 2546 1810 2599 dum
1831 2557 1976 2616 petra
2001 2548 2208 2610 dicitur,
2238 2548 2360 2600 dum
2388 2547 2776 2616 fundamentum
2803 2548 3180 2614 pronuntiatur,
3214 2545 3335 2599 dum
3363 2546 3510 2615 regni
3530 2545 3764 2600 caelorum

510 2637 706 2702 ianitor
731 2636 1075 2700 constituitur,
1098 2635 1422 2706 ligandorum
1447 2634 1902 2705 solrendorumque
1929 2634 2138 2700 arbiter,
2187 2652 2431 2689 ntansura
2449 2637 2608 2688 etiam
2635 2636 2689 2688 in
2716 2635 2856 2688 caelis
2877 2633 3193 2703 judiciorum
3223 2649 3430 2686 suorum
3469 2633 3764 2701 definitione

510 2728 812 2797 praeﬁcitur,
842 2725 1088 2796 ul'qttalis
1114 2725 1213 2793 ipsi
1242 2741 1356 2776 cum
1395 2723 1596 2778 Christo
1625 2733 1758 2778 esset
1793 2728 2035 2789 serietas,
2065 2743 2156 2796 per
2181 2726 2294 2796 ipsa
2328 2725 2728 2795 appellationum
2752 2725 2864 2794 ejus
2901 2726 3144 2795 mysteria
3173 2739 3517 2777 nosceremus.
3560 2721 3630 2776 Et
3656 2736 3762 2776 ser-

511 2833 673 2874 mone
711 2818 765 2885 5,
795 2833 915 2888 cap.
945 2816 999 2882 2,
1031 2830 1152 2887 pag.
1185 2815 1217 2869 8
1245 2830 1358 2884 seq.
1386 2833 1400 2870 :
1427 2815 1506 2869 De
1535 2825 1638 2870 toto
1665 2817 1855 2869 nntudo
1901 2833 2034 2869 unus
2080 2815 2263 2870 Petrus
2310 2816 2536 2887 eligitur,
2576 2817 2661 2886 qui
2702 2824 2752 2868 et
2796 2817 3142 2869 universarum
3166 2814 3391 2885 gentium
3410 2813 3689 2872 vocationi,
3718 2822 3762 2862 et

511 2925 735 2967 ouutaus
755 2923 1038 2964 srosrous
1065 2921 1444 2972 nuncnum,
1474 2915 1528 2960 ut
1547 2908 1775 2978 quamvis
1798 2908 1852 2959 in
1881 2906 2069 2976 populo
2097 2903 2194 2958 Dei
2215 2905 2360 2959 multi
2388 2905 2681 2958 sacerdotes
2708 2905 2814 2958 sint
2841 2905 3087 2972 multique
3112 2912 3363 2972 pastores,
3406 2916 3584 2956 ouans
3606 2912 3768 2955 tamen

512 3001 719 3071 proprie
747 3007 887 3069 regat
919 2999 1106 3051 Petrus
1128 3010 1148 3062 ,'
1188 3014 1312 3067 quos
1349 2997 1704 3068 principaliter
1727 2999 1859 3068 regit
1883 3006 1931 3051 et
1960 2995 2212 3051 Christus.
2259 2996 2508 3069 Magnum
2547 3003 2597 3050 et
2625 2994 2876 3063 mirabile,
2907 2995 3251 3058 dilectissimi,
3278 2994 3397 3046 huic
3433 2993 3542 3048 viro
3572 3008 3772 3047 consor-

514 3098 640 3149 tium
666 3096 908 3164 potentite
933 3109 1041 3146 sate
1065 3090 1238 3146 tribuit
1265 3093 1440 3146 divina
1487 3092 1751 3162 dignatio,
1779 3101 1828 3144 et
1867 3093 1912 3145 si
1949 3091 2072 3161 quid
2101 3108 2215 3145 cum
2245 3090 2395 3164 [ειν]
2423 3109 2482 3146 eo
2511 3107 2779 3147 commune
2807 3105 3048 3146 CETEIUS
3085 3088 3239 3144 uoluit
3279 3102 3404 3144 εδει
3432 3099 3768 3149 rnucmst's,

515 3198 797 3250 nunquam,
821 3183 921 3234 nisi
946 3199 1036 3252 per
1064 3181 1227 3250 ipsum
1265 3179 1405 3232 dedit
1431 3179 1674 3249 quidquid
1695 3180 1813 3233 aliis
1843 3196 1944 3232 non
1968 3182 2190 3249 negavit.
2210 3221 2223 3234 .
2243 3221 2256 3234 .
2275 3221 2288 3234 .
2338 3180 2560 3250 Propter
2581 3183 2676 3234 hoc
2714 3181 2903 3234 dicitur
2927 3179 3217 3234 beatissimo
3245 3177 3404 3233 Petro
3426 3193 3448 3233 :
3491 3178 3612 3231 Tibi
3643 3177 3771 3231 dabo

432 3297 435 3299 ·
513 3274 698 3336 claves,
724 3282 820 3325 etc.
877 3269 1130 3323 Transivit
1160 3269 1364 3340 quidem
1386 3270 1540 3330 etiam
1569 3270 1621 3321 in
1644 3268 1774 3321 alios
1805 3273 2064 3338 apostolos
2088 3269 2178 3338 jus
2202 3272 2469 3340 potestatis
2492 3272 2658 3333 istius,
2689 3279 2738 3323 et
2758 3270 2827 3323 ad
2847 3286 3021 3324 omnes
3043 3270 3290 3324 Ecclesia
3307 3270 3566 3340 principes
3587 3269 3771 3323 decreti

511 3361 666 3431 hujus
686 3358 977 3413 constitutio
1005 3359 1303 3412 commeauit
1323 3374 1341 3410 :
1370 3358 1460 3410 sed
1487 3374 1588 3411 non
1614 3360 1808 3429 {rustra
1835 3361 1924 3411 uni
1953 3361 2351 3425 commendatur,
2378 3362 2516 3429 quod
2556 3362 2791 3415 omnibus
2830 3363 3113 3415 intimetur.
3159 3359 3316 3414 Petro
3347 3361 3486 3413 enim
3523 3361 3646 3414 ideo
3683 3361 3770 3412 hoc

504 3449 847 3520 singulariter
880 3447 1124 3511 creditur,
1173 3447 1291 3516 quia
1329 3446 1528 3499 cunctis
1567 3445 1817 3500 Ecclesiae
1858 3446 2137 3501 rectoribus
2164 3448 2309 3504 Petri
2339 3452 2506 3520 [arma
2533 3465 2895 3505 nemnem-run.
2938 3449 3116 3504 Manet
3139 3466 3262 3521 ergo
3283 3449 3429 3502 Petri
3455 3450 3772 3521 priuilegium

514 3539 799 3609 ubicunque
826 3553 892 3590 ea:
919 3552 1080 3591 IPSIUS
1106 3539 1268 3608 fertur
1294 3537 1530 3606 cequitate
1550 3536 1820 3606 judicium.
1873 3535 1984 3590 Nec
2027 3540 2188 3593 nimia
2215 3551 2291 3593 est
2319 3541 2396 3593 rel
2423 3543 2691 3604 severitas,
2735 3541 2812 3594 vel
2840 3543 3100 3607 remissio,
3149 3539 3236 3595 ubi
3263 3540 3397 3594 nihil
3413 3543 3510 3595 erit
3537 3541 3768 3611 ligarunt,

516 3627 647 3682 nihil
674 3627 917 3689 solutum,
966 3627 1065 3680 nisi
1109 3626 1245 3695 quod
1289 3624 1467 3679 beatus
1513 3625 1697 3679 Petrus
1743 3637 1832 3680 aut
1872 3629 1951 3681 sol
1982 3631 2096 3694 erit,
2149 3640 2239 3683 aut
2285 3629 2540 3702 ligauen't.
2591 3629 2728 3684 Sunt
2767 3631 2857 3699 qui
2887 3630 3062 3701 (secus
3090 3637 3250 3697 atque
3277 3628 3541 3683 Maximus
3569 3639 3772 3683 veteres

517 3719 802 3791 plerosque
829 3727 1062 3779 secutus,
1095 3717 1314 3788 putarit)
1346 3719 1536 3772 eodem
1565 3733 1705 3773 anno
1735 3718 1942 3774 functos
1973 3718 2132 3773 luisse
2171 3719 2384 3775 Petrum
2415 3721 2742 3790 Paulumque
2770 3720 3026 3791 martyrio
3056 3721 3374 3776 inlicientur.
3415 3717 3621 3773 Verum
3651 3717 3773 3773 nihil

519 3824 638 3865 esse
663 3809 839 3872 video,
867 3825 963 3863 cur
991 3809 1054 3862 iis
1081 3807 1414 3876 adjungenda
1462 3809 1533 3862 sit
1575 3809 1886 3863 auctoritas.
1927 3808 2029 3862 Sed
2075 3811 2176 3864 bac
2214 3811 2280 3865 de
2308 3828 2367 3866 re
2394 3812 2597 3865 consuli
2625 3820 2879 3882 poterunt
2904 3810 3098 3878 Pagius
3125 3811 3191 3864 ad
3219 3826 3307 3864 an.
3338 3809 3427 3874 67,
3458 3827 3612 3864 num.
3646 3811 3699 3875 3,
3723 3817 3772 3863 et

521 3903 891 3959 Tillemontius
918 3900 1237 3954 llonument.
1263 3900 1443 3954 histor.
1477 3899 1677 3954 Eccles.
1719 3900 1821 3954 Vit.
1851 3903 2014 3955 swtcti
2047 3900 2222 3966 Petri,
2256 3912 2365 3957 not.
2396 3903 2485 3956 40.
2540 3903 2657 3959 Non
2695 3904 2835 3959 enim
2872 3910 2955 3958 est
2981 3917 3131 3971 opus,
3165 3910 3223 3956 ut
3249 3903 3430 3971 plures
3457 3917 3774 3956 memorem.

519 3994 599 4050 De
633 3993 730 4050 .die
775 4006 841 4048 ac
888 3991 1007 4046 loco
1049 3990 1290 4062 martyrii
1339 3989 1648 4045 eorundem
1698 3991 2090 4060 apostolorum.
2142 3991 2328 4047 confer
2362 4007 2481 4061 quae
2510 3991 2651 4046 idem
2677 3990 3051 4045 animadvertit
3082 3989 3450 4044 Tillemontius
3477 3989 3638 4055 ibid.,
3667 3996 3774 4042 not.

519 4084 593 4140 ιδ
619 4091 676 4140 et
701 4082 791 4138 44.

594 4177 746 4244 Quod
769 4175 1010 4245 adiungit
1035 4173 1296 4228 Maximus
1340 4173 1526 4229 bomii.
1579 4171 1665 4237 72,
1716 4187 1835 4242 pag.
1882 4173 2006 4236 252,
2049 4172 2320 4228 Simonem
2363 4172 2572 4241 Magum
2599 4171 2880 4243 praestigiis
2905 4171 2958 4226 in
2986 4185 3111 4225 aera
3139 4170 3428 4232 sublatum,
3458 4169 3610 4224 beati
3641 4167 3778 4221 Petri

525 4268 771 4337 precibus
797 4264 1062 4335 delectum
1089 4269 1376 4331 actumque
1423 4261 1750 4331 prmcipitem
1793 4260 1985 4327 fuisse,
2027 4263 2098 4317 ob
2139 4276 2368 4332 eamque
2407 4277 2521 4316 rem
2560 4262 2795 4317 smriisse
2836 4259 2892 4314 in
2933 4266 3150 4315 sanctos
3186 4256 3464 4327 apestolos
3489 4255 3779 4318 Neronem,

528 4357 778 4412 traditum
807 4357 875 4411 ab
915 4356 1033 4411 aliis
1069 4356 1232 4410 etiam
1270 4355 1541 4412 veteribus
1577 4354 1850 4409 memoria:
1884 4363 1992 4420 est,
2035 4371 2261 4426 quorum
2303 4355 2674 4410 Tillemontius
2707 4354 2762 4408 in
2812 4351 2932 4406 Vita
2963 4352 3131 4406 sancti
3158 4349 3302 4404 Petri
3330 4347 3562 4403 articulo
3589 4355 3782 4418 quarto

528 4458 689 4518 atque
717 4447 986 4503 tricesimo
1015 4447 1278 4502 meminit.
3247 4491 3254 4502 .

598 4539 878 4595 PoStremo
905 4539 974 4594 de
1001 4540 1142 4593 lacte
1177 4546 1231 4593 et
1268 4538 1528 4606 sanguine
1565 4554 1597 4592 e
1637 4553 1809 4592 reciso
1847 4535 2018 4592 sancti
2047 4536 2195 4594 Pauli
2223 4540 2399 4608 capite
2426 4533 2782 4597 manantibus,
2812 4533 2956 4602 quod
2982 4533 3237 4601 scriptum
3265 4546 3298 4584 a
3323 4529 3559 4584 Ilaximo
3587 4538 3694 4589 est.
3723 4526 3784 4581 ab
3861 4557 3863 4601 λ

527 4629 903 4683 historicorum
932 4634 1201 4690 veterum,
1239 4627 1432 4696 quibus
1468 4624 1597 4679 ﬁdes
1625 4634 1680 4680 et
1705 4626 1999 4680 auctoritas
2025 4625 2239 4695 adiungi
2267 4626 2468 4690 soleat,
2499 4625 2712 4679 nemine
2740 4621 2902 4677 fuisse
2922 4622 3076 4676 video
3104 4619 3297 4675 litteris
3325 4619 3783 4675 commendatum.

531 4722 819 4778 Adeundus
843 4720 1213 4776 Tillemontius
1241 4719 1308 4774 ad
1342 4719 1512 4773 Vitam
1539 4720 1705 4772 sancti
1735 4718 1891 4772 Pauli
1919 4727 2031 4772 not.
2064 4718 2149 4773 80.

603 4812 810 4868 XXXII.
852 4813 908 4866 In
935 4812 1062 4867 sede
1086 4811 1452 4880 gloriosissimi
1492 4810 1633 4865 Petri
1674 4826 1892 4865 munere
1928 4812 2148 4866 Diaconi
2180 4813 2340 4865 fuisse
2379 4819 2621 4865 sanctum
2663 4807 3006 4862 Laurentium
3034 4803 3390 4876 perfunctum,
3423 4811 3660 4858 testatur
3686 4805 3785 4859 lla-

534 4908 707 4962 xitnus
731 4903 917 4960 ιιοιηὶι.
952 4901 1037 4968 74,
1067 4915 1190 4972 pag.
1218 4899 1342 4955 25³1.
1401 4900 1532 4954 Nam
1572 4900 1716 4968 quod
1757 4901 1809 4954 in
1851 4900 2164 4969 quibusdam
2209 4900 2480 4956 codicibus
2508 4915 2605 4969 pro
2635 4897 2822 4952 Pam.
2855 4912 3200 4951 PATRIABCILE
3226 4893 3438 4963 legitur,
3471 4895 3787 4949 mendosum

607 5105 629 5376 ἓ

632 5103 687 5167 a)
724 5099 919 5154 Homil.
955 5096 1042 5159 68,
1074 5110 1195 5165 pag.
1216 5095 1328 5167 9311
1351 5109 1464 5163 seq.
2214 5109 2352 5156 mus,
2383 5093 2600 5167 cumde
2627 5093 2761 5147 clavi
2793 5105 2991 5160 agens:
3023 5089 3193 5167 Clapis
3221 5087 3446 5167 dicenda
3466 5097 3565 5153 est,
3601 5089 3791 5157 inquit,

632 5157 685 5235 bi
725 5157 1041 5235 Ηοωὶιηῖοέ
1075 5157 1192 5235 pag.
1227 5162 1352 5218 225.
1428 5157 1443 5163 ⁷
2217 5181 2313 5235 qua
2335 5203 2367 5235 ,_
2397 5163 2466 5215 ad
2492 5163 2648 5233 fidem
2670 5202 2685 5226 ,
2734 5157 3058 5235 peccatorum
3097 5159 3228 5212 dura
3265 5157 3441 5235 corda
3474 5167 3791 5235 reserantur,

635 5224 683 5308 ἐξ
721 5235 852 5308 Pag.
884 5224 1039 5308 2291'
1075 5224 1092 5235 ’
1144 5224 1172 5233 ν
1257 5300 1356 5308 ____
1433 5301 1468 5308 _
1695 5303 1742 5308 __
1991 5302 2004 5308 _
2099 5303 2110 5308 _
2216 5224 2458 5308 mentium
2492 5224 2691 5285 secreta
2727 5224 3042 5308 panduntur,
3104 5237 3154 5308 et
3191 5224 3441 5308 quidquid
3480 5227 3793 5308 intrinsecus

674 5295 692 5377 )
947 5303 1035 5368 66,
1070 5315 1202 5382 pag.
1429 5301 1598 5382 Petro“
1620 5303 1834 5382 quidem.
1862 5302 2111 5382 regniusni
2217 5301 2450 5382 clau‘sum
2470 5295 2796 5382 tenelt‘ur,.'in
2820 5299 2999 5382 palam
3019 5295 3339 5382 rationabili

540 5367 739 5440 elusis,
769 5374 942 5429 Paulo
976 5367 1112 5427 uerbi
1153 5367 1457 5441 iapientiam
1485 5367 1644 5425 dedit:
1686 5370 1797 5425 Nec
1816 5367 2113 5441 inciedibile
2214 5369 2530 5439 producitur.
2573 5368 2772 5431 Clanis,
2814 5367 3048 5441 inquam,
3088 5368 3202 5438 qua
3233 5375 3283 5420 et
3314 5367 3707 5418 conscrénruu
3735 5379 3794 5418 ss

543 5449 658 5509 hoc,
687 5438 940 5514 quoniam
983 5442 1097 5514 qui_
1119 5438 1310 5510 aquam
1352 5440 1607 5514 produxit
1636 5456 1668 5494 e
1703 5448 1877 5514 petra,
1908 5438 2112 5514 Eccpn-
2216 5438 2599 5493 CONI'ESSIONEI
2638 5453 2859 5492 PECCA'I'I
2898 5439 3093 5506 aperit,
3121 5445 3170 5488 et
3201 5449 3432 5489 GMTIAI
3459 5449 3528 5486 an
3559 5449 3793 5488 ετειικι·

543 5507 664 5573 smt
692 5507 952 5572 ἑυιωλνιτ
982 5507 1035 5566 ut
1064 5507 1307 5564 Ρετίιο..
1332 5507 1377 5564 ,ζ
1431 5507 1900 5580 Doctrimz'gratia
1931 5509 2109 5580 caelum
2219 5520 3268 5580 rsrnuyrsrenusitu-rimslucnpmr.
3343 5573 3354 5580 _
3493 5568 3532 5580 _
3619 5570 3652 5580 h
3694 5569 3756 5580 Δ.
3789 5567 3797 5575 .

547 5568 750 5658 item
765 5582 1068 5658 ingreditur,
1099 5580 1444 5649 simplicitatis
1482 5580 1665 5634 merito
1697 5568 1962 5649 aperiendi
2001 5579 2112 5633 caeli
2288 5577 2378 5658 (ι’
2403 5575 2598 5658 llam“.
2625 5575 2724 5640 70,
2753 5588 2875 5658 pag.
3089 5568 3797 5658 ﬁdei

549 5636 1292 5721 Petruswac'éipitpotestatem.
1417 5720 1422 5721 γ
1797 5718 1830 5721 η
1953 5716 1997 5721 __
2074 5719 2083 5721 _
2217 5636 2584 5715 plenitudinem
2617 5636 2887 5708 esse,'ai't,
2931 5653 2980 5698 et
3017 5636 3369 5697 credulitatem
3401 5636 3547 5693 Petri
3567 5653 3795 5694 esseno-

616 5720 692 5791 (e)
723 5716 1124 5777 Sacrameutum
1151 5719 1474 5790 poenitentia:
1500 5718 1692 5773 ibidem
1725 5718 1920 5773 indicat
1952 5716 2113 5771 Maxi-
2221 5732 2425 5770 (:18!er;
2458 5729 2867 5770 ruunsusnwu.
