3898 6226
175 366 253 421 us
1410 400 1415 405 .
1593 359 1987 437 Ρκᾼέριλτιοι
3320 351 3439 412 tu

168 486 249 539 est,
278 484 435 531 utres
467 483 585 547 ipsa
612 477 841 533 clamat.
894 475 1071 543 Quid?
1114 474 1159 527 si
1200 474 1422 533 humilia
1470 472 1553 535 73,
1603 487 1724 543 pag.
1772 472 1898 533 239,
1947 471 2126 525 dicat:
2171 470 2298 523 Cum
2346 468 2651 523 venerabilis
2702 468 2883 524 Sixtus
2916 484 3253 543 uos-roum:
3276 452 3423 525 sums

166 579 453 619 SACEIDOTIO
476 565 879 620 ruunsusrun?
922 562 1000 618 Ac
1037 563 1246 617 Sixtum
1283 562 1528 615 eumdem
1568 562 1727 630 paulo
1764 571 1914 630 post,
1966 560 2300 615 sacerdotem
2333 559 2542 614 Domini
2578 574 2843 613 summum
2876 560 3143 630 appellat:
3176 559 3418 631 Xystum,

168 652 331 722 inquit,
362 663 479 707 ante
507 670 691 708 omnes
726 668 984 707 summum
1018 651 1229 705 Domini
1258 650 1573 703 sacerdotem
1612 653 1759 721 furor
1793 650 1999 722 gentilis
2030 649 2349 721 aggreditur,
2392 657 2447 701 ut
2482 649 2829 703 ecclesiastica
2857 648 3088 703 membra
3119 658 3224 702 tam
3253 649 3424 702 ualido

168 754 375 799 truncato
401 745 590 814 capite,
622 746 784 799 veluti
813 743 1094 797 munimine
1125 740 1353 811 μναιεὶάὶἱ
1386 742 1602 794 caelestis
1638 750 1829 807 amoto,
1877 750 2117 794 cruentus
2156 748 2450 811 persecutor
2483 739 2765 793 invaderet.
2800 737 3077 793 Summum
3106 750 3286 793 autem
3315 738 3424 791 Du-

169 837 279 889 mini
322 837 657 890 sacerdotem
710 840 1045 908 ἀντονομασίᾳ
1092 847 1215 886 eum
1266 831 1475 893 dicere,
1525 831 1615 899 qui
1646 829 1791 884 Petri
1836 831 2021 884 sedem
2068 829 2366 884 Romanam
2410 830 2761 898 apostolicam
2802 830 3427 898 teneat,quiquecaput

169 928 631 983 ecclesiasticorum
679 928 1046 981 membrorum
1096 925 1345 981 universe
1392 923 1492 987 sit;
1524 922 1653 992 quid
1682 928 1766 975 est
1788 961 1802 985 ,
1830 920 1937 976 nisi
1959 921 2269 990 episcopum
2299 919 2601 973 Romanum
2627 926 2791 988 caput
2819 920 2970 973 fateri
3001 917 3239 972 omnium
3266 917 3424 971 Chri-

171 1016 458 1081 stianorum,
489 1015 585 1083 qui
615 1031 745 1069 cum
774 1014 839 1067 ad
869 1014 1074 1068 clavum
1106 1000 1258 1066 navis
1286 1026 1381 1065 seu
1412 1012 1463 1066 in
1493 1010 1635 1065 Petri
1671 1010 1922 1065 cathedra
1950 1010 2159 1068 sedeat.
2194 1017 2303 1063 tum
2334 1010 2512 1063 navim
2542 1008 2714 1074 Petri,
2748 1009 2851 1064 hoc
2880 1016 2961 1063 est
2989 1008 3078 1077 (υτ
3096 1010 3258 1063 statui
3278 1008 3424 1062 sidi-

168 1120 267 1160 mus
291 1121 319 1160 a
346 1105 601 1176 Maximo)
634 1104 935 1161 Ecclesiam
962 1104 1282 1159 catholicam
1310 1103 1653 1158 moderetur?
1683 1102 1850 1166 Quam
1878 1104 2112 1171 quidem,
2145 1106 2334 1168 navim,
2360 1112 2423 1157 ut
2444 1102 2584 1157 idem
2613 1110 2695 1157 est
2722 1109 2909 1157 auctor
2936 1099 3219 1164 Masimus,
3248 1100 3429 1155 Eccle-

168 1197 245 1247 sia
268 1194 420 1247 solam
447 1194 693 1249 ascendit
722 1194 998 1259 Dominus,
1032 1192 1195 1265 [cxvt]
1224 1194 1277 1245 in
1308 1210 1407 1263 qua
1435 1192 1623 1246 Petrus
1643 1194 1888 1262 magister
1908 1203 1985 1246 est
2008 1194 2336 1253 constitutus,
2370 1190 2567 1245 dicente
2589 1190 2812 1247 Domino
2836 1208 2853 1244 :
2880 1186 3047 1258 Super
3066 1192 3200 1243 hanc
3230 1199 3430 1261 petram

170 1284 409 1353 aedificabo
428 1283 726 1339 Ecclssiam
754 1302 937 1339 meam.
988 1282 1117 1347 Qua:
1136 1285 1281 1338 nanis
1303 1286 1357 1337 in
1384 1283 1546 1337 altam
1573 1284 1725 1354 hujus
1744 1286 1919 1339 διεσαιὶ
1941 1286 2013 1337 ita
2034 1292 2211 1348 natat,
2239 1294 2323 1348 ut,
2354 1293 2594 1354 pereunte
2616 1282 2829 1347 mundo,
2855 1298 3029 1336 omnes
3059 1298 3185 1351 quos
3212 1281 3437 1354 suscipit

170 1387 305 1429 servet
328 1377 534 1431 illaesos.
586 1375 657 1430 In
687 1394 792 1446 qua
818 1378 936 1430 navi
964 1376 1312 1447 tranquillitas
1351 1384 1449 1439 est,
1490 1374 1577 1428 ubi
1621 1377 1763 1429 solus
1800 1375 1990 1429 Petrus
2026 1377 2234 1446 navigat
2265 1376 2362 1445 (a),
2402 1384 2507 1429 etc.
2561 1373 2656 1429 Cui
2686 1384 2821 1429 certe
2849 1373 3004 1427 Petro
3028 1372 3219 1426 tradita
3248 1383 3367 1427 sunt
3394 1390 3427 1425 a

171 1460 344 1518 Christo
388 1467 537 1519 totius
587 1463 846 1520 Ecclesia:
885 1465 1230 1536 gubernacula
1270 1464 1366 1535 (ὁ),
1412 1471 1518 1518 etc.
1562 1464 1736 1534 Atque
1795 1464 1849 1518 id
1890 1464 2205 1532 dignitatis,
2235 1464 2679 1531 auctoritatisque
2726 1462 2779 1517 in
2810 1460 3062 1533 pontiﬁce
3102 1460 3345 1516 Romano
3370 1472 3426 1517 et

172 1570 387 1622 agnosse.
417 1566 471 1611 et
497 1555 815 1611 confessum
842 1557 1006 1611 fuisse
1028 1555 1317 1611 Maximum
1338 1594 1353 1619 ,
1386 1570 1452 1621 ex
1482 1556 1617 1610 actis
1645 1556 1859 1610 concilii
1890 1555 2120 1609 Romani
2149 1556 2251 1609 sub
2280 1552 2464 1609 ﬂilaro
2494 1568 2630 1623 papa
2656 1567 2799 1606 anno
2825 1550 2929 1604 465
2952 1552 3208 1606 celebrati
3240 1553 3427 1619 liquet.

173 1644 283 1698 Nam
312 1662 425 1700 cum
454 1647 609 1703 lecta:
639 1646 869 1702 fuissent
893 1648 1109 1712 litterae,
1136 1648 1350 1701 Ascanii
1378 1648 1616 1717 episc0pi
1647 1645 2083 1709 Tarraconensis,
2118 1644 2554 1712 reliquorumque
2582 1642 2877 1695 antistitum
2908 1634 3021 1708 ejus
3051 1641 3335 1709 provincia:
3363 1641 3431 1696 ad

172 1732 380 1789 Hilarum
417 1738 591 1806 ipsum
622 1732 938 1806 pontiﬁcem
968 1736 1019 1788 in
1049 1736 1190 1790 hanc
1215 1736 1539 1789 sententiam
1568 1736 1816 1803 scriptae:
1864 1733 2084 1787 Etiamsi
2123 1731 2266 1785 nulla
2306 1740 2533 1785 exstaret
2571 1729 2849 1784 necessitas
2878 1730 3241 1783 ecclesiastica
3278 1730 3431 1783 disci-

171 1818 324 1898 plina,
352 1828 694 1893 expetendum
718 1844 897 1881 revera
917 1826 1061 1881 nobis
1087 1830 1256 1899 fuerat
1276 1827 1408 1881 illud
1429 1828 1752 1895 privilegium
1780 1825 1917 1878 sedis
1937 1834 2148 1888 vestrm,
2177 1839 2274 1893 quo
2297 1822 2543 1892 susceptis
2572 1822 2719 1892 regni
2748 1820 3004 1885 clavibus,
3043 1830 3160 1891 post
3198 1838 3429 1875 resurre~

171 1920 366 1974 ctiounn
385 1919 700 1984 Saluatoris,
734 1938 827 1991 per
855 1928 1015 1974 totum
1035 1917 1208 1979 orbem
1238 1918 1521 1973 beatissimi
1553 1918 1700 1971 Petri
1727 1916 2013 1987 singularis
2041 1914 2345 1984 praedicatio
2365 1915 2721 1967 uniuersorum
2744 1912 3113 1967 illumin’ationi
3135 1914 3428 1984 prospexit;

172 2007 299 2077 cujus
326 2010 495 2062 sicarii
544 2024 896 2065 rntncreuus
945 2023 1092 2063 SICUT
1146 2023 1371 2072 curaer,
1422 2022 1512 2060 ιτΑ
1548 2020 1866 2059 unusunus
1893 2019 1991 2057 ssr
2022 2019 2091 2056 an
2114 2016 2356 2065 oualnus,
2390 2018 2457 2055 nr
2488 2016 2759 2067 AIANDUS;
2790 2001 3007 2071 proinde
3045 2018 3139 2055 nos
3173 2000 3331 2054 Deum
3375 2002 3431 2055 in

173 2098 293 2151 rotis
324 2102 516 2168 penitus
558 2101 880 2164 adorantes,
912 2100 992 2153 cui
1035 2100 1147 2154 sine
1186 2099 1391 2169 querela
1429 2098 1657 2161 servitis,
1689 2114 1754 2150 an
1784 2112 1943 2150 rtnuu
1972 2109 2305 2149 necunmuus
2341 2107 2663 2148 aros'rouco
2709 2108 2811 2147 one
2842 2108 3145 2151 LAUDATAII.
3179 2106 3299 2143 Iunt:
3330 2106 3431 2143 [tl-2-

174 2200 340 2243 SI'ONSA
362 2202 720 2255 QUJRENTES,
757 2207 893 2245 UNDE
923 2206 1061 2244 NIHIL
1094 2205 1333 2249 EBBORE,
1366 2204 1509 2242 NIHIL
1537 2201 1970 2249 PB£SUIPTIONE,
2004 2199 2101 2238 εει)
2132 2196 2459 2237 PONTIFICALI
2491 2198 2708 2235 TANTUI
2739 2195 3160 2235 DELIBERATIONE
3192 2194 3431 2233 PIUECIN‘

176 2294 283 2333 rus.
320 2280 440 2336 Cum
467 2283 579 2337 hac
598 2284 677 2336 ita
706 2300 764 2336 se
783 2281 1021 2345 habeant,
1053 2292 1130 2335 est
1156 2291 1323 2334 tamen
1352 2281 1487 2333 inter
1510 2295 1601 2332 nos
1625 2277 1789 2348 falsus
1812 2279 1993 2348 frater,
2035 2269 2179 2346 cujus
2205 2273 2686 2343 praesumptionem,
2731 2273 2861 2324 sicut
2898 2271 3088 2324 diutius
3122 2278 3288 2322 tacere
3322 2284 3430 2321 non

174 2367 315 2434 licuit,
343 2374 411 2426 ita
433 2384 481 2427 et
505 2375 649 2443 loqui
677 2369 855 2443 futuri
863 2374 1053 2444 judicii
1074 2374 1352 2426 necessitas
1382 2372 1678 2441 imperavit.
1702 2409 1714 2420 .
1738 2408 1750 2422 .
1770 2410 1785 2423 .
1827 2368 2057 2422 Proinde
2084 2368 2203 2439 quia
2231 2368 2310 2421 his
2339 2362 2822 2437 prwsumptionibus
2842 2405 2856 2428 ,
2879 2380 2991 2435 qua:
3018 2364 3268 2417 unitatem
3293 2362 3425 2415 divi-

173 2457 306 2513 dunt.
323 2503 335 2516 .
354 2502 395 2515 ..
423 2464 667 2519 uelociter
691 2462 837 2517 debet
856 2464 1075 2533 occurri,
1100 2479 1388 2534 quaesumus
1410 2477 1583 2516 seni-zu
1610 2477 1855 2515 νεδτιωι
1875 2498 1889 2522 ,
1921 2469 1978 2513 ut
2013 2476 2134 2523 cum
2172 2477 2237 2514 ne
2270 2475 2368 2514 ιιΑο
2411 2474 2581 2513 PARTE
2607 2472 2912 2512 onsznvsnu
2940 2474 3167 2523 νειιτιε,
3194 2472 3427 2513 nosm-

175 2563 288 2603 LICIS
313 2569 592 2609 ληλτωυς
621 2570 980 2616 ικετιιυλιυιι,
1014 2562 1293 2624 quatenus.
1317 2592 1331 2605 .
1349 2592 1362 2604 .
1383 2593 1395 2607 .
1448 2568 1647 2606 VESTRA
1688 2567 2059 2606 AUCTOBITATE
2102 2566 2309 2605 SUBNIXI
2328 2592 2341 2615 ,
2382 2566 2519 2614 QUOD
2546 2542 2830 2605 VOPOBTEAT
2870 2566 3009 2606 “ER!
3055 2565 3428 2616 INTELLIGEBE,

176 2635 271 2694 Deo
290 2656 605 2706 animum,
644 2660 907 2699 Pessinus.
949 2642 1070 2698 Erit
1110 2647 1342 2715 profecto
1381 2653 1545 2697 uester
1593 2642 1914 2712 triumphus,
1957 2644 2002 2696 si
2054 2657 2427 2697 arosrocsrus
2467 2658 2652 2696 vssrnl
2696 2656 3051 2707 rsummnus,
3082 2659 3218 2707 quon
3244 2658 3429 2719 ssacrft

175 2721 321 2781 Ριτιι
366 2747 651 2786 ειτηυιιλ
703 2747 955 2795 οιπικετ,
1006 2746 1303 2787 οΑτιιοιιοΑ
1352 2746 1546 2785 ΑυυιΑτ
1594 2730 1883 2795 Εεειεςιλ,
1933 2732 1979 2785 εἰ
2007 2746 2245 2785 Νονειωι
2276 2749 2593 2787 Ζιῑλκιοκυκ
2624 2748 2811 2787 δεηιΝΑ
2844 2750 3069 2791 FUEBINT
3103 2752 3425 2790 EXTIRPATA.

172 2811 289 2869 Cum
314 2816 411 2880 lue,
441 2821 685 2890 inquam,
711 2820 907 2875 littera:
930 2820 1070 2891 (quae
1096 2828 1351 2889 quantum
1367 2820 1604 2889 pontiﬁci
1630 2819 1873 2874 Romano
1902 2820 2177 2887 dignitatis
2206 2822 2648 2889 auctoritatisque
2680 2822 2824 2887 insit,
2855 2823 3247 2893 demonstrant)
3279 2824 3430 2879 lecta:

176 2903 375 2961 fuissent
403 2908 509 2979 (c);
540 2924 780 2979 cumque
808 2908 1047 2980 episcopi
1077 2910 1169 2979 qui
1197 2911 1420 2965 aderant
1450 2925 1639 2965 omnes
1668 2910 1733 2963 ad
1763 2927 1925 2965 unum
1966 2912 2289 2966 clamassent
2326 2930 2337 2964 :
2370 2928 2654 2968 onnmsno
2684 2910 3005 2969 suos'roucs
3037 2932 3277 2970 turnus
3308 2902 3457 2971 sea-7

174 3006 359 3066 "tua;
384 3007 493 3071 tum
524 2996 795 3057 Maximus
824 3001 1107 3071 episcopus
1136 2999 1388 3057 Ecclesia:
1417 2999 1719 3055 Taurinatis
1745 3000 1875 3054 dixit
1906 3020 1917 3053 :
1946 2999 2013 3053 In
2033 3001 2379 3055 custodiendis
2401 3001 2634 3057 omnibus
2658 3018 2772 3073 qua
2791 3002 2860 3055 ad
2879 3019 3056 3056 sacras
3083 3000 3458 3058 ordinationes

173 3089 401 3154 pertinent
420 3091 737 3162 disciplinis,
761 3091 940 3145 melius
970 3100 1234 3145 sententia
1256 3108 1385 3145 mete
1399 3092 1719 3161 professione
1758 3090 2021 3165 dmuntio,
2072 3092 2202 3144 nihil
2232 3109 2264 3144 α
2304 3108 2383 3145 me
2411 3109 2635 3163 unquam
2661 3110 2836 3148 eorum
2875 3110 2990 3165 qua:
3020 3093 3276 3165 prohibita
3312 3097 3435 3151 sunt

173 3189 275 3227 esse
292 3178 596 3246 faciendum.
640 3177 719 3233 De
744 3179 953 3250 reliquis
978 3195 1180 3244 censeo,
1202 3186 1259 3231 ut
1285 3180 1516 3248 quisquis
1540 3178 1667 3231 talia
1690 3180 1886 3249 fecerit,
1914 3190 2002 3232 aut
2036 3180 2233 3233 detecta
2266 3181 2320 3234 in
2348 3178 2596 3236 Ecclesiis
2619 3198 2853 3236 resecare
2879 3181 3120 3249 noluerit,
3143 3200 3436 3243 manuus

171 3282 344 3325 causas
370 3286 419 3323 ut
447 3286 793 3325 tros-roum:
822 3285 970 3326 δευιε
997 3285 1197 3325 suntcro
1228 3285 1599 3333 nenenuuuu,
1631 3286 1681 3323 IN
1716 3285 1819 3332 ouo
1848 3286 1952 3323 lLLl
1995 3286 2221 3325 necesse
2255 3288 2379 3325 mur
2408 3287 2593 3326 sumne
2624 3283 2980 3329 SENTENTIAI.
3020 3271 3434 3346 Cumqueidem

173 3360 387 3430 episcopi
416 3360 842 3424 Ebredunensis,
873 3362 1291 3430 Aquavivensis,
1321 3360 1627 3427 Atellanus,
1659 3360 1906 3430 Salpinas
1948 3362 2392 3430 conﬁrmassent;
2426 3364 2657 3434 indeque
2687 3368 2911 3421 antistes
2938 3368 3251 3427 Sabinensis
3274 3372 3433 3430 Tibe-

172 3450 267 3504 rius
288 3454 600 3522 smnp-isset
631 3472 645 3506 :
682 3451 943 3523 Proﬁteor
986 3469 1067 3505 me
1104 3459 1301 3505 statuta
1343 3451 1480 3505 sedis
1532 3453 1830 3521 apostolica:
1868 3454 1922 3505 in
1968 3452 2201 3507 omnibus
2252 3454 2539 3519 custodire;
2586 3462 2697 3509 tum
2729 3457 2796 3510 ab
2818 3473 3097 3515 usrvsnsts
3145 3478 3430 3531 EPISCOPIS,

174 3539 390 3610 adeoque
417 3542 609 3615 [cxvnl
642 3560 672 3596 a
705 3544 938 3597 Maximo
965 3544 1128 3597 etiam
1158 3541 1359 3597 dictum
1390 3553 1471 3597 est
1499 3562 1511 3595 :
1546 3542 1838 3597 Sententias
1864 3546 2083 3614 fratrum
2112 3561 2285 3597 omnes
2306 3547 2581 3617 sequimur.
2605 3586 2616 3599 .
2636 3586 2649 3598 .
2670 3588 2683 3600 .
2716 3546 2950 3613 Exaudi,
2978 3550 3198 3607 Christe.
3242 3553 3434 3612 Hilam

174 3631 290 3685 sita.
308 3673 321 3686 .
339 3674 354 3686 .
376 3674 391 3687 .
432 3632 563 3698 ρυω
591 3636 730 3688 male
751 3634 979 3688 admissa
1004 3642 1142 3698 sunt,
1170 3651 1261 3703 per
1291 3643 1339 3687 te
1366 3634 1708 3704 corrigantur.
1742 3632 1879 3699 Quin
1911 3636 2069 3687 etiam
2102 3649 2220 3688 cum
2246 3634 2411 3687 altera
2434 3634 2660 3703 epistola
2683 3636 2996 3691 eorumdem
3017 3632 3435 3699 Tarraconensis

174 3724 437 3788 provincia:
466 3728 852 3797 episcoporum
882 3726 1103 3780 recitata
1134 3724 1348 3789 fuisset,
1387 3740 1492 3794 qua
1525 3726 1807 3793 petebatur
1843 3742 1872 3777 a
1913 3724 2248 3789 beatissimo,
2290 3733 2345 3779 et
2382 3726 2673 3795 apostolica
2706 3728 3006 3782 reverentia
3040 3730 3091 3783 in
3120 3728 3334 3787 Christo
3363 3738 3433 3789 ah

173 3812 284 3880 ipsis
308 3815 573 3886 episcopis
603 3815 832 3871 colendo
868 3812 1031 3889 Patre
1064 3812 1269 3876 Hilaro,
1321 3821 1381 3866 ut
1423 3822 1681 3866 statutum
1712 3815 1899 3884 synodi
1932 3814 2349 3868 Tarraconensis
2379 3830 2473 3869 sua
2502 3816 2825 3870 auctoritate
2856 3817 2933 3887 (ά)
2961 3820 3219 3876 rohorare
3246 3822 3434 3891 digna-

175 3914 329 3968 retur,
361 3908 426 3961 ab
456 3909 725 3963 universis
749 3908 1032 3977 episcopis,
1067 3905 1397 3976 proindeque
1426 3905 1587 3959 etiam
1617 3920 1647 3957 a
1678 3904 1907 3957 Maximo
1933 3905 2282 3959 acclamatum
2306 3913 2386 3959 cst
2413 3923 2424 3957 :
2459 3904 2688 3972 Exaudi,
2722 3906 2938 3963 Christe.
2983 3910 3172 3967 llilaro
3194 3916 3325 3969 vita.
3346 3955 3357 3968 .
3378 3957 3392 3969 .
3415 3958 3429 3972 .

172 4008 252 4059 per
273 3992 543 4049 Dominum
590 3994 806 4049 Petrum
846 4012 1121 4066 rogamus,
1164 4002 1220 4046 ut
1253 3996 1308 4046 in
1342 4004 1641 4063 perpetuum
1680 4006 1960 4047 serventur.
1984 4034 1996 4046 .
2022 4034 2035 4047 .
2056 4033 2070 4047 .
2104 3994 2234 4049 Haec
2255 4003 2589 4049 utsercentur
2608 4014 2868 4069 rogamus.
2912 3998 3192 4059 Postremo
3223 4020 3343 4059 cum
3376 4008 3430 4063 in

172 4087 354 4152 synodo
379 4085 594 4142 Hilarus
623 4086 864 4157 pontifex
893 4087 1116 4141 dixisset
1145 4085 1274 4140 nulli
1304 4085 1384 4139 fas
1406 4100 1524 4139 esse
1555 4086 1669 4139 sine
1699 4093 1869 4138 status
1898 4086 1979 4140 sui
2012 4084 2249 4153 periculo
2280 4086 2363 4140 vel
2390 4085 2595 4140 divinas
2624 4089 3055 4156 constitutiones,
3099 4092 3183 4147 vel
3206 4092 3434 4163 aposto-

173 4169 271 4229 licc
295 4177 429 4231 sedis
464 4179 688 4233 decreta
730 4185 1026 4241 temerare;
1056 4177 1183 4246 quia
1212 4192 1343 4241 nos,
1386 4191 1473 4237 om
1505 4191 1758 4238 rortssuu
1788 4180 2107 4230 SACERDOTIS
2145 4174 2576 4231 administramus
2606 4178 2803 4241 oﬂlcia,
2836 4181 3023 4235 talium
3050 4187 3449 4251 transgressior

173 4276 281 4319 num
307 4270 459 4339 culpa
489 4270 779 4340 respiciet,
819 4268 866 4322 si
895 4269 947 4321 in
977 4269 1154 4323 causis
1197 4266 1293 4322 Dei
1331 4267 1544 4322 desides
1573 4268 1826 4323 fuerimus
1870 4270 2069 4322 inventi
2088 4296 2166 4331 ,-..
2191 4309 2235 4321 ..
2270 4268 2338 4322 ab
2361 4269 2625 4323 universis
2653 4271 2920 4342 episcopis
2940 4314 2955 4338 ,
2989 4289 3054 4330 ac
3082 4285 3367 4346 propterea
3400 4295 3429 4333 a

172 4352 381 4413 Maximo
409 4375 661 4429 quoque,
696 4359 1047 4415 acclamatum
1096 4366 1204 4413 est.
1231 4398 1243 4411 .
1264 4397 1277 4411 .
1299 4398 1313 4411 .
1360 4357 1490 4413 Hinc
1521 4374 1777 4414 noceuus.
1828 4357 1959 4413 [Leo
1992 4375 2233 4413 rauenna
2263 4376 2416 4415 sum.
2468 4360 2598 4416 Hinc
2630 4377 2901 4420 SEBVANDA
2932 4381 3083 4420 sum.
3137 4367 3427 4425 Domuum

172 4462 367 4505 τίεται
394 4468 628 4508 οιΑτιΑε
656 4468 869 4519 seruus,
900 4462 1005 4510 etc.
1046 4453 1125 4508 Ex
1154 4456 1393 4540 hissatis
1422 4456 1701 4525 perspicue
1721 4456 1947 4525 quisque
1975 4464 2296 4523 cognoscet,
2326 4472 2486 4525 quam
2512 4442 2826 4527 magniﬁce,
2858 4474 3129 4531 quamque
3159 4464 3224 4518 ad
3254 4467 3431 4537 majo-

171 4556 291 4609 rum,
320 4545 831 4618 Scripturarumque
869 4551 1172 4607 doctrinam
1217 4562 1343 4622 apte
1372 4554 1882 4622 accommodateque
1914 4546 2177 4607 Maximus
2216 4553 2283 4608 de
2313 4556 2618 4624 praestantia
2645 4555 2951 4624 dignitatis,
2986 4558 3431 4629 auctoritatisque

170 4629 377 4688 Romani
405 4634 679 4704 pontiﬁcis
707 4639 953 4693 senserit.
996 4639 1073 4695 Ae
1096 4639 1162 4695 de
1191 4640 1429 4695 Ecclesia
1460 4641 1693 4709 quidem,
1725 4642 1897 4711 deque
1926 4643 2176 4699 Ecclesia:
2206 4646 2381 4716 capite
2409 4644 2591 4714 Petro,
2622 4647 2796 4718 deque
2827 4646 2969 4703 Petri
2998 4653 3424 4716 successoribus,

169 4722 249 4790 qui
278 4723 523 4791 Ecclesia:
552 4728 720 4795 ipsius
748 4729 1104 4796 gubernacula
1133 4738 1338 4795 tenent,
1369 4731 1651 4785 hactenus.

242 4814 462 4872 XXXIII.
506 4818 587 4873 De
615 4821 969 4875 conventibus
1006 4821 1167 4876 modo
1208 4821 1634 4878 Christianorum
1667 4824 1718 4877 in
1746 4825 1948 4880 aedibus
1988 4828 2177 4891 sacris,
2209 4829 2382 4898 deque
2422 4831 2796 4886 communibus
2842 4832 3111 4901 precibus,
3163 4834 3426 4891 breviter.

169 4901 369 4975 Templa
410 4910 681 4987 Maximus
729 4910 979 4966 Ecclesia!
1006 4914 1329 4995 receptacula
1360 4924 1532 4969 vocat.
1564 4915 1793 4970 Humilia
1822 4916 1912 4979 94,
1960 4932 2079 4986 qua:
2104 4927 2186 4974 est
2215 4920 2277 4973 de
2325 4918 2672 4990 Reparatione
2718 4920 2947 4977 basilice
2986 4923 3420 4991 Mediolanensis,

168 5009 272 5061 pag.
302 4996 402 5051 3|6
433 5017 449 5051 :
475 4997 591 5053 Nec
609 5000 875 5053 ecclesiam
899 5017 1067 5065 suam,
1100 5002 1291 5073 inquit,
1321 5020 1434 5075 qua:
1452 5021 1561 5057 vere
1579 5014 1655 5057 est
1684 5004 1946 5070 Ecclesia,
1969 5010 2200 5061 consumi
2222 5008 2363 5062 Deus
2383 5010 2539 5080 jussit
2560 5012 2818 5073 incendio,
2844 5013 2935 5067 sed
2960 5031 3053 5081 pro
3092 5021 3280 5069 nostra
3307 5032 3425 5070 cor-

169 5086 376 5151 reptione
401 5101 787 5141 sucenscuca
806 5084 1080 5143 Eccunsu:
1109 5092 1343 5160 permisit
1364 5093 1531 5163 exuri.
1568 5091 1631 5145 In
1664 5093 1866 5163 populis
1888 5111 2106 5166 namque
2130 5099 2401 5162 civitatem,
2443 5110 2492 5152 et
2513 5115 2563 5153 in
2585 5116 2750 5154 ncne
2779 5101 3100 5169 Ecccssnau,
3132 5104 3303 5159 nullus
3332 5120 3425 5160 sa—

337 5191 397 5227 ac
424 5174 605 5244 ﬁdelis
649 5176 876 5245 ignorat.
910 5174 1133 5247 Propter
1160 5182 1316 5249 quod,
1349 5183 1627 5247 carissimi,
1658 5200 1759 5236 non
1792 5185 1952 5255 tigna,
2000 5196 2050 5238 et
2096 5187 2290 5248 trabes,
2316 5189 2407 5242 sed
2437 5207 2519 5243 vos
2562 5189 2668 5246 Deo
2699 5204 2874 5247 nostro
2903 5193 3066 5248 vivam
3092 5198 3422 5266 praesentalis

552 5269 677 5325 Non
708 5289 830 5343 ergo
856 5289 991 5327 nunc
1016 5274 1230 5330 ecclesia
1260 5287 1500 5347 reparata
1528 5291 1623 5341 est,
1648 5296 1781 5348 quin,
1806 5280 1914 5335 Deo
1943 5291 2257 5355 protegente,
2288 5302 2389 5339 non
2419 5288 2603 5356 periit;
2638 5286 2743 5340 .sed
2780 5289 3000 5357 parietes
3045 5263 3101 5342 et
3124 5296 3260 5343 tecta
3286 5288 3424 5354 hac,

231 5442 302 5570 fg;
544 5442 633 5506 94.
664 5460 785 5516 pag.
818 5445 921 5499 640
948 5462 1058 5516 seq.
1839 5453 2327 5512 Tarraconensibus
2355 5464 2493 5538 est-z.
2512 5454 2830 5539 suppliciter
2859 5475 3129 5528 precamur
3157 5460 3427 5531 apostola-

385 5514 535 5566 omil.
570 5513 655 5570 70.
687 5531 809 5570 nae.
843 5514 968 5570 ἥδ.
1838 5532 1942 5570 tum
1965 5532 2202 5570 uestrum-
2232 5534 2287 5570 ut
2313 5525 2621 5570 humilitatis
2642 5535 2835 5570 nnslrm
2874 5528 3128 5570 doni-ptum
3180 5531 3318 5570 ηυηιί
3349 5532 3427 5570 in-

231 5442 281 5503 (α
338 5442 513 5497 Sena.
544 5442 633 5506 94,
664 5460 785 5516 pag.
818 5445 921 5499 640
948 5462 1058 5516 seq.

255 5505 281 5556 δ
340 5508 535 5566 Homil.
570 5513 655 5578 70,
687 5531 809 5585 pag.
843 5514 968 5570 ἥδ.

178 5442 651 5718 r36},
690 5594 822 5640 tom.
864 5584 907 5639 ll
941 5585 1229 5642 Concilior.
1275 5587 1399 5643 edit.
1436 5588 1603 5645 Paris.
1638 5607 1717 5647 an.

1887 5454 2327 5512 arraconensibus
2355 5464 2437 5509 est
2465 5473 2478 5507 :
2512 5454 2830 5525 Suppliciter
2859 5475 3129 5528 precamur
3157 5460 3426 5531 apostola-

1887 5540 1942 5575 m
1965 5532 2204 5587 vestrum,
2232 5534 2287 5577 ut
2313 5525 2621 5579 humilitatis
2641 5535 2835 5582 nostrte
2874 5528 3151 5593 decretum,
3180 5531 3318 5601 quod
3334 5532 3426 5599 ju-

1887 5608 1911 5644 e
1941 5610 1971 5643 a
2014 5592 2161 5646 nobis
2190 5594 2391 5647 videtur
2420 5595 2633 5665 factum,
2669 5612 2872 5653 vasrns
2904 5612 3275 5653 sucromu'rs
3306 5614 3425 5654 nn-

1887 5677 2013 5715 κτιά

452 5691 465 5702 .
496 5676 617 5705 ουκ.
1838 5676 2013 5715 IETIS.

238 5664 317 5783 (Ill),
708 5722 832 5789 80l,
867 5724 1102 5781 additum
1150 5727 1216 5783 ab
1244 5728 1511 5799 episcOpis
1541 5727 1727 5784 iisdem
