3898 6226
445 337 475 396 ί
489 336 551 396 ὶὸ
1894 340 2275 397 ΜΡΑἸἸΟ.
3628 340 3652 393 l
3667 342 3721 395 l6

444 453 505 507 bit
529 468 664 522 quos,
696 468 805 520 vos,
832 453 917 525 qui
947 446 1043 505 Dei
1067 452 1191 505 estis
1230 449 1484 515 Ecclesia,
1526 451 1811 520 recepistis.
1850 449 1952 505 Vos
1981 454 2120 506 enim
2146 453 2289 515 estis,
2331 461 2387 506 ut
2430 454 2504 506 ait
2528 454 2822 522 Apostolus,
2856 457 3098 528 templum
3126 455 3229 513 Dei
3253 458 3424 514 nisi...
3460 458 3723 517 Nonnun-

447 561 603 613 quam
630 563 725 615 pro
766 555 958 599 terrore
978 551 1177 609 nostro,
1219 544 1491 597 clementer
1528 542 1674 597 nobis
1718 542 2030 615 indignante
2058 541 2192 607 Deo,
2225 553 2276 596 et
2302 543 2427 598 calo
2458 543 2737 598 tremendis
2765 545 2968 599 vocibus
3005 548 3364 602 intonantem.
3397 548 3540 603 ades
3564 564 3728 602 δαί-τι

445 636 554 687 ictu
580 635 855 706 fulminum
886 636 1206 707 jaculantur,
1255 645 1361 691 etc.
1394 634 1686 706 Propterea
1713 651 1844 691 vero
1890 637 2089 706 templa
2140 637 2466 705 receptacula
2506 634 2755 691 Ecclesia:
2803 648 2982 702 vocat,
3012 638 3156 708 quod
3212 638 3265 692 in
3319 654 3384 693 ea
3432 639 3725 693 convenire

447 719 654 791 ﬁdeles,
685 726 775 795 qui
798 725 1092 782 Ecclesiam
1116 724 1464 790 constituunt,
1498 726 1762 796 simulque
1786 743 1891 780 una
1926 728 2187 783 stationes
2208 728 2426 792 habere,
2472 742 2652 794 orare,
2684 729 2763 782 rei
2789 727 2983 784 divinae
3015 730 3225 795 adesse,
3253 730 3591 800 verbumque
3626 729 3723 783 Dei

446 816 653 884 audire,
682 818 828 874 soliti
872 821 981 875 sint
1008 829 1065 875 et
1090 835 1221 875 sane
1248 819 1498 875 debeant.
1528 818 1665 875 Hinc
1693 830 1911 877 sanctus
1932 820 2125 876 doctor
2162 837 2286 875 suas
2311 837 2442 876 oves
2469 822 2729 890 increpat,
2761 821 2923 889 quod,
2953 836 3011 875 se
3040 821 3279 885 absente,
3310 837 3450 875 rarae
3474 821 3532 874 in
3551 820 3719 873 :edem

447 922 656 963 sacram
711 926 809 966 seu
836 910 1062 966 divinam
1082 912 1289 966 domum
1316 911 1686 966 convenirent.
1722 910 1954 966 Homilia
1987 906 2107 979 ιη,
2135 926 2260 983 pag.
2305 913 2411 967 575
2435 931 2447 965 :
2474 912 2733 982 Comperi,
2762 915 2970 984 fratres,
3002 913 3197 981 inquit,
3225 914 3361 984 quod
3404 930 3501 982 per
3537 910 3724 964 absen-

449 1001 577 1054 tiam
603 1016 774 1055 meam
794 1004 869 1055 ita
893 1003 1003 1055 rari
1030 1004 1214 1074 quique
1234 999 1436 1073 [cavus]
1466 1001 1535 1055 ad
1562 1001 1833 1055 ecclesiam
1874 1003 2107 1067 veniatis,
2129 1004 2206 1055 ita
2242 1004 2395 1072 pauci
2434 1002 2712 1055 admodum
2740 1001 3052 1071 procedatis,
3074 1003 3221 1073 quasi
3242 1018 3323 1054 me
3342 1002 3722 1071 prsﬁciscents,

448 1103 645 1145 mecum
672 1093 866 1162 pariter
890 1095 1157 1158 veneritis;
1186 1102 1236 1146 et
1278 1094 1422 1164 quasi
1450 1108 1566 1146 cum
1596 1092 1987 1147 necessitatibus
2012 1110 2105 1163 ego
2133 1094 2422 1161 pertrahor,
2455 1111 2543 1147 vos
2572 1110 2772 1147 mecum
2810 1095 3029 1147 traxerit
3060 1094 3176 1165 ipsa
3222 1096 3573 1149 necessitas...
3605 1092 3720 1148 Ne-

447 1189 590 1242 scitis
618 1190 740 1254 quia
766 1190 859 1244 etsi
888 1207 987 1261 ego
1023 1188 1088 1243 ab
1125 1189 1343 1244 ecclesia
1369 1188 1565 1253 desum,
1589 1187 1823 1242 Christus
1857 1187 1922 1240 ab
1961 1185 2200 1239 Ecclesia
2240 1203 2357 1251 sua,
2410 1202 2524 1256 qua
2550 1196 2626 1241 est
2652 1186 2853 1257 ubique,
2885 1202 2987 1240 non
3017 1187 3197 1240 deest?
3232 1184 3413 1248 Venis,
3444 1188 3631 1257 frater,
3655 1189 3722 1241 ad

445 1276 743 1343 ecclesiam,
774 1294 881 1333 non
906 1279 1107 1333 invenis
1143 1278 1212 1331 ibi
1236 1278 1593 1348 episcoporum
1621 1280 1915 1348 episcopum
1955 1276 2308 1329 salvatorem?
2336 1274 2473 1330 Nam
2501 1275 2846 1341 Christianus,
2877 1277 2965 1346 qui
2993 1286 3111 1329 tunc
3156 1285 3354 1329 tantum
3380 1278 3614 1347 procedit
3654 1280 3724 1331 ad

445 1367 735 1430 ecclesiam,
775 1367 984 1438 quando
1010 1369 1281 1436 episcopus
1318 1382 1548 1436 presens
1576 1376 1808 1430 est,onon
1840 1376 1943 1418 tam
1974 1364 2070 1418 Dei
2099 1382 2255 1418 causa
2284 1365 2485 1419 videtur
2508 1367 2842 1441 processisse,
2869 1383 3025 1436 quam
3062 1366 3317 1432 hominis;
3365 1384 3458 1421 nes
3484 1369 3730 1424 implesse

446 1457 734 1513 Christiani
753 1456 923 1512 Deum
945 1459 1169 1512 timentis
1188 1457 1429 1528 ofﬁcium,
1454 1456 1545 1511 sed
1573 1458 1728 1510 amici
1759 1456 2036 1527 deferentis
2064 1454 2377 1526 obsequium.

518 1545 694 1615 Atque
722 1554 841 1601 erat
871 1546 1087 1616 quidem
1136 1560 1279 1599 cura:
1307 1544 1622 1615 cumprimis
1650 1542 1903 1605 Maximo,
1952 1552 2012 1597 ut
2055 1558 2284 1613 synaxcs
2330 1557 2523 1611 magna
2553 1545 2738 1614 populi
2783 1547 3084 1614 trequentia
3132 1544 3566 1609 celebrarentur;
3598 1562 3727 1615 pro—

444 1645 635 1705 pterea
662 1634 832 1705 quod,
860 1644 918 1689 ut
945 1644 1199 1690 constans
1228 1634 1331 1688 l'ert
1358 1634 1601 1688 doctrina
1641 1632 1903 1700 majorum
1939 1632 2041 1702 (a),
2070 1631 2361 1700 plurimum
2394 1631 2673 1688 conferant
2718 1649 3032 1688 communes
3061 1648 3270 1703 preces,
3302 1642 3360 1687 ut
3389 1633 3441 1686 id
3470 1635 3721 1703 quisque,

442 1726 588 1793 quod
615 1736 764 1782 recte
784 1726 1009 1796 expetit,
1046 1734 1427 1794 consequatur.
1464 1726 1637 1793 Atque
1668 1725 1755 1778 ille
1776 1724 1961 1778 homil.
1995 1723 2045 1787 i,
2071 1734 2194 1791 pag.
2226 1719 2258 1772 6
2285 1740 2297 1774 :
2332 1720 2499 1786 Quale
2514 1732 2612 1787 est,
2643 1724 2837 1791 inquit,
2867 1725 3106 1777 meritum
3155 1722 3443 1793 largientis,
3493 1732 3549 1774 ut
3578 1725 3725 1776 solus

440 1818 558 1887 quis
578 1826 816 1886 operetur
842 1817 897 1870 in
922 1814 1095 1877 domo,
1126 1824 1175 1867 et
1199 1832 1292 1884 per
1328 1816 1517 1869 multos
1545 1816 1597 1867 in
1622 1813 1857 1869 Ecclesia
1887 1812 2139 1868 Dominus
2162 1815 2455 1884 deprecetur
2484 1820 2571 1865 :et
2598 1811 2735 1882 quod
2757 1811 2847 1865 ille
2872 1813 3114 1881 fortassis
3138 1820 3309 1881 petere
3336 1812 3399 1864 de
3438 1810 3724 1866 Divinitate

442 1922 547 1958 non
576 1904 785 1969 audeat,
833 1905 1061 1974 plurium
1088 1905 1525 1974 interpellantium
1555 1896 1891 1965 orationibus,
1942 1907 2096 1958 etiam
2124 1906 2259 1976 quod
2288 1921 2391 1958 non
2433 1902 2693 1973 sperabat,
2718 1904 2960 1974 accipiat.
2991 1900 3141 1965 Quod
3168 1901 3239 1955 ad
3282 1903 3603 1972 adjutorium
3629 1921 3725 1957 no-

440 1997 605 2049 strum
626 2012 1034 2049 commemorans
1064 1994 1243 2050 beatus
1282 1996 1576 2067 Apostolus,
1603 1996 1677 2048 ait
1708 2013 1723 2048 :
1752 1995 1819 2049 Ut
1846 2014 1936 2064 per
1963 1997 2150 2051 multos
2177 2000 2467 2067 gratiarum
2510 1998 2643 2051 actio
2673 1998 2930 2067 referatur
2958 2012 3052 2050 vro
3093 1995 3259 2049 nobis.
3294 1994 3363 2048 Et
3391 1997 3581 2048 iterum
3604 2012 3622 2048 :
3657 1994 3730 2050 Ut

439 2086 537 2155 fiat
562 2084 757 2139 oblatio
785 2095 964 2139 nostra
992 2094 1226 2154 accepta,
1266 2085 1596 2155 sanctificata
1618 2086 1671 2137 in
1695 2085 1897 2153 Spiritu
1926 2098 2125 2139 sancto.

510 2173 816 2229 Stationum
845 2175 1094 2229 meminit
1123 2174 1384 2229 Maximus
1410 2175 1595 2229 homil.
1625 2174 1711 2238 40,
1745 2188 1863 2243 pag.
1900 2174 2021 2227 H7.
2053 2174 2221 2230 Erant
2266 2186 2448 2231 autem
2476 2179 2742 2232 stationes
2769 2185 2964 2238 catus,
2985 2178 3075 2245 qui
3109 2176 3296 2230 haberi
3325 2185 3727 2231 consueverant

434 2262 764 2331 ieiuniorum
794 2263 1128 2332 temporibus
1159 2262 1256 2334 (b).
1298 2263 1474 2333 Atque
1503 2264 1743 2317 stationis
1770 2264 2037 2317 vocabulo
2062 2270 2259 2319 curtum
2300 2281 2395 2319 seu
2424 2268 2899 2335 congregationem
2952 2265 3187 2321 ﬁdelium
3247 2264 3449 2320 Christi
3498 2266 3725 2321 indicari

436 2358 571 2413 satis
595 2357 862 2427 explicate
890 2365 1165 2412 ostensum
1193 2372 1222 2410 a
1254 2358 1454 2412 sanctis
1480 2354 1731 2410 Cornelio
1760 2364 1815 2409 et
1855 2354 2124 2425 Cypriano
2155 2358 2446 2426 episcopis,
2496 2357 2794 2427 iisdemque
2842 2358 3164 2428 martyribus
3186 2365 3299 2421 est;
3332 2372 3363 2409 a
3395 2357 3580 2426 priore
3603 2359 3726 2426 quio

435 2445 561 2501 dem
590 2445 822 2516 epistola
847 2460 969 2514 quze
1016 2446 1157 2499 inter
1202 2444 1547 2516 Cyprianicas
1591 2452 1674 2498 est
1702 2458 1849 2496 num.
1876 2442 1964 2508 49,
1996 2458 2117 2512 pag.
2160 2443 2229 2497 93
2258 2444 2388 2498 edit.
2412 2442 2587 2498 Oxon.
2621 2460 2710 2497 an.
2740 2442 2895 2508 1689.,
2928 2444 2996 2498 ab
3035 2445 3205 2499 altero
3230 2452 3409 2499 autem
3442 2445 3601 2514 epist.
3633 2444 3729 2513 Η,

436 2551 562 2609 pag.
591 2535 663 2591 85
683 2537 776 2609 (c).
811 2536 943 2604 Sed,
963 2537 1217 2607 quoniam
1241 2550 1358 2592 esse
1382 2538 1434 2591 in
1464 2538 1697 2591 statimne
1722 2536 1867 2591 soliti
1889 2547 2047 2589 erant
2064 2535 2380 2599 Christiani,
2414 2553 2534 2591 cum
2560 2537 2889 2609 jejunarent,
2922 2536 3121 2591 factum
3158 2535 3285 2590 hinc
3307 2543 3414 2598 est,
3436 2546 3496 2589 ut
3520 2534 3722 2603 jejunia

437 2640 471 2679 ι
496 2626 817 2696 quibusdam
846 2627 1108 2679 stationes
1136 2625 1554 2694 appellarentur.
1586 2624 1762 2690 Quare
1791 2631 1984 2679 auctor
2019 2633 2174 2679 vetus
2208 2626 2328 2679 libri
2354 2626 2446 2693 qui
2477 2626 2783 2680 inscribitur
2822 2624 3035 2689 Pastor,
3084 2625 3178 2677 lib.
3234 2641 3322 2686 ιιι,
3353 2624 3634 2678 similitud.
3671 2623 3722 2687 5,

436 2730 562 2787 pag.
593 2714 718 2781 231,
748 2724 884 2771 tom.
927 2713 948 2769 1
995 2712 1217 2768 Patrum
1262 2714 1593 2784 apostolicor.
1628 2713 1756 2767 edit.
1790 2712 2021 2767 Londin.
2062 2730 2149 2766 an.
2186 2712 2343 2780 1746,
2373 2729 2622 2783 qumrens
2660 2713 2788 2782 quid
2815 2714 2972 2767 statio
3001 2713 3088 2775 sit,
3114 2712 3406 2781 respondet
3442 2728 3563 2766 esse
3583 2712 3725 2781 jeju-

437 2808 606 2859 nium.
628 2805 803 2872 Quam
830 2804 1041 2860 dicendi
1074 2806 1339 2859 rationem
1369 2819 1488 2858 cum
1538 2804 1627 2856 alii
1673 2806 1843 2858 secuti
1873 2804 1999 2869 sint,
2044 2812 2157 2857 tum
2187 2804 2453 2859 Maximus
2473 2806 2637 2859 etiam
2664 2805 2935 2875 probavit.
2979 2804 3113 2857 Nam
3145 2803 3264 2857 loco
3296 2803 3547 2873 proxime
3580 2803 3725 2856 indi-

436 2906 565 2953 cato
598 2916 610 2950 :
636 2895 809 2970 [ests]
841 2896 1190 2961 Intellexisse,
1228 2897 1420 2964 inquit,
1454 2912 1541 2949 vos
1568 2896 1739 2959 credo,
1762 2890 1876 2949 cu'm
1924 2895 2033 2949 hcec
2060 2908 2239 2949 nostra
2259 2897 2463 2969 jejunia
2489 2898 2594 2951 illis
2623 2898 2977 2950 mansionibus
3001 2896 3427 2965 comparaverim,
3458 2896 3512 2947 in
3542 2895 3726 2966 quibus

434 2988 661 3059 populus
684 2986 857 3041 Israel
883 2991 1128 3059 tanquam
1157 2988 1211 3040 in
1252 2992 1517 3057 procinctu
1542 2986 1762 3055 quodam
1800 2988 2013 3055 positus,
2046 2985 2379 3043 Pharaonem
2419 3006 2588 3060 regem
2610 2988 2909 3061 quotidiana
2939 2989 3114 3042 labore
3140 2990 3417 3059 superavit,
3446 2997 3497 3042 et
3523 2987 3590 3041 ab
3618 2988 3725 3041 ini-

437 3079 587 3133 micis
606 3079 759 3142 .suis,
783 3079 931 3149 quasi
959 3077 1263 3149 quibusdam
1292 3078 1476 3129 castris
1522 3078 1847 3130 mansionum
1878 3094 1987 3131 sese
2014 3081 2239 3132 statione
2276 3078 2594 3149 defenderit;
2640 3080 2715 3133 ita
2744 3088 2801 3130 ut
2828 3080 3113 3150 quicunque
3139 3095 3205 3132 ea:
3246 3080 3337 3131 illo
3365 3077 3724 3132 comitantium

436 3188 653 3228 numero
682 3171 886 3226 diarum
909 3171 1151 3225 stationis
1176 3170 1348 3239 spatia
1376 3185 1477 3221 non
1510 3170 1748 3237 confecit,
1782 3180 1870 3221 aut
1895 3169 2108 3223 Pharao
2136 3172 2281 3224 illum
2311 3172 2659 3241 occupaverit,
2687 3179 2777 3223 aut
2803 3170 3026 3224 solitudo
3060 3171 3362 3241 pervaserit.
3409 3168 3499 3223 Sic
3526 3186 3651 3238 ergo
3672 3177 3725 3221 et

437 3275 537 3311 uos
564 3260 885 3329 propositum
908 3257 1056 3314 nobis
1084 3258 1429 3328 quadraginta
1460 3256 1657 3309 dierum
1701 3258 1798 3309 iter
1826 3258 2069 3313 debemus
2114 3262 2251 3313 onmi
2283 3260 2457 3314 labore
2494 3262 2765 3330 con/icere,
2812 3269 2862 3313 et
2889 3260 3193 3329 quibusdam
3216 3262 3366 3330 quasi
3412 3262 3599 3314 castris
3626 3276 3723 3313 nos

426 3350 753 3419 jcjuniorum
779 3350 1049 3404 devotione
1068 3351 1288 3404 munire.
1324 3347 1507 3401 Castra
1535 3351 1670 3402 enim
1711 3351 1856 3403 nobis
1888 3360 2007 3404 sunt
2053 3362 2231 3406 nostra
2253 3354 2478 3423 jejunio,
2503 3369 2617 3423 qua:
2642 3369 2737 3407 nos
2766 3369 2799 3405 a
2829 3352 3087 3406 diabolica
3126 3355 3509 3424 oppugnatione
3536 3354 3721 3423 defen-

436 3445 589 3490 aunt.
619 3436 851 3509 Denique
887 3439 1138 3491 stationes
1165 3446 1427 3500 vocantur,
1458 3438 1595 3506 quod
1621 3448 1819 3493 stantes
1846 3450 1894 3492 et
1946 3451 2320 3496 commorantes
2346 3444 2400 3495 in
2438 3445 2532 3507 eis,
2555 3444 2790 3497 inimicos
2833 3444 3142 3497 insidiantes
3172 3444 3499 3513 repellamus.
3533 3442 3725 3496 Castra

436 3530 594 3600 plane
615 3540 734 3585 sunt
747 3532 953 3603 jejunio
981 3529 1312 3593 Christianis,
1355 3548 1387 3583 a
1414 3530 1591 3602 quibus
1613 3536 1656 3586 si
1687 3536 1799 3604 quis
1828 3532 2156 3599 aberraverit,
2192 3553 2222 3587 a
2250 3535 2472 3605 spiritali
2501 3534 2778 3588 Pharaone
2798 3537 3079 3600 invaditur,
3113 3544 3218 3590 etc.

509 3621 628 3676 Jam
657 3638 806 3687 vero,
838 3636 972 3692 quas
1000 3622 1053 3676 in
1084 3622 1187 3676 hac
1215 3623 1433 3676 homilia
1461 3626 1732 3686 stationes,
1764 3625 1981 3679 easdem
2006 3625 2266 3679 Maximus
2293 3625 2512 3678 homilia
2540 3626 2838 3693 superiore,
2871 3642 2989 3695 qua!
3018 3636 3101 3679 est
3130 3624 3215 3687 59,
3260 3638 3381 3694 pag.
3414 3621 3536 3689 Hi,
3570 3638 3721 3676 man-

438 3720 622 3771 siones
648 3724 825 3770 vocat.

512 3806 748 3861 XXXIV.
789 3805 1060 3874 Jejunium
1090 3812 1274 3858 autem
1304 3802 1726 3858 Christianorum
1760 3806 2081 3874 prmcipuum
2127 3805 2250 3857 illud
2282 3814 2359 3859 cst
2384 3844 2398 3867 ,
2438 3804 2581 3871 quod
2622 3812 2746 3859 ante
2780 3802 2978 3857 Pascha
3018 3810 3292 3866 servatur;
3325 3816 3556 3870 cumque
3584 3816 3721 3869 qua-

438 3900 685 3968 draginta
723 3898 932 3952 dierum
955 3896 1132 3965 spatio
1162 3895 1521 3959 contineatur,
1553 3893 1971 3962 Quadragesima
2002 3895 2329 3963 appellatum
2360 3902 2471 3954 est,
2506 3893 2870 3962 appellarique
2898 3892 3237 3945 continenter
3264 3891 3457 3960 pergit.
3493 3890 3569 3944 De
3606 3889 3726 3957 ejus

440 3992 628 4065 ieiunii
656 3990 864 4057 origine
904 3994 1125 4042 sanctus
1166 3985 1429 4039 Maximus
1457 3984 1676 4038 homilia
1708 3983 1775 4036 38
1805 3984 1988 4037 scribit
2013 3984 2116 4037 hoc
2153 3982 2314 4036 modo
2348 4000 2361 4034 :
2394 3984 2527 4034 Ante
2556 3982 2660 4034 dies
2708 3979 3026 4033 devotionem
3062 3989 3257 4031 sanctae
3298 3976 3729 4047 Quadragesimtt

443 4082 806 4152 praedicantes,
838 4093 1107 4130 sacrarum
1140 4074 1454 4127 Litterarum
1484 4074 1717 4143 exemirla
1748 4073 2050 4141 protulimus
2070 4110 2083 4136 ,
2112 4072 2290 4142 quibus
2320 4068 2719 4140 approbaremus
2761 4069 2893 4121 hunc
2933 4067 3398 4138 quadragenarium
3454 4082 3725 4118 numerum

443 4193 547 4230 non
575 4188 687 4227 esse
716 4171 780 4224 ab
808 4167 1100 4223 hominibus
1143 4166 1490 4227 constitutum,
1537 4164 1629 4216 sed
1676 4164 1916 4215 divinitus
1955 4170 2324 4223 consecratum,
2358 4176 2449 4211 nec
2480 4168 2681 4211 terrena
2728 4157 3038 4226 cogitatione
3074 4156 3364 4219 inventum,
3394 4154 3487 4206 sed
3531 4154 3728 4206 caelesti

442 4266 716 4335 majestate
742 4268 1073 4333 praeceptum.
1105 4257 1270 4327 Atque
1297 4254 1413 4307 ideo
1441 4256 1526 4325 qui
1555 4255 1882 4306 constitutum
1913 4268 2175 4304 numerum
2206 4267 2308 4300 una
2339 4248 2420 4301 die
2448 4246 2810 4299 manducando
2839 4244 3088 4314 praeterit,
3112 4258 3216 4295 non
3246 4244 3399 4335 unius
3432 4242 3535 4294 diei
3565 4243 3727 4295 viola-

446 4331 540 4413 tor.
554 4331 844 4418 accusatur,
876 4351 967 4407 sed
995 4360 1050 4404 ut
1080 4349 1233 4403 totius
1264 4345 1685 4415 Quadragesimrv
1716 4353 2065 4411 transgressor
2102 4341 2351 4409 arguitur.
2386 4336 2534 4389 Unde
2572 4336 2757 4388 bonum
2786 4343 2863 4385 est
2900 4334 3092 4418 homini
3132 4340 3188 4383 ut
3224 4331 3414 4383 dictum
3458 4347 3726 4383 numerum

445 4452 558 4502 s'ne
586 4444 759 4500 labore
779 4416 999 4513 jejunet,
1042 4446 1093 4491 et
1122 4437 1276 4497 totius
1307 4432 1731 4503 Quadragesima:
1769 4440 2106 4501 consequatur
2145 4428 2340 4499 pariter
2378 4427 2725 4479 sanctitatem.
2761 4421 2901 4513 Haec
2928 4416 3093 4474 autem
3136 4437 3244 4513 non
3271 4428 3376 4513 tam
3402 4421 3726 4513 sacerdotum

448 4547 726 4611 prwcepta,
754 4510 908 4607 quam
940 4532 1036 4585 Dei
1066 4536 1185 4583 sunt
1221 4544 1237 4579 :
1269 4535 1420 4595 atque
1446 4524 1560 4577 ideo
1590 4524 1674 4593 qui
1716 4522 1927 4591 spernit,
1960 4536 2061 4573 non
2090 4519 2406 4573 sacerdotem
2451 4516 2679 4585 spernit;
2712 4512 2802 4565 sed
2842 4510 3121 4574 Christum,
3162 4511 3247 4580 qui
3286 4511 3340 4563 in
3379 4526 3472 4563 suo
3501 4512 3728 4580 loquitur

2140 4654 2295 4706 dieris
2319 4668 2433 4705 cum
2462 4667 2615 4720 penes
2625 4658 2683 4720 _te
2703 4650 2843 4702 solus
2864 4645 3029 4720 Deum
3049 4648 3297 4720 precaris,
3331 4654 3482 4716 atque
3612 4663 3725 4700 cum

525 4678 602 4740 la)
640 4671 776 4725 Vide
806 4677 1052 4740 sanctum
1108 4663 1383 4740 Basiliam,
1428 4661 1583 4740 epist.
1812 4658 1877 4738 ad
1911 4658 2036 4709 Am-

2146 4657 2295 4706 dieris
2319 4668 2433 4705 cum
2462 4658 2683 4740 penes'te
2703 4657 2843 4740 so‘tus
2862 4657 3029 4740 Deum
3049 4657 3297 4740 precaris,
3331 4657 3482 4716 atque
3501 4657 3579 4740 υς]

2141 4724 2388 4792 fratribus
2421 4715 2537 4773 tuis.
2590 4718 2689 4792 Hic
2714 4716 2912 4792 aliquid
2940 4718 3161 4785 amplius
3210 4724 3305 4792 est,
3333 4715 3634 4792 concordia.
3678 4726 3725 4769 et

451 4728 801 4818 νιιίιρειιίιρω
834 4756 885 4791 η·
912 4738 967 4801 εν
999 4750 1120 4818 238-
1148 4732 1275 4818 9‘9:
1308 4729 1543 4818 “En-Pl
1555 4730 1688 4818 951‘}-
1710 4728 1885 4818 ,ξ’-ἓν,ίῖ
1900 4742 2036 4818 .‘31‘3'

709 4796 976 4876 (Ζοήει-ρεζ
1003 4796 1187 4876 sancti
1219 4800 1493 4876 Mauri,_et
1518 4796 1777 4876 epist.‘97
1808 4796 2037 4876 adTya-

455 4868 667 4949 ncuses,
695 4868 955 4949 pag.vi9l
999 4894 1011 4927 :
1046 4872 1471 4949 Preces,_inquit,
1502 4871 1546 4922 si
1570 4868 2037 4949 fesiut,‘qui_con:

455 4898 667 4949 ncuses,
733 4894 817 4949 ag.
862 4892 955 4929 ιυι
999 4894 1011 4927 ζ
1046 4892 1253 4934 rreces,
1283 4892 1471 4938 lnqult,
1502 4892 1546 4922 δι
1587 4892 1774 4928 ιισδιηι,
1807 4892 1891 4937 ψη
1914 4892 2035 4918 cuu-

450 4956 663 5017 svirent,
693 4892 843 5018 range
871 4956 990 5018 s_u_n_t
1030 4945 1213 5018 seipsis
1242 4940 1533 5018 debiliores.
1568 4938 1631 4991 Et
1662 4939 1818 5005 epist.
1848 4936 1947 4997 1⁸74
1970 4935 2035 4987 ad

452 5013 699 5085 Vidtmm,
722 5013 843 5088 pa'g.
876 5015 980 5067 962
1011 5034 1023 5066 :
1058 5015 1135 5088 Ad
1173 5013 1815 5088 communionentprecum
1863 5022 2035 5088 omnes

453 5077 990 5169 udjunge'fmagnnum
1018 5085 1154 5169 enim
1195 5090 1270 5135 est
1292 5097 1487 5169 egrum,
1512 5077 1788 5169 wianm
1830 5078 2035 5169 placare

453 5147 708 5231 pinsunt;
734 5147 1007 5210 auxilium.
1056 5147 1563 5231 Sa‘nctusdnannes
1602 5147 2033 5231 Cbrxsostomyj,

456 5214 644 5286 inutili.
666 5214 699 5282 3
728 5228 793 5281 ad
825 5226 1081 5296 populum
1107 5222 1519 5296 antiochenum,
1538 5233 1684 5296 quin.
1714 5217 1765 5277 2,
1799 5228 1919 5295 pag.
1947 5214 2033 5296 ΒΞ,

456 5313 589 5354 tum.
638 5299 680 5353 ll
734 5285 861 5351 edil.
896 5285 1065 5347 Paris.
1120 5289 1517 5343 Monll'auconii.
1552 5285 1793 5347 Multum,
1847 5285 2036 5352 inquit.

457 5370 709 5424 Ecclesia!
746 5367 1034 5421 commanio
1063 5372 1244 5430 potest.
1278 5362 1321 5411 si
1362 5360 1536 5430 anima
1565 5358 1784 5430 dolente,
1817 5357 1861 5430 si
1890 5355 2041 5407 corde

458 5423 681 5494 contrito
704 5452 887 5505 preces
904 5423 1215 5505 ριιιὶηὰιίιιιις.
1261 5428 1639 5505 Ιιιθιιιηὶιοιιιίι.
1734 5423 2039 5505 ᾴεᾲιηεοῃι-

457 5493 788 5578 jrrehensibili
838 5502 1043 5578 Natura
1094 5501 1207 5561 Dei,
1242 5515 1384 5578 nutu.
1424 5498 1469 5557 1,
1500 5511 1618 5565 pag.
1655 5494 1775 5576 ιβι,
1804 5493 1985 5578 φημ’]
2022 5512 2032 5543 τ

460 5563 675 5631 Ῥνστανί
704 5578 859 5629 etiam
888 5573 1023 5625 danti
1054 5580 1193 5639 potes
1214 5586 1226 5629 ;
1245 5570 1319 5639 ita
1354 5585 1466 5620 vero
1496 5563 1739 5639 precari,_
1759 5573 1814 5616 ut
1842 5567 1909 5639 in
1936 5563 2038 5639 Ec-

458 5649 616 5701 clcsia
641 5662 739 5698 non
766 5655 923 5709 potes,
948 5644 1027 5693 ubi
1054 5634 1203 5691 tanta
1240 5636 1448 5709 Patrum
1490 5634 1909 5709 f_r_equentia,_nbi
1939 5634 2040 5684 cia-

459 5730 576 5771 mur
602 5704 912 5768 unanimiter
941 5712 1009 5762 ad
1044 5710 1203 5761 Deum
1233 5708 1463 5759 emissus.
1493 5704 1614 5758 Non
1636 5704 1847 5769 perinde
1876 5719 2034 5755 eran—

2140 4785 2436 4851 consensus,
2470 4790 2700 4843 caritatis
2727 4785 3000 4845 vinculum,
3026 4794 3074 4837 et
3095 4785 3416 4838 sacerdotum
3438 4786 3721 4838 orationes.

2141 4861 2266 4913 Ideo
2289 4877 2507 4930 namque
2525 4858 2815 4930 sacerdotes
2840 4866 3086 4930 praesunt,
3110 4865 3165 4907 ut
3184 4854 3529 4930 multitudinis
3551 4872 3723 4923 preces

2136 4924 2453 4999 inﬁrmiores
2482 4945 2595 4981 cum
2634 4929 2770 4999 hisce
2790 4924 3118 4999 validioribus
3140 4925 3451 4999 conjunctis,
3484 4939 3589 4999 una
3611 4941 3724 4999 cum

2139 4992 2211 5053 eis
2240 5000 2493 5075 hiemum
2518 4997 2819 5075 ascendant,
2842 5005 2947 5050 etc.
2981 4992 3361 5075 Tertullianus,
3409 4992 3726 5075 Apglegetici

2140 5087 2256 5138 cap.
2274 5069 2342 5121 59
2369 5088 2379 5119 :
2406 5071 2607 5122 Coimus
2636 5070 2686 5119 in
2711 5078 2913 5128 cwtum,
2934 5073 2987 5138 et
3014 5064 3460 5138 congregationem
3482 5063 3722 5138 facimus,

2138 5130 2303 5192 ut'ad
2344 5138 2527 5199 Deum,
2560 5140 2702 5204 quasi
2732 5152 2885 5189 manu
2919 5136 3075 5204 facta,
3112 5130 3501 5204 precationibus
3528 5132 3724 5185 ambia-

2141 5228 2271 5262 mus.
2311 5208 2436 5261 llazc
2466 5211 2539 5261 vis
2564 5208 2670 5261 Deo
2703 5217 2847 5276 grata
2868 5214 2964 5267 est,
2996 5212 3101 5258 etc.

2216 5280 2286 5347 (b)
2330 5278 2575 5341 Tertull.,
2608 5270 3003 5347 Iib.'de.lejun.,
3030 5288 3149 5347 cap.
3180 5272 3264 5335 ll,
3289 5270 3505 5347 ⁸13,-με

2216 5340 2285 5415 lc)
2326 5349 2433 5401 Cur
2457 5349 2735 5418 appellata:
2767 5340 2964 5418 fuerint
2983 5340 3262 5418 stationes,
3288 5340 3512 5418 intelligi
3535 5356 3603 5418 εξ
3632 5340 3717 5393 lib.

2146 5410 2456 5472 Tertulliani
2493 5410 2709 5485 potest,
2766 5415 2969 5485 quiest
2998 5412 3283 5485 inscriptus
3339 5410 3417 5485 de_
3452 5410 3719 5485 Oratione,

2141 5506 2259 5557 cap.
2298 5488 2381 5539 Μ.
2409 5479 2632 5557 ῡιιείιιιιι
2663 5479 2841 5539 autem
2868 5484 2918 5538 id
2939 5479 3255 5557 vocabulum
3284 5494 3353 5557 εξ
3376 5479 3721 5533 similitudine

2140 5548 2437 5629 stationum
2468 5556 2777 5629 militarium
2824 5562 2924 5613 est.
2978 5550 3044 5606 de
3098 5549 3292 5629 quibus
3340 5548 3476 5629 lege,
3532 5560 3721 5618 pnnter

2140 5639 2382 5712 metet-pf.
2421 5626 2623 5680 Livium
2652 5625 2740 5678 lib.
2778 5640 2997 5689 xxxvi",
3036 5638 3155 5690 cap.
3188 5617 3279 5685 25,
3330 5617 3506 5673 ct'lib.
3537 5617 3717 5682 sum,

2141 5712 2256 5768 Cap.
2294 5718 2376 5750 oo.
