3898 6226
0 51 239 299 Γ

217 311 287 367 lli
1676 316 2053 377 PRJEFATIO.
3409 313 3514 373 ηδ

221 429 463 485 sacerdote.
502 429 847 487 Videamus
897 434 1070 503 igitur,
1094 448 1190 503 quo
1232 440 1456 501 tempore
1490 434 1627 485 illanc
1673 431 2047 487 observantiam
2074 433 2220 488 nobis
2259 434 2504 489 indixerit
2545 433 2910 491 Dominus.....
2956 434 3069 489 Hoc
3098 432 3516 504 quadragenario

226 538 396 574 enumera
422 523 630 591 seipse
664 522 951 576 Dominus
978 523 1221 586 exercuit,
1262 538 1367 575 non
1388 530 1444 574 ut
1468 524 1751 592 profectum
1776 524 1886 591 ipse
1906 531 2143 591 caperet;
2170 524 2260 575 sed
2288 532 2343 576 ut
2370 524 2655 593 profectum
2682 526 2864 579 salutis
2893 531 3085 579 nostra
3106 519 3511 575 ostenderet.....

230 610 532 667 Continuatis
562 630 703 683 ergo
737 614 1100 684 quadraginta
1127 611 1304 665 diebus
1332 611 1439 665 hac
1471 611 1674 682 jeiunia
1704 628 1805 665 non
1842 613 2070 666 esuriens
2103 611 2351 666 Dominus
2376 615 2701 682 procuravit;
2732 614 2822 667 sed
2862 613 2987 667 dicit
3014 612 3161 667 illum
3196 610 3513 679 evangelista

234 707 445 759 esuriisse
474 714 852 774 postea.......
890 700 1160 757 Esuriebat
1187 701 1358 772 plane,
1389 717 1480 754 nec
1507 718 1691 770 negare
1716 716 2007 768 possumus,
2037 700 2174 770 quod
2200 701 2456 753 esurierit.
2495 700 2689 755 Esuriit
2729 703 2862 755 enim
2893 717 2997 755 non
3026 697 3191 752 cibum
3227 696 3511 759 hominum,

239 798 315 849 sed
335 799 550 851 salutem
576 799 686 868 (α),
714 806 827 850 etc.
854 793 923 847 Et
949 793 1163 848 homilia
1188 790 1277 856 59,
1308 805 1426 859 pag.
1464 789 1562 843 115
1590 806 1727 860 seq.:
1752 789 1993 843 Diximus
2018 789 2153 859 quod
2177 786 2422 843 Dominus
2448 787 2603 843 Iesus
2632 787 2863 843 Chrisms
2885 789 3019 841 hunc
3039 801 3303 839 numerum
3321 782 3514 854 jejunii

243 887 618 949 consecraverit,
651 893 705 936 et
736 880 891 954 [cxx]
922 880 1232 935 continuatis
1259 878 1436 933 diebus
1465 878 1795 949 noctibusque
1823 894 1928 930 non
1956 878 2164 947 capiens
2184 876 2371 942 cibum,
2396 895 2553 931 unum
2566 879 2753 950 jejunii
2782 895 2967 949 corpus
2994 876 3332 946 eﬂ‘ecerit.....
3364 872 3515 927 Unde

248 989 383 1031 erant
406 978 544 1048 apud
573 993 696 1031 eum
726 976 955 1046 plurima
982 980 1264 1042 temporum
1292 973 1582 1035 curricula;
1613 970 1703 1025 sed
1731 970 2054 1024 abstinentia:
2082 970 2190 1024 dies
2222 989 2346 1033 una,
2379 974 2653 1027 ostendens
2681 974 2827 1028 nobis
2852 976 2925 1026 ita
2953 990 3048 1026 nos
3078 972 3210 1024 hunc
3247 986 3514 1023 numerum

253 1071 491 1141 integrum
512 1068 764 1139 jejunare
794 1064 997 1127 debere,
1022 1069 1075 1114 ut
1104 1063 1224 1132 quia
1263 1068 1425 1114 totam
1455 1058 1919 1130 Quadragesimam
1963 1059 2225 1128 complecti
2273 1076 2375 1113 non
2422 1077 2692 1131 possumus
2737 1062 2902 1115 solido
2958 1068 3008 1113 et
3046 1074 3147 1113 uno
3181 1057 3405 1129 jejunio.
3435 1056 3518 1110 τοι

258 1165 554 1235 quotidiauis
580 1160 820 1215 eamdem
847 1159 961 1211 sine
985 1155 1361 1209 intermissione
1381 1152 1600 1224 jejuniis
1627 1151 1968 1213 celebremus;
1997 1160 2053 1202 ut
2072 1152 2116 1204 si
2145 1152 2411 1221 quisquam
2448 1168 2605 1205 unam
2635 1152 2791 1214 diem,
2820 1149 3142 1212 abstinendo,
3172 1146 3515 1218 prclermise—

259 1256 342 1312 rit,
374 1261 525 1306 totans
556 1251 1022 1322 Quadragesimam
1061 1246 1291 1308 violarit,
1321 1252 1369 1297 et
1397 1253 1606 1312 propter
1644 1242 1902 1296 modicum
1948 1242 2191 1309 temporis
2230 1240 2417 1304 cibum,
2447 1243 2624 1311 magni
2673 1244 2893 1313 fructum
2933 1240 3126 1294 laboris
3166 1239 3510 1292 amiserit.....

264 1340 383 1396 Non
407 1344 557 1404 enim,
591 1345 802 1413 fratres,
832 1338 941 1392 leve
966 1343 1229 1407 peccatum
1252 1341 1331 1386 est
1354 1331 1590 1402 ﬁdelibus
1618 1331 1866 1385 indictam
1896 1326 2361 1397 Quadragesimans
2384 1345 2415 1381 a
2438 1328 2660 1383 Domino
2691 1346 2793 1382 non
2812 1329 3071 1400 jejunare,
3098 1337 3146 1380 et
3159 1327 3365 1398 jejunio
3392 1342 3517 1380 con-

261 1439 456 1483 secrata
480 1430 663 1489 ventris
693 1429 971 1482 voracitate
993 1424 1427 1479 dissolvere.......
1463 1418 1644 1485 Qualis
1671 1437 1792 1490 ergo
1820 1417 1960 1487 apud
1985 1418 2353 1472 conscientiam
2381 1434 2529 1471 suam
2557 1416 2881 1471 Christianus
2906 1435 2979 1477 es.
3011 1434 3124 1471 cum
3150 1417 3386 1471 Cumsro
3414 1431 3517 1471 uno

266 1533 334 1571 τε
363 1488 661 1581 musteum,
694 1524 747 1568 tu
774 1514 997 1586 prandes
1012 1514 1126 1565 ?....
1158 1508 1283 1564 Non
1326 1509 1501 1580 igitur,
1530 1509 1662 1562 sicut
1711 1488 1839 1569 dixi,
1869 1505 1973 1558 leve
1998 1514 2262 1575 peccatum
2289 1511 2366 1557 est
2411 1504 2661 1558 indictum
2691 1505 2883 1558 violare
2904 1505 3180 1576 jejunium.
3212 1503 3328 1558 Huc
3372 1503 3512 1557 reci-

261 1606 411 1669 dunt,
441 1621 554 1675 qua:
573 1606 731 1659 docet
753 1604 973 1659 homilia
998 1601 1087 1667 44,
1110 1616 1231 1671 pag.
1263 1599 1385 1665 ιιι,
1418 1609 1472 1654 et
1499 1612 1748 1653 sermone
1773 1597 1857 1662 ΓΙ,
1888 1609 2010 1665 pag.
2040 1593 2163 1657 442,
2194 1595 2303 1657 ubi,
2336 1594 2627 1665 Praecepta,
2659 1595 2845 1672 inquit,
2879 1596 2989 1666 ejus
3026 1602 3144 1648 ante
3185 1595 3359 1649 omnia
3391 1610 3515 1649 con-

259 1711 529 1759 servemus,
555 1704 605 1746 et
630 1694 887 1762 pracipue
913 1690 976 1745 de
988 1691 1206 1761 jejuniis
1237 1686 1674 1757 Quadragesimw.
1710 1683 1968 1755 Plerique,
1998 1680 2176 1751 quibus
2217 1683 2299 1735 hic
2321 1682 2597 1754 jejunandi
2626 1684 3007 1737 sacratissimus
3044 1699 3286 1736 numerus
3323 1682 3514 1736 indici—

253 1794 363 1849 tur,
391 1786 698 1853 interpositis
726 1781 1061 1836 hebdomadis
1090 1778 1333 1833 divinitus
1361 1784 1608 1830 statutum
1636 1782 1832 1843 tempus
1859 1771 2054 1826 violant
2091 1770 2420 1835 comedenda,
2445 1787 2548 1825 non
2585 1770 2949 1841 intelligentes,
2985 1771 3121 1839 quod
3158 1787 3261 1824 non
3300 1772 3515 1824 minoris

252 1874 711 1942 pravaricationis,
741 1878 923 1924 contra
966 1867 1297 1922 interdictum
1321 1863 1578 1936 gustando
1601 1902 1615 1925 ,
1644 1862 1719 1915 rei
1757 1869 1909 1924 sunt,
1938 1874 2091 1929 quam
2118 1856 2205 1911 ille
2233 1857 2399 1910 Adam
2438 1860 2523 1929 qui
2566 1868 2748 1911 contra
2794 1860 2997 1913 vetitum
3026 1854 3384 1922 manducavit;
3425 1856 3519 1913 sed

250 1960 394 2013 illius
422 1960 865 2030 prevaricationes
891 1953 1083 2009 Christi
1110 1953 1325 2007 redemit
1347 1951 1564 2023 passio?
1589 1950 1658 2004 At
1676 1964 1798 2004 cum
1820 1948 2082 2002 Maximus
2108 1946 2306 2000 virtute
2330 1946 2597 2015 passionis
2625 1946 2845 2012 Christi,
2892 1948 3097 2002 remitti
3138 1957 3355 2018 peccata
3391 1964 3520 2014 ras-

245 2049 356 2101 sim
386 2048 645 2117 prtedicet,
676 2055 733 2099 ut
761 2045 921 2115 paulo
950 2049 1071 2112 post
1111 2040 1446 2103 videbimus;
1478 2038 1607 2107 quid
1632 2045 1715 2091 est
1741 2037 1883 2105 quod
1913 2036 2352 2107 praevaricatores
2393 2045 2517 2105 post
2563 2037 2869 2106 passionem
2908 2038 3105 2093 Christi
3145 2039 3516 2095 remissionem

248 2145 632 2190 consecuturos
659 2146 855 2201 negare
883 2130 1162 2186 videatur?
1191 2127 1297 2183 Sed
1324 2127 1429 2182 hoc
1452 2134 1613 2195 negat
1640 2126 1927 2194 Maximus,
1980 2125 2405 2195 redemptionem
2434 2125 2593 2179 aliam
2625 2136 2747 2195 post
2785 2128 3090 2197 passionem
3132 2130 3328 2185 Christi
3374 2132 3516 2187 futu~

249 2240 403 2289 ram;
435 2241 535 2279 non
565 2232 723 2291 negat
749 2222 1125 2277 remissionem
1154 2226 1499 2289 peccatorum
1527 2216 1924 2271 concedendam
1948 2215 2143 2271 virtute
2182 2216 2447 2282 passionis
2474 2215 2693 2282 Christi,
2718 2219 2810 2287 qui
2850 2235 2951 2274 nos
2988 2223 3237 2290 passione
3266 2224 3379 2293 ipsa
3419 2240 3515 2279 sua

246 2316 495 2369 redemit.
528 2314 603 2369 Eo
630 2324 804 2368 tamen
828 2328 951 2371 esse
980 2312 1329 2380 indigniorem
1361 2309 1527 2374 illum,
1559 2307 1651 2377 qui
1672 2314 1797 2377 post
1822 2306 2020 2363 Christi
2050 2307 2355 2377 passionem
2382 2308 2781 2377 praevaricator,
2813 2324 2920 2377 quo
2952 2326 3175 2380 peccare
3204 2312 3255 2365 in
3285 2327 3407 2366 eum
3447 2314 3519 2368 sit

242 2422 439 2468 ausus,
468 2406 553 2473 qui
581 2402 878 2458 redimendi
907 2401 1127 2455 humani
1156 2397 1368 2467 generis
1396 2411 1579 2461 causa,
1625 2396 1939 2463 sanguinem
1968 2394 2179 2450 fuderit.
2213 2389 2473 2449 Sermone
2502 2392 2591 2457 18,
2624 2410 2746 2465 pag.
2778 2394 2885 2449 442
2915 2414 2929 2451 :
2961 2397 3150 2454 Merito
3180 2417 3295 2465 nos,
3322 2399 3514 2469 inquit,

241 2496 386 2548 hunc
416 2493 808 2565 (quadraginta)
839 2492 1039 2545 dierum
1067 2505 1333 2543 numerum
1379 2486 1637 2541 custodire
1682 2484 1921 2539 debemus
1942 2486 2181 2556 jejuniis,
2209 2502 2355 2556 quem
2402 2502 2494 2555 per
2521 2482 2648 2538 talia
2692 2486 2928 2557 exempla
2970 2485 3185 2558 (Christi
3234 2489 3516 2558 imprimis)

242 2584 471 2653 legimus
495 2590 867 2637 consecratum.
900 2580 982 2635 Ex
1010 2581 1093 2634 his
1131 2594 1250 2648 qua:
1284 2586 1409 2633 sunt
1451 2578 1711 2632 hactenus
1749 2576 2018 2645 descripta
2045 2576 2192 2643 locis
2208 2577 2549 2649 perspicere‘
2562 2578 2787 2646 quisque
2836 2588 3033 2649 potest,
3067 2580 3376 2649 Maximum,
3410 2599 3516 2639 non

240 2690 368 2728 esse
400 2674 746 2729 institutionis
775 2673 1020 2725 humanm
1042 2668 1303 2738 jejunium
1332 2666 1809 2736 quadragesimale.
1841 2666 1936 2720 sed
1958 2666 2191 2720 omlcstis
2214 2666 2510 2735 majestatis
2538 2683 2633 2721 seu
2662 2666 2915 2723 divinitus
2942 2670 3216 2724 constituti
3244 2673 3516 2742 praecepti,

241 2767 501 2831 aientem,
534 2781 637 2820 non
668 2765 743 2817 ita
788 2776 975 2831 presse
1005 2768 1334 2828 angusteque
1361 2758 1527 2827 loqui,
1568 2766 1629 2811 ut
1657 2756 1787 2811 illud
1817 2756 2115 2827 imperante
2164 2756 2277 2811 Deo
2310 2758 2657 2813 constitutum
2684 2776 2698 2824 ;
2729 2758 2824 2813 sed
2870 2759 2943 2812 ita
2987 2759 3269 2826 disserere,
3304 2768 3363 2814 ut
3391 2761 3519 2817 illud

242 2856 428 2922 ipsum
456 2856 723 2909 inductum
754 2852 969 2915 indicet,
995 2850 1149 2920 jussu
1176 2849 1433 2905 Ecclesia:
1469 2847 1754 2919 praesidum
1795 2856 1920 2919 apte
1960 2846 2027 2902 ad
2068 2849 2311 2917 exempla
2354 2847 2571 2913 Christi,
2603 2851 2695 2919 qui
2740 2849 2928 2905 diebus
2966 2850 3189 2904 totidem
3228 2834 3519 2917 jejunarat.

243 2944 429 3012 Atque
453 2947 551 2999 hoc
576 2945 666 2998 ille
691 2950 872 3013 pacto,
902 2957 1005 2994 non
1035 2947 1144 2992 tam
1172 2938 1498 2993 sacerdotum
1523 2947 1857 3009 praeceptum,
1890 2936 1942 2991 id
1970 2935 2101 2991 dicit
2127 2952 2266 2999 esse,
2297 2954 2451 3008 quam
2494 2935 2610 3000 Dei,
2660 2938 2802 3007 quod
2831 2940 2918 3009 qui
2946 2940 3169 3009 spernit,
3210 2954 3313 2992 non
3342 2955 3521 2992 saces:-

236 3034 422 3085 dotem
448 3042 673 3101 spernat,
705 3030 795 3084 sed
824 3028 1104 3090 Christum,
1127 3028 1215 3097 qui
1244 3027 1299 3079 in
1326 3042 1419 3078 suo
1447 3024 1669 3097 loquitur
1700 3024 1983 3078 sacerdote.
2013 3022 2211 3077 Verum
2240 3025 2291 3078 id
2311 3024 2501 3094 jejunii
2531 3039 2699 3092 genus
2727 3041 2836 3095 pra:
2865 3027 3074 3080 caeteris
3100 3042 3355 3096 perquam
3396 3027 3520 3082 dili-

235 3131 440 3188 genter
463 3131 618 3191 atque
645 3135 836 3175 severe
864 3117 1143 3174 colendum
1173 3125 1331 3184 atque
1357 3115 1766 3170 custodiendum
1796 3129 1933 3178 esse,
1968 3122 2171 3177 monet,
2215 3115 2357 3183 quod
2388 3116 2637 3184 exemplo
2677 3117 2748 3171 sit
2794 3124 3167 3172 consecratum
3219 3116 3522 3174 Servatoris

234 3210 461 3275 generis
484 3210 722 3271 humani,
748 3216 858 3277 quo
879 3208 1023 3274 tque,
1049 3212 1108 3259 ut
1132 3203 1347 3259 aliunde
1375 3210 1606 3267 constat,
1650 3211 1836 3258 sancte
1881 3202 2037 3257 fuerit
2065 3218 2280 3273 semper
2315 3204 2369 3258 in
2410 3205 2541 3260 orbe
2580 3205 2887 3261 Christiano
2917 3206 3084 3279 [om]
3114 3215 3383 3265 servatum
3408 3208 3533 3276 jam
3564 3268 3569 3275 ,

238 3310 422 3363 usque
448 3297 511 3351 ab
537 3296 905 3366 apostolorum
932 3294 1263 3363 temporibus
1303 3292 1397 3361 (b).
1432 3292 1789 3346 Dubitandurit
1833 3308 1996 3363 porro
2023 3310 2128 3348 non
2158 3302 2259 3359 est,
2290 3294 2418 3363 quin
2464 3304 2622 3351 astate
2664 3296 2882 3353 Maximi
2928 3298 2998 3353 ad
3044 3298 3172 3353 illud
3215 3306 3523 3354 tenerentur

240 3386 439 3441 fideles
466 3390 555 3458 (c),
589 3397 647 3443 ut
676 3404 743 3441 eo
772 3388 978 3441 dierum
1009 3384 1363 3454 quadraginta
1394 3385 1678 3439 intervallo
1719 3386 1818 3440 sibi
1860 3388 1927 3441 ab
1968 3402 2060 3441 esu
2082 3378 2352 3452 carnium,
2387 3395 2767 3458 temperarent.
2796 3387 3057 3443 Sermone
3105 3390 3247 3443 enim
3278 3387 3364 3449 l8,
3395 3400 3518 3457 pag.

212 3472 215 3475 ’
238 3475 352 3530 “3
387 3496 401 3531 :
432 3477 492 3531 In
519 3479 598 3531 Itis
628 3479 887 3544 pra'cipue
917 3476 1109 3541 diebus,
1137 3477 1326 3545 inquit,
1352 3475 1423 3528 ad
1442 3474 1754 3545 implendam
1794 3474 2006 3529 Domini
2041 3476 2355 3529 voluntatem
2381 3480 2747 3541 accendamur,
2772 3476 2976 3549 quando
2997 3478 3221 3530 maxime
3243 3492 3334 3545 per
3364 3475 3520 3528 absti-

238 3569 479 3621 nendum
504 3568 740 3636 voluptas
771 3566 945 3618 carnis
968 3566 1445 3636 exstinguitur......
1478 3563 1584 3617 Sed
1609 3573 1659 3617 et
1676 3564 1769 3617 illa
1796 3573 1873 3617 est
1903 3562 2332 3635 Quadragesimte
2360 3565 2537 3619 diebus
2565 3566 2781 3636 grandis
2806 3566 3035 3631 utilitas,
3058 3566 3193 3634 quod
3220 3566 3339 3619 dum
3367 3566 3521 3620 etiam

239 3674 274 3705 α
300 3657 466 3711 licitis
492 3658 827 3715 abstinemus,
861 3654 1027 3724 magis
1051 3670 1111 3707 ac
1138 3654 1304 3724 magis
1326 3652 1660 3706 admonemur
1686 3653 1869 3710 illicita
1898 3654 2073 3705 vitare.
2112 3653 2211 3716 Qui
2235 3656 2372 3707 enim
2396 3652 2708 3707 abstinemus
2728 3670 2824 3708 nos
2849 3670 2881 3707 a
2904 3653 3162 3719 carnibus,
3192 3651 3383 3725 quibus‘
3405 3652 3521 3708 aliis

237 3744 425 3800 debus
448 3749 519 3800 uti
543 3747 694 3809 licet;
724 3746 811 3815 qui
842 3759 933 3796 nos
959 3742 1269 3797 abstinemus
1292 3760 1324 3795 a
1360 3744 1497 3806 vino,
1528 3759 1627 3813 quo
1666 3743 1927 3797 moderate
1956 3747 2029 3798 uti
2050 3730 2194 3809 licet;
2218 3746 2303 3816 qui
2341 3762 2464 3817 ergo
2488 3748 2589 3799 ista
2618 3747 2854 3808 vitamus,
2886 3762 3001 3817 quae
3037 3746 3313 3817 aliquando
3344 3746 3520 3813 licent,

238 3832 505 3901 imprimis
530 3846 742 3906 peccata
773 3837 1057 3906 fugiamus,
1086 3852 1197 3907 qua:
1224 3838 1433 3890 omnino
1462 3852 1565 3889 non
1595 3835 1765 3888 licent.
1798 3835 1929 3889 Nam
1957 3838 2002 3891 si
2046 3838 2165 3892 aliis
2196 3840 2530 3908 temporibus
2572 3838 2649 3893 uti
2677 3840 2872 3908 cuique
2914 3838 3106 3893 licebat
3130 3840 3397 3903 carnibus,
3429 3838 3523 3893 illo

237 3932 434 3977 contra
456 3940 562 3978 non
596 3925 822 3989 licebat;
848 3933 901 3979 et
926 3925 1053 3993 quid
1075 3926 1179 3978 erit
1206 3940 1543 3992 consequens
1583 3924 1683 3977 nisi
1708 3930 1764 3977 ut
1793 3931 1919 3979 tunc
1946 3924 2081 3992 lege,
2114 3941 2208 3980 seu
2233 3934 2500 3996 praecepto
2525 3927 2774 3982 astrictos
2802 3925 2988 3989 ﬁdeles
3015 3925 3212 3981 Christi
3252 3926 3432 3991 fuisse,
3462 3935 3526 3980 ut

239 4028 309 4065 ne
340 4017 593 4070 carnibus
621 4024 987 4070 vescerentur.
1024 4016 1094 4070 De
1119 4016 1241 4070 vino
1272 4032 1377 4070 non
1410 4017 1482 4069 ita
1511 4015 1700 4070 scribit
1726 4024 1944 4072 sanctus
1972 4018 2255 4088 episcopus
2277 4026 2336 4072 ut
2374 4018 2442 4073 de
2465 4018 2735 4072 carnibus.
2766 4017 2883 4072 Non
2912 4017 3054 4072 enim
3084 4017 3215 4072 dicit
3251 4026 3373 4070 tunc
3413 4030 3521 4071 non

239 4100 422 4165 licere,
450 4103 553 4157 hoc
572 4104 702 4157 dicit
732 4110 938 4155 tantum
974 4121 986 4154 :
1014 4120 1110 4175 quo
1138 4103 1399 4157 moderate
1426 4106 1500 4157 uti
1530 4104 1669 4157 licet.
1706 4102 1844 4169 Quin
1874 4106 2035 4159 etiam
2065 4120 2227 4161 serm.
2271 4105 2360 4172 25,
2391 4121 2512 4177 pag.
2542 4105 2664 4173 457,
2690 4123 2784 4163 eos
2809 4109 2900 4176 qui
2941 4107 3358 4177 Quadrageslma
3380 4108 3522 4177 jeju-

242 4198 400 4252 nant,
426 4193 595 4244 virium
624 4195 761 4262 forte
781 4209 881 4244 non
916 4190 1103 4245 bibere.
1130 4195 1197 4247 Τὸ
1227 4194 1357 4262 forte
1384 4193 1515 4245 satis
1541 4192 1759 4255 indicat,
1793 4193 1843 4246 id
1875 4209 1982 4248 non
2011 4194 2175 4250 fuisse
2199 4196 2571 4265 praescriptum
2599 4195 2735 4263 lege.

312 4279 649 4349 Jejnniorum
678 4300 845 4353 porro
876 4270 1204 4352 temporibus
1228 4282 1560 4339 Christianos
1594 4284 1704 4352 jam
1736 4301 1765 4338 a
1795 4287 1971 4355 primo
1999 4288 2236 4342 diluculo
2264 4287 2331 4342 ad
2360 4286 2648 4343 Ecclesiam
2690 4288 3006 4343 convenisse
3035 4295 3225 4352 cmtus,
3267 4288 3369 4343 hoc
3404 4295 3509 4342 sta-

243 4376 411 4431 tionis
448 4378 710 4432 babendze
740 4392 922 4440 causa,
955 4392 1023 4431 ex
1051 4392 1298 4431 sermone
1338 4377 1526 4431 eodem
1556 4377 1643 4443 25,
1675 4393 1798 4447 pag.
1832 4377 1956 4443 485,
2004 4380 2224 4447 intelligi
2254 4380 2413 4448 plane
2440 4386 2634 4448 potest.
2669 4378 2777 4432 Nisi
2807 4379 2947 4433 enim
2979 4379 3052 4432 ita
3082 4386 3256 4445 esset,
3288 4393 3393 4432 non
3423 4392 3518 4433 eos
3598 4394 3610 4403 “

243 4464 587 4533 redargueret
614 4473 833 4519 sanctus
859 4464 1067 4529 doctor,
1099 4467 1187 4533 qui
1216 4480 1371 4520 secus
1400 4480 1558 4533 agere
1586 4468 1862 4521 auderent.
1896 4467 2054 4537 Atqui
2078 4469 2154 4537 (ά)
2186 4486 2199 4521 :
2232 4470 2311 4522 An
2341 4470 2530 4538 putatis
2550 4509 2563 4531 ,
2596 4468 2759 4538 inquit
2784 4509 2799 4532 ,
2826 4470 2971 4522 illum
3004 4470 3277 4540 jejunare,
3307 4472 3516 4540 fratres,

246 4552 331 4619 qui
358 4555 523 4618 primo
552 4567 811 4607 DlLUCl‘LO
850 4567 950 4607 uox
988 4568 1056 4606 AD
1094 4552 1390 4607 Eccuzsun
1421 4570 1649 4619 Vtetur,
1692 4572 1794 4608 non
1826 4555 2089 4611 beatorum
2136 4568 2419 4627 martyrum
2468 4558 2582 4612 loca
2622 4568 2803 4612 sancta
2851 4560 3119 4627 perquirit.
3169 4560 3259 4613 sed
3302 4577 3515 4630 surgens

323 4706 399 4773 ta)
428 4705 551 4762 Haec
573 4722 640 4761 eo
660 4714 927 4775 spectant,
958 4722 1062 4760 non
1091 4715 1153 4761 ut
1192 4716 1433 4775 negetur,
1462 4710 1711 4763 esuriisse
1744 4724 1829 4763 re-

255 4788 373 4845 vera
400 4775 666 4831 Christum
687 4818 703 4839 ,
732 4776 827 4830 sed
857 4786 916 4829 ut
962 4775 1224 4831 indicetur
1249 4793 1371 4832 eum
1414 4777 1531 4845 plus
1577 4778 1827 4832 esuriisse

257 4844 475 4924 salutem
521 4847 820 4924 hom_i_nuns_
854 4860 1014 4924 quam
1067 4844 1498 4924 cibum.MSimile
1553 4848 1824 4924 quidpiam

261 4910 510 4984 Maximus
552 4916 742 4969 scribit
787 4910 1055 4969 de'Petro
1083 4930 1244 4968 serm.
1270 4914 1365 4977 68,
1399 4929 1519 4984 pag.
1551 4910 1697 4968 574(
1722 4916 1827 4970 Sed

261 4994 374 5046 pato
416 4982 627 5039 Petrum
655 4992 771 5052 post
810 4984 1098 5037 orationem
1127 5000 1229 5038 non
1267 4982 1435 5038 cibum
1458 4986 1699 5039 esuriisse
1736 4988 1827 5039 lio-

266 5052 462 5123 miauns,
486 5054 572 5105 sed
600 5053 849 5123 salutem;
877 5068 969 5105 nec
988 5053 1162 5123 inedia
1183 5064 1417 5123 vexatum
1442 5070 1552 5107 esse
1572 5058 1820 5123 corporis,

266 5118 346 5169 sed
372 5122 541 5189 inopia
580 5121 900 5175 credentium
947 5120 1228 5189 laborasse.
1254 5122 1384 5188 Quis
1423 5132 1602 5177 autem
1644 5118 1825 5177 existi-

267 5197 363 5240 met
414 5192 800 5261 nonesuriisse
846 5204 1034 5261 revera
1066 5188 1301 5245 Petrum.
1333 5191 1437 5245 Sed
1468 5193 1609 5260 quod
1639 5196 1824 5261 prmci-

271 5270 359 5377 plne
402 5260 544 5313 cordi
586 5260 749 5314 Petro
780 5268 918 5323 erat,
952 5260 1003 5313 id
1052 5262 1271 5329 perinde
1310 5264 1563 5315 esuriisse
1610 5261 1823 5316 Petrum

317 5329 508 5377 nimus
533 5330 935 5377 animadvertit-
966 5344 1031 5377 ac
1056 5330 1100 5377 si
1124 5329 1313 5377 Petrus
1342 5332 1479 5377 idem
1512 5332 1687 5377 cihmn
1720 5348 1823 5377 nnn

317 5329 508 5383 arimos
533 5330 935 5395 animadvertit,
966 5344 1031 5384 ac
1056 5330 1101 5383 si
1123 5329 1313 5385 Petrus
1340 5332 1479 5386 idem
1512 5332 1687 5386 cibum
1720 5348 1823 5387 non

274 5397 510 5451 esurit-rit.

333 5466 399 5539 (ἐξ)
430 5465 549 5539 Hinc
602 5468 871 5523 Maximus
897 5484 1058 5522 serm.
1092 5467 1308 5539 26pag.
1342 5468 1465 5531 461,
1492 5478 1543 5522 et
1575 5470 1822 5539 exemplo

273 5533 438 5590 ausu
456 5538 628 5605 juberi
670 5538 1135 5607 quadragesimale
1161 5533 1457 5605 jejunium,
1490 5549 1545 5593 et
1574 5533 1820 5592 traditum

275 5619 375 5658 esse
397 5612 709 5664 auctoritate
737 5608 999 5674 Inajormn
1028 5608 1227 5662 scribit.
1260 5612 1486 5663 l‘eccarc
1518 5618 1694 5661 autem
1728 5626 1820 5662 eos

281 5678 488 5744 illinunt,
532 5682 626 5748 qui
658 5678 1092 5745 Quadrngcsimm
1124 5688 1363 5747 tempore
1412 5694 1516 5732 non
1557 5678 1815 5746 jejunum,

1965 4710 2082 4781 uod
2099 4710 2150 4764 id
2178 4711 2247 4764 sit
2276 4710 2392 4778 lege
2421 4709 2674 4781 indictum
2702 4709 2983 4781 jejunium.
3018 4710 3173 4775 lbid.,
3220 4726 3342 4781 pag.
3371 4712 3512 4767 462:

1928 4725 2070 4832 quoa
2099 4725 2150 4764 tu
2178 4725 2247 4764 sst
2276 4725 2392 4778 tege
2421 4725 2674 4763 moretum
2702 4725 2983 4777 jejunium.
3020 4725 3173 4775 ltnu.,
3220 4726 3342 4781 pag.
3371 4725 3512 4767 tot:

1966 4797 1997 4831 n
2047 4779 2457 4848 Quadragesima
2504 4795 2606 4831 non
2644 4780 2911 4849 jejunare,
2959 4788 3223 4849 peccatum
3269 4792 3362 4835 est.
3413 4780 3517 4836 Illa

1921 4849 2125 4918 jejunio
2171 4847 2396 4918 (dierum
2436 4847 2840 4918 quinquaginta)
2882 4847 3002 4901 sunt
3046 4851 3366 4910 voluntaria,
3410 4852 3515 4905 ista

1928 4916 2236 4990 necessaria.
2273 4916 2377 4970 Illa
2405 4916 2711 4990 de‘arbitrio
2749 4916 2986 4990 veniunt,
3029 4921 3231 4990 ista‘de
3272 4920 3408 4990 lege;
3440 4922 3511 4974 ad

1928 4987 2020 5039 illa
2042 4988 2338 5057 invitamur,
2378 4987 2448 5039 ad
2478 4987 2575 5039 ista
2606 4988 2974 5055 compellimur.
3018 4988 3095 5041 Ac
3120 4988 3188 5043 de
3215 4987 3510 5057 apoStelica

1930 5056 2263 5126 institutione
2283 5056 2753 5124 quadragesimalis
2768 5056 2956 5123 jejunii
2981 5058 3219 5124 pluribus
3238 5056 3346 5126 agit
3367 5058 3513 5113 Guil-

1933 5125 2020 5177 lel.
2066 5124 2386 5192 Beveregius
2412 5127 2500 5179 lib.
2546 5142 2599 5179 ιιι
2638 5126 3117 5181 Vindiciar.Codic.
3150 5124 3336 5181 canon.
3366 5127 3509 5182 Eccl.

1930 5196 2219 5266 primitigaa,
2249 5190 2367 5266 cap'.
2402 5194 2426 5247 1
2462 5209 2633 5266 seqq,
2674 5204 2803 5249 tom.
2836 5196 2879 5251 ll
2908 5197 3248 5266 Apostolicor.
3272 5196 3512 5264 Patrum,

1932 5209 2219 5263 ργιηιιιιυιε,
2249 5211 2367 5264 cap.
2402 5209 2426 5247 ι
2462 5209 2633 5317 εεᾟιη

1932 5278 2052 5332 pag.
2088 5263 2190 5317 154
2217 5265 2344 5318 edit.
2380 5279 2466 5316 an.
2503 5265 2524 5315 1
2574 5265 2661 5318 22.

2004 5334 2075 5403 (ε)
2109 5333 2240 5386 Nam
2266 5334 2509 5388 universe
2533 5334 2765 5403 loquitur
2786 5334 3067 5397 Maximus,
3090 5350 3265 5403 neque
3284 5350 3513 5403 usquam

1930 5401 2077 5463 dicit,
2104 5404 2154 5456 id
2175 5403 2489 5470 quibusdam
2514 5401 2719 5457 tantum
2752 5404 3003 5458 Ecclesiis
3032 5401 3193 5458 fuisse
3220 5401 3510 5470 peculiare.

2003 5472 2080 5539 (ά)
2112 5471 2308 5543 Confer
2338 5473 2499 5527 etiam
2541 5488 2847 5528 sermonem
2874 5473 2961 5537 ~26,
2993 5488 3113 5543 pag.
3141 5471 3273 5537 ‘62,
3295 5473 3384 5526 ubi
3414 5486 3513 5528 eo-

1927 5556 2045 5610 rum
2074 5541 2163 5609 qui
2193 5551 2401 5596 oratum
2435 5543 2485 5593 in
2527 5544 2805 5599 ecclesiam
2852 5541 3242 5598 conveniebant
3272 5551 3515 5610 tempore

1920 5609 2243 5678 jejuniornm
2274 5612 2533 5665 rnemiuit.
