3898 6226
466 373 490 427 1
508 368 573 428 19
1861 368 2242 430 ΡΒᾸΞῈΑΤῙΟ.
3665 361 3686 414 ί
3700 364 3761 415 '30

467 499 740 560 congregat
767 492 1011 558 servulos,
1043 493 1270 562 disponit
1287 493 1435 556 retia,
1466 507 1618 545 canes
1648 488 1901 560 producit,
1936 490 2100 543 saltus
2127 491 2380 562 silvasque
2398 488 2707 560 perlustrat;
2732 486 2976 554 servulos,
3007 487 3238 558 inquam,
3260 497 3433 537 secum
3473 480 3754 552 pertralnt,

465 576 685 632 fortasse
711 581 876 651 magis
904 598 973 636 so
1001 596 1290 638 ECCLESIAI
1317 596 1509 635 reuma
1538 594 1850 644 CUPIENTES,
1879 587 1984 633 etc.

536 667 616 721 Ad
647 683 927 738 vesperam
953 669 1202 738 denique,
1226 686 1321 726 seu
1341 670 1644 724 declinante
1674 669 1807 734 sole,
1822 668 2136 737 jejunantes
2156 669 2335 724 cibum
2355 684 2568 726 sumere
2589 683 2909 734 consuesse,
2953 667 3268 735 intelligitur
3311 680 3377 720 ex
3407 665 3605 720 eodem
3634 668 3753 735 ipso

461 773 731 825 sermone,
762 771 882 828 pag.
919 756 1020 812 458
1048 775 1185 830 seq.,
1216 774 1323 828 quo
1349 760 1468 815 loco
1498 759 1776 824 Maximus,
1809 775 1905 814 eos
1933 760 2252 827 redarguere
2270 774 2494 830 pergens
2515 761 2607 831 qui
2636 769 2744 814 tam
2774 759 3056 814 immodice
3083 766 3278 812 venatu
3305 758 3751 813 delectarentur:

466 845 731 914 Quamvis,
763 849 952 920 inquit,
981 850 1066 921 qui
1093 848 1344 920 ejusmodi
1373 865 1445 914 es,
1480 850 1660 920 frater,
1694 863 1929 903 vespam
1959 850 2028 901 ad
2055 849 2264 904 domum
2303 851 2515 914 redeas,
2546 850 2774 919 quamvis
2803 863 3132 902 DEGLINANTE
3160 864 3256 901 ms
3286 863 3416 902 sou
3447 863 3746 910 IANDCCES,

464 947 607 1007 potes
635 939 794 993 videri
838 941 1036 993 tardius
1082 942 1354 1010 refecisse,
1404 957 1507 994 non
1540 949 1710 994 tamen
1741 939 1967 995 Domino
1985 940 2284 1011 jejunasse;
2317 958 2410 995 nec
2438 943 2576 995 enim
2613 948 2754 1011 potes
2795 938 2962 993 videri
2988 937 3295 1008 voluptatem
3338 949 3474 991 tuam
3501 953 3750 992 exercens

465 1029 649 1099 fecisse
677 1027 884 1082 Domini
910 1029 1236 1082 voluntatem.

533 1116 744 1173 XXXV.
777 1117 1156 1181 Tcrtullianus,
1188 1117 1322 1170 libro
1351 1117 1417 1169 de
1443 1116 1647 1170 Corona
1666 1118 1853 1182 militis
1873 1161 1887 1186 ,
1915 1135 2035 1188 cap.
2070 1120 2122 1186 3,
2152 1133 2272 1188 pag.
2307 1119 2413 1173 102
2448 1120 2576 1192 edit.
2607 1136 2756 1190 oper.
2785 1121 3003 1176 Venetae
3029 1137 3117 1175 an.
3152 1119 3308 1184 1744,
3342 1118 3441 1172 Die
3463 1120 3751 1183 dominico,

461 1208 656 1278 inquit,
680 1207 936 1278 jejunium
965 1207 1115 1275 nefas
1137 1203 1585 1280 [cxdeucimus
1613 1206 1690 1258 vel
1718 1207 1783 1258 de
1808 1208 2062 1276 geniculis
2088 1208 2328 1262 adorare.
2356 1207 2552 1262 Eadem
2579 1209 2903 1264 immunitate
2923 1228 2953 1264 a
2975 1212 3056 1264 die
3077 1210 3298 1264 Pascha
3318 1211 3371 1262 in
3408 1207 3754 1264 Pentecosteu

462 1313 621 1367 usque
648 1297 947 1367 gaudemus.
977 1293 1093 1349 lloc
1123 1295 1260 1348 idem
1290 1305 1556 1349 memorat
1583 1295 1811 1378 Basilius
1849 1297 2071 1366 Magnus
2101 1300 2152 1353 in
2184 1315 2249 1354 eo
2279 1301 2414 1355 libro
2441 1317 2603 1372 quem
2633 1302 2901 1372 inscripsit
2940 1303 3004 1356 de
3045 1301 3246 1372 Spiritu
3275 1310 3474 1365 sancto,
3503 1316 3626 1370 cap.
3660 1300 3752 1363 9.7,

465 1403 611 1441 num.
642 1385 728 1450 66,
761 1393 889 1439 tom.
931 1384 998 1438 ill
1036 1395 1188 1453 oper.
1221 1383 1348 1437 edit.
1384 1382 1552 1438 Paris.
1585 1401 1677 1438 an.
1710 1382 1866 1451 1750,
1899 1387 2060 1457 idque
2087 1388 2244 1442 docet
2293 1390 2577 1445 traditione
2607 1390 2671 1444 ad
2706 1406 2804 1448 nos
2839 1406 3004 1460 usque
3030 1404 3371 1460 permanasse
3390 1389 3502 1457 jam
3529 1389 3655 1443 inde
3685 1391 3756 1444 ab

464 1479 831 1546 apostolorum
859 1476 1214 1544 temporibus.
1248 1473 1314 1528 In
1335 1475 1432 1530 hoc
1459 1475 1544 1530 die
1572 1474 1801 1547 (scilicet
1822 1477 2113 1546 dominico)
2145 1478 2334 1546 inquit,
2361 1477 2598 1533 Ecclesia
2626 1496 2747 1534 suos
2767 1480 3008 1533 alumnas
3029 1479 3180 1532 docet
3204 1494 3380 1546 preces
3407 1493 3532 1530 suas
3562 1481 3755 1531 stando

463 1568 740 1632 absolvere,
770 1576 826 1621 ut
872 1568 1084 1621 assidua
1130 1567 1527 1622 commonitione
1572 1571 1689 1623 vita
1731 1570 1874 1623 illius
1914 1585 2172 1633 nunquam
2218 1571 2480 1635 desitum,
2529 1587 2633 1624 non
2681 1570 2999 1641 negligamus
3047 1585 3116 1621 aa
3160 1584 3274 1620 eam
3318 1567 3753 1637 demigratianem

461 1673 653 1730 parare
681 1658 939 1712 viaticum.
973 1653 1110 1719 Quin
1151 1664 1201 1707 et
1239 1664 1402 1709 totum
1427 1656 1558 1710 illud
1584 1659 1959 1728 quinquaginta
1988 1660 2185 1711 dierum
2217 1670 2412 1727 tempus
2440 1660 2725 1713 admonitio
2764 1667 2841 1713 est
2867 1658 3274 1721 resurrectionis,
3309 1673 3462 1727 quam
3503 1657 3558 1709 in
3585 1660 3757 1710 altera

461 1747 652 1802 «ecula
680 1755 1055 1816 exspectamus.
1089 1742 1233 1798 Nam
1259 1761 1394 1799 unus
1423 1746 1511 1801 ille
1539 1757 1588 1802 et
1611 1750 1809 1816 primus
1837 1750 1947 1803 dies
1975 1750 2162 1819 septies
2209 1749 2576 1820 multiplicatus
2605 1760 2795 1820 septem
2823 1766 2989 1804 sacrce
3026 1748 3354 1802 Pentecostes
3395 1747 3758 1800 hebdomadas

461 1840 678 1896 absolvit
704 1881 716 1893 .
746 1881 759 1893 .
789 1880 802 1893 .
831 1869 884 1908 .;.
914 1879 923 1892 .
957 1856 1056 1911 quo
1081 1837 1134 1892 in
1163 1839 1250 1892 die
1287 1839 1520 1908 corporis
1545 1851 1716 1895 erecto
1757 1842 1932 1894 habitu
1979 1844 2183 1912 precari
2224 1846 2394 1912 potius
2435 1859 2530 1897 nos
2570 1841 2821 1897 Ecclesia:
2860 1843 2992 1895 ritus
3037 1842 3352 1904 docuerunt,
3382 1841 3629 1892 nimirum
3665 1857 3757 1907 per

461 1933 743 1987 evidentem
771 1927 1239 1997 commonitionem,
1271 1932 1420 2002 quasi
1449 1934 1818 2002 transferentes
1846 1945 2066 1987 mentem
2092 1945 2322 1989 nostram
2351 1953 2383 1989 a
2407 1932 2744 2007 praesentibus
2779 1936 2846 1987 ad
2869 1936 3062 2005 futura,
3094 1943 3196 1988 etc.
3225 1931 3426 1986 Eodem
3459 1931 3752 1985 revolvun-

464 2031 549 2076 tur
575 2036 696 2090 qua:
721 2021 906 2076 scribit
935 2019 1294 2091 Hieronymus
1323 2017 1535 2090 Dialog.
1582 2020 1827 2074 adversus
1860 2021 2241 2092 Luciferianos,
2269 2039 2389 2094 pag.
2437 2023 2526 2088 96,
2559 2033 2689 2078 tom.
2721 2021 2764 2076 ll
2795 2039 2945 2092 oper.
2979 2023 3107 2078 edit.
3154 2019 3296 2090 Lips.
3331 2037 3416 2074 an.
3451 2019 3610 2074 1684.
3648 2019 3756 2073 Sed

463 2111 652 2166 Patres
691 2125 909 2171 omnes,
941 2107 1378 2179 synodorumque
1407 2110 1508 2164 hac
1536 2109 1604 2162 de
1630 2123 1688 2162 re
1728 2118 1844 2163 acta
1875 2128 2299 2168 commemorare
2353 2132 2458 2168 non
2514 2122 2688 2167 vacat.
2734 2109 2847 2167 Hoc
2886 2113 3095 2177 dicam,
3137 2111 3358 2177 hujusce
3399 2110 3534 2163 ritus
3561 2114 3758 2177 quinto

463 2201 593 2256 item
620 2199 818 2255 saeculo
849 2197 1076 2267 vigentis
1105 2196 1295 2252 fecisse
1324 2197 1614 2251 Maximum
1635 2201 1960 2254 mentionem
1988 2202 2204 2256 homilia
2237 2203 2326 2268 6|,
2356 2219 2476 2272 pag.
2502 2203 2595 2255 191
2632 2219 2773 2271 seq.,
2803 2203 2890 2256 ubi
2917 2221 2930 2254 :
2957 2200 3104 2255 Scire
3134 2200 3301 2264 debet,
3333 2200 3526 2267 inquit,
3554 2199 3754 2251 sancti-

464 2301 546 2344 tas
575 2299 764 2352 vestra,
795 2290 1007 2359 fratres,
1041 2287 1177 2339 hanc
1204 2303 1408 2339 sacram
1443 2287 1771 2341 Pentecostes
1811 2290 1946 2342 diem
1985 2308 2084 2359 qua
2131 2295 2330 2346 ratione
2375 2311 2630 2356 curemus,
2671 2295 2749 2347 vel
2776 2311 2866 2348 cur
2906 2295 3122 2346 istorum
3150 2289 3523 2361 quinquaginta
3552 2289 3756 2342 dierum

465 2397 676 2433 nuntero
705 2379 772 2432 sit
798 2375 945 2432 nobis
966 2377 1131 2447 jugis,
1159 2385 1206 2429 et
1233 2377 1534 2429 continuata
1563 2378 1830 2447 festivitas,
1851 2379 1923 2431 ita
1936 2389 1989 2431 ut
2006 2382 2144 2434 omni
2165 2391 2390 2451 tempore
2413 2399 2571 2452 neque
2593 2383 2660 2434 ad
2676 2382 3045 2436 observandum
3061 2380 3348 2433 indicamus
3362 2378 3759 2448 jejunia,neqne

467 2471 536 2523 ad
555 2468 880 2522 exorandum
909 2465 1073 2520 Deum
1093 2464 1305 2535 genibus
1324 2466 1664 2529 succidantus,
1699 2467 1789 2520 sed
1813 2470 1942 2521 sicut
1970 2469 2228 2522 dominica
2261 2471 2481 2523 solemus
2511 2473 2679 2540 facere
2719 2472 2872 2524 erecti
2905 2471 2979 2538 (a)
3013 2479 3062 2523 et
3100 2469 3273 2539 feriati
3329 2469 3756 2520 resurrectionem

467 2560 783 2612 dominicam
809 2557 1139 2611 celebremus.
1175 2597 1186 2610 .
1224 2597 1236 2609 .
1271 2556 1566 2620 Damiuica,
1589 2559 1733 2628 cujus
1756 2558 1903 2613 nobis
1930 2561 2047 2614 ideo
2099 2562 2401 2615 venerabilis
2431 2573 2504 2614 est
2535 2571 2684 2631 atque
2714 2562 2954 2616 solemnis
2981 2560 3158 2626 (dies),
3183 2563 3300 2629 qu'a
3321 2561 3373 2611 in
3397 2576 3456 2612 ea
3491 2558 3760 2616 Salvator.

469 2648 620 2701 veluti
651 2649 730 2701 sol
754 2649 944 2711 oriens,
977 2648 1227 2700 discussis
1254 2649 1538 2718 inferorum
1569 2648 1806 2710 tenebris,
1851 2649 1962 2702 luce
1992 2650 2380 2703 resurrectionis
2409 2651 2646 2712 emicuit;
2679 2667 2740 2702 ac
2767 2659 3034 2718 propterea
3078 2650 3189 2716 ipsa
3218 2649 3330 2699 dies
3371 2646 3434 2698 ab
3465 2647 3762 2699 hominibus

469 2738 645 2792 sweuli
675 2737 782 2789 dies
804 2736 927 2790 solis
955 2737 1163 2798 dicitur,
1193 2737 1330 2806 quod
1353 2747 1496 2790 artus
1523 2753 1637 2790 eam
1664 2737 1743 2790 sol
1775 2738 1994 2807 justitia:
2021 2735 2256 2790 Christus
2283 2738 2557 2792 illuminat.
2593 2735 2772 2792 Instar
2807 2754 2928 2806 ergo
2947 2739 3222 2790 dominica:
3259 2747 3362 2790 tota
3385 2737 3761 2806 quinquaginta

470 2829 668 2882 dierum
697 2827 952 2879 curricula
994 2825 1334 2887 celebrantur,
1366 2835 1414 2879 et
1443 2841 1621 2880 omnes
1647 2827 1731 2880 isti
1760 2828 1868 2880 dies
1897 2825 2030 2880 velut
2074 2826 2319 2880 dominici
2359 2826 2690 2896 deputantur.
2742 2827 2846 2880 Sed
2888 2827 3163 2879 immutata
3210 2825 3413 2889 deinec
3437 2841 3461 2876 s
3509 2839 3572 2876 ea
3624 2825 3762 2876 ratio

473 2917 590 2981 fuit,
623 2917 830 2983 solique
859 2922 982 2984 post
1003 2915 1206 2969 Pascha
1234 2915 1349 2969 dies
1370 2931 1462 2969 sex
1488 2911 1612 2969 festi
1637 2914 1810 2979 luere,
1845 2922 1902 2968 ut
1931 2930 1995 2968 ex
2023 2913 2229 2984 synodo
2257 2912 2640 2969 Matisconensi
2667 2931 2753 2968 an.
2784 2913 2908 2981 585,
2939 2930 3056 2968 can.
3079 2914 3132 2978 2,
3161 2928 3279 2983 pag.
3315 2912 3416 2965 460
3439 2929 3577 2980 seq.,
3616 2920 3670 2965 et
3697 2926 3762 2964 es

474 3002 730 3060 Trullano
759 3023 847 3059 an.
882 3006 1011 3070 706,
1044 3022 1164 3061 can.
1198 3005 1296 3069 66,
1329 3020 1460 3076 pag.
1485 3005 1620 3059 1686
1684 3014 1811 3060 tom.
1842 3003 1906 3059 Ill
1936 3005 2222 3060 Concilior.
2253 3006 2380 3081 edit.
2418 3005 2586 3060 Paris.
2620 3023 2707 3060 an.
2743 3005 2900 3071 1714,
2935 3007 3159 3076 aliisque
3187 3007 3550 3060 monumentis
3581 3004 3759 3059 eccle-

476 3095 708 3154 siasticis
735 3097 1016 3168 perspicue
1051 3112 1179 3152 sane
1206 3097 1392 3166 liquet.

551 3184 789 3240 XXXVI.
819 3185 1120 3241 Convenire
1148 3195 1406 3255 praeterea
1436 3185 1488 3238 in
1520 3185 1774 3254 templum
1800 3183 2133 3238 Christianos
2161 3185 2321 3240 fuisse
2349 3185 2554 3251 solitos,
2580 3185 2742 3240 tradit
2768 3185 3046 3252 Maximus,
3072 3186 3148 3239 uti
3179 3185 3418 3239 natalitia
3449 3192 3764 3237 sanctorum

479 3276 848 3340 celebrarent,
878 3289 1066 3329 eorum
1095 3273 1390 3342 praesertim
1417 3288 1643 3340 quorum
1684 3283 1738 3327 et
1767 3274 1954 3327 civitas
1983 3273 2168 3326 eadem
2200 3273 2415 3340 fuisset,
2462 3285 2516 3329 et
2545 3277 2597 3329 in
2627 3291 2692 3331 eo
2723 3277 2925 3345 templo
2954 3277 3191 3346 reliquis:
3230 3283 3594 3330 servarentur.
3627 3273 3766 3328 Nam

482 3386 603 3427 esse
630 3370 1028 3426 venerationem
1058 3355 1364 3436 cultumque
1393 3367 1591 3422 sanctis
1625 3367 1980 3420 adhibendum
2001 3406 2014 3429 ,
2065 3381 2266 3435 eosque
2295 3382 2413 3421 esse
2445 3367 2799 3433 invocandos,
2830 3368 3020 3433 docet,
3052 3368 3143 3437 qui
3175 3367 3328 3421 nobis
3363 3365 3765 3420 interventione

480 3482 598 3534 sua,
624 3465 877 3534 singulari
908 3462 1154 3533 praisidio
1183 3477 1299 3516 esse
1329 3469 1568 3530 possunt.
1603 3460 1831 3513 llomilia
1861 3459 1950 3522 81,
1973 3473 2094 3528 pag.
2120 3457 2212 3510 26l
2246 3474 2382 3527 seq.,
2407 3475 2526 3528 qua:
2557 3467 2638 3514 est
2665 3460 2730 3513 de
2756 3461 2950 3512 sanctis
2996 3457 3310 3528 martyribus
3353 3455 3766 3510 Taurinensibus

481 3562 728 3622 Octavio,
759 3559 1007 3611 Adventio
1035 3549 1086 3609 et
1115 3555 1394 3622 Salutare:
1423 3551 1548 3606 Cum
1578 3553 1801 3605 omnium
1824 3561 2116 3603 sanctorum
2147 3560 2431 3620 martyrum
2457 3550 2779 3604 devotissime
2805 3548 3033 3601 natalem
3064 3545 3268 3619 [cum]
3299 3544 3559 3600 celebrare
3581 3545 3766 3599 debea-

476 3676 612 3722 mus,
641 3655 830 3722 inquit,
865 3663 968 3705 tum
996 3651 1254 3720 praecipue
1277 3664 1452 3701 eorum
1498 3646 1792 3700 solemnitas
1817 3653 1921 3697 tota
1959 3643 2104 3696 nobis
2132 3659 2502 3696 V'ENBRATIONE
2533 3641 2763 3695 curanda
2793 3650 2886 3703 est,
2911 3641 2998 3711 qui
3033 3642 3084 3693 in
3115 3631 3309 3692 nostris
3338 3638 3620 3692 domiciliis
3642 3656 3763 3707 pro-

473 3751 645 3820 prium
672 3746 976 3816 sanguinem
1023 3739 1384 3811 profuderunt.
1418 3735 1557 3790 Nam
1585 3738 1699 3790 licet
1746 3738 1968 3812 universi
2013 3736 2179 3787 sancti
2205 3736 2386 3804 ubique
2417 3736 2520 3785 sint
2560 3742 2606 3786 et
2637 3748 2860 3786 omnes
2905 3746 3144 3794 rnosmr,
3188 3731 3263 3783 illi
3298 3739 3468 3782 tamen
3489 3746 3590 3783 uno
3621 3746 3766 3784 nom

479 3852 893 3899 txrznvamum,
915 3835 999 3906 qui
1031 3843 1078 3885 et
1099 3831 1352 3901 supplicia
1391 3830 1642 3898 pertulere
1670 3846 1762 3898 pro
1792 3829 1955 3881 nobis.
1991 3827 2193 3893 Martyr
2213 3830 2346 3880 enim
2374 3844 2486 3879 cum
2515 3829 2744 3896 patitur,
2774 3842 2875 3877 non
2905 3825 3001 3876 sibi
3033 3831 3230 3874 tantum
3254 3823 3468 3890 patitur,
3498 3821 3591 3874 sed
3617 3831 3668 3872 et
3696 3823 3767 3872 ci-

473 3929 650 3994 vibus.‘
675 3921 788 3978 Sibi
809 3922 944 3974 enim
966 3920 1161 3990 patitur
1186 3917 1258 3969 ad
1277 3917 1562 3986 pra‘mium,
1588 3916 1778 3968 civibus
1801 3917 1869 3968 ad
1891 3917 2196 3983 exemplum.
2225 3916 2333 3969 Sibt
2362 3918 2560 3984 patitur
2588 3916 2656 3968 ad
2680 3917 2920 3985 requiem,
2947 3913 3138 3966 civibus
3161 3913 3226 3964 ad
3245 3913 3485 3976 salutent.
3515 3912 3766 3980 Exempla

473 4019 613 4067 enim
643 4032 819 4068 eorum
848 4013 1119 4066 didicimus
1151 4009 1355 4072 Christo
1385 4010 1609 4070 credere,
1642 4009 1913 4062 didicimus
1945 4008 2264 4061 contumeliis
2308 4010 2464 4060 vitam
2494 4017 2742 4060 ceternam
2777 4023 3038 4076 quarrere,
3094 4013 3310 4056 mortem
3341 4005 3615 4055 didicimus
3664 4019 3766 4056 non

475 4103 719 4156 timere...
744 4101 948 4156 CUNCTI
973 4116 1153 4156 Ianua
1176 4115 1454 4154 IlARTYltl-ZS
1481 4114 1824 4152 nevortssme
1856 4113 2177 4151 rencomum
2202 4113 2333 4150 sum
2356 4139 2368 4161 ,
2400 4096 2490 4149 sed
2513 4097 2858 4166 spccialiterii
2887 4110 3181 4147 VENERANDI
3212 4110 3343 4147 sum
3377 4112 3407 4147 Α
3441 4109 3608 4154 NOBIS,
3637 4111 3768 4156 Qt'o—

475 4212 586 4250 nou
616 4210 892 4258 RELIQUIAS
915 4208 1248 4248 POSSIDEIUS.
1286 4189 1376 4244 Illi
1414 4193 1552 4244 enim
1572 4208 1664 4244 nos
1695 4205 2044 4244 ORATIONIBUS
2077 4204 2374 4252 ADJUVANT,
2407 4205 2508 4242 lS'l'l
2541 4205 2702 4242 erm!
2735 4203 3003 4241 ADJUVAN'I‘
3036 4201 3396 4240 mssroxe.....
3428 4184 3554 4238 Ideo
3579 4189 3768 4255 fratres

477 4300 798 4340 vexenwun
829 4299 924 4338 eos
951 4285 1003 4336 in
1051 4284 1146 4336 hoc
1173 4297 1406 4345 S.-£CULO,
1440 4297 1570 4344 quos
1611 4296 1943 4335 veressones
1971 4297 2175 4333 HABERE
2225 4277 2482 4334 nossemus
2511 4295 2560 4334 IN
2582 4282 2812 4342 rvrvno,’
2841 4287 2944 4332 etc.
2978 4277 3043 4330 Et
3092 4277 3310 4330 homilia
3336 4276 3457 4340 118,
3487 4293 3606 4346 pag.
3640 4278 3762 4335 590,

477 4394 573 4432 eos
602 4378 886 4445 increpans
911 4374 1001 4442 qui
1024 4374 1189 4428 sacris
1215 4375 1474 4428 interesse
1500 4373 1846 4440 neglexerant
1870 4371 2004 4426 festo
2033 4371 2119 4425 die
2172 4370 2313 4425 Petri
2355 4380 2405 4424 et
2457 4370 2604 4424 Pauli
2632 4371 3000 4440 apostolorum
3036 4389 3049 4422 :
3085 4370 3270 4433 Dicite,
3320 4370 3510 4438 inquit,
3547 4372 3695 4428 mihi.
3724 4375 3767 4424 si

480 4486 585 4522 non
608 4467 885 4521 dolendum
908 4467 1060 4536 fuerit
1089 4465 1186 4518 hoc
1209 4475 1492 4535 peccatum,
1519 4465 1591 4516 sic
1613 4479 1698 4515 vos
1726 4463 1909 4514 salutis
1937 4472 2115 4516 vestra:
2133 4463 2450 4515 immemores
2475 4472 2592 4513 tunc
2621 4462 2799 4532 fuisse,
2831 4469 2886 4512 ut
2921 4460 3230 4513 beatissimis
3261 4461 3509 4526 apostolis
3541 4459 3701 4513 Petro
3721 4472 3767 4512 et

480 4557 651 4610 I‘aulo
679 4568 1160 4611 HONOIul-‘ICENTIAI
1202 4557 1413 4608 minime
1436 4553 1780 4606 redderetis...
1816 4568 1906 4604 nec
1933 4553 2193 4606 volueritis
2220 4570 2391 4606 eorunt
2439 4569 2685 4606 unum
2727 4567 2978 4604 κοωδεωι
3020 4567 3413 4603 resrtvnssmuu
3455 4567 3766 4604 causam:

479 4656 631 4714 atque
651 4661 754 4699 ILLI
783 4660 1027 4698 εωιεετι
1056 4659 1343 4698 1ΝΤΕΒΕ85Ε
1367 4656 1625 4704 CONVIVIO,
1654 4657 1704 4694 IN
1720 4656 1841 4704 QUO,
1875 4657 2017 4694 MART

2227 4659 2354 4694 \NTA
2387 4658 2634 4701 LETITIA,
2661 4657 3017 4694 SUBSTANTIAN
3049 4656 3188 4692 VITIE
3221 4656 3332 4692 IPSE
3365 4657 3509 4693 NOBIS
3531 4639 3766 4694 DOIINL'S

475 4751 838 4794 mutarunt.
899 4735 1064 4790 Vultis
1114 4744 1286 4788 autem
1314 4735 1445 4787 scire
1487 4735 1694 4804 quantis
1720 4731 1868 4786 bonis
1895 4733 2124 4804 fraudati
2154 4735 2393 4802 fueritis?
2439 4733 2763 4804 Interrogate
2807 4737 2996 4804 fratres
3035 4736 3122 4804 qui
3170 4745 3291 4787 tunc
3338 4753 3536 4788 mecum
3573 4740 3766 4805 pariter

471 4828 778 4896 adfuerunt,
801 4841 954 4896 quam
981 4825 1158 4892 refecti
1185 4841 1216 4876 a
1244 4824 1502 4876 dominica
1529 4839 1706 4876 mensa
1747 4823 2094 4886 discesserint,
2127 4829 2228 4876 etc.
2260 4822 2427 4892 Igitur
2445 4863 2459 4886 ,
2509 4826 2694 4894 fratres
2733 4826 3123 4895 quotiescunque
3152 4836 3439 4895 martyrum
3467 4829 3763 4879 memoriam

478 4916 817 4978 celebramus,
846 4913 1211 4983 pratermissis
1257 4913 1491 4966 omnibus
1515 4913 1691 4966 διεταιὶ
1720 4914 1938 4977 actibus,
1982 4913 2090 4966 sine
2119 4913 2293 4982 aliqua
2345 4912 2663 4966 dubitatione
2693 4929 3038 4967 coscvnnene
3068 4929 3328 4977 DEBEIUS,
3357 4931 3605 4968 annuens
3635 4931 3766 4970 unus

481 5017 980 5066 lIONORtFICl-SNTIAI,
1001 5004 1086 5072 qui
1113 5004 1263 5058 nobis
1291 5003 1508 5055 salutem
1549 5003 1849 5072 profusione
1871 5003 1950 5055 sui
1979 5003 2247 5071 sanguinis
2277 5011 2599 5070 pepererunt.
2636 5001 2877 5072 Quisquis
2909 5002 3131 5055 honorat
3168 5013 3445 5072 martyres,
3477 5005 3696 5057 honorat
3720 5015 3768 5056 et

479 5090 774 5156 Christum;
805 5101 855 5147 et
880 5096 966 5164 qui
987 5095 1181 5162 spernit
1228 5104 1456 5158 sanctos,
1481 5097 1677 5164 spernit
1706 5105 1755 5148 et
1801 5093 2100 5149 Dominum.
2132 5093 2197 5146 Et
2237 5093 2456 5147 homilia
2483 5095 2570 5157 77,
2603 5110 2720 5161 qua:
2754 5102 2835 5148 est
2884 5096 2946 5147 de
2972 5103 3150 5146 sancto
3199 5099 3497 5164 confessore
3546 5097 3764 5151 Eusebio

488 5179 820 5247 Vercellensi,
846 5197 967 5253 pag.
998 5182 1140 5238 245:
1176 5183 1489 5239 Sanctorum
1538 5183 1758 5236 Patrum
1808 5184 2103 5242 memorias,
2155 5183 2344 5251 inquit,
2378 5197 2665 5237 umrcrosxs
2685 5199 3040 5236 CONVENTIBUS
3070 5198 3435 5249 nononanrss,
3467 5196 3516 5238 et
3556 5189 3762 5254 propria

479 5284 657 5321 eorum
685 5273 867 5324 merita
892 5279 940 5324 et
963 5288 1178 5324 munera
1209 5273 1262 5323 in
1283 5273 1356 5324 eis
1386 5272 1487 5326 divi
1498 5289 1558 5323 ea
1598 5273 1866 5337 ntiramur,
1895 5274 1979 5344 qui
2002 5272 2197 5324 idcirco
2221 5271 2365 5323 nobis
2396 5280 2512 5324 sunt
2545 5287 2921 5334 vmmmttes,
2951 5274 3069 5342 quia
3098 5275 3370 5341 prcesentis
3400 5276 3518 5327 vita:
3545 5275 3656 5328 luce
3683 5276 3761 5328 de~

478 5367 676 5424 specta,
706 5369 1089 5431 contemptaque
1107 5379 1316 5415 suorum
1343 5379 1616 5431 corporum
1642 5365 1891 5426 cruciatu,
1927 5363 2214 5415 scevientem
2244 5360 2490 5412 mundum
2532 5359 2628 5412 Dei
2656 5378 2748 5429 pro
2775 5378 2951 5413 amore
2975 5365 3230 5424 vicerunt;
3263 5365 3496 5417 sicuthic
3526 5365 3758 5420 beatissi-

483 5467 600 5507 mus
627 5445 786 5505 Pater
814 5462 1003 5517 noster,
1035 5451 1156 5506 dum
1183 5470 1277 5523 pro
1300 5455 1584 5508 assertione
1611 5451 1994 5522 indisputabilis
2026 5451 2252 5506 Deitatis
2280 5453 2461 5520 spiritu
2487 5452 2793 5521 ferventiore
2822 5467 3156 5521 consurgens,
3183 5454 3396 5508 Arionis
3418 5456 3764 5522 impietalibtts

557 5654 634 5724 (τι)
673 5654 800 5707 Vide
826 5655 988 5708 etiam
1019 5655 1187 5708 sancti
1225 5653 1497 5724 Augustini
1545 5655 1700 5722 epist.
1737 5653 2050 5709 ad-Jannar.
2164 5653 2428 5724 .{ln_tnerp._
2459 5667 2544 5703 an.
2583 5649 3253 5724 l_'_700,_et_synod.item".
3290 5651 3338 5713 l,
3367 5667 3487 5724 cap.
3511 5652 3580 5708 20
3631 5658 3754 5697 tum.

490 5717 661 5780 55:31
698 5725 815 5788 H9,
847 5740 965 5793 cap.
1000 5725 1076 5784 17,
1099 5740 1241 5778 num.
1267 5717 1355 5784 '52,
1396 5740 1509 5792 pag.
1543 5717 1659 5785 106,
1689 5734 1816 5779 tom.
1853 5724 1892 5777 ll
1930 5724 2060 5778 edit.
2172 5722 2188 5774 1
2229 5719 2514 5774 Concilior.
2552 5719 2680 5774 edit.
2716 5717 2881 5773 Paris.
2917 5736 3001 5773 an.
3047 5719 3197 5782 1711,
3233 5736 3352 5790 pag.
3383 5721 3508 5776 35?.
