3898 6226
102 401 176 457 lii
1546 399 1923 457 PILIEFATIO.
3262 401 3366 461 122

96 508 370 577 obluctatur,
399 524 447 567 et
470 508 748 566 Ecctesias
780 508 945 565 Dei...
971 527 1155 565 serena
1181 512 1306 582 ﬁdei
1336 514 1708 584 tranquillitate
1730 514 1953 583 pacarit,
1977 520 2025 563 et
2052 511 2150 563 sibi
2169 521 2363 569 aeterna
2390 512 2611 581 prwmia
2628 511 2933 566 multimoda
2960 512 3201 582 passione
3218 529 3366 586 quar-

95 614 249 665 sivit...
287 609 411 663 Vere
438 626 502 663 ac
522 610 717 662 merito
732 608 936 660 cunctis
956 607 1344 676 posteritatibus
1372 623 1715 661 venensxnus
1741 606 1846 669 ille,
1879 607 1964 677 qui
1993 606 2311 674 ﬁrmissima:
2336 614 2495 674 petra:
2520 604 2833 659 soliditatem
2868 614 3090 669 secutus,
3121 606 3364 660 inimicos

96 699 324 754 Christi...
351 701 588 770 faticata:
618 698 895 767 patientia:
919 696 1223 765 fortitudine
1248 696 1577 765 triumphavit
1603 698 1703 763 (α).
1738 691 2011 763 Honorem
2037 709 2198 762 porro
2226 694 2425 748 sanctis
2447 694 2685 747 habitum
2708 696 2760 747 in
2792 694 3052 747 Christum
3077 710 3358 759 recurrere,

95 801 256 846 auctor
277 801 353 846 est
380 790 656 845 Maximus
678 788 899 843 homilia
930 786 1019 851 68,
1045 787 1248 861 [cxxxv]
1274 801 1395 857 pag.
1427 786 1552 855 2H3,
1576 802 1694 855 qua:
1719 795 1800 840 est
1822 787 1885 839 de
1902 789 2097 840 sanctis
2126 786 2375 855 apostolis
2404 784 2561 839 Petro
2582 795 2632 841 et
2660 785 2847 840 Paulo.
2876 786 2964 841 Sic
2987 788 3129 841 enim
3160 786 3360 843 habet:

98 880 475 934 Cloriosissimos
495 876 821 931 Christiana:
865 877 987 947 ﬁdei
1025 878 1287 947 principes
1328 880 1513 930 annuis
1544 877 1956 931 solemnitatibus
1986 878 2315 941 honorantes,
2340 880 2507 947 ipsum
2528 876 2807 931 Dominum
2838 896 2899 931 ac
2920 878 3362 947 Deumnostrum,

95 976 166 1045 qui
183 972 320 1041 hujus
340 980 521 1023 auctor
542 978 625 1023 est
645 970 793 1039 ﬁdei.
820 967 988 1021 debita
1018 969 1269 1039 religione
1292 984 1613 1021 veneramur.
1646 968 1878 1036 Apostoli
1919 984 2141 1038 namque
2170 966 2361 1021 Latino
2392 985 2629 1021 sermone
2657 970 2896 1021 dicuntur
2919 972 3080 1022 missi.
3118 967 3217 1034 Qui
3239 987 3362 1042 ergo

97 1060 321 1114 honorant
356 1061 575 1121 missos,
600 1062 938 1131 manifestum
966 1068 1041 1113 est
1071 1060 1331 1113 honorare
1358 1075 1447 1111 eos
1486 1060 1789 1113 mittentem.
1816 1059 2075 1122 Quoniam
2105 1061 2357 1129 dignitas,
2409 1076 2523 1130 qua:
2568 1061 2799 1130 defertur
2828 1063 3109 1126 ministris,
3144 1062 3219 1116 illi
3249 1064 3363 1116 sine

97 1152 241 1209 dubio,
273 1151 413 1219 cujus
434 1152 667 1203 ministri
690 1159 828 1214 sunt,
852 1149 1149 1213 exhibetur,
1178 1159 1233 1201 ut
1262 1152 1335 1202 ait
1364 1151 1471 1218 ipse
1500 1148 1744 1203 Salvator
1772 1149 1840 1201 ad
1861 1149 2141 1218 discipulos
2161 1166 2283 1202 suos
2314 1167 2331 1202 :
2366 1149 2464 1213 Qui
2488 1168 2571 1204 vos
2588 1152 2753 1215 audit,
2779 1169 2859 1205 me
2889 1154 3054 1218 audit,
3079 1162 3127 1206 et
3156 1156 3241 1224 qui
3270 1171 3359 1209 vos

99 1244 279 1310 spernit,
309 1259 387 1295 me
412 1243 637 1311 spernit.
680 1240 813 1296 Vere
841 1241 986 1294 beata
1010 1245 1361 1310 apostolorum
1391 1242 1595 1305 merita,
1628 1242 1683 1294 in
1713 1238 1892 1311 quibus
1931 1257 1986 1294 se
2013 1239 2247 1294 Christus
2295 1250 2343 1295 et
2390 1243 2547 1311 recipi
2593 1243 2845 1311 prazdicat
2884 1254 2933 1295 et
2976 1245 3168 1297 nia/iri.
3213 1243 3363 1300 Beati

98 1333 391 1387 nihilominus
420 1344 471 1387 et
490 1332 597 1397 illi,
628 1349 845 1396 quonon
874 1348 1102 1387 DEVO'I'IO
1132 1349 1339 1386 DELATA
1373 1348 1657 1388 srosrous
1686 1349 1948 1387 ιιεουιιιιιτ
1988 1350 2038 1387 tu
2067 1332 2416 1387 Cumsruu...
2445 1331 2558 1387 Nos
2587 1336 2936 1388 Ecclesiarum
2964 1338 3191 1389 omnium
3221 1353 3360 1391 rere-

99 1425 381 1478 renlissimos
404 1424 601 1479 Patres
634 1424 849 1478 Petrum
877 1432 925 1477 et
966 1423 1191 1477 Paulum
1222 1440 1454 1478 russuus
1481 1440 1685 1479 srunus
1724 1440 2058 1479 uoxoueuus.
2092 1423 2159 1477 Et
2188 1440 2437 1479 sermone
2469 1424 2555 1488 78,
2586 1439 2705 1495 pag.
2740 1423 2877 1477 599:
2916 1425 3363 1497 Quotiescunque,

100 1513 259 1582 inquit,
286 1523 586 1567 sanctorum
608 1516 864 1584 martyrio
889 1513 1223 1574 celebramus,
1258 1515 1403 1583 toties
1433 1514 1612 1566 laudes
1643 1512 1933 1567 Saluatoris
1965 1514 2215 1578 dicimus;
2244 1522 2291 1566 et
2318 1516 2514 1584 quoties
2542 1532 2716 1568 eorum
2738 1517 3359 1585 asseriums-passionem,

102 1610 224 1660 toties
242 1606 421 1661 Christi
449 1609 683 1678 gloriam
705 1606 1069 1677 pradicamus.
1102 1604 1225 1659 Non
1247 1607 1383 1659 enim
1403 1607 1710 1676 suspicimus
1736 1607 1872 1678 quod
1909 1608 2051 1677 passi
2074 1617 2213 1670 sunt,
2244 1606 2335 1660 sed
2364 1616 2574 1677 prapter
2601 1623 2747 1677 quem
2788 1609 2928 1678 passi
2957 1616 3098 1672 sunt,
3132 1607 3363 1660 admira-

100 1715 209 1753 mur.
234 1697 394 1770 Igitur
412 1716 519 1753 non
562 1716 721 1769 poma
748 1700 804 1751 in
833 1697 1005 1760 laude,
1048 1697 1139 1751 sed
1157 1698 1288 1767 ﬁdes
1309 1699 1363 1750 in
1391 1697 1603 1751 honore.
1636 1695 2038 1768 Hagnificamus
2063 1714 2184 1769 ergo
2223 1706 2501 1767 martyres,
2532 1714 2633 1751 non
2660 1699 2779 1767 quia
2801 1698 3040 1769 grauibus
3067 1696 3372 1767 subjacuere
3402 1704 3416 1717 '

101 1790 351 1857 suppliciis,
377 1790 466 1843 sed
485 1792 615 1861 quia
650 1790 873 1859 justitiae
913 1806 1071 1842 causa
1098 1772 1656 1842 eadem‘tolerauerunt
1692 1788 2015 1857 supplicia...
2050 1787 2263 1842 Summo
2283 1788 2440 1857 igitur
2460 1797 2509 1840 et
2538 1788 2796 1857 praxiqu
2822 1788 2933 1841 loco
2962 1796 3172 1856 propter
3211 1784 3366 1845 ﬁdem

102 1875 295 1932 habendi
316 1888 432 1933 sunt
453 1878 594 1932 beati
626 1886 906 1949 martyres,
937 1888 1045 1933 etc.
1415 1875 1420 1879 “

160 1969 212 2023 In
236 1971 440 2039 templis
467 1979 739 2039 prteterea
761 1971 921 2025 condi
940 1978 1250 2025 sanctorum
1281 1970 1553 2038 reliquias,
1578 1984 1793 2023 curasse
1813 1967 2029 2035 Patres;
2054 1967 2350 2037 iisdemque
2372 1969 2611 2037 reliquiis
2633 1968 2871 2023 habitum
2895 1966 3059 2021 fuisse
3083 1968 3367 2031 honorem,

104 2064 272 2112 testata
298 2074 380 2113 res
407 2066 507 2122 est,
540 2060 818 2127 docetque
844 2057 1108 2113 Maximus
1155 2074 1404 2113 sermone
1435 2059 1533 2122 68,
1568 2074 1690 2127 pag.
1738 2058 1867 2124 599,
1902 2060 1991 2115 ubi
2019 2060 2119 2114 sub
2149 2060 2306 2113 altari
2336 2075 2427 2114 cas
2456 2060 2723 2128 repositas
2759 2060 2947 2113 scribit
2990 2059 3152 2114 fuisse
3184 2058 3369 2128 :Quid

105 2150 397 2213 reverentius,
430 2149 627 2217 inquit,
658 2148 787 2217 quid
806 2146 1163 2201 honorabilius
1184 2147 1285 2201 dici
1314 2158 1501 2217 potest,
1524 2164 1677 2217 quam
1714 2146 1806 2201 sub
1830 2148 1923 2201 illa
1952 2150 2049 2201 ara
2076 2150 2407 2220 requiescere,
2440 2149 2493 2201 in
2528 2164 2629 2219 qua
2671 2147 2784 2201 Deo
2808 2148 3123 2217 sacrificium
3146 2127 3371 2201 celebra-

106 2245 194 2302 tur,
211 2240 261 2291 in
278 2256 371 2310 qua
400 2239 699 2308 offeruntur
721 2239 921 2303 hostire,
949 2240 1005 2291 in
1025 2255 1126 2309 qua
1149 2237 1404 2291 Dominus
1425 2246 1502 2291 est
1531 2238 1842 2292 sacerdos...
1878 2237 2033 2291 Recte
2052 2256 2173 2307 ergo
2201 2239 2292 2292 sub
2315 2255 2411 2290 ara
2428 2248 2679 2307 martyres
2703 2238 3046 2300 collocantur,
3079 2239 3199 2304 quia
3221 2255 3371 2307 super

107 2347 234 2382 aram
252 2329 473 2385 Christus
502 2333 862 2402 imponitur...
888 2330 1261 2384 Convenienter
1282 2331 1463 2401 igitur,
1482 2338 1529 2382 et
1550 2332 1696 2401 quasi
1718 2347 1810 2399 pro
1835 2330 2055 2400 quodam
2073 2332 2330 2383 consortio
2356 2331 2423 2383 ibi
2449 2345 2778 2383 usu'rrmuus
2798 2345 3105 2384 serenum
3131 2346 3373 2384 necne“

109 2436 208 2485 esr,
238 2438 312 2477 usi
338 2439 476 2478 lous
495 2423 697 2478 Domus
719 2438 967 2485 quonon:
994 2438 1412 2476 euasurus...
1445 2419 1570 2475 Non
1591 2422 1866 2485 immerito,
1889 2424 2119 2491 inquam,
2145 2422 2297 2474 relati
2334 2423 2594 2475 consortio
2628 2420 2849 2490 quodam
2889 2438 3024 2475 ILLIS
3051 2438 3246 2476 OCCISIS
3277 2439 3373 2476 ηδτ

109 2531 321 2570 motus
346 2530 747 2580 οοιιιδτιτυτυε,
770 2514 855 2566 ubi
882 2529 1166 2569 OCCISIONIS
1196 2528 1458 2567 ooumtcsz
1481 2530 1695 2567 usuum
1721 2529 2019 2575 pouuurua,
2049 2522 2155 2566 etc.
2182 2512 2442 2567 Sermone
2475 2522 2656 2567 autem
2687 2512 2774 2577 88,
2808 2527 2927 2583 pag.
2958 2512 3062 2566 69.7
3097 2531 3108 2564 :
3137 2512 3375 2581 Ilouoro,

110 2608 275 2678 inquit,
306 2612 357 2663 in
380 2626 540 2662 carne
560 2609 814 2679 martyris
833 2616 1079 2677 exceptas
1098 2624 1194 2676 pro
1223 2606 1413 2661 Christi
1444 2611 1654 2661 nomine
1675 2608 1962 2661 cicatrices.
2003 2606 2221 2661 Honora
2248 2625 2342 2676 pro
2369 2610 2696 2678 confessione
2729 2606 2939 2660 Domini
2972 2616 3207 2661 sacratos
3238 2609 3376 2661 ciue-

116 2716 202 2753 res.
225 2698 428 2753 Honora
456 2701 511 2751 in
543 2696 808 2752 cineribus
837 2698 1035 2751 semina
1062 2697 1389 2750 aeternitatis.
1423 2694 1640 2750 Honora
1670 2712 1875 2765 corpus,
1902 2695 2044 2767 quod
2071 2696 2195 2748 mihi
2226 2694 2390 2748 Deunt
2417 2712 2582 2749 meum
2613 2695 2835 2749 ostendit
2869 2694 3102 2765 diligere,
3133 2695 3270 2765 quod
3298 2712 3377 2751 me

111 2801 290 2857 propter
319 2790 479 2844 Deum
499 2790 680 2844 docuit
699 2800 918 2843 mortem
936 2805 1040 2842 non
1067 2791 1265 2843 timere.
1294 2789 1397 2843 Cur
1418 2798 1589 2843 autem
1610 2804 1713 2841 non
1736 2789 1981 2841 honorent
2010 2804 2194 2854 corpus
2215 2787 2365 2854 illud,
2398 2787 2533 2858 quod
2555 2798 2848 2841 reverentur
2871 2796 2918 2853 et
2941 2786 3219 2854 daemones,
3243 2788 3377 2855 quod

111 2883 368 2951 afflixerunt
394 2886 447 2939 in
471 2884 753 2954 supplicio,
785 2881 877 2935 sed
896 2882 1195 2953 gloriﬁcent
1220 2884 1277 2935 in
1298 2884 1531 2952 sepulcro
1554 2881 1579 2932 2’

168 2974 418 3029 Curabant
445 2976 575 3029 inde
599 2974 770 3027 nostri
800 2980 859 3027 ut
887 2987 1055 3043 prope
1074 2980 1383 3027 sanctorum
1412 2971 1665 3039 reliquias
1693 2983 1913 3025 suorum
1938 2969 2197 3024 cadavera
2214 2969 2587 3037 sepelirentur.
2607 2968 2832 3023 llomilia
2850 2969 2935 3033 71,
2960 2985 3081 3038 pag.
3097 2969 3204 3024 9.65
3231 2986 3388 3041 scq.,.

110 3065 174 3119 sic
196 3064 344 3119 habet
363 3064 633 3118 Maximus
658 3081 671 3115 :
696 3065 739 3114 A
769 3061 1056 3133 majoribus
1077 3065 1335 3132 provisum
1357 3070 1451 3125 est,
1480 3070 1537 3113 ut
1555 3070 1851 3115 sanctorum
1881 3058 2078 3112 ossibus
2102 3068 2281 3112 nostra
2323 3074 2541 3129 corpora
2575 3062 2843 3123 sociemus,
2876 3070 2930 3113 ut
2962 3062 3083 3115 dum
3114 3062 3229 3115 illos
3262 3074 3374 3115 tar—

110 3158 435 3219 tarusmetuit,
469 3172 567 3209 nos
590 3171 744 3224 ptena
774 3168 880 3206 non
911 3162 1157 3223 tangat...
1190 3152 1261 3205 Et
1281 3153 1417 3215 ideo,
1443 3154 1654 3219 fratres,
1690 3165 1984 3203 veneremur
2003 3165 2088 3201 eos
2112 3150 2164 3200 in
2191 3147 2331 3217 (hoc)
2362 3148 2572 3210 swculo,
2606 3148 2791 3218 [exxv]
2814 3165 2937 3218 quos
2970 3150 3267 3220 defensores
3290 3152 3378 3203 ha-

110 3242 207 3297 θεῖε
219 3260 480 3315 possumus
508 3248 565 3299 in
598 3247 806 3314 futuro;
832 3250 882 3293 et
902 3243 1031 3294 sicut
1054 3257 1133 3295 ets
1153 3256 1360 3296 οεδιπυς
1389 3256 1671 3294 ιηιιιεκτωι
1702 3253 2016 3293 sosrnoauu
2045 3252 2319 3299 JUNGltlL'lt,
2352 3238 2423 3289 ita
2446 3247 2493 3289 et
2515 3238 2588 3290 eis
2616 3237 2741 3307 ﬁdei
2764 3240 3378 3311 imitationejuuqmnur;

110 3332 153 3385 in
178 3334 305 3388 nullo
332 3337 468 3388 enim
488 3334 555 3387 ab
579 3336 695 3401 ipso
724 3334 961 3403 separari
981 3334 1282 3405 poterimus,
1312 3333 1357 3385 si
1380 3334 1634 3385 sociemur
1652 3330 1756 3384 illis
1778 3337 1884 3382 tam
1909 3329 2156 3398 religione
2176 3347 2326 3400 quam
2350 3347 2606 3385 conpone.
2632 3332 2766 3385 llinc
2786 3348 2915 3385 vero
2952 3334 3380 3402 quotusquisque

110 3434 198 3475 non
232 3422 505 3491 intelligat,
538 3421 726 3476 inferri
752 3421 865 3489 jam
896 3434 1064 3487 usque
1093 3420 1160 3473 ab
1186 3428 1365 3473 mtate'
1385 3419 1600 3473 Maximi
1633 3421 1683 3473 in
1719 3421 1913 3488 templa
1945 3419 2177 3474 ﬁdelium
2207 3420 2583 3474 defunctorum
2632 3421 2892 3475 cadavera
2922 3424 3245 3477 consuesse?
3274 3422 3380 3480 Sed

110 3508 165 3564 de
202 3514 416 3568 coetibus
453 3513 912 3575 Christianorum,
936 3511 1003 3564 de
1042 3512 1289 3579 precibus
1318 3527 1505 3565 eorum
1545 3514 1935 3570 communibus.
1962 3511 2028 3565 de
2059 3512 2273 3580 templis
2292 3501 2319 3574 ,
2338 3511 2405 3565 dc
2451 3512 2691 3579 reliquiis
2720 3519 3052 3575 sanctorum,
3094 3511 3162 3565 de
3192 3528 3379 3568 eorum

110 3606 441 3673 teneratione,
472 3607 644 3665 cultu.
677 3604 854 3672 deque
894 3617 1044 3657 more
1069 3602 1359 3673 sepeliendi
1396 3603 1626 3657 tidelium
1658 3603 2031 3659 defunctorum
2080 3604 2341 3658 cadavera
2372 3604 2421 3657 in
2444 3592 2451 3599 ’
2473 3604 2730 3662 ecclesiis.
2764 3603 2895 3657 satis
2936 3602 3136 3656 dictum
3167 3613 3269 3669 est,
3302 3607 3378 3659 uti

109 3693 292 3752 Maximi
318 3700 417 3753 fert
436 3699 733 3753 sententia.
1694 3768 1700 3773 .

164 3788 256 3843 Sed
282 3792 534 3861 quoniam
556 3790 636 3845 de
666 3800 866 3845 sanctis
892 3789 1215 3860 martyribus
1244 3788 1665 3843 Taurinensibus
1686 3786 1930 3853 Octavio,
1962 3788 2225 3844 Advcntio
2256 3798 2309 3843 et
2338 3788 2588 3843 Solutore
2614 3788 2748 3842 facta
2772 3796 2855 3841 est
2881 3788 3041 3856 paulo
3073 3798 3199 3843 ante
3225 3806 3383 3844 men-

108 3879 189 3943 tio,
216 3896 312 3934 non
340 3880 581 3933 alienum
605 3878 819 3932 videtur
842 3893 979 3939 esse,
1011 3879 1281 3937 brevibus,
1316 3880 1535 3945 quinam
1568 3879 1637 3944 ii,
1671 3895 1779 3948 quo
1811 3888 2057 3947 tempore
2109 3879 2249 3947 passi
2276 3920 2289 3943 ,
2344 3888 2653 3946 quantaque
2702 3878 2898 3931 fuerint
2948 3880 2999 3932 in
3047 3880 3379 3946 celebritate,

109 3983 396 4039 proponere.
429 3969 542 4024 Hos
572 3969 719 4023 cives
748 3968 911 4022 fuisse
942 3966 1299 4021 Taurinenses
1330 3967 1591 4020 Maximus
1618 3968 1890 4036 prtedicat,
1921 3967 2073 4035 cujus
2103 3977 2248 4021 certe
2280 3969 2553 4036 permagni
2602 3966 2882 4035 pemlcnda
2933 3978 3016 4022 est
3064 3972 3378 4025 auctoritas.

109 4065 257 4133 Atque
283 4067 325 4120 is
350 4066 576 4120 humilia
606 4063 696 4126 8i,
724 4077 845 4133 pag.
878 4061 975 4115 261
1016 4080 1028 4114 :
1060 4060 1188 4115 Cum
1214 4062 1461 4125 omnium,
1488 4061 1678 4129 inquit,
1711 4072 2006 4115 sanctorum
2051 4071 2354 4131 martyrum,
2389 4062 2598 4130 fratres,
2642 4061 2966 4113 derotissime
2994 4063 3219 4116 natalem
3250 4065 3383 4117 cele-

109 4150 234 4206 brare
252 4154 540 4219 debeamus,
576 4163 683 4205 tum
705 4152 965 4221 prtecipue
990 4167 1165 4203 eorum
1194 4150 1493 4203 solemnitas
1516 4158 1624 4203 tota
1648 4150 1795 4203 nobis
1824 4152 2151 4203 veneratione
2176 4150 2407 4202 curanda
2439 4158 2532 4213 est,
2557 4151 2643 4220 qui
2672 4153 2721 4203 in
2745 4152 2939 4203 nostris
2969 4151 3245 4207 domiciliis
3266 4173 3383 4224 pro-

108 4243 249 4307 prius
273 4244 576 4314 sanguinem
602 4240 966 4310 profuderunt.
1000 4235 1141 4291 Nam
1166 4240 1283 4291 licet
1307 4240 1541 4292 unirerse
1568 4242 1736 4293 sancti
1763 4238 1946 4310 ubique
1980 4241 2102 4303 sint,
2145 4250 2193 4293 et
2217 4239 2451 4293 omnibus
2491 4244 2720 4309 prosint,
2776 4243 2849 4295 illi
2881 4252 3053 4296 tamen
3094 4263 3185 4313 pro
3231 4247 3383 4301 nobis

109 4332 386 4402 (pracipue)
415 4334 786 4395 interueniunt,
811 4330 898 4401 qui
923 4339 973 4382 et
1003 4330 1260 4399 supplicia
1284 4330 1535 4398 pertulere
1553 4349 1648 4400 pro
1671 4331 1833 4385 nobis.
1862 4329 2067 4402 Martyr
2090 4334 2227 4385 enim
2252 4350 2361 4385 cum
2404 4336 2618 4401 patitur,
2664 4351 2765 4387 non
2797 4334 2894 4387 sibi
2935 4344 3136 4387 tantum
3164 4338 3383 4406 patitur,

108 4421 183 4473 sed
204 4433 246 4475 et
271 4436 482 4477 annos.
511 4419 628 4475 Sibi
658 4424 795 4473 enim
822 4420 1019 4490 patitur
1047 4419 1116 4471 ad
1145 4420 1433 4489 prtemium,
1458 4434 1658 4474 cmws
1686 4420 1755 4473 ad
1782 4421 2069 4491 exemplum
2094 4461 2123 4493 ,ν
2154 4432 2257 4476 ctc.
2284 4422 2400 4474 Jarn
2434 4424 2570 4485 illos,
2604 4424 2746 4493 quod
2777 4432 3089 4483 constantes
3116 4424 3382 4479 Christia-

109 4526 257 4565 nsma
283 4528 338 4567 se
362 4513 469 4567 coli
499 4510 821 4578 religionem
850 4508 1081 4563 confessi
1110 4520 1311 4572 essent,
1346 4509 1660 4575 sanguinem
1702 4508 1900 4563 fudisse
1926 4549 1940 4574 ,
1987 4509 2129 4562 idem
2171 4510 2327 4563 nobis
2369 4520 2454 4564 est
2500 4523 2689 4565 auctor
2719 4512 3011 4577 Maximus,
3059 4514 3189 4568 ibid.
3226 4515 3383 4579 Natu,

107 4596 348 4670 Exemplo,
381 4603 579 4672 inquit,
608 4618 786 4655 eorum
815 4601 1089 4655 didicimus
1120 4598 1323 4655 Christo
1350 4602 1579 4660 credere,
1612 4600 1880 4653 didicimus
1909 4602 2229 4654 contumeliis
2260 4606 2416 4655 vitam
2442 4614 2687 4656 wternam
2718 4621 2962 4675 querere,
2996 4616 3215 4660 mortem
3245 4610 3383 4661 didi-

108 4696 243 4750 cimus
268 4716 366 4752 non
396 4700 694 4753 timere.....
731 4695 877 4749 Beati
898 4698 1057 4767 igitur
1087 4706 1453 4765 martyres.....
1488 4695 1778 4763 exemplum
1810 4696 1956 4747 nobis
1979 4694 2310 4763 reliquerunt;
2338 4694 2470 4748 bene
2500 4696 2709 4751 vivendo
2730 4736 2744 4760 ,
2776 4700 3214 4763 conuersationis;
3247 4700 3380 4754 tole-

108 4786 246 4841 rando
272 4791 487 4858 fortiter,
512 4789 793 4859 passionis.
822 4783 959 4839 Nam
988 4786 1102 4839 ideo
1134 4784 1391 4839 Dominus
1418 4801 1510 4854 per
1542 4794 1699 4837 totum
1720 4784 1964 4835 mundum
1994 4783 2213 4835 diversis
2235 4786 2285 4835 in
2310 4784 2436 4836 locis
2460 4786 2566 4853 pati
2589 4795 2839 4855 martyres
2859 4787 3037 4852 uoluit,
3062 4796 3118 4839 ut
3142 4798 3383 4859 tanquam

109 4872 253 4928 idonei
279 4886 440 4943 testes,
467 4893 566 4932 nos
597 4891 872 4933 russea“
898 4875 1119 4945 quodam
1145 4889 1286 4928 not-:1
1318 4888 1565 4927 EXEIIPLO
1594 4887 1706 4927 sua:
1737 4887 2101 4926 CONFESSIONIS
2130 4882 2398 4942 urgerent,
2422 4882 2477 4925 ut
2496 4874 2728 4928 humana
2764 4878 3049 4947 fragilitas,
3089 4895 3204 4949 qua:
3247 4894 3383 4949 pra:-

109 4960 323 5020 dicationi
355 4964 632 5022 dominicte
678 4969 859 5021 auditu
906 4970 1137 5038 longiore
1182 4968 1269 5021 vix
1311 4967 1510 5031 credit,
1553 4967 1629 5020 vel
1657 4967 1902 5035 prwsenti
1931 4966 2194 5019 oculorum
2225 4968 2535 5031 testimonio,
2566 4971 2815 5039 martyrio
2846 4972 3076 5026 crederet
3097 4973 3381 5028 beatorum.

109 5052 262 5108 Cuncti
288 5059 443 5129 igitur
470 5070 726 5131 martyres
756 5060 1077 5113 deuotissime
1106 5056 1407 5127 percolendi
1446 5064 1567 5110 sunt
1590 5094 1605 5117 ,
1649 5054 1741 5108 sed
1777 5055 2070 5125 specialiter
2110 5055 2147 5107 ii
2192 5057 2469 5109 venerandi
2507 5066 2623 5109 sunt
2653 5075 2684 5110 a
2715 5056 2861 5111 nobis
2890 5076 3107 5130 quorum
3139 5063 3380 5133 reliquias

112 5145 412 5207 possidemus.
443 5149 665 5204 Taurini
688 5166 849 5220 porro
872 5152 1016 5220 ipsos
1044 5150 1207 5204 fuisse
1234 5148 1545 5219 perfunctos
1566 5148 1842 5217 martyrio,
1876 5162 1943 5200 ex
1966 5146 2249 5213 descriptis
2290 5149 2536 5215 proxime
2562 5148 2779 5203 Maximi
2810 5152 3051 5220 ejusdem
3090 5153 3224 5209 locis
3256 5171 3381 5223 pcr-

111 5238 226 5303 spici
245 5239 394 5305 plane
413 5250 615 5312 potest.
640 5241 751 5296 Nisi
778 5242 926 5296 enim
952 5242 1026 5295 ita
1052 5250 1214 5306 esset,
1246 5241 1337 5310 qui
1360 5241 1576 5295 tandem
1606 5239 1869 5293 Maximus
1891 5238 2252 5293 Taurinenses
2272 5239 2419 5293 cives
2440 5243 2722 5310 alloquens
2745 5243 2976 5309 diceret,
2997 5261 3094 5300 eos
3114 5248 3167 5299 in
3192 5250 3384 5301 nostris

109 5326 352 5383 domiciliis
372 5334 637 5402 praprium
666 5335 973 5404 sanguinem
1002 5332 1324 5403 profudisse,
1354 5332 1506 5385 etc.?
1537 5329 1733 5384 Verum
1764 5344 1873 5397 quo
1902 5335 2150 5395 tempore
2190 5328 2333 5396 passi
2380 5327 2596 5395 fuerint,
2649 5347 2825 5400 neque
2855 5331 3121 5388 Maximus
3160 5335 3382 5399 induxit,

109 5426 259 5482 Omne
276 5421 432 5475 statui
456 5422 684 5476 aliorum
716 5421 1026 5476 testimonio
1053 5420 1185 5475 satis
1208 5427 1361 5475 certo
1407 5418 1622 5473 videtur
1663 5431 1840 5486 posse.
1884 5415 2000 5471 Non
2031 5431 2150 5470 sum
2181 5419 2395 5472 nescius
2424 5418 2574 5489 vulgo
2598 5437 2687 5473 eos
2713 5423 2974 5476 accenseri
3002 5423 3285 5477 Thebeaua:
3306 5425 3382 5477 le-

110 5503 253 5571 gionis
279 5512 597 5580 martyribus
628 5509 724 5580 (ὁ).
767 5509 911 5564 Nihil
939 5517 1121 5564 autem
1149 5524 1271 5563 esse
1299 5521 1478 5563 causae
1512 5501 1669 5561 video
1695 5544 1710 5570 ,
1750 5505 2100 5573 quamobrem
2129 5505 2196 5558 ab
2226 5505 2290 5559 iis
2340 5507 2653 5562 dissideant.
2708 5510 2909 5583 [cxxvil
2961 5512 3065 5567 Sed
3110 5514 3382 5567 militia-ne

174 5636 241 5704 (ο)
274 5638 586 5711 Υἰρείειὶιιιιι
614 5658 777 5698 serm.
800 5642 1039 5711 ’Πακιεε
1058 5639 1178 5711 595.
1206 5655 1381 5711 δίειμι..
1414 5648 1660 5711 etserm.

1845 5636 2157 5711 (b)_Qonfer
2189 5638 2532 5711 Ruinartium
2561 5644 2821 5699 admonit.
2848 5646 2911 5700 ad
2936 5648 3060 5698 Acta
3084 5664 3380 5701 sanctorum

113 5699 319 5787 Ζὲέιὶει.
338 5709 523 5779 an,“
550 5728 714 5784 ερτω.
745 5711 839 5779 8|,
866 5699 1005 5783 pag."
1014 5709 1137 5779 607,
1155 5720 1211 5768 et
1237 5699 1401 5769 se'r'm.
1428 5710 1514 5776 ss,
1540 5722 1652 5779 pag.

1838 5699 2005 5760 anno.“
2027 5710 2371 5787 εςροςξοηιηι,
2390 5711 2457 5765 ad
2478 5714 2855 5787 an:_2_86,_u.u6,
2872 5699 2923 5784 ν.
2943 5714 3049 5769 ato
3064 5735 3078 5782 ;
3092 5699 3206 5787 Act.
3223 5699 3377 5770 mg

114 5772 453 5847 cumq.’
585 5772 609 5784 ·-
822 5772 884 5783 ’⁸
936 5772 966 5781 '
1122 5772 1135 5779 '
1501 5772 1558 5779 "
1614 5772 1635 5776 '
1774 5778 1986 5844 sincer._.
2009 5777 2138 5833 edit.
2165 5772 2366 5837 Veron.
2392 5772 3132 5853 an.nz,t;"riuch'wuuuin,
3156 5784 3381 5859 capsae
