3898 6226
534 355 639 411 ’23
1975 354 2354 410 PRAFATIU.
3690 358 3770 411 lii

524 466 801 519 (tulissent
829 464 990 521 iidem
1018 466 1190 523 sancti
1219 475 1487 538 martyres
1506 467 1741 531 nomina,
1773 480 1943 520 necne
1969 464 2244 519 dedissent
2262 505 2278 526 ,
2321 463 2583 518 Maximus
2611 482 2715 520 non
2744 466 2875 521 dicit
2903 484 2916 519 :
2949 481 2979 521 e
3006 467 3217 534 legione
3241 476 3421 522 autem
3456 468 3679 523 Theban
3698 484 3775 524 eos

526 555 711 619 fuisse,
742 556 913 610 multo
941 557 1071 612 dicit
1098 558 1290 612 minus.
1309 558 1472 612 Actis
1499 557 1762 627 martyrii,
1791 571 1909 626 qua:
1938 556 2167 624 primum
2192 555 2409 609 luerunt
2430 556 2573 610 edita
2603 572 2632 609 a
2662 556 2994 621 Mombritio,
3030 558 3337 631 pervulgata
3380 558 3483 613 hac
3505 557 3574 611 de
3603 573 3659 612 re
3684 567 3773 610 tra-

527 645 662 699 ditio
692 646 897 701 nititur.
931 648 1000 701 At
1024 655 1149 703 sunt
1175 648 1263 701 illa
1284 649 1583 703 recentiora
1606 655 1766 701 (etate
1795 645 2029 708 Maximi,
2060 646 2262 700 Auctor
2290 645 2632 701 Novalesiani
2661 648 2902 702 chronici
2939 664 2969 701 a
3013 648 3314 702 Duchesnio
3362 656 3415 701 et
3443 663 3474 700 a
3506 646 3772 699 Muratorio

474 750 501 763 ·-
527 734 675 797 editi,
704 732 867 789 fuisse
897 749 960 790 ea
988 736 1285 803 perscripta
1316 744 1549 788 narrata
1574 733 1842 788 Willelmo
1872 733 2188 787 Taurinensi
2218 734 2478 797 antistite,
2506 735 2599 803 qui
2626 735 2781 789 initio
2809 736 2999 789 decimi
3028 736 3205 789 saeculi
3226 736 3437 790 claruit.
3468 734 3591 789 Veri
3614 743 3773 788 tamen

528 837 637 876 non
664 828 745 875 est
772 823 966 886 simile,
998 822 1373 885 Taurinenses,
1406 822 1495 891 qui
1516 829 1784 876 tantorum
1817 830 2108 891 martyrum
2137 822 2441 889 patrocinio
2466 822 2844 889 gloriarentur,
2875 821 3060 876 tandiu
3080 824 3214 877 actis
3240 838 3427 878 eorum
3458 840 3555 893 pro
3581 822 3772 877 Christo

526 912 840 966 certaminis
868 914 1121 967 caruisse.
1165 911 1342 979 Quare
1383 911 1687 967 Enschenio
1733 912 1874 965 haud
1908 912 2157 981 equidem
2183 924 2426 980 repugno
2456 913 2640 978 aienti,
2674 921 2791 967 acta
2825 914 3016 968 eadem
3045 913 3371 967 Willeimum
3401 928 3469 967 ex
3494 911 3774 965 vetustiore

528 1003 782 1073 quopiam
803 1012 1152 1058 monumento
1174 1003 1463 1073 accepisse,
1489 1004 1633 1072 quod
1654 1018 1783 1058 sane
1803 1012 2207 1059 monumentum
2233 1004 2507 1059 Victoriae
2536 1006 2806 1075 episcopo,
2833 1006 2921 1075 qui
2938 1020 3027 1058 an.
3054 1001 3158 1055 494
3182 1000 3436 1070 templum
3461 1002 3515 1054 in
3529 1001 3773 1055 honorem

526 1102 824 1164 martyrum
852 1092 1165 1148 eorumdem
1196 1092 1429 1148 dicatum
1472 1094 1608 1158 Deo,
1640 1095 1867 1163 amplius
1908 1095 2445 1165 magniﬁcentiusque
2496 1096 2761 1158 restituit;
2792 1111 2861 1149 an
2889 1094 2979 1149 uni
3005 1093 3233 1163 cuipiam
3264 1089 3671 1148 monachorum,
3697 1087 3773 1155 qni

528 1182 731 1251 templo
759 1182 934 1236 eidem
963 1181 1284 1245 inservierit,
1332 1188 1610 1251 acceptum
1637 1180 1825 1236 referri
1854 1182 2069 1249 debeat,
2102 1199 2208 1238 non
2235 1184 2443 1238 laboro.
2476 1182 2591 1238 Hoc
2610 1184 2741 1237 mihi
2768 1198 2919 1237 sumo
2951 1200 2964 1235 :
2998 1182 3045 1236 si
3092 1197 3123 1235 e
3176 1179 3527 1233 Thebzeorum
3580 1175 3775 1243 legione

526 1278 791 1342 martyres
818 1269 979 1325 iidem
1005 1269 1237 1333 luerunt,
1260 1284 1355 1324 eos
1381 1285 1470 1323 an.
1496 1269 1602 1323 286
1625 1270 1710 1323 vel
1740 1285 2003 1325 summum
2032 1286 2119 1324 an.
2151 1272 2279 1326 circ.
2310 1270 2415 1323 297
2438 1270 2752 1326 decessisse.
2782 1270 3059 1325 Postremo
3079 1276 3279 1339 quanta
3304 1267 3355 1320 in
3376 1264 3691 1320 celebritate
3713 1262 3775 1314 illi

527 1355 741 1423 fuerint,
766 1374 885 1412 cum
906 1372 973 1413 ex
993 1359 1209 1412 homilia
1231 1356 1464 1420 Maximi,
1496 1359 1649 1427 cujus
1675 1360 1834 1428 paulo
1862 1368 1988 1415 ante
2016 1361 2233 1415 memini
2260 1360 2356 1430 (a),
2392 1369 2501 1415 tum
2528 1377 2595 1415 ex
2624 1377 2690 1416 eo
2728 1361 2889 1415 etiam
2913 1360 3072 1429 plane
3116 1360 3302 1427 liquet,
3347 1356 3491 1427 quod
3528 1354 3776 1424 templum

528 1444 657 1500 olim
684 1445 742 1499 in
770 1460 958 1499 eorum
985 1445 1246 1499 honorem
1275 1444 1632 1500 Taurinenses
1658 1447 1949 1511 erexerint,
1981 1449 2473 1518 monasteriumque
2497 1449 2741 1517 proxime
2767 1446 2969 1502 exstrui
2992 1448 3245 1501 curarint.

598 1531 677 1587 De
702 1532 900 1587 sanctis
926 1534 1251 1603 martyribus
1276 1533 1604 1600 Alexandro,
1653 1535 1907 1607 Martyrio
1954 1543 2010 1591 et
2048 1536 2303 1602 Sisinnio,
2350 1538 2442 1606 qui
2489 1538 2542 1590 in
2580 1542 2725 1606 "pago
2772 1537 3015 1592 Anaunia
3055 1537 3303 1593 dimcesis
3330 1535 3663 1590 Tridentinze
3687 1550 3772 1603 pro

526 1620 740 1679 Christo
768 1639 891 1677 ann.
925 1624 1027 1677 5‘97
1053 1613 1279 1680 mortem
1308 1627 1510 1693 obiere,
1536 1628 1645 1695 agit
1673 1643 1741 1682 ex
1771 1629 2011 1683 instituto
2040 1630 2301 1685 Maximus
2340 1630 2679 1685 sermonibus
2725 1627 2783 1683 8i
2836 1638 2891 1683 et
2936 1628 3023 1693 8‘2,
3065 1640 3188 1698 pag.
3220 1624 3321 1679 697
3349 1638 3501 1691 seqq.
3545 1622 3772 1687 Quorum

525 1718 706 1765 autem
733 1709 1072 1777 crudelitate,
1102 1727 1370 1781 quamque
1394 1715 1464 1768 ob
1489 1730 1706 1769 causam
1733 1718 1971 1771 stevitum
2002 1718 2056 1771 in
2084 1733 2178 1772 eos
2220 1718 2398 1783 fuerit,
2441 1720 2659 1788 copiose
2702 1725 2884 1772 narrat
2926 1726 3143 1772 sanctus
3172 1716 3392 1785 Vigilius
3418 1712 3649 1766 antistes
3672 1710 3774 1764 Tri-

524 1798 863 1855 dentinorum
891 1800 945 1854 in
974 1801 1039 1856 iis
1065 1802 1308 1870 epistolis
1334 1818 1560 1872 quarum
1592 1804 1817 1858 alteram
1847 1804 1913 1857 ad
1941 1804 2341 1874 Simplicianum
2372 1806 2824 1861 Mediolanensem
2865 1806 3194 1874 episcopum,
3243 1804 3468 1856 alteram
3509 1800 3581 1853 ad
3622 1797 3772 1853 Joan-

523 1904 647 1942 nem
687 1889 1128 1958 Chrysostomum
1150 1891 1434 1958 praesulem
1463 1890 2117 1961 Constantinopolitanum
2162 1894 2323 1948 dedit.
2375 1894 2668 1963 Utramque
2713 1894 2851 1964 typis
2891 1893 3081 1948 excudi
3125 1900 3379 1949 curamnt
3418 1890 3771 1952 Bollandiani,

524 1976 752 2044 primum
792 1975 857 2028 ad
902 1973 971 2029 29
1017 1977 1216 2031 mensis
1245 1976 1367 2031 Maii
1392 1978 1564 2043 diem;
1597 1988 1651 2034 et
1677 1981 1767 2047 qui
1797 1989 1912 2035 acta
1939 1982 2141 2037 sincera
2168 1992 2469 2037 sanctorum
2498 1992 2789 2053 martyrum
2815 1998 2843 2036 a
2873 1983 3152 2037 Ruinartio
3175 1982 3397 2037 collecta
3425 1980 3648 2035 edidere
3679 1978 3747 2031 Ve

522 2082 668 2121 route
705 2083 792 2120 an.
839 2066 996 2133 1751,
1037 2079 1159 2137 pag.
1211 2068 1316 2122 534
1336 2086 1448 2141 seq.
1480 2070 1803 2127 Eorumdem
1829 2082 2120 2144 martyrum
2144 2079 2437 2131 meminere
2459 2085 2673 2131 sanctus
2699 2074 3027 2130 Gaudentius
3054 2072 3363 2133 Brixiensis,
3411 2080 3637 2123 sanctus
3678 2071 3773 2120 Au-

522 2158 767 2225 gustinus
789 2200 803 2223 ,
852 2166 910 2213 et
953 2156 1263 2215 Gennadius
1287 2203 1305 2229 ,
1351 2162 1422 2217 de
1467 2163 1662 2233 quibus
1706 2164 1827 2219 vide
1873 2166 2289 2222 admonitionem
2336 2169 2391 2222 in
2436 2167 2653 2223 Sisinnii
2698 2167 3011 2238 martyrium
3053 2163 3193 2234 apud
3236 2160 3601 2224 Ruinartium,
3632 2155 3771 2217 ibid»

524 2260 647 2315 pag.
681 2244 803 2299 553.

593 2335 785 2390 Sermo
815 2344 899 2391 est
926 2336 1143 2391 Maximi
1173 2337 1243 2391 84
1264 2378 1279 2403 ,
1331 2353 1451 2407 pag.
1502 2337 1609 2392 615
1653 2355 1793 2409 seq.,
1838 2342 1906 2396 de
1934 2345 2132 2398 sanctis
2158 2345 2481 2414 martyribus
2510 2344 2934 2411 Aquileiensibus
2960 2340 3170 2405 Cautio,
3201 2339 3463 2394 Cantiano
3490 2345 3548 2391 et
3572 2334 3772 2389 Cantia-

524 2423 673 2477 nilla.
702 2423 973 2490 Quantum
999 2424 1088 2479 his
1113 2425 1402 2493 antiquitas
1431 2427 1675 2481 tribuerit
1728 2428 1948 2483 honoris
1987 2446 2051 2485 ac
2097 2431 2269 2485 laudis
2308 2432 2529 2500 intelligi
2556 2448 2624 2486 ex
2652 2432 2975 2487 carminibus
2999 2428 3249 2484 Venantii
3277 2426 3557 2481 Fortunati
3586 2431 3769 2493 poteSt.

524 2509 721 2564 Conl'er
746 2509 1055 2576 Baronium,
1084 2520 1196 2567 not.
1230 2514 1282 2566 in
1314 2512 1584 2585 Martyrol.
1619 2515 1778 2569 Rom.
1805 2517 1869 2570 ad
1898 2518 2037 2571 diem
2069 2518 2129 2571 51
2163 2518 2305 2572 Maii.

595 2602 816 2672 [cum]
852 2601 1113 2656 XXXVII.
1152 2602 1287 2656 Cum
1316 2603 1383 2657 de
1411 2615 1862 2660 sacramentorum
1908 2623 2284 2677 sacrarumque
2332 2623 2551 2677 precum
2582 2609 2633 2662 in
2678 2608 2917 2663 Ecclesia
2943 2605 3203 2661 catholica
3232 2601 3634 2665 communione,
3657 2598 3772 2667 quid

524 2689 742 2743 Maximi
766 2691 1010 2745 doctrina
1056 2689 1212 2757 lerat,
1263 2693 1687 2749 demonstratum
1730 2699 1817 2763 sit,
1843 2701 2085 2769 sequitur
2103 2709 2163 2754 ut
2187 2717 2347 2770 quam
2374 2702 2537 2756 etiam
2563 2709 2712 2756 recte
2742 2701 2829 2754 ille
2855 2698 2922 2754 de
2951 2706 3294 2768 peccaton
3323 2696 3640 2749 remissione
3662 2707 3772 2747 sen-

524 2779 675 2845 serit,
698 2796 986 2850 exponam.
1017 2779 1159 2849 Ergo
1188 2782 1277 2839 ille
1297 2784 1517 2839 homilia
1547 2785 1635 2850 83,
1660 2802 1776 2856 pag.
1808 2788 1913 2841 272
1939 2808 1951 2842 :
1982 2789 2268 2857 Credenda,
2298 2792 2487 2861 inquit,
2509 2801 2587 2845 est
2623 2790 2897 2861 praecipue,
2932 2790 3140 2858 fratres,
3172 2778 3498 2856 pEccatorum
3526 2782 3769 2840 remissio.

525 2872 646 2940 quia
673 2870 769 2923 hoc
795 2886 953 2923 unum
980 2877 1057 2925 est
1084 2872 1381 2940 remedium,
1403 2875 1538 2945 quod
1565 2876 1825 2931 hominum
1850 2895 2008 2949 genus
2037 2896 2069 2932 a
2090 2883 2339 2933 sententia
2368 2887 2625 2950 perpetua
2650 2879 2828 2953 mortis
2856 2876 3091 2930 absolvit.
3124 2873 3326 2927 Idcirco
3359 2871 3669 2941 Unigenitus
3687 2868 3771 2920 Αι-

527 2960 713 3012 tissimi
740 2976 939 3013 suasere
964 2959 1207 3030 dignatus
1233 2968 1307 3015 est
1336 2978 1561 3027 carnem,
1588 2966 1877 3035 complexus
1899 2976 1973 3020 est
1998 2984 2217 3032 crucem,
2250 2976 2304 3019 ut
2328 2978 2393 3032 te,
2415 2968 2502 3038 qui
2531 2967 2748 3019 crimina
2778 2973 2865 3017 tua
2890 2962 3103 3017 evadere
3128 2970 3178 3015 et
3196 2968 3405 3029 peccata
3427 2976 3531 3013 non
3558 2966 3774 3028 poteras,

527 3047 847 3117 indulgentia
870 3050 1063 3117 faceret
1080 3049 1422 3103 innocentem.
1452 3048 1577 3104 Ideo
1599 3054 1956 3116 immaculatus
1984 3057 2178 3109 occisus
2199 3064 2275 3109 est
2301 3056 2499 3125 Agnus,
2530 3062 2587 3106 ut
2613 3054 2722 3123 ejus
2751 3070 2932 3107 cruore
2956 3053 3166 3106 humani
3207 3052 3407 3119 generis
3435 3048 3644 3101 macula
3686 3055 3777 3100 ter-

526 3131 748 3205 geretur.
806 3134 1004 3199 Videte,
1034 3138 1241 3205 fratres,
1265 3138 1668 3208 profunditatem
1696 3132 1955 3211 mysterii;
1984 3144 2146 3196 videte
2174 3143 2499 3197 altitudinem
2522 3144 2849 3207 sacramenti,
2871 3142 2957 3196 ubi
2985 3157 3123 3195 mors
3164 3138 3385 3194 reddidit
3418 3140 3579 3191 vitam
3599 3145 3651 3190 et
3668 3151 3780 3205 pec-

527 3224 755 3277 cantium
782 3224 957 3277 sordes
985 3227 1238 3295 sanguine
1283 3234 1402 3279 sunt
1428 3228 1712 3282 innocentis
1742 3231 1945 3283 ablutte.
1997 3230 2125 3284 Hice
2146 3240 2316 3284 autem
2338 3233 2568 3285 remissio
2598 3248 2701 3284 non
2730 3238 2780 3284 te
2812 3230 2881 3283 ad
2900 3239 3163 3301 peccatum
3193 3229 3375 3293 nutrit,
3407 3225 3497 3279 sed
3524 3225 3779 3286 admonet,

526 3319 583 3363 ut
619 3326 827 3380 peccare
866 3311 983 3380 jam
1020 3320 1238 3377 metuas,
1266 3314 1353 3383 qui
1383 3315 1713 3386 teintelligis,
1744 3318 1854 3370 sine
1873 3320 2020 3371 venia
2050 3335 2151 3372 non
2181 3320 2407 3388 potuisse
2428 3320 2635 3373 salvari.
2671 3319 2885 3373 Bonitas
2906 3319 3043 3371 enim
3070 3316 3168 3370 Dei
3191 3315 3526 3386 indulgentia:
3544 3330 3657 3368 sua:
3676 3329 3782 3367 mu-

527 3414 649 3454 nere
674 3412 779 3453 non
804 3413 898 3454 nos
924 3411 1093 3454 armat
1119 3402 1190 3455 ad
1216 3404 1441 3473 culpam,
1471 3405 1562 3458 sed
1590 3405 1750 3458 abluit
1778 3407 1847 3459 ad
1884 3408 2119 3477 gloriam.
2149 3407 2282 3462 Esse
2322 3420 2501 3462 autem
2531 3410 2584 3461 in
2606 3407 2843 3462 Ecclesia
2864 3421 3047 3462 veram
3069 3405 3511 3461 remittendorum
3541 3410 3783 3475 peccato-

526 3502 669 3550 rum,
693 3487 889 3547 Christi
910 3489 1212 3557 Servatoris
1235 3492 1516 3557 beneficio,
1542 3501 1877 3563 potestatem,
1905 3496 2121 3550 homilia
2160 3496 2246 3561 68,
2286 3510 2407 3565 pag.
2433 3495 2539 3549 2l9
2560 3496 2821 3551 Maximus
2843 3496 3094 3551 ostendit.
3115 3496 3247 3549 Nam
3269 3494 3335 3548 de
3358 3492 3519 3547 Petro
3543 3490 3785 3561 apostolo

526 3579 796 3633 disserens
822 3597 834 3631 :
867 3578 1036 3634 Clanis
1074 3581 1207 3644 cteli,
1241 3582 1429 3649 inquit,
1475 3584 1649 3653 lingua
1677 3595 1751 3637 est
1779 3583 1941 3649 Petri,
1991 3588 2111 3653 quia
2138 3586 2456 3657 singulorum
2476 3589 2656 3640 merita
2684 3586 2953 3650 censendo,
2976 3584 3253 3655 Apostolus
3280 3582 3556 3650 unicuique
3583 3595 3784 3650 regnum

525 3672 768 3725 calorum
814 3680 904 3724 aut
949 3672 1143 3725 claudit
1179 3682 1269 3725 aut
1302 3676 1488 3743 aperit.
1519 3673 1639 3729 Non
1680 3685 1755 3728 est
1784 3692 1902 3745 ergo
1924 3676 2080 3729 clavis
2102 3677 2201 3728 ista
2228 3677 2461 3731 mortalis
2499 3677 2718 3745 artificis
2745 3681 2921 3745 aptata
2949 3691 3126 3738 manu,
3155 3672 3245 3727 sed
3266 3672 3386 3724 data
3406 3686 3439 3721 a
3465 3668 3677 3722 Christo
3697 3683 3785 3736 po-

528 3771 683 3813 testas
710 3770 786 3814 est
799 3762 1093 3830 judicandi.
1128 3760 1361 3833 Denique
1388 3765 1459 3815 ait
1486 3766 1557 3817 eis
1582 3781 1598 3816 :
1626 3762 1851 3827 Quorum
1877 3766 2172 3819 remiseritis
2200 3775 2427 3835 peccata,
2460 3767 2671 3819 remissa
2691 3775 2828 3829 sunt,
2878 3774 2927 3817 et
2964 3780 3177 3835 quorum
3218 3761 3538 3817 detinueritis
3589 3759 3785 3813 detenta

524 3858 664 3901 sunt.
695 3847 765 3901 Et
784 3849 1001 3902 humilia
1043 3848 1129 3915 72,
1153 3864 1272 3917 pag.
1296 3849 1399 3903 250
1431 3869 1442 3902 :
1477 3851 1649 3915 Petro,
1678 3854 1809 3905 sicut
1830 3852 1958 3906 bona
1988 3854 2348 3922 dispensatori,
2381 3856 2571 3907 clavem
2613 3855 2765 3925 regni
2786 3853 3000 3907 caelestis
3025 3851 3309 3919 (Christus)
3341 3850 3597 3903 dedit.....
3621 3847 3782 3903 Clanis

525 3940 748 3991 (licenda
767 3945 861 4003 est,
893 3956 994 4008 qua
1022 3940 1091 3992 ad
1117 3940 1273 4008 fidem
1301 3942 1434 3995 dura
1463 3953 1781 4011 peccatorum
1803 3944 1959 3997 corda
1987 3954 2299 4006 reserantur,
2323 3945 2568 3997 mentium
2593 3954 2786 3997 secreta
2802 3944 3118 4013 panduntur,
3142 3953 3190 3996 et
3210 3942 3456 4014 quidquid
3475 3942 3788 3994 intrinsecus

526 4033 757 4084 clausum
786 4039 1001 4095 tenetur,
1033 4033 1086 4084 in
1114 4031 1291 4100 palam
1330 4034 1625 4087 rationabili
1666 4035 2080 4103 manifestatione
2128 4036 2461 4104 producitur;
2500 4034 2673 4095 clavis,
2707 4036 2933 4105 inquam,
2967 4050 3082 4099 qute
3107 4042 3157 4085 et
3181 4032 3548 4085 conscientiam
3579 4030 3651 4082 ad
3679 4043 3787 4099 pec-

525 4122 631 4173 cati
661 4122 1034 4190 confessionem
1061 4122 1245 4189 aperit,
1277 4131 1327 4173 et
1354 4124 1576 4190 gratiam
1596 4123 1666 4174 ad
1703 4126 2036 4176 wternitatem
2064 4125 2291 4192 mysterii
2320 4123 2563 4176 salutaris
2584 4122 2818 4176 includit.
2851 4121 2917 4175 Et
2936 4135 3185 4175 sermone
3214 4117 3297 4193 5i,
3330 4131 3451 4186 pag.
3480 4116 3577 4170 551
3614 4135 3628 4170 :
3656 4115 3780 4180 Quis

526 4214 655 4279 lucc,
702 4214 804 4266 nisi
845 4228 958 4265 vere
1001 4214 1324 4282 omnipotens
1352 4212 1492 4267 Deus
1528 4214 1740 4284 implere
1768 4216 2029 4283 potuisset,
2054 4223 2107 4266 ut
2129 4216 2252 4285 ferte
2279 4224 2472 4267 mentes
2503 4214 2795 4283 religiosam
2822 4212 3436 4272 discerentsanctitatem,
3467 4218 3517 4262 et
3539 4209 3788 4262 cwlestem

525 4306 804 4374 susciperet
835 4302 1083 4357 barbarus
1110 4320 1279 4356 sermo
1300 4303 1628 4356 doctrinam?
1661 4302 1845 4356 Divina
1864 4320 2006 4374 ergo,
2028 4306 2233 4373 fratres,
2266 4304 2401 4356 cultu
2424 4318 2717 4356 veneremur
2737 4303 2870 4354 hunc
2896 4302 3151 4371 Spiritum
3180 4298 3467 4369 (sanctum)
3514 4298 3597 4349 cui
3642 4297 3789 4365 plena

528 4392 867 4462 regenerandi
895 4392 1071 4454 virtus,
1103 4400 1153 4443 et
1172 4402 1381 4461 peccata
1410 4391 1699 4445 remittendi
1729 4401 1951 4461 potestas
1972 4402 2065 4455 est,
2092 4394 2222 4445 sicut
2251 4394 2460 4445 instruit
2480 4392 2733 4445 Dominus
2760 4391 3037 4461 discipulos
3058 4405 3197 4451 suos,
3243 4388 3415 4440 dicens
3445 4403 3462 4439 :
3486 4386 3588 4448 Ite,
3624 4388 3790 4441 docete

526 4502 700 4541 omnes
721 4496 913 4557 gentes,
944 4486 1265 4556 baptizantes
1294 4502 1379 4539 eos
1400 4488 1455 4539 in
1477 4487 1682 4539 nomine
1705 4484 1901 4549 Patris,
1933 4495 1983 4538 et
2004 4484 2149 4549 Filii,
2172 4494 2221 4537 et
2242 4484 2467 4553 Spiritus
2488 4486 2655 4538 sancti
2683 4501 2700 4537 :
2730 4493 2780 4536 et
2804 4482 2968 4536 alibi:
2998 4481 3227 4552 Accipite
3255 4479 3507 4549 Spiritum
3535 4489 3789 4543 sanctum,

525 4591 743 4645 quorum
790 4575 1087 4627 remiseritis
1114 4582 1344 4644 peccata,
1393 4574 1608 4641 remissa
1636 4583 1773 4638 sunt,
1806 4582 1855 4627 et
1882 4590 2093 4644 quorum
2120 4575 2454 4637 retinueritis,
2486 4574 2694 4626 detenta
2714 4582 2851 4627 sunt.
2875 4570 2952 4625 Ex
2975 4571 3125 4625 hisce
3148 4578 3326 4624 autem
3348 4571 3518 4624 sancti
3542 4571 3793 4626 antistitis

528 4664 660 4718 locis
682 4663 835 4732 plane
857 4664 1196 4734 perspicitur,
1227 4679 1333 4717 non
1356 4663 1602 4718 omnibus
1630 4662 1961 4723 Christianis,
1988 4660 2084 4715 sed
2112 4662 2371 4729 apostolis
2395 4661 2798 4730 discipulisque,
2850 4667 3010 4728 atque
3054 4657 3192 4713 adeo
3232 4659 3498 4727 episcopis
3527 4674 3593 4713 ac
3615 4674 3793 4714 sacer~

529 4752 746 4807 dotibus
770 4760 975 4806 tantum
1000 4761 1119 4807 esSe
1141 4769 1173 4806 a
1194 4751 1408 4806 Christo
1428 4750 1871 4805 remittendorum
1898 4758 2238 4818 peccatorum
2262 4754 2585 4818 potestatem
2610 4748 2826 4802 factam.

600 4840 881 4893 XXXVIII.
924 4841 1109 4895 Restat
1150 4849 1205 4895 ut
1242 4839 1311 4895 de
1340 4839 1731 4894 resurrectione
1759 4838 1955 4899 carnis,
1987 4852 2146 4904 quam
2173 4845 2297 4907 apte
2323 4837 2389 4890 ad
2417 4852 2597 4891 sacras
2645 4836 2850 4889 litteras
2892 4832 3217 4903 Patrumque
3243 4842 3559 4889 ceterorum
3589 4835 3794 4892 doctri-

530 4946 653 4985 nam
686 4930 949 4984 Maximus
979 4933 1243 4995 statuerit,
1267 4931 1561 4984 videamus.
1589 4926 1829 5001 [cxxvm]
1853 4926 2076 4979 Homilia
2107 4926 2195 4990 8'5,
2219 4938 2341 4995 pag.
2363 4925 2467 4977 273
2492 4944 2503 4976 :
2539 4922 2664 4987 Quis
2688 4923 2897 4977 credens
2924 4921 3272 4990 Deo,~inquit,
3325 4925 3485 4993 possit
3521 4930 3584 4977 de
3625 4941 3794 4991 resur—

530 5025 752 5077 rectione
790 5024 1021 5077 dubitare
1050 5022 1249 5093 (b)?Et
1268 5036 1512 5076 sermone
1541 5020 1627 5084 52,
1652 5034 1771 5089 pag.
1804 5017 1907 5070 482
1934 5032 2070 5085 seq..
2103 5017 2162 5070 Si
2191 5016 2422 5070 Christus
2454 5017 2731 5069 resurrexit
2760 5031 2872 5085 spes
2901 5024 3096 5079 nostra,
3123 5015 3256 5085 quis,
3288 5016 3494 5085 fratres,
3524 5032 3580 5071 se
3600 5034 3793 5091 quoque

530 5180 709 5225 sancto
732 5170 999 5236 Mauritio,
1026 5179 1154 5225 tom.
1175 5168 1263 5233 lV,
1282 5182 1403 5237 pag.
1428 5164 1548 5237 U5,
1573 5174 1629 5237 et
1648 5174 1771 5219 nota
1792 5163 2100 5237 4,7pag.‘64;
2282 5164 2359 5232 (α)
2400 5163 2641 5237 Maximi__
2660 5164 2934 5237 hteesunt
2975 5163 3133 5237 verba
3159 5204 3173 5227 ,
3219 5179 3284 5216 ex
3313 5164 3508 5232 quibus
3536 5165 3792 5237 cognosci

535 5241 852 5295 lionument.
887 5232 1065 5293 histor.
1093 5239 1236 5292 Eccl.
1260 5232 1389 5291 c'dit'.
1422 5236 1655 5289 Bruxell.
1686 5252 1755 5288 an
1790 5232 1949 5294 1732;
1984 5233 2105 5287 Bol-
2209 5241 2385 5302 potest
2400 5249 2522 5303 iqua
2554 5232 2825 5301 diligentia
2859 5248 2923 5286 ac
2951 5232 3148 5299 pietate
3175 5248 3362 5286 eorum
3394 5232 3695 5303 martyrum
3734 5236 3793 5289 li-

532 5311 765 5364 landian.
798 5310 865 5364 ad
893 5309 961 5362 30
991 5309 1230 5367 Januar.,
1283 5322 1401 5373 pag.
1447 5304 1568 5364 252,
1617 5314 1671 5358 et
1718 5305 1784 5357 15
1824 5303 2103 5368 Ρριιτιιτιν.,
2214 5302 3792 5373 psanaTauriuensesservarent,quamqueeorunipatroci.

535 5394 655 5448 pag.
708 5379 811 5432 657
849 5395 1035 5448 seqq.;
1079 5370 1373 5431 Octavium'
1401 5375 1646 5448 Felicem
1682 5374 2105 5448 Baudissonizim,
2213 5370 2316 5425 niis
2356 5370 2682 5448 conﬁderent
2710 5390 2720 5421 :
2750 5370 3053 5448 Specialiter
3076 5371 3112 5423 ii
3133 5381 3251 5422 sunt
3278 5370 3790 5448 uenerari-dianam;

537 5440 685 5518 Orat.
720 5440 1044 5518 panegyrica,
1075 5448 1385 5518 eruditionis
1410 5444 1584 5518 plena,
1612 5444 1674 5494 de
1700 5444 1888 5518 sanctis
1918 5452 2111 5518 θηρίῳ·
2214 5458 2425 5518 quorum
2464 5442 2702 5510 reliquias
2741 5440 3055 5518 possidemus
3082 5455 3099 5491 :
3129 5456 3242 5492 cum
3270 5440 3348 5493 his
3376 5440 3522 5518 nobis
3566 5443 3793 5509 familia-

538 5459 685 5500 Urat.
720 5464 1044 5518 panegynca,
1075 5459 1385 5499 eruditionis
1410 5459 1584 5510 plena,
1612 5459 1674 5494 ae
1700 5459 1888 5495 sanctis
1918 5459 2111 5563 Μαγιὲ-
2214 5459 2425 5511 quorum
2464 5459 2702 5510 reliquias
2741 5459 3055 5507 possiaemus
3082 5459 3099 5491 :
3129 5459 3242 5492 cum
3270 5459 3348 5493 ms
3376 5459 3522 5493 noois
3566 5459 3793 5509 (amma-

538 5517 677 5569 ribus
711 5516 949 5577 Octavio,
974 5518 1219 5569 Adrentio
1255 5525 1305 5567 et
1347 5514 1611 5573 Solutore,
1657 5514 1784 5581 edit.
1818 5528 1906 5581 an.
1942 5513 2039 5563 177
2095 5529 2110 5573 ;
2215 5514 2342 5563 ritas
2364 5518 2469 5573 est,
2504 5526 2699 5581 semper
2727 5511 2861 5561 enim
2893 5509 3156 5562 nobiscum
3200 5518 3351 5574 sunt,
3392 5507 3666 5565 nobiscum
3695 5529 3794 5566 mo-

539 5585 881 5640 Franciscum
910 5586 1197 5638 Antonium
1222 5584 1551 5642 Zachariam,
1585 5592 1713 5633 tom.
1764 5580 1778 5633 Ι
1813 5580 2108 5643 Dissertat.,
2218 5590 2415 5637 rantur.
2442 5586 2546 5631 etc.

540 5654 667 5706 edit.
695 5671 780 5708 an.
817 5654 983 5716 1780;
1007 5663 1062 5707 et
1092 5654 1148 5705 P.
1174 5656 1241 5708 de
1270 5653 1451 5712 Rivaz,
1486 5651 1682 5702 Vindir.
1707 5654 1956 5720 passionis
1984 5651 2112 5703 Tlie-
2292 5648 2364 5713 (b)
2408 5648 2517 5703 Hoc
2543 5648 2609 5701 dc
2642 5648 2759 5701 loco
2784 5646 2905 5700 vide
2929 5646 3328 5704 annotationetn
3358 5645 3411 5710 2,
3440 5662 3560 5716 pag.
3591 5647 3722 5704 276.

545 5723 764 5777 l'a'orum
788 5725 1020 5785 militum,
1047 5724 1171 5777 edit.
1204 5723 1369 5775 Paris.
1403 5738 1464 5772 an
1505 5720 1652 5770 l'i'ifl.
