3898 6226
588 342 686 399 137

1784 338 1839 392 5.
1881 336 2123 405 MAXIM!
2171 335 2619 391 TAURINENSIS
3704 336 3778 392 1‘23

585 455 673 509 ille
698 460 902 517 sanctus
924 450 1233 506 admirando
1256 424 1569 512 intuebatur,
1593 464 1706 501 cum
1734 449 1960 500 diceret:
1988 444 2125 509 Quid
2146 445 2269 499 mihi
2299 453 2375 498 est
2399 449 2455 498 in
2495 452 2638 507 cmto,
2660 451 2709 497 et
2729 461 2761 497 a
2784 452 2833 497 te
2856 445 2980 513 quid
3005 446 3138 499 volui
3157 461 3310 515 super
3328 447 3559 500 terram?
3578 445 3691 501 Nam
3704 463 3779 504 ac.

588 546 727 599 (estis
745 545 925 615 gloria:
949 541 1358 613 magnitudinem
1384 557 1475 594 nec
1506 539 1719 593 dicendo
1751 538 2027 607 explicare,
2054 553 2145 589 nec
2175 534 2447 606 cogitando
2478 533 2760 603 sufﬁciebat
2780 534 3221 603 comprehendere.
3269 534 3320 588 Η
3325 552 3400 590 (τε
3423 537 3571 606 igitur
3595 554 3677 590 non
3693 546 3778 589 tas-

590 648 694 690 tum
731 636 1030 697 esuriamus,
1061 632 1335 701 eademque
1366 622 1619 689 sitiamus,
1644 631 1883 700 quoniam
1918 629 1988 680 ad
2028 628 2122 680 hoc
2150 628 2383 695 pontifex
2426 642 2674 691 summus,
2699 642 2792 695 pro
2820 624 2967 678 nobis
2994 642 3301 693 prmcursor,
3330 637 3512 679 sancta
3549 637 3779 682 sanctorum

590 723 837 786 ascendit,
859 731 1010 793 atque
1028 721 1095 773 ad
1122 720 1382 774 dexteram
1413 719 1585 773 Patris
1607 721 1684 772 sui
1710 718 1867 777 sedet,
1897 728 1951 769 ut
1981 714 2319 769 membrorum
2344 730 2553 768 suorum
2571 714 2801 783 exemplo
2828 730 2968 782 spem
2992 724 3221 769 nostram
3249 715 3589 805 conﬁrmaret,
3613 725 3653 768 et
3673 732 3781 768 παρ

589 822 760 868 turam
803 831 913 868 esse
952 813 1476 885 aliquando’universi
1504 813 1669 883 gregis
1699 811 2056 868 humilitatem,
2088 824 2185 878 quo
2214 823 2361 860 suum
2406 806 2565 859 credit
2608 806 2927 874 praecessisse
2964 814 3285 874 pastorem...
3319 805 3611 889 Aquilonem
3634 808 3782 859 esuries

592 902 897 958 desiderium
924 914 1222 958 sanctarum
1263 904 1523 974 signiﬁcat
1560 905 1868 963 animarum,
1899 914 1993 966 quo
2021 904 2239 966 caput...
2269 894 2393 963 ﬁdei
2432 893 2645 947 naribus
2690 894 2985 953 sentientes,
3019 890 3331 945 dulcissime
3357 893 3471 960 spei
3488 894 3655 955 rotatu,
3674 910 3783 945 ras-

593 1010 796 1049 ssxruz
818 994 1098 1049 conditoris
1117 995 1197 1047 sui
1224 994 1408 1046 vellent
1430 1001 1687 1053 assistere,
1713 1004 2044 1050 Etusneuoue
2064 1002 2266 1041 venus
2294 1001 2590 1039 SATIETATE
2611 1000 2922 1039 annosus...
2955 982 3131 1036 Patris
3156 983 3232 1034 sui
3260 982 3472 1036 dextera
3497 1001 3688 1054 regnare
3702 1002 3786 1036 crc-

594 1086 793 1145 damus,
821 1091 972 1154 atque
993 1082 1062 1135 ad
1080 1099 1213 1143 eum,
1237 1084 1381 1153 quasi
1407 1083 1621 1151 geminis
1648 1082 1886 1133 virtutum
1906 1080 2023 1141 alis,
2053 1080 2271 1131 caritate
2288 1086 2338 1131 et
2357 1094 2448 1145 spe
2468 1062 2667 1146 semper
2699 1076 2987 1139 tendamus,
3010 1085 3131 1128 ut...
3164 1091 3277 1128 cum
3303 1092 3363 1128 eo
3387 1084 3437 1129 et
3454 1092 3548 1129 nos
3573 1092 3783 1129 messis

594 1188 838 1229 rossluus
865 1187 1105 1227 necs/tne
1131 1189 1309 1226 nun.
1335 1171 1443 1225 Sed
1470 1173 1536 1226 d‘e
1560 1171 1803 1225 doctrina
1834 1169 2045 1222 Maximi
2070 1170 2342 1226 hactenus,
2376 1167 2443 1221 dc
2464 1182 2567 1234 qua
2591 1164 2721 1220 illud
2755 1182 2878 1221 rere
2908 1166 3092 1219 videor
3119 1180 3235 1220 esse
3257 1166 3511 1230 dicturus,
3539 1166 3667 1234 quod
3689 1167 3785 1219 olim

594 1260 832 1331 episcopi
858 1260 1150 1330 provincia:
1177 1259 1610 1322 Mediolanensis,
1636 1260 1740 1312 alio
1762 1265 2087 1326 spectantes,
2119 1256 2304 1308 dixere
2328 1274 2342 1307 :
2375 1254 2651 1318 Claruisse,
2680 1270 2792 1306 eam
2816 1254 2967 1323 plena
2996 1252 3120 1321 ﬁdei
3138 1253 3469 1321 simplicitate
3496 1255 3685 1323 fulgere,
3704 1272 3779 1323 pro

594 1334 863 1421 phetarum
889 1352 1044 1404 etiam
1073 1347 1457 1412 assertionibus,
1490 1349 1791 1418 evangelicis
1813 1343 2196 1399 auctoritatibus
2217 1354 2267 1397 et
2286 1343 2586 1412 apostolica!
2610 1341 2861 1395 doctrinis
2907 1340 3231 1403 testimoniis,
3260 1341 3424 1398 nitore
3450 1341 3656 1410 quodam
3690 1342 3788 1394 lucis

593 1432 656 1492 ac
679 1438 907 1491 ueritatis
933 1437 1206 1511 splendore
1224 1438 1446 1500 radiare,
1471 1438 1802 1506 omnibusque
1822 1435 2057 1489 sensibus
2088 1434 2375 1495 convenire,
2401 1438 2525 1502 quas
2544 1431 2718 1485 beatus
2739 1429 3103 1484 Ambrosius...
3125 1430 3233 1482 suis
3255 1427 3419 1493 libris,
3442 1428 3632 1499 Spiritu
3652 1442 3789 1483 sancto

593 1527 867 1593 excitatus,
914 1528 1147 1582 inseruit.
1196 1526 1367 1597 Epist.
1414 1526 1485 1580 ad
1535 1535 1777 1581 sanctum
1806 1525 2040 1580 Leonem
2091 1525 2359 1592 Magnum,
2391 1531 2522 1578 tom.
2556 1522 2598 1576 ll
2623 1537 2848 1592 operum
2873 1520 3113 1589 ejusdem
3142 1522 3312 1576 sancti
3341 1520 3554 1585 Leonis,
3583 1536 3686 1590 pag.
3711 1521 3791 1573 $80

593 1616 725 1671 edit.
755 1616 914 1671 Rom.
947 1633 1034 1671 an.
1064 1617 1220 1672 1755.

726 1738 1833 1769 Μ

630 1735 722 1769 ξ
1857 1740 2595 1751 Mem...”

726 1738 2595 1769 Wsmﬂﬂ

1554 1755 1912 1765 _—.——-—.s
1922 1756 2285 1766 —-——~—-—-—-
2295 1755 2371 1764 ο*

1700 1754 2609 1948 Ἓῖὗῐὶιῖ

3136 1738 3682 1748 -ῄ--Ψσ-ν.

3242 1737 3637 1749 ’.ιο-*φο*

919 2040 1580 2321 SAN
1591 2042 1992 2310 CT
2004 2047 2121 2301 Ι
2259 2033 3546 2303 MAXIMI

1188 2410 1407 2527 ΕΡ
1430 2397 1576 2531 IS
1596 2401 2010 2527 COPI
2096 2401 2750 2528 TAURIN
2766 2400 2987 2525 EN
3005 2396 3253 2527 SIS

1747 2619 2209 2693 COMMEN
2221 2617 2629 2691 TABIUS

661 2938 864 3015 [cxxxt]
890 2902 1053 2995 l.‘De
1078 2941 1271 3010 patria,
1309 2916 1516 3010 genere,
1563 2937 1951 3009 parentibusque
1990 2940 2156 2990 sancti
2188 2942 2234 2996 Α
2264 2952 2453 2992 mones
2471 2939 2673 3009 aliquot
2693 2939 2975 3012 inscriptos
3000 2944 3214 2998 Maximi
3242 2944 3407 3013 ipsius
3431 2947 3645 3001 nomine
3667 2960 3805 3016 appo-

592 3028 1053 3096 Haximi.—Qute
1072 3029 1262 3100 patria,
1284 3028 1429 3099 quod
1455 3042 1639 3097 genus,
1660 3028 1752 3095 qui
1779 3038 2027 3097 parentes
2049 3042 2167 3081 san-

595 3122 667 3175 cti
695 3120 907 3175 Maximi
933 3118 1145 3186 fuerint,
1174 3119 1310 3173 clam
1340 3114 1437 3173 n'os
1461 3126 1563 3183 est,
1583 3118 1832 3187 jacetque
1870 3118 2165 3173 involutum

597 3211 833 3263 tenebris
861 3209 1157 3265 vetustatis.
1186 3208 1323 3263 Sunt
1375 3208 1465 3277 qui
1491 3223 1613 3262 eum
1661 3206 1973 3272 Etruscum,
2020 3207 2164 3262 domi

590 3298 851 3365 nobilem,
876 3304 1028 3367 patre
1055 3298 1341 3364 Quintiano
1362 3302 1558 3363 Ortum,
1588 3296 1804 3351 fratrem
1832 3298 1999 3352 sancti
2023 3297 2164 3352 Leo-

593 3387 675 3439 nis
701 3385 721 3440 l
753 3386 1013 3455 pontiﬁcis
1039 3386 1273 3452 maximi,
1297 3386 1571 3455 sanctique
1593 3386 1837 3456 martyris
1854 3384 1983 3441 Justi
2004 3385 2166 3442 luisse

592 3475 937 3528 arbitrentur.
969 3474 1076 3529 Sed
1103 3483 1186 3530 est
1211 3476 1401 3529 borum
1426 3476 1629 3543 magnis
1657 3475 1710 3528 in
1739 3477 1931 3529 erratis
1958 3476 2159 3544 opinio.

591 3564 725 3617 Nam
758 3580 867 3618 uno
906 3565 1020 3620 haec
1058 3567 1244 3620 nititur
1271 3568 1577 3621 testimonio
1609 3567 1853 3620 monachi
1884 3568 2166 3622 Novalien-

590 3655 665 3708 sis
685 3655 781 3723 (a),
797 3656 887 3723 qui
908 3656 1102 3713 saeculo
1117 3660 1274 3711 tertio
1297 3672 1358 3713 ac
1381 3658 1607 3719 decimo,
1623 3672 1795 3726 eoque
1814 3660 1971 3713 etiam
1986 3660 2164 3726 serius

590 3743 815 3797 fortasse
836 3744 1045 3806 vixerit,
1076 3749 1273 3813 quique
1302 3746 1529 3800 anilibus
1557 3745 1747 3801 fabulis
1787 3747 2161 3804 delectaretur.

589 3830 853 3885 Cancrum
907 3848 1007 3887 nec
1035 3834 1197 3887 ullum
1245 3843 1419 3888 exstat
1470 3843 1870 3890 monumentum
1914 3840 2161 3893 monachi

591 3921 829 3987 ejusdem
856 3924 1302 3978 commentatione
1327 3926 1601 3987 vetustius,
1632 3927 1681 3979 in
1711 3942 1817 3995 quo
1864 3928 1968 3982 tale
2012 3931 2165 3997 quid-

590 4009 731 4079 piam
763 4010 993 4077 legatur;
1036 4027 1207 4079 neque
1234 4013 1277 4067 si
1307 4022 1558 4078 exstaret,
1584 4017 1831 4084 componi
1854 4033 1971 4071 cum
2000 4018 2164 4073 histo-

588 4103 667 4157 ria
697 4104 865 4158 sancti
892 4101 1029 4157 Justi
1077 4100 1407 4160 Novaliensis
1444 4104 1736 4162 Ccenobitm
1763 4118 1961 4177 posset,
2004 4127 2161 4179 quem

589 4193 853 4256 novimus,
882 4193 1034 4247 annis
1059 4193 1181 4262 plus
1217 4195 1617 4263 quadringentis
1646 4206 1767 4266 post
1794 4198 2007 4254 Maximi
2034 4209 2163 4255 (cta-

2264 3029 2382 3082 sita:
2411 3028 2653 3096 lcgantur
2680 3038 2821 3085 nota:
2850 3047 2967 3100 quae
2993 3033 3071 3088 sic
3112 3032 3347 3088 habeant
3378 3053 3392 3086 :
3429 3033 3727 3090 Vercellium
3744 3034 3805 3087 at

2264 3118 2361 3170 iste
2383 3126 2421 3169 :‘
2450 3116 2788 3172 Vercellinum
2826 3135 2881 3174 se
2924 3137 3035 3176 esse
3074 3123 3316 3180 ostendit.
3361 3123 3413 3177 id
3460 3134 3607 3179 certe
3650 3124 3811 3179 nullius

2264 3220 2384 3261 esse
2411 3210 2665 3263 momenti
2685 3218 2949 3278 pugnant;
2973 3226 3094 3265 cum
3117 3218 3170 3266 et
3189 3221 3343 3266 notas
3366 3213 3628 3281 ejusmodi
3650 3228 3803 3268 recens

2264 3310 2385 3351 esse
2413 3296 2684 3366 appositas
2706 3298 3041 3368 perspicuum
3062 3298 3221 3369 plane
3246 3301 3346 3366 sit;
3378 3310 3433 3356 et
3457 3317 3738 3363 sermones,
3760 3298 3810 3353 al

2265 3402 2401 3456 quos
2447 3396 2569 3441 sunt
2599 3389 2858 3459 ascripta},
2890 3398 2943 3444 et
2972 3391 3023 3444 in
3070 3391 3264 3460 quibus
3289 3400 3480 3448 auctor
3518 3408 3636 3448 sese
3671 3389 3810 3446 sancti

2268 3476 2480 3531 Eusebii
2508 3478 2758 3531 antistitis
2783 3477 3135 3534 Vercellensis
3157 3479 3321 3534 lilium
3352 3482 3607 3550 appellat,
3632 3490 3726 3534 tam
3750 3479 3811 3530 di-

2264 3575 2513 3636 screpent
2541 3568 2608 3620 ab
2650 3567 2892 3621 oratione
2920 3580 2984 3623 ac
3032 3568 3171 3638 stylo
3201 3568 3433 3632 Maximi,
3468 3578 3527 3623 ut
3556 3569 3695 3636 rejici
3721 3583 3810 3618 om-

2266 3658 2394 3711 nino
2422 3657 2653 3710 debeant
2678 3656 2730 3709 in
2776 3657 2969 3709 seriem
2997 3672 3218 3725 operum
3247 3659 3571 3726 spuriorum.
3600 3657 3708 3711 Jam
3742 3656 3810 3723 qui

2266 3746 2645 3799 Taurinensem
2676 3746 2979 3799 existimant
3007 3744 3169 3800 fuisse
3197 3746 3508 3811 Maximum,
3534 3764 3601 3803 eo
3629 3753 3813 3802 censent

2263 3852 2415 3890 suam
2462 3836 2768 3903 opinionem
2814 3836 2879 3889 ad
2928 3839 3205 3890 veritatem
3254 3852 3372 3891 esse
3410 3839 3812 3908 propensiorem.

2263 3942 2369 3995 quo
2400 3925 2488 3979 ille
2526 3933 2806 3993 parentum
2846 3940 3064 3979 suorum
3094 3926 3301 3980 ossibus
3324 3927 3475 3994 jungi
3508 3942 3568 3982 se
3597 3928 3812 3995 martyri-

2262 4017 2361 4071 bus
2406 4013 2645 4080 Octavio,
2700 4015 2961 4070 Adventio
2990 4024 3043 4070 et
3080 4015 3314 4071 Solutori
3362 4018 3635 4074 aﬂirmare
3662 4018 3814 4071 videa-

2262 4118 2369 4162 tur.
2401 4106 2505 4161 Sed
2552 4115 2709 4160 erunt
2736 4114 2900 4172 certe,
2930 4108 3020 4175 qui
3047 4107 3164 4161 leve
3192 4107 3260 4161 id?
3289 4123 3406 4162 esse
3430 4109 3693 4177 judicent,
3719 4121 3814 4161 cum

2264 4198 2523 4251 Maximus
2552 4197 2823 4251 auditores
2849 4199 2974 4251 suos
2998 4197 3277 4265 alloquens
3322 4197 3620 4269 dicensque
3648 4198 3735 4269 (6),
3760 4197 3814 4247 si-

588 4290 717 4347 tem,
754 4283 1016 4354 martyrio
1057 4284 1218 4339 fuisse
1262 4283 1518 4341 functum.
1545 4288 1793 4345 Fueritne
1836 4305 1997 4359 porro
2038 4309 2157 4347 san-
2190 4292 2235 4352 Β
2261 4296 2344 4340 cut
2379 4288 2451 4339 eis
2482 4284 2679 4339 ossibus
2718 4282 2983 4355 parentum
3013 4294 3303 4340 nostrorum
3323 4286 3620 4357 jungimur,
3660 4288 3719 4340 de
3745 4302 3818 4354 pa-

587 4378 704 4426 ctus
732 4370 839 4426 Leo
866 4370 1139 4439 Etruscus,
1169 4388 1237 4428 an
1287 4373 1577 4441 Romanus,
1605 4378 1864 4433 incertum
1893 4388 2003 4445 est;
2047 4379 2161 4435 fra-.

588 4473 794 4519 tremne
817 4479 949 4519 vero
1002 4464 1269 4531 habuerit,
1297 4482 1468 4522 necne
1511 4467 1818 4534 Maximum,
1866 4472 2033 4526 multo
2057 4488 2157 4527 no-

586 4556 668 4610 bis
720 4570 839 4610 esse
883 4551 1097 4610 videtur
1152 4546 1425 4613 incertius.
1458 4557 1642 4627 Itaque
1668 4569 1789 4614 sunt
1844 4561 2160 4633 fueruntque

585 4647 675 4700 alii
729 4645 1038 4701 eruditionis
1084 4646 1240 4703 laude
1293 4648 1468 4717 magni
1520 4649 1738 4717 quidem
1786 4650 1892 4715 illi,
1952 4666 2015 4705 ac
2062 4668 2160 4705 no-

584 4733 751 4797 biles,
800 4748 1025 4803 quorum
1073 4750 1197 4803 pars
1244 4728 1555 4791 Maximum’
1584 4738 1831 4793 eumdem
1889 4738 2157 4807 Vercellis,

585 4837 709 4891 pars
759 4821 976 4877 Taurini
1029 4832 1245 4889 natum,
1299 4826 1501 4891 altum,
1559 4827 1945 4898 educatumque
1999 4829 2161 4886 fuisse

583 4912 803 4977 ferrent,
844 4919 1070 4982 Quorum
1115 4917 1397 4980 sententia,
1450 4917 1550 4971 etsi
1596 4933 1701 4971 non
1748 4926 1826 4972 est
1875 4928 1980 4973 tam
2010 4936 2155 4986 vera,

582 5018 742 5071 quam
780 5003 881 5071 ipsi
909 5003 1203 5071 ducerent;
1254 5008 1421 5069 multo
1456 5015 1633 5061 tamen
1670 5017 1752 5062 est
1796 5009 2018 5063 similior
2046 5012 2157 5065 veri

582 5108 743 5162 quam
792 5093 863 5147 sit
906 5096 1269 5149 commentitia
1324 5096 1412 5150 illa
1461 5098 1751 5151 recentium
1805 5099 2152 5166 quorumdam

584 5182 921 5249 scriptorum,
961 5181 1268 5239 Volaterras
1314 5184 1366 5237 in
1414 5183 1641 5250 Etruria,
1700 5186 1883 5239 urbem
1940 5186 2151 5249 Leonis,

583 5270 902 5341 hlaximique
930 5272 1159 5326 natalem
1190 5273 1349 5329 fuisse
1388 5275 1659 5329 aientium.
1693 5276 2005 5345 Quanquam
2050 5294 2153 5331 non

582 5361 775 5414 desunt
802 5362 892 5429 qui
941 5362 1072 5416 nihil
1096 5378 1235 5417 esse
1274 5380 1449 5419 causa:
1489 5374 1693 5434 putent,
1739 5383 1834 5420 cur
1870 5366 2155 5421 Maximum

583 5458 703 5505 ortu
731 5448 1121 5506 Vercellensem
1150 5451 1309 5509 fuisse
1335 5463 1588 5509 statuant.
1621 5456 1749 5509 Nam
1775 5457 1915 5515 quod
1947 5457 2011 5511 ad
2038 5472 2154 5511 ser-

654 5602 731 5668 (a)
758 5602 956 5658 Confer
990 5600 1383 5667 Bollandianos,
1414 5612 1541 5656 tom.
1570 5602 1632 5665 γ,
1668 5603 1861 5659 mensis
1892 5601 2033 5658 Junii
2061 5601 2145 5655 ad.

590 5686 643 5722 n.
669 5668 757 5727 25.
788 5686 905 5738 pag.
940 5668 1006 5727 50
1030 5684 1181 5737 seqq.

2258 4375 2498 4429 rentibus
2522 4375 2667 4443 loqui
2696 4374 3058 4443 potuerittnon
3082 4390 3199 4437 suo,
3230 4375 3322 4428 sed
3351 4391 3564 4440 eorum,
3599 4378 3683 4444 qui
3702 4374 3810 4427 adc-

2260 4476 2402 4531 rant,
2434 4470 2648 4521 nomine
2687 4466 2879 4519 civium
2935 4462 3300 4527 Taurinatum.
3333 4464 3472 4531 Quin
3530 4468 3690 4520 etiam
3734 4480 3816 4517 nou

2262 4559 2395 4612 adeo
2423 4572 2540 4612 esse
2569 4571 2732 4625 grave
2774 4557 2979 4621 dicent,
3003 4556 3147 4624 quod
3174 4556 3387 4611 ducitur
3414 4572 3481 4611 ex
3527 4558 3647 4624 ejus
3671 4556 3819 4623 aetatis

2262 4660 2413 4700 more
2460 4642 2860 4712 deligendorum
2907 4660 2974 4699 ex
3014 4645 3160 4699 clero
3206 4646 3391 4714 patria:
3440 4648 3815 4717 episcoporum.

2261 4735 2456 4790 Multos
2484 4736 2626 4789 enim
2673 4742 2864 4801 quarto
2891 4736 3184 4803 quintoque
3232 4735 3437 4790 seculis
3475 4744 3753 4806 cooptatos
3777 4733 3817 4783 in

2259 4827 2493 4891 clerum;
2523 4826 2806 4880 nonnullos
2831 4825 2992 4878 etiam
3039 4840 3107 4879 ne
3159 4832 3445 4895 cooptatos
3493 4826 3726 4895 quidem,
3754 4837 3821 4875 ea-

2258 4933 2375 4971 rum
2405 4916 2617 4971 urbium
2656 4916 2937 4984 episcopos
2974 4914 3137 4970 fuisse
3182 4916 3404 4983 liquere,
3437 4931 3565 4985 qua:
3594 4917 3744 4983 longe
3767 4911 3819 4963 ab

2258 5005 2491 5074 ipsorum
2538 5004 2711 5073 patria
2756 5003 3032 5058 distarent.
3074 5004 3131 5058 lu
3174 5005 3365 5057 borum
3410 5020 3647 5060 numero
3686 5003 3821 5057 luisse

2256 5094 2613 5158 Ambrosium,
2668 5093 2973 5161 Martinum,
3026 5093 3324 5160 Paulinum,
3383 5095 3526 5149 alios
3582 5095 3795 5161 denique

2258 5201 2394 5253 quos
2445 5201 2765 5254 percensere
2810 5185 3025 5253 longum
3053 5192 3195 5240 esset
3236 5200 3300 5239 ac
3338 5186 3566 5242 minime
3596 5198 3796 5241 tieeess:

2258 5275 2414 5329 rium.
2440 5274 2519 5329 Ob
2544 5290 2804 5329 summam
2842 5290 2971 5329 vero
2999 5274 3233 5345 inopiam
3261 5283 3507 5329 veterum
3534 5286 3805 5331 uiuuumeu

2262 5377 2458 5431 torum,
2482 5382 2601 5420 cum
2632 5373 2778 5419 tanta
2807 5365 3064 5421 dissensio
3092 5367 3411 5435 scriptorum
3437 5368 3548 5431 sit,
3595 5363 3814 5422 conﬁten-
3846 5430 3847 5435 η

2261 5457 2385 5511 dum
2427 5456 2554 5519 erit,
2585 5455 2653 5510 de
2698 5454 2913 5509 Maximi
2943 5455 3103 5510 natali
3147 5455 3286 5520 loco,
3315 5455 3493 5526 deque
3525 5457 3741 5513 urbibus
3775 5450 3817 5506 ίιι

2330 5599 2403 5671 (b)
2429 5600 2624 5656 Ilomil.
2656 5600 2743 5667 8i,
2775 5615 2894 5671 pag.
2926 5598 3043 5654 264.
