3898 6226
117 367 190 420 εξ)
1357 331 1360 336 ’
1601 363 1776 423 stu.

3219 363 3318 419 {350

114 481 268 547 quibus
292 488 403 533 a..te
429 481 809 549 episcopatum
839 480 1061 553 {cxxxn}
1084 489 1293 535 {etatem
1322 477 1484 546 degit,
1509 478 1636 530 nihil
1662 483 1710 538 Α
1740 479 1921 540 tiante,
1954 474 2322 537 condiscimus;
2347 474 2553 527 istorum
2577 474 2825 543 supplicia
2844 472 3010 529 vultus
3030 477 3319 531 testimonio

111 587 184 622 nos
207 570 382 622 habere
408 571 700 638 explorati.

162 659 212 710 ll.
242 659 470 712 Sanctum
514 658 816 713 Maximum
850 659 1152 728 I'Iptsroimm
1179 659 1335 727 fuisse
1364 655 1642 708 Taurinen-

113 765 202 799 mn.
249 747 444 810 Duone,
472 764 691 816 quorum
720 748 852 799 alter
889 747 1180 798 successerit
1207 743 1382 805 alteri,
1415 759 1481 797 an
1509 757 1638 794 unus

111 837 230 902 inerit
255 837 356 904 ejus
407 835 659 888 Ecclesia:
704 837 918 888 antistes
948 834 1237 894 Maximus;
1288 849 1347 884 ac
1394 833 1436 884 si
1480 847 1634 893 unus,

108 943 177 994 quo
203 936 406 996 tempore
433 941 612 995 gerere
636 927 843 993 ceperit
871 924 1254 994 Episcopatum.
1286 955 1356 964 —
1383 922 1513 974 Illud
1561 929 1640 974 te-

108 1025 298 1078 statum,
343 1024 784 1084 compertumque
831 1023 911 1067 est
932 1002 949 1075 ',
1001 1011 1159 1065 fuisse
1205 1013 1374 1080 ipsum
1429 1011 1638 1078 episco-

107 1122 202 1174 pum
247 1104 638 1159 Taurinensem.
672 1105 740 1158 At
784 1104 960 1158 duone
1011 1102 1222 1155 Maximi
1271 1116 1335 1155 ea
1378 1101 1638 1169 dignitate

105 1197 293 1250 illmtres
335 1196 622 1249 claruerint
675 1195 922 1260 Augustae
967 1193 1357 1255 Taurinorum,
1410 1206 1636 1259 quorum

105 1287 214 1340 alter
257 1288 564 1341 successerit
612 1286 785 1347 alteri,
829 1299 894 1336 an
926 1297 1061 1336 unus
1110 1289 1352 1344 tantum;
1403 1282 1546 1348 quod
1593 1279 1638 1332 si

106 1391 226 1438 unus,
255 1391 350 1443 quo
401 1376 635 1444 primum
665 1382 905 1441 tempore
955 1386 1144 1424 munus
1190 1370 1412 1438 cmperit
1453 1384 1640 1437 gerere

101 1467 409 1533 episcopatus,
442 1477 634 1530 magna
676 1462 908 1515 virorum
937 1461 1266 1514 eruditorum
1296 1458 1640 1514 contentione

100 1540 310 1607 certaturi
341 1552 535 1608 Eorum
566 1561 766 1616 autem,
795 1551 884 1619 qui
917 1549 1174 1602 Maximos
1201 1549 1467 1602 antistites
1504 1548 1640 1602 duos

104 1643 146 1694 in
168 1641 430 1696 Ecclesiam
453 1641 841 1695 Taurinensem
871 1638 1156 1692 immittere
1183 1646 1309 1692 sunt
1334 1639 1532 1700 conati,
1559 1638 1639 1689 his

99 1731 480 1798 ettargumentis
508 1729 643 1784 fulta
663 1729 943 1784 sententia.
971 1726 1260 1796 Principio,
1285 1744 1313 1780 a
1339 1726 1636 1790 Gennadio,

1741 566 2078 618 continemus.
2105 563 2357 634 Majorcm
2380 581 2499 634 ergo
2521 565 2761 632 affectum
2783 565 2853 617 ibi
2892 564 3070 629 debeo,
3090 563 3176 618 ubi
3204 582 3322 620 cre-

1698 649 1702 653 ’
1740 655 2006 707 dulitatem
2036 671 2203 706 meam
2243 653 2477 706 hortatur
2522 655 2714 722 opinio.
2759 653 3035 722 MajOrem,
3076 655 3318 723 inquam,

1739 747 1980 813 aﬁ'ectum
2019 746 2127 797 illic
2154 744 2329 806 debeo,
2355 745 2440 796 ubi
2469 761 2560 812 per
2588 760 2681 806 ea,
2715 760 2826 814 qua:
2863 745 2991 808 vidi,
3043 746 3321 812 compellor

1740 838 1966 890 devotius
2014 835 2218 887 credere
2264 836 2419 887 etiam
2447 834 2538 886 illa
2599 850 2710 900 φατε
2736 851 2836 886 ηοη
2865 837 2985 887 uidi.
3033 833 3178 887 Nam
3204 851 3318 888 cum
3362 844 3363 847 ‘

1739 925 1917 978 audita
1952 925 2215 994 aliquanto
2244 923 2370 975 mihi
2405 923 2741 991 impossibilia
2764 922 3072 986 viderentur,
3096 925 3220 992 ccepi
3257 940 3319 977 ea

1738 1014 1944 1066 credere
1969 1014 2193 1083 potuisse
2217 1014 2356 1080 ﬁeri,
2386 1012 2504 1064 dum
2532 1013 2719 1064 similia
2740 1015 2879 1081 facta
2915 1029 3026 1066 esse
3050 1016 3311 1082 conspexi.

1743 1103 1810 1156 Et
1833 1103 1948 1156 ideo
1993 1103 2230 1171 temporis
2274 1102 2436 1154 nostri
2473 1102 2645 1170 passio
2675 1101 2768 1153 hoc
2807 1102 2950 1154 noD.s
2978 1103 3234 1171 prtcstitit,
3262 1112 3319 1155 ut

1739 1203 2040 1265 praesentem
2061 1195 2310 1263 conferret
2330 1193 2569 1263 gratiam,
2594 1199 2641 1243 et
2663 1191 2816 1260 ﬁdem
2855 1195 3165 1261 prseteritam
3190 1209 3317 1244 con-

1739 1288 1986 1353 firmaret.
2021 1281 2358 1350 Supradictos
2381 1282 2537 1349 igitur
2579 1280 2751 1333 beatos
2780 1282 2916 1333 viros
2945 1289 3053 1334 tota
3080 1281 3314 1335 debemus

1741 1376 2060 1429 veneratione
2097 1374 2386 1442 suscipere,
2415 1373 2632 1441 primum
2672 1372 2792 1442 quia
2828 1371 2946 1424 dies
2973 1373 3089 1425 vita:
3128 1382 3316 1426 nostra:

1740 1466 1961 1536 pretioso
1989 1464 2240 1533 sanguine
2271 1478 2363 1514 suo
2394 1461 2654 1514 illustrare
2687 1460 2886 1527 dignati
2922 1469 3069 1523 sunt;
3110 1461 3316 1525 deinde,

1740 1555 1876 1628 quod
1915 1555 2308 1624 praerogativam
2346 1549 2494 1604 nobis
2535 1550 2672 1619 apud
2708 1550 2874 1603 Deum
2909 1567 3012 1604 non
3050 1552 3319 1604 minimam

1741 1646 2085 1705 contulerunt,
2116 1643 2468 1704 ostendentes,
2495 1643 2662 1713 qualis
2689 1650 2821 1694 esset
2853 1650 3002 1695 astate
3047 1651 3225 1695 nostra
3262 1644 3319 1696 in

1741 1734 2048 1789 Christianis
2069 1735 2197 1804 ﬁdes
2215 1773 2231 1796 ,
2261 1734 2323 1785 de
2343 1749 2555 1802 quorum
2582 1734 2836 1785 consortio
2865 1733 3082 1785 existere
3121 1740 3318 1801 marty-

98 1821 170 1887 qui
193 1821 471 1887 quindecim
518 1820 650 1888 ipsis
679 1819 832 1884 annis
859 1827 981 1871 ante
1020 1817 1274 1872 saaculum
1301 1827 1526 1879 sextum,
1577 1817 1636 1867 li-

1746 1843 1821 1880 res
1850 1833 2183 1879 mererentur.
2210 1822 2328 1876 Jam
2352 1838 2481 1878 vero
2503 1837 2645 1886 eum,
2668 1822 2759 1888 qui
2804 1820 3062 1891 Martyres
3101 1828 3321 1875 necatos

99 1909 224 1963 brum
249 1911 310 1964 de
340 1910 472 1964 Viris
500 1911 792 1964 illustribus
817 1909 999 1972 edidit,
1023 1923 1052 1961 a
1075 1905 1368 1972 Gennadio,
1398 1907 1633 1975 inquam,

100 2000 276 2052 Maximi
320 2000 661 2054 Taurinensis
714 2008 942 2052 mortem
997 1997 1203 2062 referri,
1251 1998 1418 2061 aiunt,
1468 1997 1533 2050 ad
1572 2012 1638 2051 ca

99 2097 298 2157 tempora
318 2091 507 2158 quibus
535 2089 806 2143 Honorius
827 2096 880 2142 et
903 2088 1236 2143 Theodosius
1258 2085 1446 2141 Junior
1473 2089 1640 2156 impe-

99 2179 211 2231 rium
232 2182 466 2234 tenebant
496 2180 682 2249 populi
714 2178 960 2233 Romani.
1005 2178 1297 2233 Honorium
1339 2187 1518 2232 autem
1546 2194 1633 2231 an.

98 2265 178 2320 423
195 2282 480 2337 supremum
507 2269 709 2323 obiisse
747 2268 906 2323 diem.
939 2267 1114 2334 Quare
1141 2269 1364 2321 alterum
1403 2268 1637 2336 priorem

96 2355 228 2409 fuisse
272 2357 572 2421 Maximum,
608 2357 699 2425 qui
749 2372 855 2410 non
905 2357 1215 2425 produxerit
1259 2356 1396 2409 ultra
1439 2370 1636 2408 annum

95 2444 302 2497 eumdem
332 2446 520 2510 vitam;
546 2454 710 2515 atque
730 2445 866 2499 adeo
897 2445 1065 2508 illum,
1088 2444 1180 2511 qui
1201 2443 1417 2514 synodis
1438 2442 1640 2497 Hedic-

94 2530 263 2585 lanensi
289 2549 371 2585 an.
397 2534 486 2584 Sil
521 2543 578 2587 et
603 2533 853 2587 Romana:
882 2549 970 2586 an.
997 2531 1102 2584 465
1127 2530 1384 2596 interluit,
1414 2530 1533 2585 duci
1556 2533 1638 2584 al-

94 2627 236 2673 terum
279 2632 539 2690 oportere.
593 2622 1040 2676 Animadvertunt
1107 2622 1298 2676 deinde
1347 2621 1637 2676 Maximum

95 2713 266 2765 venisse
290 2714 351 2765 ad
377 2713 664 2766 concilium
693 2712 1119 2779 Mediolanense,
1149 2713 1322 2782 quod,
1355 2714 1639 2768 Ambrosio

95 2801 299 2865 pneside,
327 2803 654 2856 celebratum
684 2818 775 2856 an.
821 2802 924 2856 589
968 2804 1064 2857 fuit
1091 2804 1346 2858 adversus
1392 2804 1638 2858 hmresim

92 2887 335 2953 luriniani.
365 2891 453 2945 Sic
481 2893 628 2946 enim
657 2892 930 2960 scripsisse
953 2891 1238 2946 Maximum
1261 2891 1482 2945 homilia
1510 2891 1544 2944 4
1574 2893 1640 2945 de

92 2974 268 3031 Domini
303 2977 593 3035 Nativitute
636 2981 712 3052 (a)
744 2999 758 3034 :
789 2979 943 3034 Ridet
982 2983 1111 3035 tanti
1148 2984 1378 3051 mysterii
1409 2984 1544 3051 (nati
1572 2998 1639 3036 ex

93 3064 274 3135 Virgine
324 3068 629 3127 Servatoris
675 3071 893 3140 Christi)
947 3072 1348 3143 profunditatem
1413 3089 1549 3126 exta
1588 3085 1638 3127 et

1742 1933 1828 1969 an.
1881 1915 1982 1968 597
2023 1915 2128 1968 suis
2172 1912 2477 1983 temporibus
2519 1929 2698 1982 passos
2745 1913 2923 1982 fuisse,
2952 1912 3160 1982 diesque
3204 1912 3322 1965 vim

1738 2005 1984 2077 [cxxxiii]
2022 2020 2083 2057 ac
2118 2004 2284 2057 (etatis
2323 2019 2430 2056 sua:
2463 2004 2684 2070 pretioso
2713 2002 2965 2071 sanguine
3010 2001 3319 2065 illustrasse,

1737 2097 2059 2162 eosdemque
2085 2110 2188 2146 non
2220 2096 2380 2163 fama,
2413 2107 2583 2159 neque
2627 2090 2728 2145 ﬁde
2773 2091 3169 2156 historicorum,
3218 2089 3316 2144 sed

1738 2185 2070 2247 conscientia,
2117 2183 2282 2235 vultus
2339 2181 2646 2242 testimonio,
2697 2181 2835 2243 m'su,
2894 2180 3321 2248 contemplatione

1739 2273 2038 2336 oculorum,
2066 2285 2183 2324 sese
2212 2271 2524 2336 cognovisse
2555 2277 2797 2330 testatur,
2826 2269 2944 2336 quis
2988 2268 3202 2331 credat,
3235 2268 3320 2320 in-

1737 2362 1947 2429 quiunt,
1981 2375 2122 2414 anno
2168 2357 2274 2411 465
2315 2356 2637 2412 contendere
2685 2358 2922 2426 potuisse
2969 2356 3225 2419 Romam,
3259 2371 3322 2411 ac

1737 2453 1942 2522 synodo
1971 2452 2039 2505 ab
2085 2451 2266 2504 Hilaro
2311 2449 2561 2518 pontiﬁce
2599 2456 2798 2502 coacta:
2849 2447 3183 2502 interfuisse?
3213 2448 3322 2502 Do-

1739 2552 1864 2598 cent
1893 2552 2149 2612 prmterea
2174 2543 2316 2608 leges
2336 2541 2736 2609 imperatorum,
2769 2539 2844 2593 uti
2874 2555 3059 2603 recens
3079 2538 3319 2608 promul-

1737 2643 1889 2700 gatas
1917 2647 1946 2684 a
1975 2631 2205 2684 Maximo
2233 2630 2660 2692 commemorari,
2693 2629 2886 2697 quibus
2913 2630 3219 2694 cavebatur,
3246 2644 3315 2684 ne

1737 2722 1980 2786 delubra,
2011 2737 2142 2776 neve
2171 2722 2452 2775 simulacra
2481 2720 2715 2774 inanium
2755 2720 2976 2774 deorum
3025 2720 3076 2772 in
3101 2718 3323 2773 urbibus

1738 2812 2122 2874 retinerentur;
2160 2821 2294 2877 quas
2323 2809 2537 2876 quidem
2592 2809 2736 2874 leges
2779 2824 2807 2860 a
2839 2807 3212 2861 Valentiniano
3256 2805 3321 2870 ll,

1741 2916 1881 2952 anno
1912 2899 2006 2952 591
2043 2899 2285 2960 conditas
2311 2897 2471 2952 fuisse
2511 2897 2696 2966 liquet,
2730 2895 2789 2949 L.
2823 2896 3039 2951 Aurelio
3082 2896 3323 2966 Symma-

1740 2989 1866 3052 cho,
1896 2997 1951 3044 et
2005 2988 2067 3041 Τ.
2099 2987 2267 3042 Fabio
2299 2987 2524 3042 Tatiano
2553 2985 2879 3041 consulibus.
2929 2985 3208 3042 Postremo
3257 2987 3324 3042 ad

1741 3092 2017 3131 sermones
2046 3075 2259 3129 Maximi
2303 3083 2626 3143 provocant,
2671 3075 2722 3127 in
2750 3074 2943 3141 quibus
2969 3075 3036 3129 de
3062 3075 3321 3129 barbaro-

92 3161 220 3210 stulta
243 3163 524 3230 gentilitas;
556 3163 738 3216 irridet
765 3180 960 3235 quoque
999 3165 1158 3233 impia
1200 3165 1292 3217 illa
1321 3165 1638 3234 blasphemia
1668 3166 1713 3226 C
1744 3180 1864 3219 rum
1891 3163 2066 3231 agitur
2093 3163 2401 3230 irruptione,
2434 3176 2569 3229 quos
2611 3161 2834 3230 proinde
2875 3176 3150 3216 sermones
3176 3163 3328 3216 initio

91 3253 530 3318 qucum-ictibus
550 3252 746 3314 diebus,
769 3253 890 3306 dum
916 3263 1119 3323 partum
1133 3254 1357 3323 Virginis
1381 3266 1646 3309 attenuare

89 3343 372 3407 prcssmpsit
392 3353 545 3413 atque
570 3359 912 3414 corrumpere,
935 3344 1194 3398 Christum
1227 3345 1507 3399 Dominum
1549 3364 1647 3401 no-

89 3436 222 3480 stram
247 3445 307 3483 ex
332 3432 530 3501 virgine
556 3433 821 3501 procreari
846 3449 950 3489 non
994 3436 1219 3504 potuisse
1258 3433 1641 3504 blaspliemavit.

91 3511 216 3567 lianc
241 3529 413 3571 sancta
443 3520 849 3576 Mediolanensis
878 3522 1112 3576 Ecclesia
1158 3523 1356 3577 horruit
1403 3523 1647 3594 blasphe-

91 3608 246 3672 miam;
267 3609 404 3662 illam
429 3613 698 3680 sgnodalis
723 3624 898 3666 noster
917 3629 1017 3666 uno
1039 3631 1126 3666 ore
1147 3613 1407 3667 damnauit
1428 3631 1649 3668 conven-

91 3706 152 3748 lus
167 3715 182 3762 ;
208 3701 427 3753 eamdem
449 3713 719 3756 exsecrata
746 3714 821 3757 est
838 3705 927 3771 pia
954 3706 1066 3775 ipsa
1088 3706 1370 3775 imperialis
1398 3716 1643 3776 potestas.

88 3781 196 3841 Esse
221 3799 388 3844 autem
420 3793 536 3848 hate
558 3795 716 3862 plane
743 3794 934 3847 similia
965 3811 1149 3848 eorum
1179 3811 1296 3863 qua:
1333 3798 1646 3865 complexus

88 3887 272 3934 sanctus
291 3883 606 3938 Ambrosius
636 3891 716 3937 est
739 3885 964 3953 epistola
991 3900 1149 3953 quam
1180 3886 1246 3939 ad
1273 3884 1521 3941 Siricium
1551 3902 1648 3955 pa-

88 3983 191 4037 pam
215 3972 350 4027 dedit
377 3984 501 4043 post
538 3975 823 4045 synodum.
856 3962 986 4028 Nam
1014 3976 1151 4029 hanc
1172 3978 1247 4031 sic
1275 3977 1475 4031 habere
1504 3976 1579 4048 (b)
1628 3995 1640 4031 :

89 4057 193 4112 Non
218 4072 287 4113 est
327 4064 432 4117 illis
454 4062 744 4134 (Joviniani
770 4065 1009 4135 asseclis)
1044 4067 1273 4119 remissio
1301 4077 1642 4136 peccatorum,

92 4150 164 4200 sed
180 4160 246 4203 est
264 4154 497 4223 impietas
518 4153 947 4219 Manichaeorum,
972 4172 1123 4227 quam
1144 4165 1193 4208 et
1221 4155 1644 4211 clementissimus

89 4254 351 4298 mecratus
375 4257 453 4299 est
476 4248 779 4313 imperator,
822 4255 874 4299 et
899 4263 1076 4299 omnes
1096 4247 1183 4317 qui
1225 4247 1343 4300 illos
1389 4247 1642 4312 viderunt,

93 4332 214 4395 quasi
245 4335 476 4401 quedam
496 4337 740 4406 contagia
768 4337 1084 4406 refugerunt.
1113 4335 1332 4390 Monent
1359 4350 1518 4405 porro
1546 4337 1645 4390 du-

89 4421 244 4486 plicati
269 4423 483 4480 Maximi
514 4435 834 4490 assertores,
863 4427 975 4480 htec
1004 4426 1070 4480 de
1091 4428 1290 4481 sanctis
1312 4427 1639 4492 Alexandro,

1749 3255 1860 3309 fere
1905 3254 2080 3308 δείξουιί
2110 3254 2280 3322 quinti
2317 3253 2643 3322 perscriptos
2686 3263 2889 3314 rentur,
2920 3269 3042 3308 cum
3085 3253 3330 3308 Alaricus

1747 3346 1956 3400 Italiam
2011 3354 2177 3400 totam
2232 3345 2286 3398 in
2338 3345 2640 3398 vastitatem
2695 3346 3024 3415 exitiumque
3080 3355 3325 3411 vocaret;

1747 3451 1975 3504 cumque
2000 3435 2045 3489 is
2069 3434 2319 3503 deinceps
2349 3435 2478 3488 inito
2508 3435 2572 3487 ad
2602 3432 2898 3488 Polentiam
2927 3435 3128 3503 pnelio,
3157 3435 3330 3490 victus

1746 3541 1776 3578 a
1823 3524 2104 3590 Stilicone,
2135 3524 2355 3578 adactus
2397 3531 2538 3578 esset
2588 3522 2948 3589 Pannoniam,
2969 3524 3110 3578 unde
3160 3523 3331 3578 fuerat

1725 3616 2036 3686 profectus,
2069 3626 2332 3685 repetere.

1814 3707 2031 3770 Contra,
2062 3707 2153 3774 qui
2175 3720 2335 3758 unum
2367 3704 2780 3758 Taurinensibus
2808 3703 3080 3773 praefuisse
3109 3706 3324 3773 episco-

1746 3797 1800 3866 pi
1829 3797 2090 3863 dignitate
2120 3793 2445 3858 Maximum,
2479 3807 2709 3859 eumque
2747 3808 2887 3846 anno
2908 3791 3014 3845 465
3042 3795 3093 3846 in
3121 3793 3329 3863 synodo

1747 3886 2010 3952 Romana,
2060 3895 2183 3954 post
2228 3883 2466 3937 Hilarum
2513 3881 2854 3952 pontiﬁcem,
2907 3884 3227 3937 sententiam
3275 3885 3330 3938 in

1745 3976 2036 4030 violatores
2071 3974 2443 4029 ecclesiastica:
2471 3973 2764 4042 disciplina:
2807 3972 3024 4037 dixisse,
3065 3973 3331 4029 arbitran-

1747 4074 1871 4132 tur;
1921 4067 1989 4121 de
2031 4067 2152 4120 loco
2180 4064 2440 4120 Gennadii
2476 4079 2584 4117 non
2623 4062 2887 4117 laborant.
2933 4061 3140 4129 Negant
3188 4063 3332 4117 enim

1745 4153 2046 4208 habendam
2073 4153 2187 4222 ejus
2213 4153 2474 4206 rationem
2496 4166 2634 4213 esse,
2667 4150 2818 4218 cujus
2852 4158 2962 4204 tam
2999 4151 3070 4205 sit
3106 4151 3332 4205 manife-

1747 4253 1828 4299 sta
1859 4260 1978 4298 cum
2009 4242 2322 4312 insignibus,
2353 4241 2533 4304 certis,
2566 4241 2792 4311 publicis
2815 4242 3170 4295 monumentis
3198 4257 3332 4296 con--

1746 4336 1932 4389 llictio.
1985 4334 2160 4404 Atque
2206 4332 2552 4404 synodorum,
2602 4332 2870 4399 inquiunt,
2922 4330 3334 4386 Mediolanensis

1748 4440 1834 4477 an.
1859 4423 1983 4488 451,
2023 4432 2076 4509 et
2119 4422 2373 4476 Romana:
2410 4418 2626 4473 an.465
2672 4427 2826 4480 acta,
2907 4420 3334 4490 quotusquisque

93 4506 320 4580 Iartyrio
341 4523 399 4567 et
425 4514 683 4579 Sisinnio,
708 4531 844 4584 quos
871 4516 923 4570 in
946 4530 1081 4585 pago
1112 4515 1353 4570 Anaunia
1383 4516 1650 4571 Tridenti-
1681 4517 1730 4575 D
1756 4526 1858 4583 est,
1881 4518 1972 4586 qui
2018 4506 2226 4569 dubitet
2270 4513 2459 4568 referri
2500 4514 2553 4566 in
2604 4527 2888 4565 numerum
2930 4517 3179 4579 oportere
3203 4512 3335 4564 insi-

90 4614 159 4652 n:
181 4602 431 4667 diecesis,
463 4621 555 4659 an.
589 4605 712 4671 397,
743 4607 1016 4674 religionis
1042 4622 1223 4672 causa,
1255 4617 1494 4676 agrestes
1534 4609 1649 4662 ido-

93 4686 268 4746 lolatrx
287 4703 653 4762 peremerunt,
680 4697 809 4760 haec,
842 4697 1077 4764 inquam,
1103 4696 1266 4750 fuisse
1292 4697 1483 4751 litteris
1503 4712 1649 4751 mm-

91 4779 311 4837 mendala
329 4798 360 4838 a
386 4783 622 4839 Maximo
648 4785 721 4856 (ε)
753 4803 766 4836 :
791 4785 1013 4841 Sanctos
1049 4787 1419 4853 Alexandrum,
1449 4786 1506 4839 Μ
1510 4796 1652 4858 arty—

93 4871 206 4924 rium
243 4883 291 4927 et
327 4875 640 4940 Sisinnium,
671 4877 754 4946 qui
784 4875 1094 4945 temporibus
1115 4879 1303 4931 nostris
1342 4880 1482 4947 passi
1511 4885 1646 4942 sunt,

94 4957 299 5018 debemus
325 4975 431 5019 tota
475 4969 803 5019 ueneratione
836 4969 1109 5038 suscipere.
1153 4966 1342 5021 Nescio
1378 4984 1476 5038 quo
1515 4969 1652 5021 enim

94 5058 222 5114 pacto
253 5056 503 5123 majorem
539 5057 677 5108 circa
703 5072 790 5109 eos
823 5055 1064 5110 habemus
1089 5058 1347 5126 affectum,
1377 5075 1502 5128 quos
1529 5073 1654 5112 con-

94 5138 286 5193 scientia
307 5146 444 5214 norit
465 5149 679 5214 prapria
692 5164 712 5210 ;
740 5162 912 5222 quam,
932 5162 1058 5217 quos
1082 5147 1228 5201 docet
1255 5148 1490 5202 historia.
1522 5147 1652 5202 Illos

93 5230 212 5284 ain
233 5237 491 5290 exstitisse
511 5248 781 5308 martyres,
805 5238 1055 5305 lectione;
1083 5239 1212 5294 istos
1238 5241 1504 5294 oculorum
1531 5256 1656 5293 con-

96 5320 398 5390 laplatione
415 5327 794 5396 cognoscimus.
813 5326 1032 5383 Illorum
1050 5329 1338 5399 passiones,
1358 5331 1501 5400 fama
1522 5345 1657 5383 nun-

160 5648 232 5786 (ιζ
253 5648 377 5718 Pag.
404 5651 496 5706 9.5.

165 5715 214 5781 (θ
264 5717 426 5790 Epist.
451 5724 592 5779 inter
608 5724 893 5782 Siricianas
917 5722 974 5791 8,
989 5737 1137 5780 num.
1159 5721 1214 5790 8,
1235 5736 1292 5792 p.
1324 5718 1448 5788 Πι,
1473 5730 1603 5775 tom.
1635 5719 1657 5772 Ι

1753 4607 1954 4676 gnium,
1997 4601 2414 4660 cert’issimorum
2471 4602 2915 4671 publicorumque
2961 4608 3338 4654 monumento-

1755 4700 1919 4754 rum?
1956 4698 2060 4751 His
2100 4698 2231 4750 vero
2259 4694 2472 4747 Maximi
2511 4691 2815 4745 Taurinatis
2851 4704 3046 4745 nomen
3102 4688 3339 4742 subscri-

1755 4798 1907 4860 ptum
1928 4788 2122 4855 legitur
2143 4787 2196 4839 in
2217 4785 2355 4839 serie
2383 4783 2612 4846 illorum,
2628 4781 2716 4850 qui
2739 4777 3037 4841 adfuerant,
3053 4778 3338 4848 episcopo-

1757 4895 1896 4935 rum.
1929 4877 2156 4932 Constat
2183 4875 2345 4942 igitur
2370 4872 2712 4935 certissimis,
2744 4870 2915 4937 iisque
2957 4867 3180 4937 publicis
3217 4883 3337 4922 mo-

1762 4968 2047 5032 numentis,
2077 4981 2193 5020 non
2216 4978 2357 5017 anno
2383 4959 2477 5013 451
2513 4961 2692 5023 modo,
2731 4959 2825 5012 sed
2855 4972 2994 5011 anno
3022 4955 3182 5010 etiam
3211 4953 3335 5021 465,

1760 5059 2047 5113 Maximum
2094 5053 2392 5124 porrexisse
2434 5051 2799 5119 episcopatum
2830 5060 3019 5114 gerere
3085 5042 3337 5098 Ecclesize

1760 5146 2117 5203 Taurinensis.
2148 5145 2263 5205 Non
2311 5157 2441 5210 ergo
2478 5155 2697 5195 movere
2725 5151 3047 5206 quemquam
3076 5134 3339 5190 Gennadii

1759 5239 1910 5294 locus
1935 5237 2111 5300 debet,
2157 5234 2248 5302 qui
2295 5241 2386 5286 aut
2415 5233 2628 5285 vitiatus
2667 5227 2951 5286 inscientia
2999 5225 3339 5280 librariorum

1760 5336 1880 5394 est;
1912 5333 2004 5381 aut
2045 5334 2224 5381 errato
2254 5323 2553 5393 implicatus
2585 5320 2820 5375 auctoris
2865 5317 2967 5382 sui,
2995 5331 3158 5386 quem
3196 5316 3342 5372 osci-

1758 5645 2039 5716 Epistolar.
2090 5640 2662 5716 Romanoriunj’outif.
2696 5638 2822 5700 edit.
2853 5635 3028 5699 Paris.
3061 5655 3150 5699 an.
3183 5640 3310 5700 1721
3339 5645 3366 5696 .“

1833 5717 1905 5788 (c‘)
1931 5715 2102 5773 Serm.
2137 5716 2226 5784 76,
2249 5727 2368 5784 pag.
2397 5712 2498 5767 607
2527 5712 2637 5776 sca;
