3898 6226
555 373 650 431 l3l

1647 365 1801 420 VITA
1837 363 1892 418 S.
1935 361 2178 418 MAXIM!
2214 360 2678 420 TAURINENSIS.

3718 368 3806 424 152

557 497 757 545 tantem
784 487 861 557 (α)
882 487 978 557 (ita
997 494 1058 542 ut
1083 486 1262 542 evenit
1283 484 1546 540 interdum
1566 484 1835 538 historicis
1863 496 1949 535 res
1963 480 2132 534 etiam
2159 487 2211 543 Α
2236 493 2376 542 esse,
2406 479 2497 546 qui
2529 492 2671 530 anno
2700 475 2805 531 389
2833 478 2884 531 in
2907 475 3288 532 Mediolanensi
3317 479 3549 536 concilio
3575 479 3802 534 Iovinia-

557 596 588 635 a
619 568 875 635 memoria
904 577 978 649 (ὁ)
1015 592 1112 631 sua
1140 592 1247 631 non
1275 575 1562 630 admodum
1593 580 1826 628 remotas
1861 570 2130 624 narranti-

556 667 679 736 bus)
707 666 835 720 anni
875 666 1186 720 emortualis
1237 663 1455 717 Maximi
1498 663 1730 732 cepisset
1776 661 1991 716 oblivio.
2039 659 2135 713 Est

556 766 736 813 autem
765 757 809 810 is
830 754 898 810 de
918 755 1148 809 Maximo
1174 753 1434 808 Gennadii
1469 755 1615 808 locus
1643 751 1945 820 hujusmodi
1971 769 1984 803 :
2017 750 2136 806 Mo-

556 849 690 902 ritur
715 845 1021 918 (Maximus)
1046 843 1281 904 Honorio
1295 854 1345 898 et
1365 843 1652 898 Theodosio
1671 843 1891 895 Iuniore
1911 858 2137 913 regnan-

484 961 489 964 ·
557 936 693 992 tibus
711 936 803 1006 (e).
831 933 948 1001 Qua
974 949 1106 989 sane
1129 949 1188 987 re
1227 933 1355 1001 quid
1382 930 1504 999 fingi
1532 938 1710 1000 potest
1738 931 1872 985 actis
1899 929 2136 1001 synodo-

557 1040 696 1090 rum,
725 1040 860 1094 quas
887 1024 1047 1093 paulo
1074 1031 1199 1076 ante
1226 1023 1476 1086 memini,
1503 1021 1926 1090 repugnantius?
1953 1020 2137 1089 Itaque

557 1116 911 1184 legendumne
932 1115 1015 1186 (ut
1041 1122 1295 1183 putarunt
1322 1112 1602 1176 Baronius,
1631 1110 1842 1181 Pagius,
1874 1111 2137 1180 Flevrius)

556 1205 911 1273 legendumne
931 1245 947 1268 .
977 1204 1214 1271 inquam,
1257 1203 1329 1256 sit
1377 1202 1517 1272 apud
1545 1199 1879 1255 Gennadium
1913 1219 1928 1254 :
1953 1203 2141 1255 claruit

556 1294 678 1351 loco
705 1302 798 1350 τοῦ
825 1295 1086 1359 moritur;
1111 1308 1213 1349 nec
1239 1309 1307 1348 ne
1334 1294 1404 1347 sit
1433 1294 1736 1360 legendinn.
1769 1293 1918 1362 parvi
1945 1292 2136 1358 refert;

555 1401 623 1440 ex
655 1386 784 1440 viris
802 1394 951 1440 certe
986 1383 1253 1442 facultatis
1275 1383 1474 1440 critica:
1503 1383 1690 1452 peritis
1729 1383 1842 1453 (qui
1869 1382 2135 1442 noverint,

533 1509 543 1514 --
553 1483 812 1545 quantum
843 1475 1177 1529 auctoritatis
1200 1474 1326 1527 insit
1347 1473 1678 1544 synodorum
1701 1473 1923 1542 publicis
1949 1487 2140 1525 monu-

555 1565 771 1635 mentis)
793 1563 1135 1632 extorquehit
1161 1576 1341 1629 nemo,
1378 1571 1437 1617 ut
1465 1561 1796 1617 Gennadiani
1826 1563 1929 1616 loci
1956 1577 2134 1626 causa,

551 1655 870 1718 concedant,
895 1653 1183 1708 Maximum
1204 1652 1593 1710 Taurinensem
1607 1654 1896 1707 antistitem
1919 1652 2138 1706 desiisse

531 1747 754 1810 vivere,
785 1755 911 1800 eum
957 1742 1228 1797 Honorius
1270 1745 1541 1811 Augustus
1582 1744 1634 1796 in
1674 1741 1960 1797 Occidente
1992 1757 2139 1794 sum-

2237 571 2289 624 ni
2333 571 2577 624 hazresim
2625 570 2996 639 reprobarunt.
3042 569 3178 625 Nam
3221 571 3364 639 quod
3413 573 3467 626 in
3496 587 3562 627 ea
3597 574 3803 628 humilia

2235 666 2453 713 sanctus
2498 658 2783 729 episcOpus
2828 659 3012 714 scribit
3051 657 3213 714 fuisse
3258 662 3608 730 superioribus
3644 664 3809 718 diebus

2235 751 2326 819 qui
2356 749 2626 804 Christum
2653 752 2795 805 nasci
2826 752 3125 820 nequivisse
3138 768 3220 820 _ex
3249 754 3452 822 virgine
3476 755 3810 825 blasphema-

2237 847 2374 902 rent.
2406 840 2457 893 id
2484 840 2616 893 satis
2636 855 2743 894 non
2769 855 2889 894 esse
2917 843 3236 910 argumenti,
3268 843 3438 907 aiunt,
3466 845 3808 914 quamobrem

2238 929 2288 983 ei
2316 929 2522 1000 synodo
2541 939 2803 984 statuatur
2829 940 3068 985 sanetum
3099 933 3346 986 eumdem
3383 934 3697 1004 episcopum
3724 938 3813 990 ad-

2238 1017 2421 1072 fuisse.
2454 1017 2587 1071 Nam
2614 1018 2805 1072 eodem
2832 1021 2889 1072 τὸ
2917 1019 3112 1084 diebus,
3145 1035 3208 1074 ac
3234 1024 3292 1076 τὸ
3320 1023 3634 1092 temporibus
3662 1040 3811 1095 pose

2239 1108 2499 1164 recidere.
2546 1109 2674 1164 Dies
2711 1111 2853 1163 enim
2901 1120 3105 1176 nostros
3151 1112 3332 1169 dicere
3381 1114 3523 1169 idem
3572 1123 3659 1170 est
3697 1132 3810 1170 cum

2241 1200 2381 1269 apud
2409 1200 2542 1254 alios
2569 1200 2878 1269 scriptores,
2912 1209 3022 1254 tum
3046 1202 3211 1256 etiam
3240 1203 3379 1270 apud
3407 1203 3702 1257 Maximum
3733 1205 3809 1256 in-

2242 1291 2468 1354 terdum,
2495 1306 2560 1346 ac
2583 1291 2762 1345 dicere
2790 1301 2967 1345 nostra
3008 1301 3257 1363 tempora,
3290 1294 3448 1362 idque
3471 1309 3536 1348 ex
3566 1310 3812 1352 sermone

2239 1381 2406 1435 sancti
2437 1381 2689 1434 antistitis
2720 1380 2805 1447 76,
2834 1395 2955 1450 pag.
2987 1381 3092 1435 607
3117 1397 3256 1451 seq.,
3283 1384 3498 1452 intelligi
3522 1385 3685 1453 plane
3699 1401 3814 1454 pos-

2239 1487 2318 1526 se.
2351 1471 2487 1537 Quin
2515 1472 2679 1526 etiam
2706 1475 2763 1528 τὸ
2791 1480 2914 1526 ante
2943 1472 3073 1536 dies,
3099 1475 3242 1543 quod
3266 1473 3526 1529 Maximus
3553 1492 3669 1530 non
3699 1491 3813 1528 raro

2239 1560 2457 1614 adhibet
2487 1561 2584 1631 (ι’),
2624 1560 2814 1615 eodem
2843 1562 3046 1617 revolvi
3073 1564 3394 1631 quandoque
3421 1564 3609 1628 videri.
3661 1573 3814 1632 atque

2239 1655 2295 1707 τὸ
2324 1661 2446 1705 ante
2467 1669 2680 1719 amtttm,
2715 1655 2798 1708 vel
2840 1664 2962 1708 ante
2989 1671 3174 1709 annos.
3206 1654 3326 1710 Jam
3367 1656 3511 1725 quod
3554 1657 3702 1712 idem
3724 1659 3813 1710 ad-

2234 1745 2409 1813 jungit
2453 1743 2715 1799 Maximus
2749 1763 2763 1798 :
2797 1745 2953 1800 luam
2996 1746 3288 1818 (heresim)
3330 1748 3604 1817 synodalia
3646 1760 3816 1802 uoster

554 1850 698 1889 mam
724 1834 934 1903 imperii
980 1840 1207 1887 teneret.
1256 1832 1441 1914 Neque
1469 1847 1599 1886 vero
1641 1829 1911 1900 probanda
1951 1844 2137 1883 eorum
2170 1846 2214 1904 Β
2238 1851 2341 1888 uno
2363 1851 2450 1887 ore
2470 1835 2733 1888 damnavit
2760 1845 3053 1898 conventus,
3079 1853 3186 1891 non
3197 1851 3266 1891 eo
3287 1838 3579 1906 pertinere,
3608 1847 3670 1892 ut
3685 1837 3817 1891 indi-

554 1932 641 1980 est
666 1928 826 1989 ratio,
859 1923 950 1992 qui
978 1923 1104 1988 sibi.
1134 1937 1251 1977 rem
1276 1937 1496 1979 omnem
1528 1921 1782 1989 componi
1834 1918 1986 1972 facile
2010 1933 2137 1987 pos-

552 2027 618 2067 se
658 2019 1073 2083 persuaserint,
1115 2011 1162 2065 si
1217 2009 1435 2064 Maximi
1496 2009 1853 2063 Taurinenses
1901 2005 2138 2076 episcopi

552 2111 826 2170 ponantur
849 2101 977 2166 duo,
1007 2115 1234 2169 quorum
1257 2115 1414 2163 unus,
1438 2108 1499 2153 ut
1517 2108 1598 2152 est
1621 2098 1760 2167 apud
1782 2097 2134 2162 Gennadium,

553 2191 793 2246 Honorio
838 2192 1167 2260 imperatore
1229 2190 1556 2254 decesserit;
1606 2189 1740 2242 alter
1788 2197 1910 2258 post
1967 2202 2137 2241 annos

552 2283 672 2352 plus
696 2282 1071 2350 quadraginta,
1102 2281 1310 2351 synodo
1340 2280 1596 2334 Romanae
1621 2278 1868 2342 adfuerit,
1895 2294 2015 2333 cum
2044 2277 2137 2331 lli-

551 2370 698 2426 larus
756 2387 869 2425 rem
915 2370 1274 2425 Christianam
1334 2369 1597 2438 publicam
1643 2368 2028 2422 moderaretur.
2078 2366 2135 2421 Si

535 2451 698 2516 enim
726 2462 943 2515 Maximi
987 2462 1095 2515 duo
1123 2462 1364 2524 fuissent,
1395 2460 1552 2513 ambo
1581 2459 1793 2529 quidem
1820 2468 1968 2514 certe
1996 2459 2132 2513 scri-

551 2561 739 2623 ptores
758 2552 985 2607 fuissent
1010 2552 1348 2605 homiliarum
1373 2567 1387 2616 ;
1417 2565 1582 2618 quare
1613 2559 1892 2626 utrumque
1919 2548 2136 2604 Genna-

549 2643 672 2698 dius
697 2650 1188 2706 commemorasset,
1221 2648 1281 2693 ut
1317 2640 1408 2707 qui
1455 2640 1648 2693 seriem
1688 2641 2011 2709 scriptorum
2039 2654 2133 2693 ec-

548 2730 974 2786 clesiasticorum
1021 2738 1202 2783 texere
1246 2729 1577 2782 instituisset.
1628 2728 1918 2798 Scripsisse
1952 2737 2133 2782 autem

525 2834 830 2875 sermones
863 2818 1170 2882 Maximum,
1201 2820 1292 2886 qui
1322 2819 1411 2872 diu
1441 2827 1563 2886 post
1589 2817 1886 2873 Honorium
1926 2821 2133 2874 clame-

549 2913 640 2975 rit,
690 2911 821 2980 satis
857 2911 1057 2963 clarum
1105 2918 1266 2977 atque
1293 2907 1533 2981 [cxxxrv]
1570 2918 1824 2964 testatum
1863 2919 1962 2964 est.
2015 2910 2132 2965 Non

548 2999 695 3053 enim
723 2996 895 3052 solum
936 3000 989 3050 in
1040 2997 1226 3052 iisdem
1253 2997 1502 3052 refutavit
1528 2997 1605 3069 (ά)
1636 2997 1930 3068 Eutychem
1961 2999 2133 3053 haere-

545 3088 814 3143 siarcham
843 3130 858 3154 ,
887 3088 985 3142 sed
1009 3087 1173 3140 etiam
1201 3087 1497 3142 nominavit
1523 3088 1614 3158 (e).
1649 3087 1923 3142 Nominari
1951 3098 2130 3143 autem

2239 1928 2326 1972 cet
2371 1917 2604 1972 adfuisse
2637 1919 2810 1988 ipsum
2851 1919 3056 1989 synodo
3089 1919 3489 1985 Mediolanensi,
3517 1935 3663 1988 quae,
3695 1921 3817 1974 Ani-

2239 2006 2422 2061 brosio
2448 2007 2692 2076 praeside,
2721 2017 2909 2062 coaeta
2936 2007 3035 2062 fuit
3060 2024 3204 2064 anno
3239 2009 3363 2062 589.
3396 2008 3659 2064 Nostrum
3687 2014 3818 2064 enim

2237 2105 2542 2172 contentum
2579 2097 2684 2151 dici
2714 2112 2746 2150 a
2786 2098 3023 2152 Maximo
3058 2100 3341 2154 commode
3377 2100 3625 2169 potuisse
3663 2115 3822 2172 syno-

2235 2186 2360 2239 dum
2384 2228 2400 2253 ,
2471 2188 2523 2240 in
2574 2197 2736 2256 quam
2783 2188 3026 2258 episcopi
3070 2187 3486 2245 Mediolanensis
3532 2193 3820 2260 provincia:

2236 2277 2634 2343 convenissent,
2665 2277 2732 2331 ad
2761 2294 2922 2349 quam
2946 2279 3164 2347 quidem
3188 2281 3517 2349 provinciam
3538 2285 3820 2353 spectabat

2231 2363 2475 2419 Ecclesia
2499 2366 2863 2422 Taurinensis.
2886 2367 2964 2422 Ita
2981 2377 3152 2423 castus
3180 2384 3210 2422 a
3233 2367 3391 2424 nobis
3413 2382 3622 2427 nostros
3648 2375 3819 2442 appel-

2235 2455 2334 2508 lari
2376 2471 2670 2512 consuesse
2698 2473 2812 2523 eos,
2852 2459 2944 2528 qui
2987 2475 3018 2513 a
3066 2461 3253 2529 primis
3291 2463 3456 2517 etiam
3501 2463 3818 2519 GMstianis

2234 2545 2681 2612 celebrabantur;
2713 2557 3000 2618 propterea
3027 2550 3193 2620 quod,
3219 2553 3319 2607 etsi
3349 2569 3459 2607 non
3487 2569 3517 2607 a
3545 2555 3725 2617 nobis.
3756 2559 3818 2608 ab

2235 2637 2300 2691 iis
2330 2646 2508 2692 tamen
2552 2640 2739 2693 haberi
2786 2641 3040 2705 solerent,
3090 2644 3180 2711 qui
3227 2645 3326 2698 etsi
3357 2645 3515 2714 longe
3565 2648 3635 2700 ab
3663 2657 3818 2701 :etate

2235 2737 2420 2784 nostra
2467 2729 2760 2793 distabant,
2808 2731 3050 2785 eamdem
3081 2740 3261 2788 tamen
3302 2743 3465 2803 atque
3493 2753 3599 2792 nos
3626 2739 3820 2794 coluis-

2231 2825 2355 2872 sent
2376 2818 2707 2884 religionem.
2737 2818 2892 2885 Quod
2919 2821 2966 2874 si
2987 2819 3249 2876 Maximus
3272 2824 3648 2895 episcopatum
3677 2841 3820 2895 gere-

2233 2922 2294 2962 re
2319 2909 2568 2977 coapisset
2587 2908 2945 2978 homiliasque
2973 2911 3026 2964 in
3052 2910 3320 2967 .loviniani
3351 2914 3600 2970 haeresim
3630 2917 3817 2971 edidis-

2233 3005 2319 3052 set
2335 2997 2446 3065 jam
2477 2998 2602 3053 inde
2629 3000 2697 3053 ab
2723 2997 2990 3055 Ambrosii
3029 3001 3439 3059 Mediolanensis
3461 3006 3817 3076 temporibus.

2230 3085 2486 3143 credibile
2513 3103 2620 3142 non
2671 3089 2834 3144 videri
2882 3089 3286 3163 Hieronymum,
3321 3095 3414 3163 qui
3462 3095 3608 3151 haud
3651 3100 3820 3151 multo

549 3178 875 3246 nequivisset
917 3176 1183 3247 Eutyches
1211 3177 1279 3231 ab
1305 3192 1392 3243 eo,
1419 3177 1512 3246 qui
1539 3194 1606 3232 ex
1633 3179 1734 3233 hac
1775 3179 1880 3233 vita
1908 3181 2132 3248 migras-
2157 3196 2203 3259 ο
2232 3185 2355 3246 post
2378 3176 2430 3231 id
2471 3186 2681 3247 tempus
2707 3180 3010 3247 catalogum
3051 3182 3261 3236 dederit
3285 3185 3615 3252 scriptorum
3647 3187 3820 3241 eccle—

548 3278 653 3337 set,
693 3270 819 3323 dum
866 3270 1038 3324 adhuc
1093 3269 1359 3325 Honorius
1404 3271 1628 3339 imperio
1667 3272 1946 3341 potiretur.
1998 3272 2129 3326 Nam

544 3359 814 3430 Eutyches
841 3376 984 3416 anno
1005 3363 1233 3431 primum
1256 3360 1360 3415 M8
1389 3362 1582 3416 indicia
1605 3362 1734 3417 dare
1761 3372 1997 3432 coeperat
2022 3365 2132 3418 hae—

545 3450 726 3504 retica:
753 3450 1014 3505 doctrinae
1040 3466 1168 3516 suae,
1199 3466 1320 3506 cum
1347 3452 1456 3519 jam
1483 3451 1752 3506 llonorius
1780 3469 1868 3506 an.
1894 3454 1997 3507 425
2017 3454 2132 3508 fun-

539 3546 662 3593 ctus
700 3539 925 3608 imperio
945 3540 1163 3608 vitaque
1189 3538 1399 3594 fuisset.
1441 3540 1560 3594 Jam
1591 3557 1718 3595 vero
1765 3558 1925 3596 unum
1957 3543 2127 3596 Maxi-

543 3644 709 3690 mum.
734 3644 840 3683 non
870 3629 1007 3684 duos
1042 3629 1353 3684 Gennadius
1393 3638 1675 3684 memorat.
1719 3630 1775 3685 Si
1816 3632 1950 3687 duos
1973 3648 2130 3697 vero,

539 3732 742 3794 eosque
769 3720 981 3788 scriptis
1007 3719 1244 3774 illustres
1273 3720 1434 3774 fuisse
1462 3721 1784 3790 accepisset,
1816 3731 1908 3775 aut
1935 3723 2124 3777 ambo-

539 3819 659 3858 rum
687 3805 955 3875 profeeto,
993 3816 1087 3862 aut
1123 3809 1170 3863 si
1210 3809 1539 3873 alterutrius,
1586 3811 1702 3879 ejus
1741 3812 1954 3879 quidem
1977 3822 2125 3869 certe

540 3898 826 3953 meminissr
851 3907 890 3968 t,
918 3901 1010 3968 qui
1038 3915 1147 3956 sua:
1187 3899 1376 3955 fuisset
1412 3903 1558 3956 aetati
1589 3904 1956 3974 propinquior,
1993 3921 2123 3961 con-

534 3987 780 4055 ciliisque
799 3990 1008 4044 noobus
1039 3997 1183 4044 tanta
1211 3992 1295 4045 sui
1311 3992 1473 4047 laude
1498 3993 1838 4048 interfuisset.
1865 3994 1998 4050 Cum
2028 4013 2123 4050 au-

534 4083 648 4130 tem
671 4078 826 4132 unius
859 4075 1047 4133 fecerit
1072 4073 1421 4144 mentionem,
1451 4097 1618 4136 unum
1657 4093 1805 4138 certe
1844 4085 2120 4154 pnefuisse

533 4163 961 4223 Taurinedsibus
985 4169 1280 4224 antistitem
1312 4170 1600 4225 Maximum
1631 4175 1868 4238 nomine,
1893 4189 2121 4230 censue-

533 4256 606 4311 rit
628 4272 852 4312 necesse
897 4267 1000 4328 est,
1043 4274 1202 4330 quem
1242 4276 1432 4316 errans
1470 4265 1774 4333 scripserit,
1821 4267 2119 4336 imperante

533 4345 716 4401 adhuc
740 4346 1001 4412 llonorio,
1029 4350 1228 4404 ohiisse
1255 4359 1506 4406 mortem.
1529 4353 1639 4407 Nisi
1662 4354 1798 4410 forte
1825 4357 1945 4424 quis
1965 4359 2112 4419 velit,

534 4436 594 4494 τὸ
614 4437 820 4502 claruit,
867 4451 973 4505 quo
1010 4437 1328 4494 Gennadius
1375 4455 1503 4495 usus
1547 4441 1753 4509 fuisset,
1795 4460 2115 4501 conversum

534 4524 665 4578 vitio
693 4525 1031 4580 librarion
1061 4525 1226 4580 fuisse
1249 4529 1302 4582 in
1329 4533 1564 4585 moritur.

2229 3269 2567 3324 siasticorum
2597 3271 2650 3326 in
2673 3285 2846 3339 eoque
2867 3288 2996 3330 suos
3018 3274 3184 3327 libros
3198 3274 3455 3330 adversus
3473 3273 3821 3332 Iovinianum

2229 3357 2402 3426 ipsum
2432 3359 2761 3428 perscriptos
2780 3362 3232 3427 commemorarit,
3265 3378 3330 3416 ac
3351 3378 3460 3417 non
3490 3365 3660 3420 modo
3690 3369 3819 3420 Ani-

2227 3447 2392 3502 brosii
2419 3447 2680 3516 ejusdem,
2722 3465 2912 3508 vennn
2958 3453 3124 3506 etiam
3179 3453 3412 3508 alia-um
3455 3458 3818 3522 quorumdam

2227 3538 2534 3591 meminerit
2562 3540 2652 3606 qui
2683 3540 2774 3593 vix
2801 3541 3089 3610 quidquam
3118 3543 3487 3612 publicassent
3524 3548 3819 3614 opusculo-

2225 3642 2364 3690 nun,
2397 3626 2612 3682 Maximi
2643 3629 2810 3698 ipsius
2850 3632 3178 3688 mentionem
3218 3634 3382 3688 fuisse
3423 3639 3820 3704 praetemiissw

2224 3733 2363 3772 rum.
2395 3716 2500 3772 Sed
2518 3717 2602 3774 fac
2631 3719 2732 3791 (sic
2759 3731 2936 3775 autem
2959 3723 3184 3794 addunt)
3207 3723 3472 3781 Maximus
3497 3733 3817 3795 conventui,

2221 3834 2382 3887 quem
2413 3828 2611 3884 narrat,
2644 3821 2892 3888 adfuerit,
2920 3825 3045 3893 quid
3073 3826 3253 3882 obstat
3279 3830 3407 3896 quin
3440 3830 3483 3884 is
3512 3844 3821 3888 conventus

2222 3917 2436 3974 habitus
2456 3923 2610 3978 annis
2633 3923 2764 3991 plus.
2783 3925 2969 3990 viginti
2999 3934 3124 3994 post
3151 3928 3414 3997 synodum
3445 3929 3822 3989 Mediolanen-

2220 4031 2334 4070 sem
2360 4018 2624 4073 Ambrosii
2648 4020 2840 4075 fuerit?
2862 4021 3157 4092 Episcopos
3177 4039 3265 4079 an.
3294 4025 3400 4078 412
3418 4027 3485 4080 ad
3512 4027 3819 4085 Honorium

2224 4113 2517 4182 Augustum
2547 4117 2851 4187 confugisse
2897 4129 3132 4187 constat,
3167 4133 3438 4192 rogatum,
3480 4135 3538 4179 ut
3581 4128 3640 4182 in
3671 4127 3824 4183 Jovi-

2219 4214 2670 4287 nianumcjusque
2692 4220 3054 4290 asseclas,.qui
3078 4223 3130 4276 in
3153 4225 3341 4278 heresi
3361 4234 3822 4295 perstarent,con-

2222 4323 2515 4382 ventusque
2539 4316 2738 4370 habere
2760 4326 2911 4372 extra
2928 4319 3114 4374 urbem
3145 4336 3250 4374 non
3273 4333 3609 4388 vererentur,
3637 4329 3820 4383 anim-

2218 4411 2537 4467 adverteret.
2568 4412 2953 4484 Episcoporum
2990 4426 3171 4473 autem
3197 4418 3265 4472 de
3286 4421 3514 4476 coetibus
3542 4439 3822 4481 novorum

2147 4553 2194 4610 υ
2216 4512 2567 4572 sectariorum
2594 4523 2748 4568 extra
2777 4516 2923 4574 urbis
2951 4520 3168 4584 mania,
3199 4521 3419 4588 querela
3448 4538 3568 4592 quae
3591 4524 3820 4580 demum

604 4614 855 4679 “unum,
884 4617 975 4686 qui
999 4618 1211 4672 nonnisi
1245 4634 1410 4673 unum
1433 4621 1618 4688 quin“,
1651 4623 1847 4678 πουιο
1888 4633 2110 4679 censen;
2217 4610 2530 4678 interposita
2577 4620 2722 4668 tanta
2750 4616 3105 4671 consensione
3132 4619 3650 4689 eanSpirationeque
3684 4623 3818 4680 fuis-

529 4703 697 4760 fuisse
715 4705 1124 4762 Taurinensium
1150 4709 1432 4777 praesulem
1458 4709 1774 4776 Maximum;
1803 4713 1960 4768 iidem
1983 4730 2113 4769 con-

531 4801 675 4855 cludi
703 4801 948 4872 eflicique
985 4819 1053 4858 ex
1096 4805 1214 4872 ejus
1239 4804 1459 4860 homilia
1488 4806 1521 4858 ι
1545 4807 1606 4861 de
1635 4806 1920 4866 Natioitote
1935 4829 2109 4882 posse,

535 4891 882 4948 vehementer
904 4903 1117 4958 negant,
1166 4895 1552 4950 numerandum
1582 4897 1753 4967 ipsum
1783 4901 1836 4954 in
1868 4901 2113 4961 Patrihus

602 5103 684 5189 (a)
708 5107 880 5189 Atque
901 5106 1198 5189 oscitantis:
1211 5107 1424 5177 quidem
1441 5107 1797 5189 Gennadiange
1813 5113 2109 5189 ἁμαρτημά-

533 5174 635 5228 mi
661 5174 908 5242 exempla
951 5175 1091 5252 haud
1122 5174 1292 5252 pauca
1320 5194 1386 5252 ex
1417 5179 1605 5233 eodem
1629 5174 1876 5252 catalogo
1905 5174 2111 5252 profer—

530 5243 986 5320 re_possem;-sed
1027 5243 1209 5320 (κιρ-ἠρ
1235 5247 1434 5320 nimius
1459 5264 1578 5320 esse
1600 5243 1862 5316 videatur,
1893 5243 2113 5320 praeter-

530 5312 706 5366 mitto.
729 5311 906 5375 Unum
921 5322 1042 5368 esto
1056 5315 1194 5392 illud
1218 5314 1284 5369 de
1303 5314 1512 5392 Juliano
1534 5318 1814 5392 Eclauensi
1835 5311 2107 5392 episcopo,

525 5393 688 5502 luem
728 5398 933 5447 errans,
984 5386 1291 5466 episcopum
1314 5385 1492 5464 fuisse
1531 5385 2104 5458 Capuanum-scribit.

579 5451 769 5502 lterum
810 5453 877 5502 de
920 5453 1098 5502 Attico
1146 5455 1382 5502 antistite
1429 5454 2023 5502 Cnnslnntinnnnlilnnn
2079 5478 2104 5502 α

579 5451 769 5528 lterum
810 5453 877 5507 de
920 5451 1098 5508 Attico
1123 5451 1382 5528 antistite
1426 5451 2042 5528 ponstantinopolitano,
2077 5478 2106 5516 a

528 5532 638 5586 quo
654 5519 1053 5592 impugnatum,
1085 5523 1180 5584 ait,
1214 5523 1377 5577 fuisse
1407 5524 1600 5592 dogma
1628 5519 2041 5590 Nesto'rianum.'
2061 5532 2110 5585 id

568 5589 668 5646 uad
696 5591 1095 5647 cocedeaidum
1127 5607 1232 5648 non
1263 5601 1363 5654 est,
1397 5589 1517 5647 cum
1549 5597 1716 5654 multo
1755 5609 1880 5656 ante
1920 5589 2114 5656 ohierit

522 5658 738 5742 'i‘ttticus
758 5697 775 5722 ,
825 5671 986 5742 quam
1041 5660 1315 5742 Nestorius
1360 5678 1672 5733 perversum
1720 5667 1916 5737 dogma
1956 5685 2110 5725 suum

526 5739 782 5798 spargere
816 5739 1085 5800 cepisset.

2219 4715 2334 4775 set;
2377 4711 2478 4765 nisi
2516 4712 2588 4765 illi
2613 4711 2837 4767 Romam
2877 4715 3335 4780 secontulissent,
3373 4728 3429 4773 ut
3469 4720 3522 4774 in
3551 4724 3817 4784 concilio.

2216 4825 2338 4862 cum
2383 4811 2635 4878 pontiﬁce
2689 4829 2794 4866 una
2847 4814 3041 4876 simul.
3075 4815 3202 4882 quid
3253 4817 3508 4872 adversus
3559 4794 3822 4891 impieta-

2219 4917 2327 4964 tem
2374 4921 2562 4978 rogato
2606 4919 2913 4982 statutoqne
2960 4921 3103 4969 esset
3148 4930 3302 4985 opus,
3343 4917 3696 4985 judicarent‘l
3727 4925 3822 4977 At-

2247 5116 2614 5241 '(l{)wSc2i8p:it
2645 5120 2689 5173 is
2717 5119 3028 5189 Catalogum
3060 5123 3344 5178 illustrium
3379 5127 3620 5184 virorum
3669 5145 3818 5185 anno

2248 5203 2339 5240 πει
2405 5206 2428 5240 ι·
2565 5228 2578 5240 .

2213 5195 2428 5241 circiter
2457 5195 2578 5241 484.

2280 5257 2354 5325 (c)
2368 5257 2445 5312 Co
2467 5259 2552 5312 lex
2569 5258 2855 5314 Vaticanus
2880 5260 3060 5315 seculi
3086 5277 3138 5315 ix
3156 5262 3315 5317 habet
3335 5263 3439 5319 hoc
3461 5265 3628 5321 modo
3657 5285 3673 5320 :
3696 5268 3818 5326 lo-

2213 5325 2431 5400 ritur.
2458 5344 2597 5400 anno
2626 5328 2689 5381 ab
2709 5331 2832 5400 orbe
2849 5330 3114 5399 redempta
3141 5347 3365 5388 ccccx-x.
3389 5334 3511 5400 .Qua
3536 5350 3606 5389 ex
3635 5354 3709 5394 re
3730 5325 3818 5393 di-

2215 5397 2508 5516 gnoscitur,
2542 5397 2786 5452 librarios
2815 5397 3058 5453 intulisse
3099 5407 3303 5455 temere
3330 5397 3520 5458 manus
3561 5405 3618 5459 in
3672 5423 3819 5478 opm

2264 5467 2476 5516 ennadii
2495 5506 2509 5516 .
2539 5468 2696 5516 eique
2726 5468 2967 5516 nonnihil
2995 5469 3261 5516 addidisse
3286 5487 3387 5516 suo
3415 5473 3691 5516 nrhilrsln

2264 5467 2476 5534 enuadii
2495 5506 2509 5526 ,
2539 5468 2696 5534 eique
2726 5468 2968 5521 nonnihil
2995 5469 3261 5525 addidisse
3286 5487 3387 5526 suo
3415 5473 3714 5530 arbitratu.

2312 5533 2366 5616 ά)
2559 5533 2775 5616 ρὴηΐαι..
2797 5547 3031 5591 nostram
3062 5553 3206 5591 num.
3241 5541 3292 5603 3,
3330 5555 3450 5609 pag.
3487 5558 3577 5604 ιι..
3609 5561 3777 5616 seqq.

2309 5603 2357 5682 ς)
2386 5603 2720 5682 μήἀη-ίηιις-η.
2750 5605 2801 5668 4,
2836 5621 3130 5682 pa_g_._xi.v|.
3309 5603 3378 5682 _'_
3403 5603 3426 5609 ⁷
3568 5603 3655 5682 ίῌ
3675 5603 3717 5682 Α“
3737 5603 3756 5616 ⁸
3872 5669 3873 5682 χ

2284 5673 2352 5743 (f)
2384 5673 2576 5753 [19ml].
2611 5673 2852 5753 HLEagL
2889 5673 3005 5742 H3,
3037 5686 3092 5731 et
3119 5691 3283 5737 serui.
3309 5676 3400 5744 77,
3429 5693 3554 5750 pag.
3587 5677 3722 5748 592.,
3759 5692 3816 5740 et
3872 5673 3873 5714 ἶ

2212 5741 2372 5797 serra.
2402 5741 2492 5807 8‘2,
2522 5757 2642 5812 pag.
2675 5741 2822 5798 (ἱθὶυζ
2992 5741 2997 5742 ⁷
3385 5741 3396 5744 ⁷
3433 5741 3448 5750 ’
3502 5741 3528 5749 ’
3707 5741 3720 5748 ⁷
3872 5769 3873 5772 η
