3898 6226
112 345 184 398 133
1158 339 1311 394 VITA
1347 340 1405 396 S.
1446 341 1647 396 MAXID

1752 338 2195 398 l‘AURINENSlS.

3195 344 3323 399 ’154

109 477 186 530 quo
227 463 481 529 episcopos
531 459 683 528 apud
744 459 1121 526 imperatorem
1185 456 1346 510 fuisse
1390 465 1632 524 questos,
1662 465 1708 539 Α
1738 464 1918 525 posset
1947 473 1959 506 :
1991 455 2308 524 Synodalem
2329 463 2560 508 nostrum
2597 464 2916 522 conventum,
2963 453 3092 522 etc.,
3123 457 3291 526 prtedi

109 556 215 608 idem
251 563 322 607 est
365 553 661 629 imperator
713 551 872 605 testis
919 550 1222 619 cumprimis
1273 547 1496 621 [cxxva
1551 550 1632 604 lo-

110 645 267 712 cuples.
293 644 413 699 Nam
443 645 560 712 lege
599 643 675 696 55
719 643 924 697 codicis
953 641 1332 703 Theodosiani,
1382 642 1472 695 lib.
1523 657 1632 702 xvr,

109 736 167 786 tit.
214 732 243 786 5
286 733 344 786 dc
388 732 666 786 ereticis
699 735 803 803 (a),
853 733 931 786 sic
981 741 1064 787 est
1107 733 1173 786 ab
1213 731 1453 785 Honorio
1506 731 1632 784 scri-

110 835 221 891 ptum
244 841 256 874 :
283 844 298 874 ‹
321 823 660 878 Jovinianum
700 825 776 894 (b)
806 824 1095 893 sacrilegos
1136 837 1296 892 agere
1342 830 1638 877 conventus

107 926 221 965 cura
246 929 414 968 muros
440 913 589 967 urbis
617 913 996 968 sacratissima:
1017 953 1034 978 ,
1082 914 1457 983 episcoporum
1501 925 1636 979 que-

106 1003 188 1055 rela
212 1003 452 1072 deplorat.
485 1002 670 1070 Quare
700 1019 862 1072 supra
902 1007 1255 1058 memoratum
1284 1003 1482 1072 corripi
1513 1017 1639 1071 prae-

105 1094 300 1162 cipimus,
323 1106 378 1154 et
404 1104 693 1149 contusum
721 1095 962 1164 plumbo,
993 1110 1113 1149 cum
1140 1095 1349 1149 czeteris
1377 1095 1486 1147 suis
1512 1109 1637 1162 par—

104 1183 320 1251 ticipibus,
351 1194 402 1237 et
429 1185 692 1238 ministris
720 1185 908 1238 exsilio
937 1184 1175 1239 coerceri
1207 1201 1221 1236 :
1255 1183 1427 1252 ipsum
1456 1190 1636 1234 autem

104 1273 471 1328 machinatorem
519 1276 576 1327 in
627 1275 853 1328 insulam
906 1275 1075 1328 Boam
1121 1273 1313 1328 festina
1359 1273 1636 1326 celeritate

102 1362 282 1428 deduci;
309 1366 533 1429 ceteris,
576 1375 739 1435 prout
781 1367 1012 1431 libuerit,
1055 1365 1345 1419 dummodo
1383 1365 1642 1434 supersti-

105 1453 212 1505 tiosa
242 1455 532 1520 conjuratio
571 1457 747 1510 exsilii
794 1456 962 1526 ipsius
1010 1455 1335 1510 discretione
1379 1455 1639 1518 solvatur,

102 1542 142 1594 in
165 1544 401 1597 solitarias
441 1555 497 1599 et
554 1546 718 1613 longo
747 1547 921 1615 spatio
951 1546 1091 1599 inter
1127 1561 1184 1600 se
1209 1545 1413 1614 positas
1441 1545 1641 1598 insulas

102 1632 142 1682 in
167 1643 449 1702 perpetuum
470 1635 787 1704 deportatis.
808 1635 867 1691 Si
887 1634 1011 1704 quis
1025 1643 1202 1690 autem
1222 1636 1517 1707 ,_pertinaci
1545 1636 1642 1687 im-

97 1722 325 1788 probitate
381 1725 546 1777 vetita
593 1733 650 1778 et
694 1724 962 1789 damnata,
1011 1725 1354 1795 repetiverit,
1401 1725 1536 1779 sciat
1582 1739 1641 1777 se

1737 559 1998 613 careque:
2025 545 2374 614 superioribus
2393 546 2567 599 diebus
2596 546 2840 600 interesim
2868 544 3139 600 Ioviniani
3157 545 3321 604 fam

1740 652 1846 691 uno
1872 652 2146 692 sacrorum
2174 638 2488 703 antistitum,
2511 639 2603 707 qui
2621 647 3008 705 convenerant,
3041 655 3138 695 ore
3162 628 3321 695 dam-

1738 734 1940 790 natam,
1971 742 2129 796 quam
2160 727 2287 782 item
2317 729 2559 783 haeresim
2589 732 2655 782 sit
2679 740 2944 784 exsecrata
2962 733 3052 802 pia
3079 735 3196 803 ipsa
3220 734 3323 786 im-

1739 816 1952 886 perialis
1998 825 2242 887 potestas.
2291 817 2476 886 Neque
2519 833 2649 873 vero
2688 820 2976 890 quidquam
3021 822 3216 876 virium
3269 823 3322 877 ei

1740 919 2056 978 argumento
2085 911 2243 973 inest,
2261 912 2403 978 quod
2434 912 2633 980 petitur
2651 927 2719 965 ex
2747 913 3020 967 nominata
3035 930 3066 969 a
3085 917 3320 970 Maximo

1741 1001 2123 1057 Mediolanensi
2171 1001 2428 1067 Ecclesia,
2477 1017 2598 1071 qua:
2637 1004 3025 1073 blasphemiam
3051 1003 3321 1060 Ioviniani

1741 1092 2012 1146 horruerit.
2050 1093 2178 1158 Quis
2224 1095 2366 1147 enim
2418 1095 2628 1162 ignorat
2665 1095 2953 1148 memorari
3009 1094 3322 1165 plerumque

1742 1186 1808 1239 ab
1832 1187 1914 1250 iis,
1944 1185 2035 1253 qui
2081 1178 2167 1238 diu
2216 1194 2337 1254 post
2364 1186 2625 1248 vixerint,
2674 1186 2890 1240 decreta
2918 1185 3318 1253 Ecclesiarum;

1742 1292 1915 1345 exque
1945 1277 2130 1330 iisdem
2159 1277 2391 1331 decretis
2418 1277 2591 1346 repeti
2611 1280 2741 1351 ῥητά
2767 1278 3032 1346 quaedam,
3064 1279 3324 1334 describi-

1741 1383 1845 1435 que
1873 1368 2088 1421 solere?
2116 1367 2292 1432 Quare
2321 1367 2515 1420 mirum
2541 1367 2708 1422 videri
2731 1383 2836 1421 non
2861 1367 3043 1433 debet,
3081 1369 3146 1433 si,
3177 1370 3319 1438 quod

1742 1457 2004 1511 Maximus
2031 1457 2240 1526 scripsit
2273 1473 2285 1508 :
2327 1455 2588 1510 Christum
2622 1455 2973 1526 (Iovinianus)
3006 1457 3324 1528 blasphemut

1743 1567 1808 1603 ex
1830 1550 2029 1619 virgine
2049 1566 2152 1601 non
2173 1550 2398 1618 potuisse
2419 1550 2687 1619 generari,
2721 1565 2834 1602 cum
2863 1565 3057 1619 negare
3093 1565 3197 1603 non
3226 1567 3323 1602 au-

1744 1640 1880 1704 deat,
1912 1655 1975 1693 ex
2004 1639 2216 1692 muliere
2243 1638 2394 1691 editis
2424 1638 2763 1691 humanorum
2781 1637 3321 1709 pignorum-partubus

1743 1731 1962 1798 virgines
1983 1743 2284 1798 permanere
2307 1743 2324 1779 :
2355 1726 2406 1781 id
2434 1728 2501 1782 ab
2524 1728 2754 1797 epistola
2776 1727 3034 1798 synodica
3061 1727 3323 1782 Mediola-

98 1812 407 1866 austerioretn
448 1815 777 1868 sententiam
823 1815 1142 1870 subiturum.
1176 1816 1294 1869 Dat.
1327 1815 1464 1886 prid.
1509 1831 1635 1870 non.
1675 1824 1716 1880 Β
1746 1820 1924 1873 nensis
1969 1819 2182 1873 concilii
2229 1834 2317 1872 an.
2388 1816 2493 1871 589
2557 1826 2830 1872 mutuatus
2875 1818 3073 1883 fuerit,
3123 1818 3177 1871 in
3217 1833 3323 1887 qua

95 1898 223 1953 Mart.
250 1899 477 1957 Honorio
506 1902 580 1955 IX
609 1913 666 1957 et
715 1904 1018 1959 Theodosio
1048 1905 1091 1958 ν
1118 1905 1369 1973 Augustis
1405 1907 1638 1960 consuli-

96 1986 192 2040 bus.
226 2008 243 2040 ι
274 1990 419 2044 Δηηο
447 1992 658 2046 scilicet
684 1991 808 2046 4η.
840 1991 920 2047 Ad
948 2009 1068 2048 eam
1091 1993 1264 2062 legem
1293 1995 1407 2048 haec
1434 2003 1518 2049 est
1555 2010 1644 2064 ap-

97 2079 239 2144 posita
278 2095 306 2133 a
349 2079 553 2137 Jabobo
602 2082 936 2140 Gothofredo
981 2086 1419 2140 animadversio:
1470 2104 1488 2136 ι
1522 2085 1643 2140 Fuit

99 2176 270 2238 tempus
293 2187 408 2225 cum
437 2174 742 2238 crederem,
765 2190 864 2244 pro
883 2177 1236 2246 episcoporum
1257 2177 1342 2230 hic
1364 2176 1642 2245 legendum

95 2258 286 2328 episcopi
325 2259 571 2326 Romani,
603 2278 671 2316 eo
719 2265 862 2332 quod
891 2265 943 2318 in
973 2265 1228 2333 peculiari
1267 2265 1382 2333 ejus
1426 2264 1644 2319 dimcesi

96 2346 299 2402 Romana
324 2350 642 2406 Jovinianus
662 2353 762 2407 hos
786 2356 1234 2421 cmtusagita‘ret.
1260 2355 1641 2409 Verumtamen

97 2435 202 2488 nihil
228 2446 419 2493 temere
467 2444 806 2495 mutandum.
840 2443 976 2509 Quin
1011 2459 1080 2498 ex
1107 2459 1175 2498 eo
1203 2444 1348 2513 quod
1377 2444 1645 2499 Honorius

93 2525 170 2576 hac
201 2528 318 2597 lege,
365 2531 526 2594 dicit,
586 2547 944 2586 EPISCOPOBUI
993 2534 1267 2602 querelam
1314 2534 1639 2603 deplorasse,

94 2610 393 2670 lovinianum
439 2628 742 2674 conventus
790 2635 950 2688 agere
995 2631 1147 2677 extra
1192 2639 1414 2689 muros,
1462 2626 1642 2693 colligi

94 2719 224 2770 posse
259 2709 484 2776 videtur,
533 2711 774 2765 habitam
815 2712 920 2767 hoc
961 2722 1205 2784 tempore
1249 2708 1424 2770 fuisse.
1461 2716 1644 2771 Romae

94 2797 318 2863 synodum
363 2802 765 2870 episcoporum,
814 2803 954 2857 haud
1002 2806 1160 2859 aliter
1205 2815 1366 2876 atque
1410 2809 1644 2878 synodus

90 2883 382 2956 Carthagine
427 2892 535 2947 hoc
585 2893 704 2961 ipso
738 2909 880 2948 anno
906 2895 1082 2950 habita
1111 2897 1212 2951 fuit
1239 2898 1494 2953 adversus
1521 2899 1644 2955 Cm-

93 2973 272 3029 lestium
300 2980 456 3046 hujus
483 2979 758 3034 Joviniani
787 2984 1074 3052 gregalem.
1103 3005 1121 3037 ι
1149 2984 1352 3040 Eodem
1382 2987 1641 3054 recidunt,

88 3078 187 3131 qua:
224 3071 535 3139 complexus
581 3082 664 3126 est
702 3072 944 3128 Flevrius
990 3076 1081 3128 lib.
1127 3092 1254 3130 xxut
1284 3076 1519 3132 historiae
1549 3080 1640 3148 (ε).

1746 1905 1984 1980 [cxxxvi]
2012 1923 2158 1960 num.
2202 1906 2235 1959 4
2282 1906 2362 1976 (d)
2408 1907 2634 1975 idipsum
2688 1905 2908 1960 eﬂ'ertur
2961 1907 3066 1961 hoc
3111 1906 3320 1961 modo:

1746 1997 1952 2061 Quanta
1981 1997 2237 2050 dementia
2273 1999 2593 2068 funestorum
2624 1997 2934 2060 latratuum,
2971 2002 3029 2049 ut
3053 1995 3212 2049 iidem
3239 1996 3324 2048 di-

1743 2095 1933 2150 cerent,
1967 2087 2223 2139 Christum
2243 2102 2308 2139 ea:
2338 2087 2535 2156 uirgine
2562 2103 2666 2139 non
2690 2087 2916 2155 potuisse
2936 2086 3208 2156 generari,
3229 2085 3326 2156 qui

1744 2185 1998 2238 asserunt,
2030 2192 2095 2228 ea:
2122 2175 2350 2238 muliere,
2374 2175 2524 2227 editis
2547 2174 2885 2227 humanorum
2908 2173 3182 2244 pignorum
3202 2191 3327 2244 par-

1744 2263 1912 2328 tubus,
1941 2264 2163 2334 virgines
2192 2275 2511 2332 permanere.
2544 2261 2614 2314 At
2636 2262 2801 2326 enim,
2841 2263 2986 2316 dicet
3017 2263 3230 2330 aliquis,
3272 2263 3328 2315 in

1743 2363 1982 2408 extrema
2031 2354 2217 2408 eadem
2264 2353 2491 2422 epistola
2549 2353 2803 2423 synodica
2861 2351 3060 2419 legitur
3111 2351 3329 2406 Maximi

1743 2444 1980 2514 episcOpi
2008 2443 2364 2511 subscriptum
2398 2457 2612 2496 nomen.
2640 2441 2730 2496 Est
2758 2442 2830 2494 ita
2851 2442 3112 2510 profecto.
3131 2439 3329 2495 Verum

1743 2535 2020 2603 cujusnam
2065 2533 2211 2586 urbis
2259 2532 2541 2601 episcopus
2588 2531 2678 2586 ille
2723 2529 2983 2584 Maximus
3012 2530 3187 2595 fuerit,
3219 2546 3330 2583 non

1745 2611 2112 2691 item'Jegitur.
2145 2623 2282 2677 Sunt
2322 2623 2413 2690 qui
2447 2624 2741 2676 antistitem
2779 2636 2900 2675 eum
2929 2619 3328 2687 Emoniensem,

1744 2723 1804 2768 ut
1842 2723 1924 2768 est
1951 2715 2003 2767 in
2029 2714 2270 2768 Romana
2299 2728 2524 2782 operum
2572 2713 2839 2767 Ambrosii
2879 2712 3134 2776 editione,
3168 2711 3333 2767 fuisse

1745 2804 1939 2859 ferant.
1966 2804 2074 2859 Nec
2103 2819 2231 2857 vero
2265 2805 2402 2857 ratio
2432 2811 2512 2857 est
2555 2804 2659 2856 ulla
2688 2817 2808 2870 qua:
2849 2818 2966 2869 nos,
2995 2808 3124 2870 quin
3152 2802 3218 2856 iis
3245 2817 3335 2856 as-

1743 2895 2060 2958 sentiamur,
2106 2893 2391 2947 deterreat.
2443 2892 2555 2947 [mo
2602 2902 2790 2947 contra
2829 2901 2912 2946 est
2946 2893 3133 2963 aliqua
3171 2893 3337 2962 plane

1745 2985 1940 3050 gravis,
1970 2998 2088 3050 qua:
2113 2983 2402 3043 convincit,
2444 2997 2512 3035 ne
2554 2998 2642 3034 an.
2693 2982 2798 3034 589
2827 2983 3035 3051 synodo
3082 2982 3336 3037 Mediola-

1746 3073 1897 3126 nensi
1926 3072 2139 3125 affuisse
2162 3081 2410 3140 putemus
2431 3086 2574 3134 eum,
2595 3085 2754 3138 quem
2790 3073 3073 3137 unum,cui
3096 3072 3335 3126 Maximo

92 3158 184 3223 Age
209 3175 326 3214 vero
372 3163 416 3215 si
441 3163 721 3217 celebrata
769 3179 912 3218 anno
958 3165 1063 3218 M9.
1091 3166 1275 3221 Romae
1295 3168 1526 3238 synodus
1550 3169 1643 3222 ad-
1669 3175 1712 3233 (ζ
1745 3170 1886 3216 esset
1914 3177 2128 3225 nomen,
2160 3161 2350 3228 quinto
2383 3160 2579 3213 sarculo
2625 3160 2994 3229 episcopatum
3039 3160 3335 3216 Taurinen-

91 3264 246 3304 versus
266 3249 616 3308 lovinianum
646 3265 746 3320 est,
777 3257 904 3325 quid
933 3258 1171 3327 impedit,
1200 3258 1329 3326 quin
1358 3259 1644 3313 Maximum

88 3351 142 3390 eo
166 3354 217 3393 se
242 3343 535 3398 contulisse
553 3385 570 3408 ,
599 3344 916 3415 synodoque
938 3347 1040 3415 ipsi
1071 3345 1416 3419 interiuisse(
1456 3362 1647 3416 quem-

87 3427 341 3484 admodum
370 3442 517 3502 post,
550 3449 696 3488 anno
728 3436 935 3490 scilicet
955 3433 1076 3502 465,
1125 3435 1387 3506 interfuit)
1415 3437 1642 3492 arbitre-

89 3518 217 3570 mur?
235 3519 366 3585 Quid
390 3523 538 3576 cnim
555 3525 581 3576 ἲ
606 3523 686 3577 Αη
716 3525 809 3592 qui
831 3540 919 3578 an.
959 3523 1065 3577 412
1093 3525 1177 3579 vel
1204 3524 1301 3578 Ml
1335 3527 1650 3596 episcopatu

88 3602 210 3673 fungi
235 3610 411 3680 coepit,
443 3612 490 3665 is
529 3629 642 3666 non
671 3614 846 3682 potuit
890 3613 956 3667 ad
983 3630 1071 3668 an.
1113 3613 1219 3668 465
1246 3630 1546 3685 propagare
1575 3617 1653 3670 vi-

89 3697 424 3754 tamiiiosius
449 3702 676 3769 quidem
719 3711 884 3765 certe,
929 3705 1020 3772 qui
1065 3705 1216 3759 initio
1257 3707 1434 3760 saeculi
1460 3706 1650 3775 rvepi-

87 3793 333 3853 scopatum
381 3789 674 3844 obtinebat
715 3792 1153 3862 Cordubensem,
1204 3811 1345 3850 anno
1391 3796 1494 3850 357
1544 3808 1652 3853 tam

88 3875 227 3927 valuit
254 3879 476 3944 viribus,
515 3889 580 3933 ut
607 3881 710 3935 iter
738 3897 804 3935 ex
834 3881 1044 3954 Illyrico
1071 3883 1376 3940 Cordubam
1404 3888 1651 3944 institue-

89 3960 160 4023 rit,
205 3964 393 4034 ibique,
445 3969 553 4022 etsi
607 3984 714 4022 non
757 3970 1042 4025 admodum
1083 3973 1212 4038 diu,
1255 3982 1312 4027 at
1344 3975 1653 4043 aliquandiu

87 4061 210 4105 certe
236 4057 380 4109 vixit.
429 4057 617 4124 Quid?
666 4057 722 4112 Si
769 4058 1028 4128 Gregorio
1061 4061 1357 4118 Turonensi
1406 4073 1562 4132 teste,
1594 4066 1650 4120 S.

91 4137 335 4212 Remigius
357 4146 702 4203 Rhemorum
732 4151 954 4205 antistes
980 4153 1134 4206 annis
1164 4153 1282 4222 plus
1319 4157 1656 4224 septuaginta

86 4234 226 4294 gessit
250 4237 671 4306 episcopatum?
698 4237 850 4293 Mitto
875 4239 942 4294 de
960 4239 1310 4310 Simpliciano
1337 4247 1510 4299 sancti
1531 4246 1658 4299 Am-

88 4317 228 4374 bmsii
246 4339 585 4390 successore,
615 4326 684 4380 de
728 4327 1002 4396 Salviano,
1032 4331 1205 4401 deque
1234 4332 1372 4399 aliis,
1405 4335 1497 4402 qui
1527 4350 1658 4389 sane

89 4410 241 4476 plures
267 4413 507 4482 fuerunt,
541 4418 751 4483 dicere,
783 4420 875 4488 qui
903 4435 1104 4474 annum
1137 4422 1312 4476 aetatis
1341 4438 1508 4492 prope
1528 4439 1657 4478 cen—

1748 3267 1858 3306 sem
1899 3251 2134 3305 tenuisse
2165 3249 2341 3318 prodit
2385 3250 2706 3316 antiquitas;
2752 3264 3019 3318 quemque
3060 3252 3336 3318 cognitum

1749 3352 1910 3409 atque
1950 3348 2285 3409 compertum
2332 3345 2452 3404 est,
2493 3353 2636 3392 anno
2700 3337 2806 3391 465
2853 3339 3080 3395 Romam
3122 3343 3339 3396 venisse

1748 3430 2087 3496 concilioque
2116 3427 2418 3482 interfuisse
2439 3465 2456 3491 ,
2507 3427 2651 3496 quod
2679 3427 2894 3483 Hilarus
2929 3427 3174 3497 pontifex
3199 3444 3338 3485 con-

1749 3527 1983 3574 vocarat.

1821 3605 1916 3660 His
1935 3605 2261 3671 constitutis,
2295 3603 2453 3659 iidem
2483 3605 2577 3669 illi,
2609 3608 2700 3673 qui
2733 3606 2946 3660 nonnisi
2976 3620 3140 3660 unum
3173 3607 3339 3663 fuisse

1752 3699 2138 3752 Taurinensem
2172 3698 2482 3766 episcOpum
2521 3696 2579 3750 S.
2622 3696 2916 3750 Maximum
2961 3705 3226 3765 pugnant,
3270 3697 3342 3752 ad

1750 3789 2000 3843 bomilias
2023 3787 2369 3850 descendunt,
2394 3800 2512 3860 quae
2540 3786 2690 3840 luere
2719 3802 2748 3840 a
2779 3785 3012 3842 Maximo
3038 3789 3154 3858 ipso
3181 3789 3344 3843 dicta:

1754 3881 1824 3934 de
1850 3879 1948 3934 SS.
1981 3878 2301 3948 martyribus
2328 3877 2631 3931 Alexandro
2655 3917 2670 3941 ,
2715 3877 2972 3948 Martyrio
2995 3885 3051 3932 et
3078 3877 3340 3932 Sisinnio.

1755 3970 1967 4037 Negant
1993 3969 2071 4022 illi
2101 3967 2388 4038 quidquam
2413 3967 2468 4021 in
2496 3968 2560 4020 iis
2603 3966 2871 4021 contineri
2911 3968 3057 4037 quod
3081 3983 3194 4022 sum
3220 3983 3346 4022 sen-

1755 4060 1936 4113 tentia:
1981 4065 2260 4126 repugnet.
2309 4055 2440 4109 Nam
2483 4055 2745 4110 videritne
2787 4071 2884 4110 eos
2935 4065 3217 4127 martyres,
3261 4057 3345 4110 in-

1755 4151 1964 4219 quiunt,
1995 4149 2053 4203 S.
2081 4147 2302 4213 Przesul,
2333 4161 2502 4201 necne
2530 4146 2721 4200 viderit
2746 4184 2761 4210 ,
2802 4147 2954 4215 parvi
2984 4147 3204 4202 referre.
3237 4146 3348 4202 Fac

1757 4242 1900 4296 enim
1926 4240 2136 4305 viderit,
2177 4254 2300 4294 cum
2345 4238 2613 4292 decimum
2661 4246 2848 4306 ageret
2885 4238 3061 4292 aetatis
3109 4253 3341 4303 annum;

1757 4330 1949 4400 ecquid
1979 4331 2103 4384 novi
2130 4329 2334 4393 fuisset,
2383 4329 2427 4382 si
2465 4327 2721 4382 decennis
2757 4328 2851 4396 qui
2882 4337 2999 4383 erat
3019 4343 3108 4381 an.
3143 4327 3247 4382 397
3274 4324 3346 4383 ad

1759 4437 1958 4475 annum
2003 4418 2109 4473 465
2151 4420 2493 4490 produxisset
2534 4420 2738 4473 vitam?
2767 4419 2999 4474 Vixisset
3037 4429 3186 4475 certe
3214 4436 3344 4475 ann.

90 4503 307 4557 tesimum
322 4508 659 4575 attigerunt.
683 4506 837 4573 Quod
865 4525 961 4564 cur
989 4509 1056 4565 de
1085 4510 1318 4566 Maximo
1359 4514 1658 4582 negandum
1689 4530 1734 4587 υ
1763 4508 1847 4562 78.
1879 4509 2020 4574 Quot
2044 4515 2223 4562 autem
2249 4515 2392 4568 sunt,
2432 4515 2673 4576 quotque
2717 4507 2936 4562 fuerunt
2960 4547 2974 4572 ,
3028 4510 3121 4578 qui
3161 4520 3341 4577 agant,

85 4589 158 4655 sit,
185 4607 248 4648 ne
273 4597 544 4666 suspicari
575 4597 800 4665 quidem
839 4614 1151 4668 possumus;
1201 4616 1322 4656 cum
1365 4605 1658 4672 praesertim

87 4679 185 4744 ejus
217 4683 266 4736 in
295 4688 429 4740 actis
470 4686 701 4741 concilii
733 4686 959 4742 Romani
1006 4705 1147 4745 anno
1173 4689 1278 4742 465
1313 4692 1493 4745 statim
1541 4701 1664 4761 post

87 4767 228 4826 Hilari
254 4774 550 4844 pontiﬁcis,
586 4776 802 4842 legatur
847 4778 962 4846 ejus
1005 4780 1358 4850 subscriptio;
1408 4795 1528 4849 qum
1573 4797 1659 4836 res

87 4857 257 4914 indicio
282 4871 384 4928 est,
416 4863 598 4919 fuisse
631 4863 780 4918 illum
809 4867 1150 4936 episcopatus
1171 4870 1406 4939 suscepti
1437 4885 1660 4925 munere

87 4949 268 5006 (aleris
309 4953 403 5021 qui
454 4954 770 5008 intererant
818 4956 1195 5025 antiquiorem.
1240 4956 1357 5011 Jam
1401 4958 1446 5011 si
1475 4959 1525 5012 ei
1573 4975 1660 5030 sy-

87 5038 226 5104 nodo,
251 5055 369 5110 quae
394 5044 688 5099 celebrata
716 5038 804 5112 an.
849 5043 955 5098 H2
999 5045 1179 5110 luerit,
1220 5047 1459 5102 interfuit
1486 5048 1660 5102 Maxi-

87 5137 210 5193 mus;
239 5142 397 5187 causa
445 5133 674 5187 scilicet
717 5124 860 5186 nulla
889 5141 1027 5200 erat,
1064 5137 1416 5204 quamobrem
1462 5137 1576 5206 ipse
1604 5137 1659 5192 in

88 5213 301 5288 immitia,
330 5239 500 5294 quam
531 5237 654 5278 non
681 5225 853 5281 minito
880 5233 1003 5295 post
1023 5227 1293 5293 recitavit,
1325 5236 1452 5299 apte
1480 5229 1660 5284 dicere

149 5412 218 5488 (ᾳ)
244 5413 396 5488 Iam.
427 5417 522 5481 Vl,
569 5431 702 5488 pag.
735 5415 874 5480 174,
906 5417 1035 5472 edit.
1080 5417 1322 5486 Lug-lun.
1367 5433 1455 5488 an.
1502 5415 1658 5470 i665.

151 5482 219 5555 (⁵)
244 5483 440 5555 Errare
495 5482 853 5555 librariorum
901 5489 954 5540 in
983 5490 1102 5542 cod.
1135 5482 1332 5555 legitur
1360 5486 1654 5541 Iovianum.

150 5553 393 5629 Vibium.
425 5557 482 5622 ι,
515 5557 714 5629 adAan.
735 5554 883 5629 με,
914 5558 1003 5611 ubi
1037 5575 1048 5609 :
1080 5555 1176 5611 Les
1194 5553 1434 5629 Manes,
1467 5557 1656 5629 inquit,

94 5619 202 5670 dunt
221 5624 289 5676 les
313 5619 549 5686 plantas
576 5619 874 5679 deterrerent
897 5629 1134 5680 occasion
1158 5630 1188 5679 ὰ
1211 5619 1442 5690 σαὶειοὶ,
1473 5619 1663 5678 etaient

95 5695 319 5748 Dat—(tre
357 5696 653 5750 essesnsz
695 5711 760 5746 en
801 5696 1046 5749 concilea
1077 5695 1252 5751 Rome.
1300 5696 1352 5750 Il
1395 5698 1520 5749 n’est
1550 5696 1661 5764 plus

1769 4600 1976 4668 egerint
2002 4599 2450 4668 septuagesimum
2473 4607 2720 4652 octavum
2749 4601 2923 4653 aetatis
2951 4601 3187 4654 annum?
3208 4599 3348 4653 Rur-

1767 4707 1884 4745 sum
1923 4691 2112 4745 demus
2158 4690 2405 4744 bomilias
2458 4691 2674 4744 easdem
2718 4690 2878 4747 fuisse
2925 4707 3068 4746 anno
3113 4691 3217 4744 ιω
3261 4693 3351 4745 vel

1761 4779 1866 4832 425
1911 4781 2138 4834 habitas.
2189 4779 2512 4834 Nihil-enim
2560 4780 2802 4849 impedit.
2849 4781 3060 4837 Recens
3105 4781 3348 4851 profecto

1763 4872 1974 4925 illorum
2015 4879 2310 4942 martyrum
2357 4872 2447 4940 qui
2476 4887 2565 4925 an.
2618 4871 2721 4925 597
2767 4871 3137 4936 decesserant,
3167 4874 3356 4941 passio

1762 4967 1892 5014 tunc
1936 4957 2150 5024 fuisset;
2198 4960 2484 5029 dicereque
2528 4970 2677 5016 recte
2726 4961 2988 5017 Maximus
3029 4964 3298 5031 potuisset
3333 4980 3350 5016 :

1765 5048 1893 5102 Illos
1933 5049 2195 5102 oculorum
2237 5051 2665 5120 contemplatione
2693 5054 3077 5122 cognoscimus;
3132 5056 3354 5108 istorum

1764 5139 2016 5209 supplicia
2036 5140 2200 5192 vultus
2222 5141 2514 5194 testimonio
2534 5143 2871 5206 continemus,
2902 5149 3009 5196 etc.

1836 5228 2002 5283 Multo
2031 5244 2149 5284 esse
2188 5229 2374 5292 levius,
2408 5232 2578 5295 aiunt,
2610 5231 2755 5299 quod
2800 5234 3092 5302 opponitur
3122 5225 3192 5288 de
3232 5236 3346 5289 Ala-

1765 5417 1913 5494 parlé
1941 5416 2121 5494 depuis
2146 5417 2207 5494 de
2233 5417 2496 5484 Jovinien,
2521 5422 2674 5494 sinon
2704 5438 2800 5491 que
2830 5423 2934 5476 l‘on
2964 5425 3040 5477 dit
3059 5426 3186 5494 qu'il
3231 5443 3354 5478 can-

1769 5489 1914 5571 tinua
1928 5487 2131 5571 jusqu‘a
2160 5491 2212 5571 la
2235 5497 2368 5571 mort
2395 5491 2561 5571 serie
2581 5487 2929 5571 uoluptueuse.

1841 5555 1918 5676 xtl)
1946 5555 2111 5625 Epist.
2163 5557 2408 5612 Ambros.
2442 5557 2512 5640 42
2539 5560 2606 5615 ad
2652 5555 2899 5617 Siricimn
2923 5599 2940 5622 .
2987 5577 3132 5615 num.
3166 5563 3197 5614 .i
3229 5574 3351 5632 pag.

1776 5626 1834 5678 l0
1879 5625 1922 5689 l,
1956 5633 2085 5680 tom.
2119 5625 2181 5679 ιη
2210 5644 2356 5696 oper.
2391 5630 2518 5683 edit.
2548 5629 2765 5685 Veneta:
2791 5647 2879 5685 an.
2909 5630 3063 5683 l75l.
