3898 6226
585 304 686 358 155

1646 306 1803 361 VITA
1839 305 1897 361 S.
1940 305 2182 362 MAXIM!
2219 308 2684 369 TAURINENSIS.
3722 314 3799 367 156

583 417 680 473 rici
710 415 1022 485 irruptione.
1057 414 1172 470 Non
1202 415 1344 469 enim
1383 414 1525 469 hanc
1569 413 1789 468 indicari
1816 430 1845 468 a
1877 414 2107 470 Maximo
2179 424 2224 481 Α
2256 422 2515 476 intulisse.
2548 420 2680 477 Inde
2724 433 3087 492 progressum,
3134 419 3512 487 Concordiam,
3551 419 3801 489 Cenetam,

583 508 680 564 sed
708 521 1023 574 eam,quam
1052 504 1227 559 medio
1249 505 1444 559 saeculo
1472 521 1502 559 v
1530 505 1581 558 in
1600 504 1805 558 Italiam
1830 504 1954 559 fecit
1974 506 2155 560 Attila.

584 598 717 652 Nam
746 597 799 650 in
839 612 902 651 ea
932 598 1167 662 homilia,
1212 612 1329 664 qua:
1366 604 1447 650 est
1474 596 1537 649 de
1575 592 1765 651 Bellica
1811 597 2025 651 tumultu
2059 599 2157 669 (τι),

576 687 669 754 αεὶ
720 701 750 739 a
796 685 1025 738 Maximo
1067 686 1133 739 de
1178 685 1416 739 barbaris
1463 685 1721 749 hostibus,
1762 685 1852 753 qni
1910 686 1961 738 in
2009 684 2161 763 finiti-

580 790 697 828 mas
729 775 977 841 Augustae
1026 772 1377 827 Taurinorum
1417 774 1664 840 regiones
1711 774 2028 828 invasissent
2060 773 2155 846 (b).

581 863 800 918 Narrari
830 864 950 921 inde
983 881 995 916 :
1028 863 1169 918 cives
1196 862 1534 931 perturbatos
1560 871 1702 916 metu
1732 902 1746 925 ,
1778 863 1986 917 munire
2014 865 2160 918 urbis

578 962 767 1022 portas
795 954 867 1023 (ε)
899 954 1154 1022 cmpisse;
1196 953 1441 1021 prmsidia
1470 953 1522 1006 in
1559 954 1723 1007 muris
1752 960 2019 1019 statuere;
2060 970 2157 1023 ap-

582 1060 775 1112 parare
803 1045 1033 1114 denique
1058 1044 1257 1108 omnia,
1301 1058 1419 1111 qua:
1462 1043 1708 1099 conferre
1735 1045 1798 1097 ad
1844 1046 2039 1099 bellum
2069 1062 2160 1099 su-

578 1134 885 1190 stinendum
915 1143 1149 1203 possent.
1177 1134 1229 1185 In
1263 1132 1431 1184 altera
1458 1142 1637 1186 autem
1662 1133 1902 1200 homilia,
1934 1148 2053 1202 qua:
2079 1142 2162 1187 est

576 1225 643 1278 de
670 1223 916 1279 Hostibus
946 1241 1047 1279 non
1073 1222 1327 1284 timendis,
1342 1237 1565 1288 qumque
1586 1230 1667 1276 est
1688 1239 1912 1277 numero
1935 1239 2149 1277 Lxxxvu

581 1331 705 1386 pag.
762 1315 857 1367 291
912 1331 1050 1383 seq.,
1092 1316 1297 1368 moneri
1355 1312 1422 1365 ab
1468 1314 1673 1382 optimo
1714 1316 2159 1383 sanctissimoque

578 1406 805 1477 prtesule
828 1404 1185 1460 Taurinenses
1214 1406 1326 1475 (qui
1373 1422 1494 1461 sese
1522 1406 1588 1460 ad
1636 1407 1917 1459 tuitionem
1965 1421 2159 1474 parare

577 1496 897 1570 pergerent)
940 1505 998 1550 ut
1037 1496 1088 1549 in
1129 1496 1464 1551 tribulatione
1494 1505 1637 1550 tanta
1675 1504 1912 1559 orarent,
1939 1496 2155 1566 jejuna-

577 1594 710 1655 rent,
732 1591 1031 1660 psallerent,
1056 1590 1437 1643 misererentur.
1468 1588 1624 1643 Hisce
1655 1586 1977 1654 adjumentis
2005 1585 2151 1639 Chri-

577 1679 779 1732 stianos
807 1692 925 1731 esse
952 1692 1169 1731 suorum
1198 1677 1434 1732 hostium
1455 1678 1687 1731 victores
1716 1676 1908 1729 solere.
1942 1674 2157 1728 Frustra

2261 512 2516 577 Altinum,
2558 513 2875 577 Tarvisium,
2919 514 3215 581 Patavium,
3256 514 3539 576 Vieetiam,
3572 512 3798 574 Brixism.

2260 603 2580 671 Bergomum
2609 608 2835 675 cepisse.
2867 606 2997 661 Eam
3027 624 3140 662 rem
3181 620 3380 662 metum
3406 606 3619 661 auxisse
3647 603 3809 658 Tauri-

2261 696 2523 750 nensium.
2558 695 2674 763 Quo
2710 698 2849 752 enim
2882 698 3231 767 implacabilis
3267 699 3436 752 hostis
3464 694 3674 751 accedit
3707 711 3808 763 pro-

2262 785 2399 852 pius,
2424 800 2492 839 eo
2516 786 2773 854 majorem
2814 787 3003 842 incolis
3029 787 3355 842 commoveri
3393 794 3591 840 metum
3634 785 3803 839 solere.

2258 874 2307 928 is
2355 878 2624 946 oppressis
2669 877 2910 947 oppidis,
2961 878 3177 931 Attilam
3230 876 3520 933 secundam
3560 876 3804 931 fortunam

2259 972 2532 1031 secutum,
2582 981 2727 1020 arma
2790 966 3147 1021 Mediolanum
3201 967 3405 1021 tulisse.
3449 965 3524 1019 Ea
3576 966 3627 1022 in
3676 966 3804 1029 urbe,

2259 1070 2417 1121 quam
2448 1056 2545 1110 sibi
2580 1058 2630 1109 in
2680 1066 3002 1123 potestatem
3042 1056 3345 1125 redegerat,
3386 1056 3502 1110 dira
3544 1055 3804 1109 barbarum

2259 1141 2494 1196 edidisse
2521 1143 2763 1213 exempla
2808 1144 3153 1198 crudelitatis.
3182 1142 3310 1197 inde
3340 1132 3607 1211 conjicere
3643 1158 3807 1211 quem-

2259 1247 2366 1300 que
2417 1249 2592 1301 posse,
2639 1242 2870 1303 quantus
2919 1232 3275 1301 ingruentium
3321 1247 3591 1287 armorum
3638 1231 3805 1285 horror

2260 1324 2466 1378 animos
2492 1324 2744 1379 invaserit
2771 1324 3200 1389 Taurinensium;
3230 1338 3494 1394 quamque
3513 1323 3582 1377 ob
3611 1336 3805 1376 causam

2260 1427 2445 1465 eorum
2486 1413 2640 1467 multi
2690 1413 2973 1467 statuerint
3015 1411 3134 1478 fuga
3174 1411 3413 1481 pecunia:
3441 1423 3505 1464 ac
3530 1409 3691 1463 saluti
3715 1423 3807 1462 sua:

2260 1501 2586 1570 prospicere.
2618 1500 2956 1554 lmminutum
3000 1514 3159 1569 porro
3188 1507 3446 1553 terrorem
3486 1496 3669 1562 fuisse,
3703 1512 3805 1550 cum

2260 1590 2425 1642 Attila
2456 1588 2756 1643 Mediolano
2785 1588 3083 1658 profectus,
3116 1587 3347 1642 Leonem
3378 1585 3717 1655 pontiﬁcem,
3745 1587 3809 1639 le-

2259 1688 2519 1746 gatosque
2546 1679 2879 1748 imperatoris
2908 1678 3262 1731 Valentiniani
3282 1677 3349 1731 Ill
3379 1676 3446 1731 tle
3469 1692 3606 1746 pace
3635 1693 3808 1746 exspe-

578 1784 674 1823 eos
702 1768 922 1835 vigilare
947 1768 1032 1838 qui
1059 1776 1261 1836 putant,
1293 1784 1350 1820 se
1371 1784 1577 1821 (innare
1609 1767 1880 1830 ciritatem,
1919 1782 2032 1817 cum
2058 1766 2157 1833 ipsi
2190 1775 2231 1832 Β
2260 1776 2520 1831 ctaturus,
2552 1784 2658 1822 non
2688 1767 2975 1823 admodum
3015 1768 3172 1835 longe
3203 1767 3270 1822 ab
3310 1769 3438 1821 urbe
3483 1766 3730 1831 Mantua,
3757 1783 3811 1821 eo

582 1858 705 1927 ﬁdei
727 1873 874 1911 arma
900 1874 1003 1912 non
1026 1856 1281 1920 habeant;
1308 1864 1525 1927 tuncque
1551 1873 1663 1910 esse
1698 1858 1947 1909 munitam
1979 1857 2155 1907 civita-

577 1956 699 2007 tem,
732 1963 845 1999 cum
866 1962 980 1998 eam
1008 1946 1231 1998 custodit
1263 1945 1418 1999 Deus.
1450 1944 1650 1999 Eodem
1681 1944 1926 1998 bomilias
1945 1942 2014 1995 89
2034 1957 2154 2012 pag.

577 2033 681 2087 297
703 2048 875 2101 seqq.,
927 2042 981 2085 et
1030 2031 1097 2085 90
1144 2046 1264 2102 pag.
1310 2033 1405 2085 501
1456 2048 1633 2101 seqq.,
1684 2040 1740 2086 et
1760 2032 1838 2083 .91
1871 2045 1995 2099 pag.
2035 2029 2155 2093 505,

575 2123 861 2193 pertinere.
888 2121 944 2175 in
969 2121 1070 2175 bac
1098 2129 1368 2190 postrema
1399 2121 1645 2188 redargui
1684 2120 1826 2174 cives
1849 2136 1879 2173 a
1904 2120 2152 2183 Maximo,

577 2219 862 2280 propterea
917 2210 1059 2279 quod
1125 2210 1453 2265 imminentis
1503 2209 1768 2263 vastitatis
1798 2250 1813 2273 ,
1863 2208 2160 2276 excialiique

575 2307 741 2364 metu,
766 2314 885 2353 cum
922 2300 1145 2367 propius
1194 2298 1378 2353 hostes
1412 2299 1749 2362 accederent,
1782 2296 2036 2370 [sxxxvtt]
2066 2312 2158 2365 pe-

574 2390 747 2445 cunite
793 2390 864 2443 ob
908 2389 1188 2443 avaritiam
1236 2388 1517 2444 servanda:
1563 2404 1743 2453 causa,
1777 2388 1949 2454 fugam
2000 2403 2158 2455 para-

576 2486 730 2544 rent,
762 2480 1106 2534 immemores
1132 2481 1474 2548 sempitcrna:
1516 2480 1704 2533 salutis
1743 2494 1851 2532 suae
1878 2478 1978 2549 (d).
1999 2477 2161 2530 Cum-

574 2584 685 2637 que
751 2569 1103 2623 nihilosecius
1164 2569 1310 2623 cives
1362 2568 1698 2637 trepidarent
1759 2576 1938 2630 metu,
1993 2567 2160 2621 Maxi-

580 2668 727 2712 mum
778 2658 967 2711 bomil.
1024 2656 1113 2722 92,
1166 2671 1285 2726 pag.
1320 2657 1422 2710 507
1470 2672 1644 2726 scqq.,
1692 2666 1749 2710 et
1794 2657 2011 2710 homilia
2060 2655 2155 2720 95,

579 2760 701 2817 pag.
734 2746 831 2800 511
867 2761 1043 2816 seqq.,
1074 2746 1323 2815 exemplo
1350 2745 1510 2800 Elisei
1555 2746 1827 2801 hortatum
1867 2746 2011 2814 ipsos
2046 2760 2160 2798 ma-

578 2838 753 2907 iorem
783 2837 835 2890 in
861 2837 1079 2890 modum
1106 2836 1287 2900 fuisse,
1312 2844 1370 2889 ut
1397 2852 1461 2889 ne
1482 2837 1673 2889 animis
1694 2834 1969 2897 caderent,
1996 2842 2158 2903 utque

580 2935 821 2981 orarent.
851 2924 909 2979 id
939 2926 983 2980 si
1010 2925 1276 2989 fecissent,
1301 2927 1452 2981 brevi
1482 2926 1711 2981 hostium
1740 2926 1997 2994 impetum
2018 2941 2159 2980 com-

583 3031 829 3085 pressum
862 3016 926 3069 iri
955 3014 1312 3071 conﬁderent.
1346 3014 1481 3069 Ilinc
1498 3024 1671 3069 auctae
1700 3016 1750 3068 in
1777 3014 1895 3095 dies
1924 3014 2158 3084 trepida-

2261 1860 2313 1912 in
2344 1860 2482 1923 loco,
2512 1860 2603 1912 ubi
2632 1852 2857 1911 Mincius
2903 1858 2954 1910 in
2984 1855 3186 1912 Padum
3234 1855 3435 1922 inﬂuit,
3474 1858 3807 1911 constitisset.

2260 1948 2496 2016 Denique
2523 1947 2748 2001 desiisse
2775 1954 3015 2001 metuere
3055 1946 3237 2010 Italos,
3278 1954 3441 2014 atque
3477 1943 3622 2000 adeo
3649 1945 3813 1999 Tauri-

2256 2052 2469 2098 nenses,
2501 2036 2588 2090 ubi
2634 2043 3015 2101 cognoverunt,
3057 2035 3339 2089 barbarum
3382 2048 3600 2102 regem,
3636 2035 3813 2088 Leonis

2257 2124 2524 2196 pontiﬁcis
2550 2126 2814 2190 oratione,
2857 2124 3171 2179 deterritum
3200 2139 3232 2178 a
3260 2125 3595 2192 cogitatione
3639 2139 3813 2194 proro-

2257 2216 2415 2284 gandi
2440 2216 2585 2279 belli,
2616 2215 2912 2283 transgredi
2940 2230 3148 2268 rursum
3195 2213 3384 2284 Alpes,
3411 2223 3577 2282 atque
3615 2214 3682 2269 ad
3706 2229 3813 2268 suos

2258 2302 2454 2359 reverti
2484 2307 2756 2359 statuisse.
2792 2304 2937 2359 lianc
2978 2319 3097 2358 esse
3143 2304 3579 2371 gravissimorum
3608 2304 3813 2372 scripto-

2258 2409 2372 2446 rum
2417 2394 2756 2448 sententiam.
2798 2392 3096 2447 Tristanum
3140 2394 3393 2447 Calchum
3438 2393 3690 2449 Hister-ite
3714 2392 3810 2446 lle-

2258 2482 2574 2535 tliolanensis
2614 2482 2705 2536 lib.
2752 2498 2836 2546 in,
2879 2495 2998 2550 pag.
3028 2481 3126 2544 04,
3158 2482 3236 2536 sic
3263 2482 3498 2537 habere:
3538 2501 3558 2533 ι
3589 2482 3816 2537 Abeunte

2259 2570 2442 2631 Attila,
2472 2572 2623 2639 quies
2651 2571 2815 2624 ltalite
2842 2579 3012 2639 parta.
3053 2570 3156 2624 Sed
3185 2571 3358 2638 qualis
3385 2578 3442 2625 et
3487 2580 3692 2638 quanta
3725 2571 3815 2623 cla.

2258 2659 2352 2713 des
2380 2668 2598 2727 accepta
2629 2661 2717 2723 sit,
2744 2659 2866 2727 quia
2890 2658 3069 2713 ceteri
3099 2659 3391 2727 scriptores
3429 2660 3656 2713 nimium
3688 2658 3818 2711 testi

2257 2758 2448 2804 nantes
2495 2750 2594 2805 ista
2643 2758 2984 2819 prmtcreunt,
3030 2758 3109 2803 ut-
3136 2748 3457 2814 declaretur,
3501 2748 3818 2821 subjicienda

2258 2840 2440 2895 censui
2488 2839 2698 2893 Maximi
2741 2838 3081 2895 Taurinensis
3127 2839 3365 2909 episcopi
3405 2839 3596 2898 verba.
3628 2854 3696 2892 ex
3722 2852 3821 2891 ser-

2259 2946 2438 2995 mone,
2462 2945 2621 2998 quem
2651 2929 2720 2983 ad
2750 2930 2894 2983 cives
2924 2928 3351 2985 Mediolanenses
3385 2927 3456 2983 de
3495 2929 3824 2998 reparatione

2257 3019 2492 3074 ecclesia!
2545 3026 2603 3073 et
2650 3016 2805 3072 Urbis
2848 3018 3053 3073 babuit.
3083 3038 3101 3070 ι
3150 3016 3302 3072 Haud
3341 3032 3498 3071 secus
3534 3016 3824 3084 Remigium

582 3107 746 3161 tionis
774 3105 1183 3160 Taurinensium
1228 3107 1491 3160 rationem
1540 3105 1763 3173 intelligi
1801 3105 1953 3160 facile
1980 3120 2153 3174 posse,
2183 3107 2229 3169 C
2258 3106 2539 3162 Ceillerum
2564 3107 2883 3163 monachum
2905 3106 3309 3162 Benedit-tinum
3332 3106 3655 3161 eruditionis
3682 3105 3827 3159 laude

584 3200 629 3252 si
659 3197 726 3252 ad
758 3197 1137 3262 incursionem,
1172 3207 1458 3265 motusque
1491 3196 1669 3250 Attila:
1708 3196 1950 3263 exigatur
1981 3213 1993 3247 :
2025 3210 2155 3250 eon—

582 3298 688 3353 tra,
721 3289 765 3343 si
787 3285 856 3341 ad
888 3287 1103 3353 Alarici,
1142 3287 1365 3354 intelligi
1397 3294 1541 3341 recte
1570 3301 1677 3340 non
1716 3300 1893 3355 posse.
1920 3285 2152 3349 Attilam,

580 3381 673 3447 qui
705 3389 791 3432 an.
829 3377 923 3431 451
961 3379 1143 3433 multis
1174 3375 1359 3433 Gallia:
1398 3377 1614 3432 urbibus
1642 3377 1984 3446 expugnatis,
2016 3376 2149 3430 dire-

580 3468 708 3537 ptis,
737 3468 961 3531 eversis,
992 3466 1365 3521 incredibilem
1397 3467 1448 3519 in
1481 3464 1697 3519 modum
1728 3466 1779 3518 in
1808 3467 1953 3519 cives
1974 3467 2159 3518 smvie.

580 3564 686 3619 rat,
704 3571 844 3609 anno
858 3554 962 3607 452
982 3568 1173 3622 magno
1193 3556 1432 3609 exercitu
1452 3563 1781 3623 comparato,
1794 3557 2158 3623 superatisque

574 3644 730 3699 Juliis
758 3642 997 3715 Alpibus,
1028 3646 1081 3697 in
1110 3644 1313 3699 italiam
1361 3645 1597 3710 irruisse,
1628 3654 1686 3699 et
1715 3645 1947 3707 obsessa,
1979 3654 2154 3713 capta,

576 3735 852 3789 destructa
898 3734 1174 3801 Aquileia,
1224 3734 1519 3801 incolisque
1560 3743 1753 3803 partim
1802 3734 2153 3802 interemptis,

578 3827 772 3896 partim
792 3824 1023 3879 redactis
1045 3826 1096 3877 in
1126 3825 1461 3889 servitutem,
1478 3839 1580 3879 non
1600 3825 1853 3894 proximis
1869 3824 2040 3877 solum
2069 3839 2154 3877 re-

575 3918 842 3981 gionibus.
873 3913 972 3970 sed
994 3916 1155 3970 etiam
1181 3916 1562 3971 remotioribus
1583 3923 1840 3970 terrorem
1861 3915 2151 3969 maximum

648 4122 723 4192 (ιι)
752 4119 1071 4192 iiomii._8_6,
1103 4132 1224 4192 pag.
1256 4118 1379 4171 287.

650 4186 723 4259 (ὁ)
760 4190 883 4257 i’ag.
914 4188 1020 4241 288
1054 4186 1405 4259 :7VICAINITA8,
1450 4188 1647 4259 inquit._
1667 4188 1767 4241 ista
1801 4186 2047 4241 bellorum
2079 4191 2146 4242 vi-

571 4256 747 4313 cinum
787 4256 952 4329 magis
1002 4258 1148 4329 nobis
1184 4256 1441 4311 Christum
1473 4273 1582 4310 esse
1615 4257 1950 4329 demonstrat.
1979 4259 2145 4329 Atque

574 4329 690 4381 ideo
713 4326 987 4381 venientem
1009 4328 1361 4380 adversarium
1382 4330 1681 4395 timerenou
1703 4326 1876 4386 debeo,
1905 4328 2025 4395 quia
2056 4326 2146 4395 per

574 4343 690 4381 ideo
713 4343 987 4381 venientem
1009 4343 1361 4380 adversarium
1382 4343 1558 4378 timere
1579 4343 1681 4378 non
1703 4343 1876 4386 aeneo,
1902 4343 2025 4442 quia
2056 4343 2143 4395 per

573 4400 684 4450 hac
708 4399 857 4465 signa
886 4398 1055 4448 venire
1081 4398 1249 4464 potius
1276 4396 1506 4464 intelligo
1537 4393 1874 4465 Salvatorem.
1912 4394 2143 4458 )uumvis

572 4468 714 4518 enim
734 4463 827 4517 iste
855 4476 1040 4517 mentm
1069 4463 1283 4519 incutiat
1313 4463 1660 4532 temperalem,
1690 4464 1777 4516 ille
1800 4474 1967 4517 tamen
1995 4466 2139 4517 salu-

571 4545 675 4587 tem
707 4535 870 4601 defert
907 4536 1291 4601 sempiternam.

647 4603 718 4673 (c)
757 4600 910 4665 1⁷1111.ν
944 4600 1063 4670 pag.
1094 4600 1199 4653 289
1230 4621 1242 4653 :
1272 4601 1406 4673 Dum
1444 4603 1578 4673 enim
1609 4602 1746 4673 eauti
1773 4617 1944 4655 sumus
1983 4602 2053 4655 ad
2080 4620 2140 4655 ea

569 4670 687 4743 qua:
716 4673 997 4743 cernimus,
1035 4672 1290 4725 cautiores
1325 4670 1397 4743 ad
1430 4671 1520 4723 illa
1554 4672 1942 4743 efficimurqua:
1969 4688 2141 4733 spera-

572 4740 705 4795 mus.
744 4740 833 4794 Vir
860 4751 1031 4810 autem
1060 4743 1332 4810 sapiens...
1363 4740 1482 4792 dum
1520 4741 1761 4809 perspicit
1798 4740 1852 4792 in
1882 4742 1977 4792 lue
2008 4756 2141 4793 com-

570 4812 713 4866 muni
743 4808 1138 4880 perturbatione,
1171 4812 1421 4880 primores
1452 4808 1585 4863 viros
1622 4810 1864 4880 tuitiones
1892 4810 1945 4861 in
1978 4812 2139 4863 muris

571 4878 902 4951 preparare;
933 4883 1042 4951 ipse
1064 4878 1383 4951 admonetur,
1415 4878 1842 4951 quemadmodum
1878 4880 1933 4951 in
1964 4882 2139 4951 [κρυ-α

566 4946 827 5003 eversione
847 4946 1021 5000 mundi
1042 4950 1385 5017 defensionem
1413 4946 1666 5018 prteparet
1695 4946 1982 5001 animabus.
2017 4946 2140 4999 Cer-

566 5020 740 5072 nimus
760 5018 954 5069 ιιι-ηιανὶ
990 5018 1208 5071 civitatis
1238 5028 1434 5087 portas,
1472 5017 1709 5087 debemus
1740 5022 1897 5069 etiam
1917 5018 2059 5086 prius
2082 5020 2137 5071 in

568 5087 717 5141 nobis
751 5097 924 5157 portas
964 5103 1169 5140 armare
1196 5089 1439 5155 justitite,
1471 5088 1534 5139 de
1571 5086 1749 5157 quibus
1783 5096 1991 5139 sanctus
2005 5104 2139 5157 pro-

567 5157 723 5227 pheta
769 5157 899 5227 dixit
927 5172 944 5207 :
966 5157 1183 5227 Aperite
1217 5158 1347 5227 mihi
1366 5165 1541 5225 portas
1577 5156 1831 5227 justitiaz,
1863 5166 1957 5213 etc.
1999 5156 2138 5208 Tunc

569 5225 743 5279 autem
780 5225 999 5277 civitatis
1027 5237 1176 5292 porta
1210 5226 1407 5278 munita
1447 5225 1811 5295 essei'poterit,
1841 5227 1886 5277 si
1910 5226 2053 5295 prius
2082 5227 2135 5276 in

569 5296 717 5347 nobis
744 5306 906 5362 parte
925 5295 1142 5362 justitite
1172 5297 1489 5347 muniantur.
1532 5294 1732 5348 Etenim
1765 5295 1895 5347 nihil
1924 5294 2133 5361 prodest

565 5365 753 5415 bellum
772 5364 981 5433 munire
1000 5364 1412 5433 propugnaculis,
1446 5374 1495 5417 et
1527 5364 1691 5419 Deum
1718 5378 1997 5433 provocare
2018 5380 2130 5430 pec-

569 5435 717 5503 catis.
760 5430 863 5484 Illa
890 5433 1025 5484 enim
1060 5430 1385 5485 constituitur
1422 5436 1592 5503 ferro,
1621 5430 1766 5486 saxis
1803 5443 1853 5485 et
1895 5432 2134 5503 sudibus;

570 5501 678 5554 lucc
699 5512 932 5554 armatur
960 5503 1342 5565 misericordia,
1385 5500 1706 5563 innocentia,
1744 5503 1999 5555 castitate.
2034 5500 2139 5571 illa

568 5571 781 5623 tutorum
823 5571 1149 5626 multitudine
1196 5572 1507 5635 custoditur,
1553 5572 1661 5626 hate
1683 5573 1973 5626 orationum
2024 5572 2135 5640 fre-

563 5643 772 5709 quentia
796 5640 1104 5705 defenditur.

2174 4432 2219 4490 D
2250 4398 2715 4490 {"355’331‘ffi‘fi‘?
2736 4399 3099 4490 ,ξίξίίἶῖίθξῗὲλῖῑιῑ

2258 3200 2518 3253 illustrem
2561 3199 2915 3287 egistimasse.
2950 3197 3098 3252 liunc
3126 3198 3268 3253 enim
3296 3198 3363 3251 de
3400 3197 3643 3251 bomiliis
3671 3196 3825 3251 sancti

2256 3289 2492 3354 Maximi,
2520 3286 2636 3359 qua:
2664 3297 2788 3343 sunt
2813 3288 2877 3342 de
2915 3287 3092 3343 bellico
3124 3286 3395 3352 Tumultu,
3436 3296 3717 3355 agentem,
3751 3298 3825 3340 re-

2256 3379 2381 3434 ferri
2410 3390 2503 3437 eas
2530 3388 2783 3449 oportere
2806 3380 3076 3449 iudicasse
3122 3378 3189 3432 ad
3232 3394 3321 3431 an.
3372 3377 3506 3442 452,
3535 3394 3649 3446 quo
3679 3374 3827 3430 Attila

2258 3469 2566 3524 Hunnorum
2596 3483 2714 3531 rex,
2746 3477 3096 3538 posteaquam
3122 3468 3324 3536 potitus
3363 3466 3676 3521 Mediolano
3721 3464 3829 3523 fuit.

2260 3566 2433 3613 tantos
2456 3558 2553 3611 sibi
2575 3558 2792 3627 spiritus
2818 3556 3062 3626 sumpsit,
3094 3564 3153 3609 ut
3179 3552 3407 3623 Liguria:
3434 3556 3660 3625 reliqua
3686 3554 3829 3607 vasti.

2260 3656 2421 3701 tatem
2459 3646 2653 3701 inferre
2694 3649 2985 3702 minaretur
3002 3647 3109 3721 le).
3136 3645 3241 3702 Sed
3265 3646 3419 3716 plura
3446 3648 3707 3715 persequi
3735 3661 3830 3701 non

2258 3744 2425 3790 vacat.
2462 3736 2573 3791 Hoc
2595 3737 2844 3804 equidem
2872 3736 3061 3791 addam
3104 3736 3269 3790 breve
3294 3753 3308 3789 :
3336 3733 3531 3790 conﬁci
3572 3751 3694 3791 rem
3722 3752 3830 3789 om-

2256 3841 2375 3881 nem
2405 3842 2433 3880 a
2464 3827 2692 3882 Maximo
2733 3827 2918 3881 bemil.
2965 3825 3065 3892 94,
3095 3840 3215 3894 quae
3254 3834 3336 3880 est
3376 3826 3440 3880 de
3486 3825 3833 3896 Repentinus

2256 3916 2657 3972 Mediolanensis
2682 3917 2924 3982 ecclesia,
2954 3930 3074 3987 pag.
3110 3914 3215 3970 515
3250 3930 3364 3985 seq.
3397 3913 3455 3970 In
3485 3915 3593 3987 hac
3620 3922 3830 3984 captum

2323 4122 2404 4191 (ά)
2433 4120 2557 4189 Pag.
2602 4121 2704 4175 505
2730 4137 2841 4190 seq.
2872 4121 3354 4192 :Civitatiinonnisi
3395 4132 3615 4192 propter
3654 4124 3837 4177 civium

2252 4200 2515 4261 peccatum
2541 4193 2763 4261 infertur
2791 4192 3066 4261 excidium.
3111 4191 3304 4245 Desine
3340 4191 3752 4261 ergogpeccare,
3791 4201 3834 4243 τι

2252 4256 2429 4313 civitas
2457 4277 2560 4314 non
2588 4256 2788 4332 peribit.
2833 4256 2968 4323 Quid
2998 4261 3133 4332 fugis
3160 4256 3419 4332 patriam?
3454 4256 3518 4315 Si
3546 4262 3631 4315 vis
3671 4262 3838 4315 salvus

2252 4277 2429 4313 ctruas
2457 4277 2560 4314 non
2588 4277 2788 4329 perunt.
2833 4277 2967 4323 quia
2998 4277 3133 4332 fugis
3229 4277 3418 4313 mam:
3454 4277 3518 4315 et
3546 4278 3631 4315 vss
3671 4277 3835 4315 satrus

2252 4345 2379 4389 esse,
2411 4339 2497 4381 tua
2535 4330 2703 4398 potius
2731 4338 2939 4396 peccata
2966 4277 3274 4452 s’u'bteréZe.
3309 4328 3368 4382 Si
3398 4343 3449 4380 tu
3479 4346 3711 4396 peccare
3749 4331 3835 4384 de-

2252 4398 2420 4452 sieris.
2442 4399 2612 4451 victus
2641 4407 2715 4452 est
2749 4399 3099 4452 inimicus.....
3174 4399 3192 4451 i
3217 4398 3337 4452 iusti
3355 4406 3495 4452 sunt.
3518 4399 3614 4452 aui
3642 4400 3835 4452 salvam

3174 4399 3192 4451 i
3206 4398 3337 4467 justi
3355 4406 3495 4469 sunt,
3518 4399 3614 4469 qui
3642 4400 3837 4454 salvam

2246 4468 2442 4547 faciunt
2460 4470 2713 4547 patriam;
2735 4469 2905 4547 utique
2923 4467 3116 4547 injusti
3128 4464 3268 4547 sunt,
3281 4538 3292 4547 .
3307 4468 3393 4538 qui
3412 4464 3747 4538 relinquunt.
3822 4509 3835 4522 .

2246 4535 2419 4589 Mater
2445 4535 2832 4609 quodammodo
2848 4535 3013 4609 dulcis
3042 4545 3118 4590 est
3155 4535 3347 4609 patria,
3388 4552 3506 4609 quis
3642 4539 3835 4609 genuit.

2280 4621 2358 4677 uie
2385 4605 2685 4677 teinutrivit,
2722 4621 2833 4675 quis
2869 4614 2925 4657 ut
2952 4608 3128 4675 fugere
3152 4606 3336 4675 possis,
3378 4614 3425 4656 te
3450 4605 3680 4677 dii-item
3707 4608 3838 4677 fecit.

2246 4673 2389 4726 Nam
2409 4676 2454 4727 si
2474 4673 2564 4727 tibi
2591 4691 2693 4727 non
2722 4673 3321 4743 suppeteret'sumptuum
3353 4674 3568 4741 copiosa
3592 4673 3839 4729 substan-

2243 4745 2338 4802 tia,
2380 4743 2607 4812 fugiendi
2632 4744 2925 4811 prtesidium
2962 4759 3065 4796 non
3095 4742 3339 4805 haberes;
3369 4751 3522 4811 atque
3546 4744 3679 4796 ideo
3718 4760 3837 4795 aea-

2245 4813 2364 4864 ritia
2389 4812 2567 4865 ductus
2585 4852 2599 4875 ,
2628 4812 2749 4865 dum
2777 4814 2957 4865 metuis
2982 4813 3203 4881 diviiias
3219 4820 3335 4864 tuas
3363 4811 3585 4881 perdere
3604 4851 3623 4875 ,
3654 4813 3841 4881 impius

2245 4830 2364 4864 rma
2389 4830 2567 4865 auctus
2585 4852 2599 4875 ,
2628 4830 2749 4865 aum
2777 4830 2957 4865 metuis
2982 4830 3190 4866 auulsas
3219 4830 3335 4864 tuas
3398 4830 3585 4863 eruere
3604 4851 3623 4875 ,
3654 4830 3839 4881 smptus

2244 4881 2297 4931 in
2329 4888 2545 4932 matrem
2568 4896 2679 4933 esse
2704 4896 2806 4933 non
2832 4880 3055 4935 dubitas.
3085 4879 3234 4935 Unde
3250 4830 3600 4947 intelligimus
3655 4890 3708 4935 te
3733 4882 3839 4945 plus

2243 4951 2470 5021 pecunia:
2489 4958 2591 5001 tum
2610 4949 2889 5021 consulere,
2914 4967 3069 5021 quam
3087 4950 3271 5021 saluti.
3302 4947 3400 5021 Dic
3426 4948 3557 5021 mihi
3575 4988 3589 5005 .
3622 4972 3675 5021 _o
3717 4950 3840 5021 bone

2241 5019 2383 5089 civis,
2428 5035 2519 5071 cur
2548 5021 2721 5089 fugere
2761 5017 3031 5089 disponis.9
3074 5017 3178 5089 cur
3217 5019 3439 5086 patriam
3480 5017 3841 5086 derelinquis.’

2244 5084 3069 5157 Captit'itatem'fortasse'metuis,
3094 5084 3224 5140 dare
3250 5101 3448 5157 veniam
3488 5102 3608 5157 non
3651 5084 3840 5141 intelli-

2242 5154 2424 5224 gis?...
2457 5156 2598 5210 Dicit
2621 5154 2758 5209 Deus
2785 5156 2853 5207 ad
2875 5157 3155 5217 Abraham,
3187 5171 3280 5223 per
3301 5155 3473 5208 decem
3492 5154 3687 5224 justas
3722 5157 3840 5209 ciri-

2245 5232 2401 5295 uztent
2440 5242 2585 5291 posse
2629 5226 2839 5295 salvari.
2890 5224 3033 5279 Male
3072 5226 3232 5294 igitur
3270 5224 3336 5295 de
3359 5234 3406 5275 te
3430 5228 3629 5295 sentis,
3658 5225 3840 5295 popula

2241 5291 2550 5357 Christiane,
2580 5296 2624 5347 si
2651 5294 2704 5346 in
2736 5302 2880 5348 tanta
2904 5304 3031 5348 coetu
3060 5291 3237 5347 nostro
3267 5293 3337 5344 ad
3359 5291 3691 5347 saluandam
3718 5291 3837 5346 ciri-

2239 5368 2397 5413 talem
2423 5364 2595 5415 decent
2609 5363 2778 5431 justas
2807 5379 3037 5417 essenon
3060 5360 3416 5431 credisaDum
3449 5363 3604 5415 enim
3645 5364 3838 5418 deseris

2239 5431 2479 5501 patriam,
2502 5430 2760 5501 proﬁteris
2807 5449 2910 5487 non
2933 5433 2986 5485 in
3008 5448 3068 5485 ea
3090 5446 3203 5483 esse
3226 5430 3429 5501 dignos,
3470 5446 3715 5499 quorum
3736 5449 3837 5486 mc-

2241 5498 2355 5552 ritis
2384 5498 2644 5553 liberetur.

2312 5568 2382 5637 (e)
2419 5567 2557 5627 llist.
2586 5586 2786 5639 gener.,
2828 5577 2958 5626 tom.
2989 5566 3125 5634 XIV,
3158 5578 3281 5636 pag.
3314 5563 3435 5623 608.
