3898 6226
521 275 624 330 159

1637 264 1787 322 ἯΤΑ
1822 266 1881 321 8.
1920 260 2166 319 ΜΛΧΙΜΙ
2204 261 2672 320 TAURINENSIS.

517 383 808 441 Ecclesium
835 380 1231 446 moderabatur,
1263 386 1481 436 senatus
1509 379 1726 434 nomine
1745 377 1952 433 restitui
1985 389 2084 431 sus
2113 379 2155 434 A
2186 376 2378 448 fundor
2402 379 2456 430 in
2475 380 2635 431 rubis.
2667 377 2794 430 Cum
2823 377 2959 430 enim
2983 361 3146 439 uideo,
3177 384 3252 430 tot
3278 378 3752 432 commonitionibus

515 487 688 536 sacra,
719 484 975 540 aramque
1002 468 1252 525 Victoria:
1294 467 1534 538 reparari
1562 473 1845 537 poscerent
1873 464 1941 521 ab
1983 465 2084 520 im-

513 568 760 633 perstare
785 559 883 629 (a).
916 557 1070 629 Quod
1095 573 1224 614 vero
1245 557 1603 612 Taurinenses
1619 569 1813 625 magno
1838 569 2081 619 numero,

2187 467 2336 536 meis,
2366 467 2563 520 nullum
2589 483 2678 520 cos
2716 467 2904 520 habere
2948 468 3266 537 profectum;
3295 465 3444 520 labor
3466 483 3609 520 meus
3641 485 3750 537 jam

2185 573 2290 611 non
2320 556 2654 629 gratulationi
2683 565 2778 620 est,
2808 557 2899 612 sed
2945 556 3138 612 rubori.
3170 556 3306 611 Ecce
3331 574 3425 628 ego
3457 574 3612 628 pasco
3639 576 3748 629 gre-

511 658 634 720 post
670 649 900 704 medium
947 647 1197 703 saeculum
1223 662 1305 712 ιν,
1335 645 1490 702 idolis
1517 645 1720 700 cultum
1745 644 2087 700 adhibuerim
2184 665 2299 720 gem
2339 647 2554 717 Christi,
2581 659 2631 702 et
2666 650 2834 720 gregis
2861 651 3087 720 fructum
3112 656 3413 721 extorquere
3436 665 3542 703 non
3581 650 3744 705 ualeo.

509 740 923 809 columnamque
946 737 1158 792 luliano
1181 736 1450 806 Apostatte
1475 734 1783 803 erigendam
1803 734 2080 800 cnrarint;

510 829 644 884 tanti
666 845 777 883 non
794 835 894 892 est,
921 835 980 882 ut
997 826 1166 897 possit
1191 823 1405 881 ellicere
1437 825 1749 895 episcopatu
1769 823 1824 881 in
1845 838 1908 878 ea
1928 823 2079 887 urbe,

507 920 562 977 in
589 935 695 989 qua
722 918 887 991 aliqui
914 919 1106 973 saltem
1133 923 1313 972 essent
1340 914 1650 980 Christiani,
1670 914 1900 985 potitum
1923 913 2083 968 fuisse

508 1011 795 1066 neminem.
845 1008 978 1063 Nam
1005 1008 1139 1062 alias
1161 1007 1291 1062 item
1312 1006 1473 1061 luisse
1500 1005 1745 1060 novimus
1773 1005 1826 1060 in
1847 1004 1992 1068 Asia,
2027 1003 2079 1058 in

505 1098 702 1167 Africa,
733 1099 786 1154 in
813 1097 964 1152 italia
991 1097 1154 1152 etiam
1181 1096 1376 1162 urbes,
1403 1110 1524 1166 qua:
1549 1095 1831 1166 episcopos
1874 1094 2078 1148 habue-

505 1200 649 1256 runt,
679 1191 780 1246 etsi
809 1189 1015 1245 civibus
1042 1186 1273 1244 ethnicis
1300 1186 1653 1253 abundarent,
1693 1200 1924 1255 quorum
1952 1198 2077 1255 pars

501 1289 746 1337 senatum
775 1279 1146 1342 constitueret,
1172 1276 1371 1346 quique
1413 1274 1636 1345 templa,
1657 1273 1922 1329 idolorum
1948 1271 2079 1327 reti-

502 1379 712 1427 nerent.
746 1370 917 1426 Roma
945 1369 1079 1439 ipsa,
1106 1375 1169 1422 ut
1211 1375 1297 1421 est
1311 1365 1464 1437 apud
1492 1365 1831 1419 Ammianum
1853 1362 2076 1418 Marcel-

501 1461 667 1515 linum
698 1459 793 1532 (b),
816 1466 1096 1512 senatores
1118 1457 1296 1527 plures
1321 1454 1528 1524 legatos
1551 1453 1617 1508 ad
1638 1452 1904 1508 Julianqu
1925 1466 2074 1507 eum-

501 1551 624 1606 dem
653 1550 798 1604 misit
824 1548 1192 1619 superstitioni
1220 1546 1434 1603 deditos
1462 1544 1756 1611 idolorum;
1786 1543 2071 1614 templum-

498 1655 606 1709 que
633 1639 914 1710 Apollinis,
939 1637 1083 1708 quod
1111 1635 1323 1693 incendi
1339 1636 1450 1705 jam
1473 1643 1730 1706 cmperat,
1757 1649 1825 1689 ne
1843 1633 2071 1690 ﬂammis

2185 735 2351 792 Nulla
2379 739 2516 792 enim
2542 755 2624 792 me
2641 739 2764 809 ﬁdei
2791 738 2903 808 ejus
2926 739 3139 793 dulcedo
3167 740 3398 810 latiﬁcat
3418 755 3437 802 ;
3467 739 3558 792 sed
3597 740 3719 811 quid
3729 768 3747 781 -

2180 827 2304 897 quid
2348 843 2412 880 ea:
2455 844 2515 882 eo
2560 828 2790 898 proﬂuit,
2837 842 3077 897 asperum
3121 837 3172 880 et
3207 843 3442 880 amarum
3483 835 3579 881 est.
3621 825 3749 880 Tum

2180 918 2317 970 enim
2345 926 2526 986 pastor
2550 914 2744 970 Christi
2770 918 2938 986 gregis
2967 915 3102 968 lacte
3128 915 3360 984 reﬁcitur
3379 958 3393 984 ,
3421 916 3627 986 quando
3655 915 3748 970 be-

2181 1023 2367 1061 norum
2407 1023 2616 1078 operum
2643 1007 2755 1077 ejus
2780 1005 3004 1059 candore
3029 1004 3269 1058 luctatur.
3303 1002 3432 1068 Quis
3450 1006 3607 1070 enirn,
3639 1007 3723 1076 fro

2181 1105 2306 1165 tres,
2335 1099 2391 1151 in
2419 1098 2555 1154 vobis
2584 1113 2686 1151 non
2732 1096 2957 1167 grauiter
2984 1097 3117 1166 ferat
3139 1094 3260 1165 (non
3295 1110 3471 1149 nun
3499 1111 3566 1149 nu
3596 1109 3751 1150 cum»

2178 1200 2274 1240 BUS
2319 1201 2473 1251 DICO;
2502 1200 2636 1240 SUNT
2665 1201 2791 1240 ιιιιιιι
2837 1199 2998 1239 ῐιιτελ
3025 1198 3143 1251 νοθ,
3167 1198 3300 1246 θυοδ
3340 1199 3410 1240 Δί)
3456 1200 3750 1240 ιιικὶιοιιις

2176 1287 2390 1327 (ιυιτυιι
2418 1287 2676 1328 uenenis
2703 1288 2906 1328 manus
2928 1271 3218 1343 exnunc),
3240 1274 3372 1344 quis,
3393 1274 3627 1345 inquam,
3642 1291 3747 1329 non

2173 1363 2385 1418 moleste
2413 1366 2567 1435 ferat,
2597 1365 2673 1418 sic
2699 1381 2784 1419 eos
2811 1381 2923 1418 esse
2969 1373 3152 1418 uestra:
3177 1364 3360 1418 salutis
3397 1366 3746 1431 immemores,

2171 1463 2228 1508 ut
2273 1458 2450 1524 etiam,
2481 1458 2608 1511 ctelo
2653 1464 2798 1524 teste,
2828 1455 3083 1528 peccetis?
3110 1453 3252 1509 Nam
3297 1471 3414 1508 cum
3464 1465 3586 1509 ante
3635 1455 3746 1507 dies

2173 1546 2440 1618 plerosque
2466 1546 2532 1599 de
2579 1556 2761 1602 vestrm
2807 1548 3042 1601 avaritiae
3069 1545 3348 1616 cupiditate
3390 1545 3743 1615 pulsans-im;

2171 1636 2286 1707 ipsa
2314 1638 2398 1691 die
2425 1639 2566 1692 circa
2588 1654 2854 1708 uesperum
2874 1646 3021 1691 tanta
3049 1636 3347 1708 uociferatio
3375 1636 3554 1706 populi
3580 1644 3747 1690 exsti-

499 1730 872 1785 absumeretur
908 1728 1191 1796 diligenter
1221 1726 1380 1780 cavit.
1430 1723 1528 1778 Est
1553 1732 1814 1794 prazterea
1855 1721 2068 1777 dil'llcile
2103 1731 2146 1790 Β
2172 1729 2254 1795 tit,
2280 1737 2338 1780 ut
2361 1728 2723 1800 irreligiositas
2768 1729 2879 1798 ejus
2929 1735 3220 1797 penetraret
3255 1727 3327 1780 ad
3353 1727 3556 1780 celum.
3590 1724 3746 1790 Quod

497 1819 720 1887 credita,
746 1817 1025 1883 Vercellis,
1055 1831 1175 1888 quae
1195 1829 1303 1873 non
1342 1816 1499 1884 longe
1519 1814 1768 1870 abessent
1809 1812 2063 1879 Taurino,

497 1913 659 1968 fuisse
685 1911 996 1982 praelectum
1014 1910 1184 1965 multo
1204 1916 1332 1964 ante
1355 1909 1684 1979 episcopum,
1705 1907 1953 1975 Augustae
1972 1921 2066 1960 au-

497 2011 602 2059 tem
631 2000 986 2056 Taurinorum
1012 2014 1122 2054 non
1143 1998 1337 2065 fuisse;
1358 2012 1480 2053 cum
1501 1996 1796 2066 praesertim
1819 2011 1881 2052 ea
1907 1995 2066 2050 fuerit

495 2093 763 2162 majorum
790 2092 950 2156 ratio,
991 2090 1085 2160 qui
1110 2089 1356 2160 exempla
1411 2087 1757 2144 imitabantur
1796 2087 2067 2159 apostolo.

492 2198 609 2237 rum
651 2181 724 2252 (c)
754 2189 812 2236 ut
853 2181 917 2236 iis
958 2179 1120 2237 etiam
1158 2179 1379 2236 urbibus
1423 2179 1662 2251 episcopi
1708 2180 1964 2235 darentur
2011 2178 2064 2232 in

491 2272 682 2346 quibus
716 2272 805 2325 vix
852 2270 1015 2338 aliqui
1065 2283 1185 2323 esse
1233 2268 1561 2338 cepissent,
1589 2271 1681 2339 qui
1705 2269 2064 2325 Christianam

488 2359 729 2417 colerent
741 2358 1071 2426 religionem.
1100 2356 1614 2414 Neocrsariensibus
1634 2358 1789 2412 l’onti
1809 2356 2064 2412 Christia-

491 2447 592 2512 nis,
622 2447 715 2516 qui
743 2460 852 2502 non
885 2445 1068 2515 plures
1098 2443 1162 2497 18
1203 2455 1415 2514 essent,
1447 2446 1739 2500 antistitem
1788 2459 2062 2500 sacrorum

491 2536 652 2591 fuisse
692 2534 876 2590 datum
902 2532 1222 2600 Gsegorium
1250 2535 1710 2603 Tbaumaturgum
1737 2533 1929 2589 saeculo
1957 2531 2061 2588 Ec-

488 2625 665 2680 clesiae
710 2623 890 2685 tertio,
923 2637 952 2674 a
983 2619 1231 2680 Patribus
1277 2633 1360 2679 est
1405 2624 1700 2678 litteratum
1753 2620 2061 2676 mandatum

491 2713 848 2771 monumentis
866 2713 971 2790 ιιι).
1003 2716 1120 2784 Quo
1141 2718 1309 2785 magis
1338 2716 1751 2772 Taurinensibns
1772 2715 1825 2771 id
1853 2731 1961 2769 non
1979 2722 2064 2770 est

482 2800 833 2864 adimendum
861 2809 1043 2874 decus,
1074 2822 1304 2879 quorum
1331 2822 1581 2876 magnum
1611 2819 1909 2872 numerum,
1932 2806 2060 2861 dum

479 2897 854 2969 episcopatum
900 2897 1162 2954 Maximus
1187 2911 1377 2965 gerere
1405 2897 1587 2966 ccepit,
1615 2894 1776 2950 fuisse
1801 2894 2062 2950 Christia-

491 3004 617 3043 num
634 2989 822 3056 liquet,
846 3003 909 3044 ac
929 2988 1017 3042 vix
1038 2986 1338 3045 etlmicismi
1357 2986 1595 3056 reliquiae
1615 2986 1668 3040 in
1691 2986 1839 3056 pagis
1857 2985 2060 3054 aliquot

2167 1835 2281 1872 cum
2321 1820 2630 1890 requirerem
2648 1861 2660 1881 ,
2691 1819 2814 1890 quid
2841 1820 2938 1873 sibi
2979 1819 3176 1874 clamor
3202 1818 3284 1872 Itic
3318 1818 3470 1883 uelit,
3498 1819 3745 1871 dia-erunt

2165 1912 2322 1980 mihi,
2351 1912 2489 1984 quod
2515 1911 2775 1966 laboranti
2820 1913 2958 1966 (unm
2982 1920 3150 1965 uestra
3179 1910 3480 1982 vociferatio
3500 1910 3743 1963 subuerti-

2164 2011 2264 2070 ret,
2293 2012 2344 2056 et
2370 2003 2624 2074 defectum
2652 2002 2764 2072 ejus
2809 2003 2918 2056 suis
2957 1999 3269 2059 clamoribus
3293 2000 3582 2069 adiuuaret.
3615 1997 3741 2052 Cla-

2161 2091 2383 2146 mabatis
2405 2092 2562 2159 enim,
2580 2108 2643 2145 ne
2671 2089 2956 2146 tacentibus
2982 2088 3123 2145 nobis
3143 2090 3382 2159 perderet
3407 2089 3738 2142 elementum.

2165 2179 2430 2253 Tanquam
2456 2182 2694 2250 infirmus
2723 2181 2860 2234 enim
2905 2188 2954 2233 et
2982 2178 3271 2242 imbecillis,
3302 2179 3405 2231 nisi
3432 2177 3619 2230 uestris
3640 2177 3740 2229 ad-

2154 2271 2423 2340 juvaretur
2447 2269 2672 2334 vocibus,
2696 2285 2798 2323 non
2819 2277 2992 2339 posset
3012 2267 3291 2322 luminaria
3307 2265 3604 2337 defendtre,
3627 2281 3742 2336 quc

2163 2361 2370 2414 creavit.
2424 2359 2558 2414 Cum
2586 2359 2710 2413 inde
2736 2358 3008 2413 auditores
3035 2357 3156 2412 illos
3181 2371 3312 2412 suos
3336 2358 3427 2426 qui
3455 2357 3508 2411 id
3541 2372 3739 2426 perpe-

2160 2455 2370 2503 trarant
2395 2450 2543 2515 mali,
2568 2448 2793 2502 irridens
2820 2446 3111 2502 inswtatns
3137 2455 3302 2514 esset,
3334 2455 3447 2500 tum
3477 2466 3491 2499 :
3527 2445 3646 2500 Hoc
3664 2455 3741 2499 est

2160 2534 2336 2605 plane,
2366 2536 2556 2604 inquit,
2586 2535 2722 2606 quod
2751 2537 2826 2589 ait
2855 2534 3130 2602 Salomon,
3179 2535 3355 2589 dicens
3382 2551 3400 2588 :
3433 2535 3645 2590 Stultus
3685 2546 3741 2590 ut

2161 2629 2285 2682 luna
2309 2633 2551 2680 mutatur.
2585 2623 2809 2678 Mutaris
2834 2626 2972 2678 enim
2998 2625 3130 2678 sicut
3149 2623 3297 2692 luna,
3325 2625 3446 2677 dum
3472 2625 3666 2680 stultus
3691 2635 3741 2679 et

2158 2715 2433 2785 insipiens,
2463 2713 2534 2768 ad
2559 2721 2755 2768 motum
2794 2715 2928 2786 ejus,
2957 2717 3043 2784 qui
3069 2711 3396 2768 Christianus
3426 2717 3629 2786 fueras,
3657 2718 3742 2770 in-

2160 2807 2289 2876 cipis
2314 2821 2428 2859 esse
2456 2803 2758 2873 sacrilegus.
2793 2803 3136 2873 Sacrilegium
3163 2804 3301 2858 enim
3327 2805 3555 2859 creatori
3590 2821 3738 2859 cont-

2159 2897 2398 2962 mittitur,
2421 2895 2541 2948 dum
2568 2892 2889 2947 imbecillitas
2916 2893 3192 2948 ascribitur
3210 2904 3478 2948 creaturae.
3509 2893 3742 2948 laturis

2158 3001 2280 3055 ergo
2304 2984 2435 3037 sicut
2463 2984 2610 3050 luna,
2649 2989 2705 3034 ut
2728 2982 2814 3052 qui
2842 2981 2997 3052 paulo
3038 2989 3160 3036 ante
3184 2982 3309 3053 ﬁdei
3335 2981 3604 3036 derotione
3634 2983 3741 3054 ful-

492 3079 732 3146 villisque
758 3081 1119 3147 superessent,
1150 3090 1254 3137 qua
1275 3073 1343 3129 de
1365 3089 1425 3129 re
1443 3083 1565 3145 post
1583 3073 1828 3143 equidem
1849 3073 2050 3128 videro.
2082 3068 2127 3131 C
2159 3073 2332 3144 gebas,
2365 3080 2539 3143 postea
2559 3071 2796 3144 perfidus
2819 3071 3126 3142 inﬁrmitate
3169 3072 3403 3140 deﬁcias.
3444 3073 3612 3142 Atque
3634 3075 3741 3127 uti-

491 3165 663 3233 Quid?
691 3165 748 3221 Si
777 3164 1038 3219 Maximus
1075 3162 1214 3217 idem
1242 3163 1426 3216 bomil.
1462 3161 1546 3228 16,
1575 3177 1696 3231 pag.
1728 3161 1819 3228 45,
1849 3163 2059 3232 episco-

487 3273 589 3331 pos
615 3269 967 3326 prtccessores
992 3269 1117 3308 suos
1145 3252 1380 3308 iudicare
1406 3252 1686 3307 videatur?
1712 3251 1845 3306 Nam
1875 3253 2059 3310 Patres

489 3345 682 3399 ibidem
708 3350 1112 3406 commemorat,
1143 3342 1236 3410 qui
1272 3343 1689 3412 pra-cessissent;
1721 3343 2053 3398 eorumdem-

489 3448 593 3503 que
644 3431 862 3487 Patrum
908 3432 1167 3501 alloquio,
1198 3430 1390 3499 quibus
1425 3429 1664 3485 instituti
1709 3429 2060 3484 Taurinenscs

487 3523 730 3584 fuissent,
755 3521 1175 3576 Tauriuensibus
1202 3520 1330 3590 ipsis
1357 3535 1388 3573 a
1421 3535 1478 3574 se
1501 3521 1662 3590 repeti
1684 3518 1929 3574 allirmat.
1953 3519 2059 3574 Sed

489 3612 639 3682 plura
687 3611 754 3665 de
781 3611 1100 3678 antiquitate
1141 3607 1481 3665 Taurineusis
1509 3609 1851 3678 episcopatus
1876 3623 2060 3679 perse-

488 3701 599 3772 qui,
629 3716 750 3756 cum
778 3699 1088 3768 magnitudo
1115 3699 1487 3755 commentarii
1535 3698 1802 3768 prohibet,
1833 3706 1942 3752 tum
1984 3698 2060 3751 fe-

493 3792 733 3854 stinatio,
765 3798 825 3844 ut
852 3805 916 3844 ea
967 3802 1252 3857 exponam.
1280 3802 1398 3861 qua:
1442 3787 1508 3840 de
1536 3786 1766 3841 Maximo
1811 3788 2058 3843 constitui

489 3881 746 3938 scribere.

556 3967 703 4044 [cui
745 3967 832 4022 ιν.
881 3966 961 4022 De
1014 3967 1184 4022 studio
1237 3966 1582 4023 docendorum
1636 3967 2055 4033 Taurinensium,

488 4067 721 4129 recteque
745 4072 944 4110 morum
972 4056 1247 4125 disciplina
1275 4055 1726 4120 instituendorum,
1755 4073 1850 4127 quo
1879 4055 2058 4110 Maxi-

488 4162 600 4200 mus
617 4147 732 4217 jam
760 4145 880 4199 inde
902 4161 934 4198 a
955 4153 1186 4213 suscepto
1209 4147 1504 4214 epismpatu
1524 4146 1763 4198 incensus
1786 4148 1899 4216 fuit.
1920 4178 1992 4188 —
2010 4147 2061 4202 Is

487 4244 548 4292 ut
597 4251 792 4291 munus
837 4235 1074 4305 suscepit
1101 4236 1471 4304 episcopatus,
1501 4236 1675 4290 studia
1704 4251 1928 4306 qumque
1963 4255 2058 4293 sua

487 4324 558 4380 ad
604 4325 816 4396 plebem
865 4326 919 4380 in
965 4341 1025 4381 re
1051 4324 1324 4386 doctrinm,
1358 4326 1517 4393 inque
1546 4328 1823 4396 disciplina
1851 4343 2058 4383 morum

2163 3181 2304 3231 nam,
2330 3181 2360 3218 ο
2387 3164 2558 3227 stulte,
2582 3165 2714 3218 sicut
2741 3166 2865 3218 luna
2891 3163 3196 3217 mutareris!
3218 3161 3322 3216 Illa
3358 3163 3498 3216 enim
3523 3165 3630 3217 cito
3671 3161 3743 3216 ad

2159 3252 2526 3324 plenitudinem
2559 3267 2706 3306 suam
2735 3252 2902 3316 redit;
2930 3260 2980 3303 tu
3017 3251 3086 3303 ad
3121 3250 3432 3320 sapientiam
3480 3267 3572 3305 nec
3623 3267 3744 3306 sero

2160 3344 2484 3396 converteris.
2541 3340 2647 3396 Illa
2685 3341 2922 3394 velociter
2959 3340 3156 3410 colligit
3191 3339 3326 3410 quod
3373 3341 3622 3394 amiserat
3655 3342 3743 3395 lu-

2160 3448 2307 3495 men;
2332 3440 2385 3483 tu
2407 3447 2497 3484 nec
2525 3429 2673 3483 tarde
2701 3429 2858 3497 ﬁdem
2897 3428 3102 3498 recipis,
3131 3444 3286 3498 quam
3330 3430 3550 3498 negasti.
3604 3427 3746 3481 Cra-

2157 3521 2268 3575 vior
2288 3537 2412 3592 ergo
2451 3529 2538 3572 tua
2566 3535 2717 3589 quam
2747 3523 2885 3572 luna:
2915 3520 3128 3572 mutatio
3159 3528 3255 3571 est.
3289 3517 3438 3571 Luna
3473 3519 3746 3588 defectum

2159 3610 2366 3664 luminis
2389 3612 2610 3680 patitur;
2642 3618 2692 3677 tu
2712 3609 2914 3662 salutis.
2950 3606 3118 3673 Quam
3145 3608 3269 3663 bene
3295 3610 3540 3678 scriptum
3567 3609 3635 3662 de
3661 3625 3746 3662 sa-

2158 3701 2327 3771 piente
2355 3716 2372 3752 :
2404 3698 2472 3751 Et
2497 3701 2813 3769 permanebit
2851 3715 2964 3753 cum
2993 3700 3120 3753 sole.
3154 3697 3436 3752 Permanet
3481 3701 3626 3752 enim
3653 3716 3748 3752 sm

2159 3793 2304 3862 piens
2328 3807 2441 3844 cum
2478 3791 2586 3843 sole
2608 3827 2624 3852 ,
2670 3807 2782 3844 cum
2822 3790 3114 3845 constantia
3151 3789 3275 3860 ﬁdei
3313 3797 3583 3857 permanet
3623 3805 3745 3844 am

2161 3880 2496 3935 Saluatore...
2530 3877 2679 3932 Luna
2719 3896 2751 3932 a
2777 3888 2917 3933 statu
2937 3894 3030 3932 suo
3053 3894 3156 3932 non
3190 3887 3372 3945 sponte
3391 3885 3655 3943 mutatur;
3693 3889 3746 3930 tu

2161 3971 2223 4025 de
2250 3987 2399 4024 sensu
2434 3981 2516 4024 tuo
2528 3956 2722 4040 'sponte
2749 3969 2987 4023 mutaris.
3021 3967 3124 4021 Illa
3157 3969 3212 4021 in
3239 3967 3630 4022 diminutionem
3660 3970 3748 4022 sui

2114 4110 2119 4116 .
2160 4062 2450 4114 conditione
2477 4059 2778 4126 deducitur;
2809 4068 2864 4113 tu
2895 4061 2950 4113 in
2979 4059 3341 4113 detrimentum
3369 4060 3443 4112 tui
3471 4059 3751 4113 uoluntate

2161 4151 2512 4221 pertraheris,
2563 4159 2668 4206 etc.
2719 4148 2864 4204 Satis
2907 4156 3089 4204 autem
3145 4149 3198 4204 ei
3244 4163 3354 4203 non
3395 4146 3573 4202 fuerat
3623 4148 3751 4204 hac

2161 4238 2379 4293 dixisse.
2405 4237 2709 4294 Tacendum
2730 4239 2872 4294 enim
2894 4238 2995 4293 sibi
3015 4253 3137 4293 esse
3164 4253 3272 4293 non
3299 4238 3523 4307 putavit,
3554 4237 3752 4307 quoad

2161 4329 2415 4382 radicitus
2443 4327 2496 4381 id
2523 4327 2921 4397 superstitionis
2948 4340 3118 4396 genus
3145 4329 3492 4396 exstirpatum
3515 4343 3627 4383 non
3661 4330 3752 4383 vi-

489 4425 637 4474 recte
662 4417 1041 4472 instituendam
1094 4417 1337 4470 contulit.
1392 4418 1575 4485 itaque
1603 4420 2052 4488 superstitionem,
2083 4420 2136 4481 D
2158 4419 2342 4474 disset.
2373 4417 2549 4484 Quare
2582 4419 2798 4473 homilia
2831 4419 2952 4476 101.
2978 4432 3102 4488 pag.
3133 4419 3237 4473 537
3269 4437 3282 4468 τ
3318 4419 3449 4472 Ante
3489 4418 3622 4482 dies,
3661 4420 3752 4475 in-

486 4509 534 4564 si
562 4522 665 4576 qua
690 4507 894 4575 reliqua
918 4506 972 4560 in
993 4507 1101 4560 suis
1131 4507 1318 4560 ovibus
1340 4515 1502 4573 esset,
1534 4509 1757 4576 primum
1778 4526 1840 4564 ex
1870 4512 2059 4565 animis

487 4611 675 4653 earum
699 4596 931 4651 evellere
958 4597 1180 4650 curavit.
1208 4595 1382 4662 Quare
1426 4611 1547 4651 cum
1576 4614 1694 4654 esse
1735 4615 1917 4654 earum
1941 4601 2058 4670 piu-

488 4701 579 4742 res
627 4685 1112 4747 animadvertisset,
1141 4699 1258 4755 qua!
1305 4686 1414 4740 suis
1442 4688 1760 4743 clamoribus
1789 4689 2058 4745 deﬁcienti

489 4777 630 4845 lunae
676 4773 987 4842 adiumento
1014 4789 1073 4829 se
1100 4773 1213 4828 fore
1263 4776 1675 4842 arbitrarentur,
1707 4794 1798 4832 eas
1827 4782 2059 4847 graviter

487 4872 772 4939 increpans
802 4887 814 4921 ς
853 4864 1067 4925 Videtis.
1091 4863 1262 4931 inquit
1287 4865 1386 4934 (ε),
1418 4867 1626 4935 fratres,
1650 4869 1784 4937 quod
1814 4887 1924 4922 mea
1953 4887 2056 4923 non

488 4967 655 5014 cessat
685 4960 948 5013 humilitas
975 4956 1118 5011 omni
1139 4954 1279 5013 circa
1307 4971 1393 5007 vos
1421 4955 1769 5009 sollicitudine
1798 4959 2050 5022 laborare,

484 5059 534 5103 et
556 5048 625 5102 ad
650 5049 847 5118 frugem
894 5045 1082 5099 bonam
1107 5062 1191 5100 vos
1241 5054 1348 5100 tota
1377 5045 1710 5117 festinatione
1745 5056 2052 5102 convertere.

486 5138 593 5193 Sed
622 5145 808 5202 quanto
841 5135 954 5206 plus
978 5135 1155 5189 laboro
1183 5137 1459 5190 vobiscum.
1493 5145 1636 5191 tanto
1681 5138 1902 5200 amplius
1929 5154 2053 5191 con-

555 5277 634 5350 ta)
683 5274 811 5350 lfide
847 5273 1127 5350 epistolam
1167 5274 1467 5350 Symmachi
1497 5273 2053 5350 ad__Valentin_i_anum.

487 5343 1013 5416 quie'rel’erturante
1041 5343 1296 5416 epistle}
1341 5343 1640 5416 Ambrosii,
1655 5353 1800 5416 tom.
1834 5345 1896 5398 ιιι
1926 5361 2054 5416 ope-

487 5412 604 5471 rum
633 5413 1055 5470 Ambrosianor..
1079 5412 1207 5467 edit.
1244 5413 1461 5469 Veneta!
1489 5430 1574 5468 an.
1609 5412 1764 5480 1751,
1797 5429 1916 5484 pag.
1951 5412 2043 5469 871

484 5501 632 5623 “ﬂigi
664 5552 778 5608 Lib.
808 5566 960 5623 mu,
975 5565 1101 5623 pag.
1132 5551 1238 5608 237
1262 5566 1417 5623 seqq.

558 5619 626 5694 (c)
666 5623 795 5678 Vide
837 5621 897 5678 S.
926 5619 1214 5680 Clementis
1260 5619 1484 5679 Roman.
1538 5621 1687 5692 epist.
1755 5622 1780 5676 1
1834 5621 1900 5679 ad
1948 5621 2053 5678 Co-

2162 4509 2298 4578 quit,
2329 4512 2581 4578 prosecuti
2617 4524 2812 4572 sumus,
2842 4511 3050 4579 fratres,
3082 4510 3326 4564 adversus
3354 4509 3472 4564 illos
3502 4511 3591 4579 qui
3638 4527 3752 4581 pu-

2164 4605 2333 4651 tarent
2353 4599 2528 4652 lunam
2567 4599 2630 4652 de
2655 4600 2781 4653 cmlo
2810 4615 3078 4670 magorum
3117 4600 3430 4654 carminibus
3460 4615 3616 4669 posse
3643 4600 3753 4655 de-

2166 4688 2303 4753 duci,
2339 4696 2389 4742 et
2420 4701 2596 4742 eorum
2632 4688 2916 4742 retudimus
2954 4690 3249 4752 vanitatem,
3301 4689 3387 4760 qui
3424 4703 3529 4741 non
3567 4690 3756 4745 minus

2163 4778 2414 4847 defectum
2437 4777 2700 4846 patiuntur
2721 4777 2883 4830 animi
2905 4794 3054 4848 quam
3077 4778 3286 4833 luminis
3307 4778 3500 4848 patitur
3519 4779 3617 4832 illa
3646 4780 3756 4834 de-

2165 4870 2382 4939 fectum;
2406 4883 2531 4936 quos
2551 4877 2601 4920 et
2621 4866 2809 4920 hortati
2831 4883 3006 4920 sumus
3041 4877 3128 4933 ut,
3155 4867 3499 4938 praetermisso
3562 4886 3760 4924 errore

2162 4960 2355 5028 gentili,
2393 4967 2494 5010 tam
2528 4959 2628 5011 cito
2663 4957 2731 5010 ad
2758 4959 3066 5027 sapientiam
3090 4958 3300 5012 redeant
3347 4973 3502 5023 συαιιι
3533 4959 3647 5013 cito
3682 4961 3760 5015 ad

2164 5049 2527 5119 plenitudinem
2549 5065 2692 5102 suum
2727 5049 2819 5102 illa
2842 5051 3122 5102 reuertitur.

2234 5140 2472 5194 Alterum
2493 5148 2606 5194 erat
2627 5146 2786 5209 caput
2800 5138 3210 5208 superstitionis,
3227 5154 3333 5206 qua
3347 5135 3512 5206 aliqui
3527 5151 3558 5193 e
3579 5137 3760 5209 plebe

2162 5275 2406 5347 rinthios,
2438 5289 2585 5347 num.
2606 5273 2705 5347 42,
2739 5271 3174 5347 tom._l__lfatrum
3222 5276 3580 5344 apostolicor.,
3617 5290 3756 5347 pag.

2161 5344 2282 5406 151,
2314 5343 2441 5397 edit.
2474 5343 2714 5410 Lugduu.
2745 5357 2832 5396 an.
2868 5341 3023 5396 1³146.

2233 5415 2309 5483 ιιι)
2339 5409 2775 5483 Confcr__qu:e_ex
2795 5411 3064 5483 veteribus
3085 5410 3240 5466 adert
3267 5412 3372 5483 bac
3398 5411 3468 5465 de
3489 5409 3728 5483 reTille
3744 5448 3760 5459 .

2160 5478 2393 5537 montius
2422 5481 2475 5535 in
2528 5478 2631 5533 Vit.
2665 5478 2820 5550 Greg.
2850 5478 3110 5536 Νεοεωο..
3135 5489 3234 5535 art.
3264 5480 3324 5538 6.
3354 5487 3488 5536 tom.
3516 5478 3581 5537 iV
3618 5482 3760 5539 Ιο-

2158 5559 2443 5606 uumentor.
2476 5550 2658 5604 histor.
2690 5553 2869 5604 ecclcs.

2229 5623 2300 5689 (ε)
2329 5619 2522 5677 liomll.
2553 5617 2674 5684 l00,
2701 5633 2822 5688 pag.
2854 5617 2976 5675 sas.
