3898 6226
231 247 286 302 ut
950 309 966 328 ί
1359 255 1512 314 vrrs
1548 255 1604 312 s.
1644 253 1891 311 unum
1927 254 2394 314 numeras

3419 263 3524 318 “‘2

225 360 581 433 “puniendis
595 368 944 428 Ianuariis
960 370 1452 441 auSpiclaementiti
1466 372 1703 437 fuerant,
1719 370 1834 438 qui-
1858 374 1907 434 Α
1932 386 2027 442 pro
2068 369 2338 424 honestate
2374 369 2512 442 falsa
2549 370 2813 442 turpitudo
2849 379 2901 426 et
2940 373 3243 442 perversitas
3278 376 3522 432 innovan-

227 452 291 510 δυ
310 470 354 512 te
379 462 737 528 cognituros
785 461 1159 520 conﬁderent
1187 462 1478 519 sdversane
1514 463 1616 518 sibi
1652 462 1832 518 omnia

231 560 275 601 ut
293 550 491 606 ucunda
523 567 630 619 eo,
667 569 873 624 quem
907 555 1141 620 inibant,
1169 569 1314 610 anno
1340 562 1595 610 eventura
1623 563 1829 609 essent.

232 635 361 708 Neque
376 640 551 714 luxu}
572 660 735 700 vero
773 646 980 701 inania
1006 646 1178 701 solum
1201 645 1436 716 auspicia
1457 644 1826 709 observarunt,

239 744 372 786 rerum
395 733 568 788 etiam
599 735 792 791 lci-ias
813 735 1134 790 habuerant
1159 735 1499 791 ethnicorum
1520 749 1694 799 more,
1723 733 1832 790 fre-

247 832 524 894 qnentesque
556 825 634 880 ad
665 827 945 882 scenicos
972 825 1126 881 ludos
1153 826 1416 892 coierant,
1441 826 1496 880 in
1523 826 1720 895 quibus
1746 824 1829 879 di-

258 916 394 983 gnosci
412 916 508 971 vix
533 926 760 986 posset,
795 916 1000 986 plusne
1028 915 1374 984 turpitudinis
1386 915 1610 978 inesset,
1631 929 1703 968 an
1726 914 1828 967 im-

162 1053 166 1074 ,
262 1006 443 1074 pietatis.
472 1005 536 1061 id
561 1020 803 1076 quoque
830 1019 1006 1075 genus
1034 1005 1429 1076 superstitionis
1456 1004 1696 1060 funditus
1725 1005 1832 1059 tol-

267 1097 350 1153 lere
368 1098 622 1153 Maximus
652 1099 812 1153 omni
858 1097 1040 1154 studio
1077 1107 1159 1153 est
1202 1098 1410 1153 enixus.
1461 1097 1649 1167 Itaque
1687 1112 1832 1168 stupe

260 1203 311 1243 ac
332 1188 542 1243 multum
572 1203 703 1243 eam
733 1190 809 1244 ob
837 1204 1056 1244 causam
1083 1190 1342 1260 populum
1368 1191 1584 1245 vocavit
1613 1191 1666 1244 in
1695 1205 1830 1245 con-

264 1279 462 1333 tionem.
494 1277 595 1333 Est
642 1277 769 1347 ejus
816 1279 1004 1334 homil.
1057 1279 1124 1333 i6
1174 1280 1238 1333 de
1279 1278 1520 1334 Calendis
1541 1279 1827 1334 Ianuariis.

257 1367 402 1438 Hujus
446 1370 605 1424 initio
664 1370 916 1425 hortatur
970 1370 1182 1440 plebem
1242 1379 1302 1425 ut
1347 1386 1417 1426 ne
1460 1386 1603 1442 aegre
1672 1372 1834 1427 toties

250 1460 420 1515 eadem
447 1460 520 1517 de
566 1476 632 1516 re
681 1463 869 1516 audire
935 1461 1072 1516 lerat
1118 1461 1217 1534 (a).
1269 1461 1510 1517 Meminit
1543 1463 1831 1518 verborum

241 1552 476 1622 Apostoli
505 1553 712 1608 aientis
734 1553 809 1625 (ὸ)
837 1571 850 1607 :
876 1551 1092 1608 Fratres
1112 1539 1292 1608 eadem
1311 1552 1450 1609 vobis
1466 1553 1690 1608 scribere
1701 1554 1830 1608 mihi

231 1644 430 1714 quidem
458 1659 574 1698 non
603 1644 830 1714 pigrum,
861 1643 1000 1698 vobis
1025 1654 1194 1698 autem
1224 1646 1590 1700 necessarium.
1630 1647 1704 1698 Ac
1733 1662 1828 1699 ne-

1936 468 2039 513 tur.
2073 457 2280 514 Novum
2302 469 2487 515 vocant
2514 476 2738 528 annum,
2767 463 2918 534 quasi
2948 465 3066 519 novi
3090 466 3287 537 aliquid
3313 477 3403 521 aut
3430 486 3524 524 cm-

1936 548 2044 604 ium
2069 561 2197 606 tunc
2231 553 2502 620 ostendat,
2543 561 2634 607 aut
2661 563 2819 609 terra.
2871 553 3078 611 Novum
3101 573 3296 611 annum
3321 558 3522 613 Janua-

1930 644 2039 698 rias
2067 646 2338 716 appellant
2377 641 2642 712 calendas,
2689 663 2806 702 cum
2843 663 3038 704 vetusto
3081 666 3284 720 semper
3310 652 3524 707 horrore

1929 741 1980 788 et
2008 751 2186 790 errore
2221 735 2545 791 sordescant.
2588 737 2833 807 Auspicia
2877 739 3028 792 etiam
3067 741 3334 794 vanissimi
3371 741 3522 794 colli-

1929 841 2050 895 gere
2075 841 2132 879 se
2159 826 2376 892 dicunt,
2418 842 2479 880 ac
2518 836 2714 881 statum
2748 831 2866 883 vita
2908 845 3020 883 suae
3046 829 3288 886 inanibus
3316 832 3526 890 indiciis

1931 916 2268 982 aestimantes,
2317 933 2411 987 per
2440 919 2638 972 incerta
2679 920 2849 974 avium
2877 921 3204 994 ferarumque
3225 924 3394 994 signa,
3422 925 3524 978 im-

1931 1006 2174 1059 minentis
2197 1008 2324 1060 anni
2343 1009 2520 1078 futura
2547 1010 2825 1076 rimantur,
2845 1027 2962 1064 cum
2987 1014 3162 1083 utique
3188 1014 3328 1084 apud
3355 1013 3522 1069 Deum

1930 1095 2102 1150 solum
2127 1097 2196 1149 sit
2237 1098 2423 1151 notitia
2453 1099 2768 1169 futurorum,
2820 1109 2870 1153 et
2889 1100 3073 1173 legalis
3110 1103 3391 1158 auctoritas
3420 1105 3524 1159 ista

1930 1184 2219 1255 prohibeat,
2240 1187 2415 1240 dicens
2438 1203 2455 1241 :
2486 1186 2572 1242 Ne
2591 1189 2980 1260 aruspicemini,
3007 1206 3073 1246 ne
3090 1194 3320 1263 auguriis
3347 1195 3490 1248 inten
3507 1224 3522 1235 -

1931 1274 2092 1328 datis.
2125 1274 2233 1330 Sed
2253 1278 2428 1332 miseri
2453 1295 2515 1331 ac
2536 1279 2821 1334 miserandi
2845 1280 3078 1348 homines
3106 1283 3244 1352 rapti
3264 1284 3523 1338 erroribus

1931 1381 2276 1437 paganorum,
2324 1375 2377 1422 et
2421 1369 2590 1423 minus
2631 1370 2845 1439 provido
2869 1371 3026 1425 corde
3053 1374 3252 1438 necati,
3283 1389 3397 1427 cum
3422 1375 3520 1428 im-

1931 1458 2124 1528 pietate
2149 1459 2214 1513 de
2241 1460 2475 1516 domibus
2521 1462 2631 1515 suis
2670 1461 2956 1536 prodeunt,
2996 1472 3048 1517 et
3085 1480 3201 1518 cum
3243 1465 3518 1537 sacrilegio

1933 1557 2274 1605 revertuntur.
2323 1551 2426 1604 Aut
2446 1551 2700 1621 quomodo
2731 1569 2789 1606 se
2813 1551 3164 1608 Christianum
3196 1563 3346 1625 putat
3371 1571 3521 1626 posse

1933 1641 2013 1695 vel
2036 1642 2163 1710 dici,
2185 1643 2275 1714 qui
2301 1644 2356 1696 in
2386 1644 2479 1697 tali
2517 1643 2870 1699 observatione
2911 1646 3037 1700 vidit
3072 1662 3129 1701 se
3155 1646 3368 1718 perfidis
3410 1662 3521 1702 esse

229 1736 530 1799 cessarium,
568 1733 764 1804 inquit,
793 1749 892 1787 nec
911 1735 1227 1804 superfluum
1251 1750 1389 1800 reor,
1411 1736 1459 1788 si
1483 1751 1580 1804 pro
1598 1750 1827 1789 commo-
1857 1739 1904 1799 B
1930 1733 2256 1788 consortem?
2289 1732 2614 1804 Perceperat
2647 1751 2813 1805 porro
2854 1735 3116 1792 Maximus
3143 1737 3364 1793 uberem
3390 1751 3520 1792 sua-

225 1826 422 1878 nitione
433 1833 625 1878 uncta
655 1823 852 1877 dudum
874 1822 1072 1890 habita,
1085 1823 1481 1895 praecedentium
1497 1823 1718 1878 Patrum
1740 1841 1831 1882 vo-

223 1915 298 1968 Hs
317 1923 635 1984 repetantur
660 1915 907 1984 alloquia.
961 1913 1029 1968 Et
1069 1929 1262 1978 revera,
1303 1915 1425 1987 quid
1455 1914 1676 1986 fastidii,
1708 1915 1833 1987 quid

225 2009 399 2061 oneris
427 2007 591 2061 habet
617 2023 716 2078 pro
744 2007 926 2060 salutis
955 2008 1185 2077 profectu
1210 2007 1380 2074 utilia,
1411 2021 1473 2061 ac
1497 2005 1613 2064 Deo
1639 2006 1833 2078 placita

222 2113 361 2167 sape
383 2098 587 2161 dicere,
627 2099 927 2168 frequenter
970 2097 1195 2151 audire?
1237 2096 1308 2150 Et
1354 2097 1502 2163 ideo,
1550 2099 1828 2166 carissimi,

223 2189 329 2259 ﬁde
356 2205 419 2242 ac
445 2189 728 2243 devotione
767 2187 923 2242 solita
967 2189 1193 2259 religiosi
1219 2189 1423 2243 itineris
1448 2190 1578 2254 vias,
1609 2205 1673 2242 ac
1699 2185 1833 2244 veri-

217 2282 347 2336 suis
373 2281 594 2334 semitas
622 2278 954 2350 gradientes,
992 2280 1160 2350 magis
1188 2281 1454 2352 magisque
1478 2297 1712 2335 errorum
1741 2281 1832 2336 de-

223 2370 306 2424 via
326 2409 344 2434 ,
395 2380 449 2423 et
496 2366 762 2423 diabolica
805 2368 1008 2422 calcate
1043 2369 1314 2439 ﬁgmenta.
1375 2367 1490 2423 Nec
1516 2372 1655 2424 enim
1684 2368 1832 2424 debet

226 2460 399 2530 ﬁdelis
425 2460 648 2522 anisum,
699 2475 816 2530 qua:
853 2460 1153 2530 angelorum
1191 2462 1456 2515 consortia
1493 2463 1828 2533 concupiscit,

228 2552 610 2604 demersimus
652 2547 852 2603 lusibus
897 2548 1164 2602 delectari.
1235 2547 1419 2620 Neque
1464 2567 1582 2605 vero
1629 2551 1732 2605 luci
1768 2566 1830 2605 ac

235 2640 453 2694 tenebris
471 2679 486 2704 ,
519 2639 727 2693 veritati
755 2647 908 2709 atque
926 2638 1196 2692 mendacio
1213 2677 1228 2701 ,
1258 2639 1566 2707 turpitudini
1593 2649 1644 2695 et
1667 2640 1829 2695 hone-

239 2734 354 2785 stati
381 2731 523 2802 apud
541 2729 644 2784 Dei
669 2745 842 2783 servos
869 2728 980 2782 ulla
1008 2738 1174 2800 potest
1199 2745 1311 2784 esse
1333 2731 1644 2784 communio.
1697 2728 1829 2794 Qui-

241 2839 432 2893 cunque
456 2838 579 2893 ergo
605 2821 927 2874 credentium
963 2822 1039 2874 vel
1073 2829 1152 2873 est
1185 2820 1434 2891 templum
1459 2819 1579 2886 Dei,
1616 2821 1696 2876 vel
1720 2836 1832 2875 esse

245 2912 514 2975 desiderat,
534 2911 762 2965 sollicite
785 2917 962 2963 caveat
1001 2925 1067 2964 ne
1093 2916 1295 2963 mortua
1320 2917 1370 2964 et
1398 2926 1531 2964 vana
1559 2909 1829 2976 sectanda,

249 3001 475 3054 desinens
502 3015 614 3054 esse
640 2997 888 3070 templum
915 2997 1036 3064 Dei,
1070 2999 1167 3068 ﬁat
1194 2998 1446 3053 habitatio
1472 2999 1825 3064 tenebrarum,

1931 1836 2052 1876 rum
2091 1823 2526 1878 cobortationum
2563 1822 2815 1880 fructum.
2861 1824 2996 1880 Nam
3021 1826 3167 1881 cives
3190 1841 3320 1882 suos
3347 1825 3422 1881 ita
3451 1824 3521 1882 ab

1932 1911 2193 1980 ejusmodi
2231 1912 2614 1984 superstitione
2657 1912 2900 1980 deduxit,
2942 1921 3001 1969 ut
3043 1914 3224 1970 dicere
3243 1915 3369 1984 jure
3394 1922 3520 1971 tau-

1931 2001 2056 2057 dem
2078 2002 2352 2073 potuerit:
2404 2001 2491 2057 Ita
2513 2011 2567 2058 et
2601 2019 2712 2071 vos,
2763 2003 3054 2073 carissimi,
3087 2005 3396 2076 jamdudum
3425 2022 3520 2060 nec

1931 2090 2222 2158 observare,
2262 2107 2357 2147 nec
2377 2109 2606 2165 quaere
2624 2095 2906 2165 manifesta
2931 2094 3183 2149 relatione
3205 2094 3393 2168 [exul]
3430 2113 3519 2152 co-

1930 2183 2106 2253 gnovi.
2146 2182 2221 2235 Ac
2247 2198 2426 2238 revera
2453 2199 2560 2238 non
2589 2190 2710 2238 sunt
2731 2200 2764 2237 a
2790 2179 2930 2238 vobis
2958 2185 3160 2254 penitus
3188 2183 3517 2256 inquirenda,

1930 2274 2017 2346 qui
2043 2275 2387 2345 omnipotenti
2430 2273 2543 2329 Deo
2572 2275 2899 2330 credimus...
2949 2274 3054 2329 Vos
3101 2276 3233 2330 sicut
3261 2275 3520 2347 hucusque

1930 2379 2026 2433 pro
2046 2362 2145 2418 Dei
2166 2364 2349 2418 timore
2376 2365 2601 2434 fecistis,
2623 2364 2896 2420 abhorrete
2920 2380 3086 2432 vana,
3112 2366 3331 2438 refugite
3358 2365 3521 2438 falsa,

1929 2453 2092 2522 impia
2112 2453 2389 2507 declinate.

2001 2543 2136 2599 Cum
2163 2552 2314 2599 tanta
2351 2544 2616 2601 Maximus
2657 2545 2711 2600 in
2758 2545 3140 2617 superstitione
3165 2561 3234 2603 ex
3271 2547 3406 2603 urbe
3432 2562 3522 2604 ex-

1929 2633 2270 2690 terminanda
2316 2649 2446 2689 usus
2488 2643 2633 2691 esset
2671 2635 2959 2702 felicitate,
2992 2643 3106 2691 tum
3145 2637 3283 2693 nihil
3327 2637 3522 2692 horta-

1931 2725 2137 2780 tionum
2160 2764 2176 2789 ,
2227 2723 2542 2795 diligentiae,
2595 2740 2775 2797 operte
2813 2726 3172 2797 prmtermisit,
3221 2733 3282 2781 ut
3305 2741 3429 2780 eam
3453 2741 3521 2782 ex

1929 2817 2122 2871 animis
2150 2817 2408 2872 evelleret
2435 2817 2758 2872 rusticorum
2792 2817 2891 2887 qui
2932 2831 3100 2888 pagos
3139 2831 3406 2888 agrosque
3435 2818 3517 2873 in-

1930 2907 2192 2963 colerent.
2226 2906 2343 2962 Hoc
2383 2915 2444 2962 ut
2481 2907 2638 2963 facile
2665 2907 2881 2977 assequi
2909 2915 3124 2978 posset,
3156 2908 3420 2979 primores
3440 2908 3522 2964 ci-

1929 2996 2112 3052 vitatis
2149 2997 2354 3052 crebris
2394 2997 2744 3053 concionibus
2787 3013 3035 3068 premere
3073 3011 3374 3070 urgereque
3407 3013 3521 3055 cte-

250 3091 338 3160 ﬁet
361 3091 1021 3145 damonismonumentum.
1060 3085 1240 3156 Pergit
1267 3103 1428 3159 porro
1456 3089 1539 3143 vir
1565 3104 1825 3157 summus,
1855 3098 1904 3164 α
1932 3088 2030 3158 pit.
2062 3087 2283 3144 Monere
2332 3103 2499 3158 porro
2527 3088 2673 3159 ipsos
2707 3089 2872 3144 etiam
2915 3096 3077 3159 atque
3102 3091 3268 3146 etiam
3303 3097 3364 3144 ut
3399 3105 3524 3145 con-

251 3193 344 3236 ae:
389 3179 591 3234 Iasona
634 3186 757 3233 sunt
801 3180 1009 3245 omnia,
1041 3177 1247 3248 inquit,
1289 3194 1601 3251 quacunque
1636 3178 1833 3234 diaboli

251 3272 456 3341 fallente
480 3272 769 3335 mendacio,
808 3270 907 3324 Dei
936 3272 993 3324 in
1033 3285 1090 3323 se
1129 3285 1232 3323 non
1261 3268 1448 3323 habent
1474 3271 1749 3324 virtutem:
1773 3279 1831 3325 et

253 3363 452 3418 illorum
473 3365 697 3435 gravior,
742 3369 898 3434 atque
935 3360 1332 3416 immedicabilis
1374 3360 1595 3433 languor
1622 3371 1720 3428 est,
1747 3362 1836 3433 qui

260 3456 657 3522 supastitionutn
687 3456 866 3523 furore
882 3461 935 3508 et
960 3451 1200 3506 ludorum
1229 3452 1484 3507 suavitate
1514 3452 1716 3523 decepti
1742 3452 1835 3508 sub

251 3545 414 3613 specie
439 3545 678 3598 sanitatis
705 3543 992 3598 insaniunt.
1041 3543 1233 3598 Annon
1260 3544 1439 3598 omnia
1463 3555 1580 3615 quae
1616 3561 1651 3600 a
1676 3547 1834 3599 mini-

249 3635 365 3688 stris
392 3636 683 3690 “manum
701 3633 810 3688 illis
837 3642 1065 3706 aguntur
1090 3632 1268 3688 diebus
1296 3635 1434 3704 falsa
1470 3642 1589 3688 sunt
1609 3643 1660 3689 et
1687 3637 1834 3689 insa-

246 3742 334 3792 Ie,
355 3742 470 3781 cum
501 3729 580 3782 vir
604 3726 792 3780 virium
844 3741 1056 3779 suarum
1099 3726 1273 3802 vigore
1319 3725 1536 3791 mollito,
1576 3735 1737 3781 totum
1782 3743 1836 3781 se

248 3817 443 3887 frangit
465 3818 520 3870 in
548 3817 828 3888 fminas,
857 3823 1103 3887 tantoque
1139 3815 1273 3869 illud
1310 3816 1506 3870 ambitu
1544 3825 1696 3887 atque
1724 3828 1836 3871 arte

253 3905 462 3976 frangit,
661 3907 905 3976 paniteat
929 3905 1080 3958 illum
1106 3921 1239 3972 esse,
1268 3906 1406 3977 quod
1431 3906 1508 3960 vir
1535 3907 1651 3960 est?
1681 3905 1735 3959 Ν
1740 3924 1837 3960 un-

251 3994 369 4062 quid
396 4011 496 4050 non
537 3997 783 4049 uniuersa
818 3993 889 4047 ibi
918 3994 1056 4066 falsa
1100 4001 1220 4048 sunt
1245 4001 1298 4047 et
1323 3995 1542 4063 insana,
1572 4010 1687 4049 cum
1719 4012 1775 4049 se
1801 4013 1836 4050 a

249 4081 357 4138 Deo
383 4087 592 4156 formati
617 4086 848 4140 hmines
877 4092 969 4138 aut
1005 4085 1059 4138 in
1087 4084 1339 4155 pecudes,
1372 4093 1464 4139 aut
1489 4087 1544 4140 in
1570 4088 1728 4156 feras,
1752 4097 1843 4140 aut

249 4172 298 4227 in
321 4184 559 4240 portenta
575 4173 989 4246 transfumant!
1008 4171 1278 4238 Quomodo
1293 4191 1400 4230 non
1417 4191 1603 4230 sanum
1623 4177 1837 4247 sapieno

250 4268 385 4323 tibus
417 4278 572 4340 patet,
615 4269 750 4324 nihil
793 4267 866 4322 ibi
909 4269 1077 4322 inesse
1116 4269 1380 4334 εαπίωείι,
1423 4267 1511 4322 ubi
1539 4269 1722 4339 impia,
1753 4269 1840 4322 ubi

241 4359 536 4426 inhonesta,
583 4362 924 4432 universaque
950 4360 1131 4415 omnia
1155 4368 1208 4414 et
1232 4361 1431 4431 faciunt
1456 4370 1506 4415 et
1523 4361 1840 4433 loquuntur?

1936 3180 2177 3234 sulerent
2214 3180 2374 3235 saluti
2419 3195 2549 3235 sum.
2600 3179 2678 3234 Ne
2715 3188 2972 3250 putarent
3027 3180 3111 3236 las
3153 3195 3274 3237 esse
3318 3181 3525 3238 homini

1935 3270 2244 3327 Christiano
2294 3271 2406 3341 pati
2427 3309 2445 3337 ,
2496 3278 2556 3326 ut
2600 3270 2654 3326 in
2707 3271 2921 3326 mribus
2966 3269 3176 3340 agrisve
3219 3271 3331 3326 suis
3381 3270 3530 3326 idola

1932 3371 2211 3434 perstent;
2251 3362 2435 3434 iisque
2475 3376 2506 3416 a
2544 3361 2752 3418 colonis
2789 3375 2942 3417 sacra
2989 3359 3142 3428 ﬂant,
3171 3375 3238 3417 ac
3262 3360 3522 3425 honores,

1935 3452 2133 3519 cultus,
2163 3465 2356 3523 preces
2397 3450 2772 3506 adhibeantur.
2825 3449 3039 3506 Scirent
3084 3450 3186 3506 nisi
3225 3451 3341 3506 inec
3380 3450 3528 3520 dist

1935 3557 2079 3610 cere,
2110 3542 2382 3609 obterere,
2410 3541 2594 3598 delere
2617 3541 2798 3598 conati
2820 3542 2968 3597 omni
2995 3542 3196 3606 studio,
3227 3557 3380 3611 cura,
3410 3543 3524 3598 sol-

1937 3634 2211 3691 licitudine
2258 3633 2397 3700 sint,
2444 3641 2693 3689 auctores
2737 3630 2908 3703 ipsos,
2939 3647 3004 3688 ac
3031 3647 3157 3688 reos
3184 3632 3302 3689 lore
3329 3633 3524 3703 impie-

1937 3725 2064 3780 tatis
2091 3731 2147 3779 et
2173 3723 2575 3792 sacrilegiorum
2594 3762 2609 3787 ,
2637 3721 2832 3791 quibus
2850 3736 3041 3778 eorum
3066 3722 3229 3788 servi,
3260 3730 3523 3790 aratores,

1937 3815 2100 3870 villici
2128 3828 2250 3870 sese
2269 3813 2589 3884 polluerent.
2634 3811 2811 3867 Fuere
2837 3812 2952 3881 qui,
2983 3811 3276 3868 excusandi
3299 3826 3529 3882 purgan-

1937 3906 2102 3974 dique
2128 3903 2214 3960 sui
2253 3918 2416 3959 causa
2441 3941 2457 3969 ,
2507 3903 2752 3958 dicerent
2799 3917 2908 3958 non
2949 3916 3075 3958 esse
3099 3903 3275 3973 culpae
3307 3913 3528 3960 verten-

1937 3997 2066 4052 dum
2093 3996 2231 4062 sibi,
2280 3995 2428 4065 quod
2475 3994 2564 4049 alii
2607 3993 2695 4050 vel
2727 4001 2890 4062 agant
2912 4034 2928 4060 ,
2953 3993 3042 4049 vel
3063 3996 3294 4064 egerint,
3324 3995 3530 4064 injussu

1938 4105 2058 4146 suo.
2087 4088 2198 4145 Sed
2227 4089 2328 4143 hos
2351 4086 2649 4155 Maximus,
2678 4092 2883 4156 quanto
2923 4086 2976 4140 in
3003 4100 3192 4142 ermre
3218 4094 3529 4158 quantaque

1939 4183 1994 4238 in
2057 4181 2396 4252 ignoratione
2449 4179 2793 4234 decretorum
2839 4177 3115 4246 religionis
3163 4187 3525 4247 versarentur,

1939 4273 2174 4328 docens:
2206 4268 2472 4342 Quisquis,
2503 4269 2675 4338 inquit
2695 4267 2801 4340 (ε),
2839 4269 3084 4327 intelligit
3113 4271 3343 4326 exerceri
3378 4271 3435 4325 in
3469 4287 3526 4326 re

1940 4379 2035 4418 sua
2073 4362 2344 4432 sacrilegia
2367 4399 2384 4426 ,
2426 4373 2518 4414 nec
2551 4360 2671 4430 ﬁeri
2699 4357 2936 4430 prohibet
2958 4401 2977 4429 ,
3010 4359 3389 4431 quodammodo
3416 4362 3529 4428 ipse

237 4445 416 4505 Graue
438 4453 612 4524 utique
639 4468 820 4506 eorum
848 4468 938 4506 cor
963 4461 1042 4507 est
1085 4462 1242 4523 atque
1275 4453 1417 4507 omni
1451 4453 1718 4523 impietate
1740 4454 1832 4508 de-
1861 4466 1914 4528 Β
1937 4457 2189 4527 ρνωεέρίε.
2224 4452 2463 4508 Tacendo
2502 4453 2640 4506 enim
2678 4459 2729 4505 et
2765 4466 2868 4506 non
2903 4452 3190 4524 arguendo,
3219 4468 3528 4510 consensum

232 4555 504 4608 rasum,
529 4545 616 4614 qui
650 4561 741 4614 per
773 4544 1054 4615 sacrilegos
1075 4545 1225 4615 jocos
1250 4544 1442 4600 divinis
1471 4547 1684 4602 mortitis
1711 4547 1836 4600 illu-

231 4627 424 4685 lentes
437 4641 484 4686 et
507 4649 643 4687 sane
664 4633 887 4704 diligunt
905 4644 957 4688 et
977 4634 1115 4705 falsa
1135 4644 1419 4701 sectantur,
1438 4645 1488 4690 et
1506 4645 1619 4707 post
1635 4639 1836 4704 omnia,

228 4721 305 4773 ed
333 4723 647 4792 σιειιίοὼ
682 4723 1084 4794 plenitudinem,
1131 4726 1239 4780 dies
1263 4727 1404 4798 ipsos
1433 4745 1628 4783 annum
1654 4747 1838 4784 novum

225 4822 445 4866 mat.
487 4811 795 4884 Quanquam
843 4829 948 4868 non
992 4816 1411 4870 inconvenienter
1459 4819 1740 4872 secundum
1783 4835 1838 4874 se

220 4913 428 4957 Inuum
453 4905 722 4975 appellant
741 4917 954 4971 cum,
985 4907 1231 4975 quoniam
1255 4908 1626 4979 pernefandas
1657 4911 1837 4976 ferias,

292 5078 392 5164 ςσ)
603 5079 872 5164 ις’ραις.
1087 5089 1143 5138 et
1181 5083 1371 5140 homiL
1405 5084 1526 5155 105,
1574 5100 1694 5157 psg.
1728 5086 1832 5144 543

215 5161 352 5220 sq-
409 5158 469 5204 et
495 5165 664 5205 serm.
693 5152 750 5219 6,
771 5150 893 5222 pag.
925 5150 1032 5205 409
1051 5168 1168 5223 seq.
1323 5171 1339 5189 ο

323 5217 366 5270 ι
417 5220 510 5275 Β
535 5218 674 5276 Phili
784 5236 908 5276 uses
958 5237 1032 5276 nl.

215 5189 616 5370 ῌξσὶιεαπ..
643 5235 784 5359 ἰθςῗ
815 5305 942 5361 pag.
979 5291 1104 5370 σῆς,
1136 5301 1191 5347 et
1221 5309 1339 5348 seru

417 5220 510 5275 Μ
535 5218 908 5276 Philippense:
958 5237 1032 5276 nl.

317 5235 1104 5364 Ιὲὲϐ,
1136 5301 1191 5347 et
1221 5309 1381 5348 serm.
1415 5294 1505 5362 82,
1533 5308 1638 5364 pag
1684 5294 1788 5349 610
1814 5315 1826 5348 :

206 5355 280 5412 Si
593 5361 691 5434 hac
1010 5355 1222 5417 suam
1241 5372 1292 5417 et
1321 5355 1563 5434 patimur,
1596 5355 1711 5418 reos
1737 5382 1832 5419 nos

555 5433 602 5486 si
621 5447 730 5488 non
751 5433 1055 5504 operatione
1079 5435 1287 5487 sceleris
1301 5430 1332 5497 ,⁷
1345 5443 1570 5489 attamen
1596 5435 1832 5489 dissimu-

195 5497 442 5576 lgtiouie
751 5497 897 5576 Nam
924 5497 1058 5576 sicut
1076 5504 1288 5576 fooviare
1327 5504 1596 5576 sacrilegis
1623 5517 1832 5558 contra-

187 5569 487 5644 riam
502 5571 809 5644 μίμοις
854 5572 931 5625 ita
960 5572 1286 5644 dissimulare
1314 5590 1428 5644 qua:
1466 5569 1656 5644 videris
1673 5615 1689 5640 ,
1711 5591 1826 5626 ma-

186 5640 359 5694 culat
377 5640 706 5697 reticeate'm.
747 5641 936 5697 Solent
975 5643 1109 5695 enim
1153 5640 1378 5708 plerique
1418 5645 1592 5698 miseri
1617 5643 1826 5696 dicere:

1937 4545 2157 4617 prabuit
2186 4542 2494 4598 immolanti.
2535 4541 2780 4611 Apostoli
2801 4538 2956 4596 Pauli
2983 4541 3126 4598 hanc
3152 4557 3272 4598 esse
3300 4550 3526 4615 certam,

1942 4644 2000 4691 ut
2025 4650 2146 4707 quae
2172 4635 2430 4691 instinctu
2453 4631 2637 4687 divino
2664 4631 2734 4686 sit
2761 4631 3128 4702 pronuntiata,
3158 4635 3484 4689 sententiam
3511 4652 3525 4689 :

1941 4726 2257 4782 Criminosos
2279 4740 2392 4780 esse
2420 4740 2525 4778 non
2554 4723 2720 4778 solum
2746 4723 2831 4796 qui
2866 4724 3094 4794 faciunt;
3137 4723 3229 4778 sed
3259 4725 3416 4779 etiam
3438 4728 3528 4797 qui

1940 4820 2262 4873 consentiunt
2309 4812 2633 4886 facientibus.
2680 4811 3042 4879 Quamobrem
3069 4819 3407 4869 nosseateos
3433 4817 3527 4884 qui

1940 4915 2208 4962 aratorem
2252 4919 2439 4970 suum,
2476 4903 2624 4958 reive
2649 4904 2863 4959 rustica:
2889 4911 3196 4959 curatorem
3224 4901 3527 4961 sacriﬁcare

1939 5085 2151 5149 Nescio,
2185 5101 2286 5140 non
2308 5085 2465 5157 justi,
2492 5100 2656 5157 causa
2687 5099 2805 5140 mea
2829 5101 2935 5140 non
2961 5094 3055 5151 est,
3091 5103 3196 5140 non
3226 5100 3315 5157 sne
3336 5089 3522 5157 tangit.

1939 5157 2044 5228 §ed
2071 5158 2199 5214 haec.
2224 5166 2286 5228 ut
2313 5155 2454 5219 dixi,
2479 5156 2706 5228 loquitur
2731 5157 2889 5228 miser
2911 5157 3129 5228 quisque
3155 5156 3234 5228 vel
3266 5155 3522 5228 trepidus.

1937 5224 2111 5298 Negat
2145 5227 2285 5298 enim
2327 5241 2389 5298 se
2411 5224 2632 5298 ιυεεξηᾳ
2661 5226 2795 5295 fieri,
2820 5224 2956 5298 quod
2979 5224 3157 5298 noluit
3192 5224 3376 5298 juer
3397 5265 3412 5292 ,
3460 5245 3526 5282 ne

1934 5294 2101 5364 ﬁeret.
2149 5294 2292 5350 Nam
2315 5296 2489 5364 utique
2516 5294 2713 5368 malum
2731 5338 2745 5363 ,
2777 5294 2925 5368 quod
2952 5295 3027 5368 de_
3043 5294 3410 5368 consuetudine
3437 5312 3525 5350 ve-

1935 5363 2031 5430 nit,
2063 5382 2177 5419 cum
2206 5382 2307 5419 non
2337 5363 2620 5431 coercetur,
2646 5363 2954 5419 admittitur.
2986 5363 3176 5427 Causa,
3200 5365 3384 5431 inquit,
3409 5380 3526 5421 mea

1934 5443 2155 5489 nonest.
2200 5434 2424 5490 Falleris
2463 5444 2513 5488 et
2549 5437 2783 5505 ignoras.
2829 5432 3015 5487 Nescis
3057 5433 3178 5502 quia
3225 5432 3526 5505 Deiectum

1939 5515 2235 5559 cunctorum
2283 5514 2376 5569 est,
2409 5513 2457 5557 rt
2495 5503 2634 5574 quod
2679 5503 2744 5558 ab
2781 5521 2884 5558 uno
2922 5516 3190 5573 peccatur,
3215 5504 3271 5557 in
3291 5503 3524 5574 pluribus

1942 5575 2248 5630 rindicatur.
