3898 6226
462 334 565 391 H3

1593 320 1750 382 VITA
1792 319 1849 377 S.
1884 313 2124 374 MAXIM]
2164 314 2634 375 TAURINENSIS.

3629 312 3725 367 Mi

461 448 619 505 idolis
655 445 883 513 scirent,
916 456 1017 500 nec
1041 440 1428 513 prohiberent,
1456 437 1572 508 ejus
1608 451 1731 493 esse
1757 435 2046 508 participes
2076 436 2119 492 A
2150 446 2337 500 quare,
2367 442 2588 503 agerent
2623 446 2811 488 severe
2839 439 2894 488 et
2938 430 3190 501 graviter,
3230 437 3290 485 ut
3325 430 3414 499 qui
3449 429 3731 485 sacriﬁculi

462 535 779 607 impietatis,
806 542 867 590 ut
889 534 1001 603 qui,
1028 532 1129 588 etsi
1147 532 1360 602 copiam
1377 546 1485 585 non
1504 528 1714 590 darent,
1730 526 1849 596 ejus
1869 536 2047 579 tamen

462 627 732 694 foverent,
779 625 906 680 dum
934 639 1041 678 non
1080 622 1414 685 cohiberent,
1446 618 1735 674 licentiam.
1763 617 1838 670 Ac
1866 615 1913 669 si
1940 628 2050 668 non

462 718 631 789 iussio
661 724 770 782 tua,
801 713 995 783 inquit,
1026 719 1083 767 at
1109 720 1193 768 est
1213 720 1396 765 tamen
1422 709 1672 765 voluntas
1710 707 1764 760 in
1803 705 2047 761 crimine.

463 809 605 864 Dum
631 810 769 863 enim
797 814 957 873 taces,
982 804 1151 875 placet
1190 804 1281 857 tibi
1324 801 1461 873 quod
1491 802 1611 872 fecit
1637 798 1856 853 rusticus
1893 805 2047 848 tuus:

463 900 600 974 quod
637 900 684 954 si
725 913 831 952 non
879 898 1103 968 faceret,
1153 891 1374 965 forsilan
1418 890 1733 961 displiceret.
1767 884 1887 939 Non
1916 885 2051 938 enim

369 1028 377 1035 .
465 992 567 1047 sibi
591 998 793 1045 tantum
816 994 993 1059 peccat
1018 983 1250 1040 subditus
1269 998 1385 1036 cum
1414 981 1696 1050 sacriﬁcat,
1723 977 1816 1032 sed
1834 987 1885 1030 et
1904 976 2051 1028 dom-

467 1082 641 1145 nedio,
664 1081 750 1152 qui
780 1095 883 1132 non
910 1075 1140 1146 prohibet
1162 1091 1181 1139 ;
1211 1073 1297 1145 qui
1325 1073 1369 1126 si
1398 1068 1715 1142 prohiberet,
1748 1069 1920 1138 utique
1947 1082 2053 1119 non

466 1177 723 1243 peccaret.
752 1166 963 1222 Grande
998 1165 1157 1239 igitur
1184 1162 1380 1217 malum
1409 1170 1486 1215 est
1507 1158 1822 1213 idololatria.
1856 1154 2053 1209 Polluit

467 1266 762 1315 exercentes
779 1297 794 1323 ,
818 1255 1001 1328 polluit
1042 1252 1365 1318 habitantes,-
1389 1249 1569 1321 polluit
1592 1249 1846 1301 intuentes
1861 1287 1879 1313 ,
1900 1260 2056 1315 pene-

471 1360 576 1405 trat
603 1348 672 1402 ad
713 1347 974 1401 ministros
999 1384 1015 1410 ,
1051 1349 1284 1413 penetrat
1312 1339 1383 1393 ad
1427 1339 1687 1401 conscios,
1720 1342 1955 1407 penetrat
1987 1332 2056 1385 ad

471 1445 717 1492 tacentes.
763 1432 1075 1488 Immolante
1095 1430 1234 1485 enim
1263 1428 1477 1495 rustico,
1507 1426 1805 1497 inquinatur
1840 1423 2056 1475 domne-

471 1528 605 1582 dius.
646 1523 773 1579 Non
815 1530 984 1594 potest
1020 1508 1123 1575 non
1166 1536 1274 1574 esse
1301 1518 1524 1591 pollutus
1552 1515 1640 1570 ubi
1669 1514 1810 1569 cibus
1826 1514 2057 1592 papitur,

470 1631 620 1688 quem
646 1612 925 1683 sacrilegus
966 1609 1133 1664 cultor
1168 1609 1429 1673 exercuit,
1460 1616 1598 1661 terra
1640 1612 1851 1659 cruenta
1873 1602 2057 1670 edidit,

472 1716 655 1762 tetrum
694 1706 931 1759 horreum
968 1702 1303 1757 conservavit.
1370 1699 1561 1754 Omnia
1610 1699 1747 1751 enim
1791 1696 1862 1749 ibi
1898 1694 2063 1765 inqui-

468 1805 621 1865 nata,
648 1794 823 1850 omnia
850 1800 970 1847 sunt
990 1786 1236 1863 nefanda,
1259 1789 1347 1843 ubi
1368 1789 1605 1844 diabolus
1626 1786 1822 1841 habitat
1850 1786 1904 1838 in
1927 1783 2055 1838 aedi-
2086 1785 2135 1846 Β

471 1889 590 1957 bus,
614 1889 668 1941 in
697 1886 863 1957 agris,
890 1886 947 1938 in
977 1884 1204 1958 rusticis.
1253 1880 1407 1936 Nihil
1434 1881 1507 1935 ibi
1545 1880 1761 1935 liberum
1785 1885 1863 1932 est
1891 1894 1922 1930 a
1950 1892 2060 1930 sce—

471 1979 598 2043 lere,
620 1976 705 2030 ubi
737 1983 898 2030 totum
925 1983 1161 2034 versatur
1181 1975 1237 2027 in
1260 1971 1471 2026 scelere.
1498 1970 1623 2027 Cum
1650 1969 1833 2023 cellam
1855 1970 2061 2038 ingres-

471 2085 558 2123 sus
588 2067 768 2138 fueris,
796 2064 1021 2135 reperies
1047 2063 1102 2116 in
1129 2078 1191 2116 ea
1215 2061 1467 2133 pallentes
1498 2060 1709 2130 cespites
1737 2065 2061 2124 mortuosque

468 2156 718 2211 carbones
740 2195 756 2219 ,
816 2153 1029 2226 dignum
1078 2152 1392 2221 sacriﬁcium
1438 2149 1719 2214 daemonis,
1752 2164 1871 2201 cum
1916 2161 2060 2200 mor-

471 2260 558 2304 tuo
626 2246 831 2301 numini
885 2245 1035 2299 rebus
1082 2243 1300 2298 mortuis
1360 2243 1700 2313 supplicatur.
1776 2238 1847 2293 Et
1894 2240 1940 2293 si
1992 2239 2061 2292 ad

470 2354 655 2410 agrum
682 2335 1028 2407 processeris,
1078 2333 1250 2386 cernis
1294 2348 1415 2385 aras
1461 2331 1693 2402 ligneas,
1755 2338 1805 2384 et
1844 2329 2061 2384 simula-

470 2447 562 2484 cra
612 2428 841 2499 lapidea,
891 2441 1179 2496 congruens
1214 2424 1588 2486 ministerium,
1630 2421 1715 2475 ubi
1755 2422 1855 2475 diis
1894 2423 2063 2475 insen-

471 2517 705 2574 sibilibus
727 2557 743 2583 ,
792 2517 897 2569 aris
946 2512 1372 2585 putrescentibus,
1403 2513 1743 2567 ministratur.
1786 2510 1912 2565 Cum
1944 2529 2062 2564 ma-

473 2610 639 2663 turius
684 2605 1004 2677 vigilaveris,
1053 2612 1103 2658 et
1141 2602 1326 2657 videris
1371 2604 1602 2655 saucium
1628 2603 1742 2655 vino
1782 2603 2060 2666 rusticum,

473 2698 609 2753 scire
646 2696 798 2751 debes
837 2695 1078 2766 quoniam
1101 2734 1117 2759 ,
1183 2695 1314 2746 sicut
1361 2680 1583 2758 dicunt,
1634 2701 1724 2745 aut
1770 2691 2062 2745 dianaticus

476 2788 602 2859 (seu
632 2785 820 2840 Diana
848 2801 1087 2840 arvorum
1114 2784 1288 2838 inanis
1324 2785 1548 2838 numinis
1581 2782 1926 2853 sacriﬁculus)
1975 2790 2066 2835 aut

478 2896 705 2949 aruspex
752 2885 848 2932 est.
904 2874 1160 2930 Insanum
1204 2874 1342 2929 enim
1395 2891 1583 2928 numen
1641 2882 1895 2927 amentem
1936 2872 2067 2926 solet

480 2968 667 3022 habere
715 2965 1035 3036 pontiﬁcem.
1101 2961 1406 3033 Opplebant
1450 2963 1592 3016 enim
1632 2977 1750 3016 sese
1795 2963 1921 3017 vino
1948 2960 2066 3030 ejus

481 3057 698 3126 generis
719 3055 1044 3119 sacerdotes,
1073 3060 1133 3106 ut
1159 3053 1303 3124 (cum
1344 3052 1457 3107 dea:
1497 3051 1688 3106 facturi
1721 3053 1850 3107 satis
1881 3053 2066 3122 plagas

2148 527 2365 597 pejores
2392 536 2575 582 essent
2620 525 3037 594 gladiatoribus,
3087 524 3141 579 hi
3181 524 3249 579 de
3303 522 3731 578 Christianorum

2148 618 2328 673 fundis
2381 618 2884 672 exterminarentur.
2938 615 3112 684 Atque
3152 616 3283 669 alias
3330 614 3547 683 quidem
3596 629 3733 683 saepe

2153 709 2424 763 auditores
2451 723 2578 762 suos
2616 715 2833 761 sanctus
2871 706 3096 759 antistes
3123 711 3424 769 monuerat,
3462 711 3523 757 ut
3560 703 3731 769 legum

2151 800 2566 854 recordarentur
2602 812 2738 866 quas
2767 812 2830 851 ea
2860 796 2927 850 de
2955 812 3015 850 re
3046 794 3334 849 Christiani
3364 794 3613 847 tulissent
3640 793 3739 845 im-

2150 897 2448 960 peratores.
2480 887 2653 942 Serm.
2680 895 2859 941 autem
2890 886 2980 950 82,
3012 899 3133 955 pag.
3164 883 3267 937 610
3307 902 3319 935 :
3352 883 3514 947 Deus,
3548 881 3735 950 inquit,

2150 983 2405 1053 prarcipit,
2429 990 2477 1035 et
2506 980 2574 1034 ad
2592 979 2703 1050 ejus
2731 986 2989 1049 prwcepta
3019 976 3323 1030 dormimus.
3350 973 3564 1038 Quoties
3589 989 3742 1026 man--

2154 1075 2293 1128 davit
2333 1073 2470 1127 idem
2512 1071 2653 1125 Deus
2695 1071 2951 1125 idolorum
2995 1067 3267 1138 sacrilegia
3315 1065 3655 1125 destruenda,
3693 1069 3742 1114 rt

2154 1180 2415 1233 nunquam
2437 1163 2506 1215 ad
2534 1162 2667 1214 hanc
2687 1170 2884 1228 partem
2914 1159 3122 1213 solliciti
3151 1174 3261 1210 esse
3287 1156 3559 1211 volumus?
3589 1153 3709 1209 Sent
3728 1180 3741 1191 -

2154 1273 2246 1327 per
2268 1254 2723 1317 dissimulavimus,
2750 1268 2951 1322 semper
2976 1251 3278 1322 sprevimus.
3313 1249 3502 1303 Postea
3525 1264 3621 1301 nos
3652 1247 3746 1299 ad-

2156 1349 2354 1402 monuit
2387 1344 2653 1415 imperiale
2678 1352 3056 1415 prceceptum...
3096 1341 3368 1411 Principes
3396 1339 3603 1411 quidem
3644 1347 3746 1390 tam

2159 1439 2277 1493 boni
2306 1438 2587 1493 Christiani
2614 1436 2752 1507 leges
2780 1451 2874 1506 pro
2898 1435 3147 1505 religione
3165 1432 3519 1502 promulgant,
3550 1429 3642 1483 sed
3661 1444 3748 1481 eas

2158 1538 2477 1583 exsecutores
2515 1544 2619 1581 non
2654 1534 2898 1581 exserunt
2921 1531 3293 1595 competenter;
3324 1531 3372 1575 et
3398 1519 3515 1573 ideo
3538 1528 3693 1572 exuto
3720 1533 3752 1569 a

2161 1623 2313 1692 culpa
2349 1621 2599 1691 principe,
2631 1626 2899 1673 exsecutor
2920 1624 3148 1671 remanet
3167 1615 3224 1668 in
3250 1622 3414 1677 reatu,
3445 1619 3553 1665 etc.
3581 1608 3752 1674 Quem

2162 1726 2294 1766 vero
2353 1709 2618 1764 Maximus
2665 1707 2955 1778 reportarit
3014 1702 3448 1759 adhortationum
3494 1698 3754 1753 monitio-

2163 1817 2396 1872 numque
2423 1816 2641 1855 suarum
2674 1799 2925 1862 fructum,
2957 1812 3025 1853 ex
3052 1810 3303 1851 sermone
3335 1792 3456 1857 102,
3490 1806 3617 1861 pag.
3653 1787 3757 1841 657

2161 1908 2299 1961 seq.,
2333 1890 2557 1959 intelligi
2578 1890 2739 1960 plane
2765 1896 2964 1959 potest.
2995 1886 3086 1942 Sic
3112 1887 3257 1941 enim
3288 1900 3381 1939 eos
3411 1883 3506 1952 qui
3527 1881 3597 1935 ad
3622 1895 3755 1935 con-

2161 1984 2373 2038 cionem
2399 1988 2768 2037 convenerant
2797 1980 3059 2035 allocutus
3096 1977 3197 2031 fuit
3231 1995 3242 2030 :
3277 1974 3401 2029 Non
3430 1989 3619 2044 parum
3650 1980 3755 2024 tra-

2163 2082 2303 2127 ctatu
2331 2072 2605 2126 dominica:
2634 2071 2914 2141 superioris
2943 2067 3223 2140 profecisse
3248 2082 3333 2119 vos
3362 2063 3655 2125 credimus,
3683 2061 3756 2113 εἰς

2162 2162 2364 2233 quidem
2384 2161 2752 2232 praedicatione
2771 2168 2950 2213 nostra
2971 2158 3034 2210 ab
3056 2142 3197 2211 omni
3227 2155 3485 2209 idolorum
3511 2152 3757 2221 inquina-

2162 2263 2335 2310 mento
2374 2253 2535 2307 corda
2582 2261 2753 2306 vestra
2781 2250 3129 2322 purgavimus.
3183 2245 3384 2300 Nostra
3428 2246 3568 2299 enim
3598 2242 3758 2296 corda

2162 2344 2496 2407 mandantur,
2530 2359 2644 2396 cum
2674 2342 2867 2396 diaboli
2895 2340 3132 2397 sordibus
3171 2338 3370 2409 polluta
3415 2342 3599 2388 nostra
3631 2349 3761 2386 con-

2163 2432 2381 2487 scientia
2420 2449 2525 2486 non
2556 2440 2770 2485 tenetur.
2798 2429 3065 2484 Pollutam
3090 2438 3258 2481 autem
3298 2427 3343 2479 is
3384 2423 3759 2479 conscientiam

2164 2540 2269 2578 non
2303 2524 2471 2585 habet,
2512 2523 2597 2592 qui
2636 2521 2863 2574 exerceri
2900 2518 3173 2587 sacrilegia
3211 2517 3263 2568 in
3302 2530 3396 2567 sua
3434 2512 3761 2580 possessione

2164 2629 2269 2667 non
2307 2612 2522 2681 patitur.
2554 2607 2807 2663 Caeterum
2834 2608 2920 2678 qui
2965 2609 3061 2659 scit
3100 2608 3152 2659 in
3193 2621 3319 2675 agro
3339 2619 3440 2657 suo
3467 2596 3629 2654 idolis
3660 2601 3759 2652 im-

2165 2704 2374 2767 molari,
2425 2717 2516 2754 nec
2562 2699 2811 2770 prohibet,
2855 2698 3085 2769 quamvis
3129 2698 3240 2766 ipse
3283 2694 3432 2763 longe
3459 2693 3512 2744 in
3553 2691 3762 2743 civitate

2167 2796 2437 2856 consistat,
2468 2792 2682 2863 pollutio
2708 2799 2883 2843 tamen
2916 2789 3062 2842 illum
3104 2786 3333 2858 nefanda
3374 2785 3675 2851 continget;
3713 2788 3762 2832 et

2170 2885 2288 2940 licet
2310 2885 2419 2938 aris
2443 2884 2655 2936 assistat
2681 2882 2924 2944 rusticus,
2950 2878 3042 2948 (ad
3067 2875 3351 2942 dominum)
3385 2870 3761 2927 contaminatio

2170 2972 2493 3028 exsecranda
2516 2968 2821 3042 regreditur.
2847 2967 3118 3034 Particeps
3144 2965 3279 3017 enim
3318 2962 3430 3031 ejus
3459 2958 3700 3028 efﬁcitur,
3721 2956 3763 3008 si

2173 3081 2275 3119 non
2304 3061 2641 3127 conscientia,
2670 3068 2804 3113 certe
2831 3057 3035 3111 notitia.
3060 3053 3355 3124 Profecisse
3375 3066 3496 3120 ergo
3524 3064 3619 3102 vos
3649 3060 3765 3098 cre-

478 3125 583 3202 sibi
633 3144 969 3215 indigerent)
1015 3152 1106 3199 aut
1150 3159 1259 3198 non
1312 3144 1607 3209 sentirent,
1651 3152 1743 3198 aut
1795 3144 2067 3199 mollirent

2171 3155 2358 3217 dimus,
2391 3169 2505 3205 cum
2546 3149 2808 3220 sacrilegii
2837 3147 3026 3200 cultum
3054 3146 3109 3198 in
3148 3143 3329 3197 vestris
3354 3138 3765 3211 possessionibus

481 3238 830 3305 levarentque
875 3235 1118 3290 dolorem
1153 3253 1166 3288 :
1201 3234 1341 3288 Talis
1377 3236 1513 3289 enim
1550 3235 1789 3289 sacerdos
1823 3244 1977 3305 parat
2012 3251 2069 3288 se

481 3325 685 3403 [exuit]
729 3342 861 3392 vino,
884 3324 954 3378 ad
991 3325 1175 3395 plagas
1217 3324 1329 3378 dea:
1367 3341 1495 3390 suae,
1526 3334 1583 3378 ut
1611 3325 1732 3378 dum
1760 3332 1836 3378 est
1875 3324 2066 3390 ebrius,

482 3433 692 3487 poenam
722 3432 871 3472 suam
909 3416 1018 3486 ipse
1046 3432 1151 3470 non
1183 3418 1391 3470 sentiat.
1427 3415 1541 3469 Hoc
1571 3425 1741 3469 autem
1758 3414 1874 3469 ‘non
1903 3416 2071 3469 solum

483 3509 549 3563 de
583 3507 945 3577 temperantia,
987 3505 1078 3559 sed
1105 3513 1153 3558 et
1179 3505 1245 3558 de
1273 3516 1386 3559 arte
1415 3508 1632 3578 faciunt,
1674 3514 1728 3559 ut
1756 3507 1923 3559 minus
1959 3506 2071 3560 vul-

483 3616 608 3653 nera
633 3615 729 3652 sua
768 3597 998 3662 doleant,
1034 3596 1156 3649 dum
1180 3598 1285 3651 vini
1317 3598 1561 3651 ebrietate
1566 3597 1859 3667 jactantur.
1895 3598 2071 3653 Vanus

482 3690 637 3763 plane
657 3698 794 3743 vates
823 3697 917 3754 est,
940 3689 1026 3759 qui
1052 3694 1200 3759 putat
1220 3688 1522 3742 crudelitate
1541 3698 1776 3743 astruere
1808 3691 2068 3755 pietatem.

483 3778 628 3835 Nam
652 3788 709 3832 ut
730 3779 998 3849 paulisper
1026 3777 1375 3831 describamus
1406 3778 1634 3833 habitum
1673 3781 1801 3833 vatis
1842 3779 2071 3849 hujusce,

483 3881 560 3927 est
579 3872 625 3925 ei
646 3870 953 3923 adulterinis
973 3868 1237 3922 criniculis
1258 3868 1511 3922 hirsutum
1533 3877 1707 3940 caput,
1724 3870 1863 3923 nuda
1881 3870 2075 3925 habens

484 3972 715 4033 pectora,
746 3960 911 4031 pallio
941 3975 1094 4013 crura
1120 3960 1444 4024 semicincta,
1481 3968 1530 4013 et
1562 3977 1702 4014 more
1726 3962 2077 4031 gladiatorum

484 4060 701 4123 paratus
738 4049 809 4102 ad
845 4065 1093 4121 pugnam,
1131 4050 1325 4119 ferrum
1367 4058 1534 4120 gestat
1571 4051 1626 4103 in
1670 4051 1932 4116 manibus;
1974 4053 2077 4106 nisi

488 4141 623 4215 quod
661 4140 953 4212 gladiatore
980 4138 1126 4209 pejor
1152 4146 1248 4205 est,
1284 4140 1406 4210 quia
1438 4140 1528 4193 ille
1573 4141 1816 4196 adversus
1858 4143 2077 4198 alterum

495 4231 740 4299 dimicare
778 4230 1010 4300 cegitur;
1054 4229 1153 4281 iste
1179 4237 1361 4282 contra
1387 4245 1444 4282 se
1475 4246 1709 4301 pugnare
1736 4233 2075 4302 compellitur.

494 4318 596 4374 Ille
616 4318 794 4372 aliena
814 4319 950 4389 petit
977 4317 1194 4383 viscera,
1216 4320 1313 4371 iste
1336 4320 1548 4389 propria
1568 4320 1796 4374 membra
1825 4321 2079 4388 dilaniat;

491 4410 613 4481 et,si
643 4408 746 4462 dici
784 4416 967 4478 potest,
1001 4407 1071 4460 ad
1097 4408 1455 4461 crudelitatem
1483 4409 1630 4463 illum
1669 4412 1883 4477 lanista,
1919 4415 2079 4467 istum

2166 3236 2423 3299 inhibetis.
2448 3240 2681 3295 Dicimus
2702 3240 2859 3304 enim,
2889 3247 2945 3290 ut
2973 3234 3257 3290 Christiani
3288 3232 3531 3295 hominis,
3557 3230 3657 3282 hoc
3686 3234 3760 3280 est

2169 3336 2349 3391 mundi
2382 3334 2497 3397 viri,
2530 3332 2596 3384 sit
2629 3328 2823 3383 munda
2861 3326 3136 3398 possessio.
3173 3324 3260 3376 Ait
3288 3323 3426 3375 enim
3463 3318 3721 3373 Salomon
3748 3330 3766 3366 :

2174 3425 2447 3482 Possessio
2481 3421 2704 3492 pretiosa
2730 3419 2806 3471 vir
2833 3415 3075 3470 mundus.
3116 3414 3177 3468 Si
3206 3410 3433 3482 ergorir
3453 3424 3615 3478 purus
3645 3422 3766 3476 pos-

2172 3516 2391 3571 sessioni
2420 3513 2805 3586 pretiosissima:
2829 3516 3179 3578 comparatur,
3210 3510 3402 3573 quanto
3428 3501 3533 3553 ista
3563 3513 3769 3569 posses-

2172 3609 2250 3661 sio
2276 3606 2491 3675 majoris
2522 3611 2599 3656 est
2628 3600 2799 3671 pretii,
2832 3600 2875 3651 si
2904 3598 2970 3650 sit
2990 3598 3192 3650 sincera
3220 3601 3270 3647 et
3288 3607 3439 3662 pura,
3462 3605 3558 3642 nec
3592 3588 3767 3657 aliqua

2178 3696 2373 3752 diaboli
2402 3694 2710 3766 contagione
2736 3688 2983 3745 vilescat?

2256 3789 2323 3844 V.
2366 3787 2513 3842 Cavit
2544 3787 2666 3839 item
2694 3783 2961 3837 Maximus
3008 3795 3072 3833 ne
3099 3794 3199 3850 qua
3227 3777 3479 3831 haereseos
3514 3772 3681 3844 pestis
3716 3771 3769 3824 in

2179 3895 2328 3935 suum
2350 3864 2554 3949 gregem
2578 3873 2858 3928 invaderet.
2882 3901 2953 3913 ——
2973 3868 3081 3924 Sed
3117 3868 3243 3923 dum
3282 3864 3545 3918 Maximus
3570 3861 3771 3916 acriter

2176 3978 2368 4026 contra
2389 3966 2661 4022 ethnicam
2682 3961 3114 4033 superstitionem
3143 3956 3433 4027 pugnabat,
3457 3950 3586 4007 illud
3605 3950 3767 4005 simul

2180 4062 2405 4118 cavebat
2450 4073 2520 4113 ne
2553 4071 2661 4126 qua
2699 4056 2968 4110 haereseos
2994 4050 3161 4122 pestis
3189 4049 3243 4102 in
3266 4060 3422 4101 suum
3442 4056 3665 4113 gregem
3688 4041 3773 4094 in-

2179 4154 2416 4209 vaderet.
2451 4150 2695 4219 Cumque
2721 4152 3010 4215 cognosset
3034 4148 3294 4211 quantum
3323 4135 3551 4190 Mauetis
3578 4132 3773 4202 impie-

2182 4254 2267 4299 tas
2286 4243 2552 4298 intulisset
2578 4241 2631 4295 in
2649 4239 2852 4293 Italiam
2873 4236 3035 4290 etiam
3060 4231 3503 4286 detrimentorum
3523 4264 3539 4289 ,
3570 4236 3773 4291 magno

2183 4336 2284 4391 sibi
2323 4348 2487 4404 opere
2530 4328 2843 4385 enitendum
2894 4321 3385 4387 elaborandumque
3428 4314 3672 4386 putavit,
3717 4320 3774 4365 ut

2184 4403 2471 4481 orthodoxi
2501 4419 2767 4489 dogmatis
2801 4416 3127 4485 cognitione,
3154 4411 3408 4466 adversus
3442 4406 3615 4476 ipsam
3654 4403 3773 4456 ani-

492 4514 681 4551 numen
701 4497 958 4551 hortatur.
988 4494 1103 4549 Hoc
1121 4497 1282 4567 igitur
1306 4497 1519 4551 indutus
1549 4498 1745 4563 habitu,
1777 4501 1874 4554 hac
1895 4519 2079 4556 cruen-
2108 4474 2160 4533 ι)
2190 4531 2309 4572 mos
2346 4474 3044 4572 mgiigfrrminenéium,
3076 4474 3281 4572 hosque
3319 4500 3400 4555 sic
3443 4474 3773 4556 ittsliluerel.

495 4596 575 4641 tus
613 4585 782 4649 ccede,
808 4584 1043 4656 judicate
1080 4594 1252 4639 utrum
1298 4586 1563 4657 gladiator
1608 4590 1676 4641 sit
1708 4605 1778 4642 an
1816 4592 2077 4646 sacerdos.

492 4674 574 4731 Ita
614 4684 833 4732 sanctus
854 4677 1079 4733 antistes
1100 4692 1223 4732 cum
1258 4678 1606 4733 sacerdotum
1630 4680 1748 4750 ejus
1769 4684 1980 4750 generis
2005 4683 2084 4739 l‘e-

493 4769 674 4824 rinum
716 4778 985 4835 ornatum,
1021 4777 1184 4840 atque
1223 4755 1497 4825 inimicam
1540 4781 1744 4827 natura:
1786 4774 2081 4842 hominum,

496 4858 782 4930 diramque
820 4859 1196 4915 crudelitatem
1230 4858 1646 4930 descripsisset,
1678 4871 1791 4918 tum
1818 4880 2081 4921 conversa

496 4950 565 5008 ad
585 4951 731 5005 cives
752 4951 844 5020 qui
867 4950 1095 5005 aderant
1115 4952 1381 5018 oratione,
1406 4952 1652 5008 hortatus
1676 4969 1772 5010 eos
1795 4958 2083 5013 vehemen-

497 5047 583 5094 ter
602 5039 785 5094 fuitut
825 5040 881 5094 in
902 5043 1218 5094 memoriam
1240 5026 1503 5109 redirent,
1529 5058 1634 5112 qua
1656 5046 1773 5114 lege
1801 5047 1869 5102 ab
1900 5048 2080 5105 Hono-

498 5132 581 5187 rio
613 5131 853 5204 Augusto
883 5131 1155 5187 sublatum
1183 5141 1328 5187 esset
1354 5143 1627 5195 certamen
1656 5138 2031 5200 gladiatorium
2063 5160 2077 5209 ;

573 5330 649 5402 (a)
679 5328 877 5414 Homil.
909 5326 1179 5414 “5,_pag.
1209 5330 1315 5386 382
1342 5346 1459 5400 seq.
1497 5332 1852 5414 :‘Haereticos,
1886 5338 2075 5414 inquit,

497 5399 679 5482 omne:
704 5399 933 5482 arbitror
958 5399 1191 5482 vulpibus
1218 5399 1616 5482 comparandos,
1645 5408 1730 5476 qui
1758 5399 1873 5482 cum
1895 5399 1975 5482 _in'
1993 5399 2085 5464 do;

500 5487 584 5525 mo
631 5468 844 5553 Domini
887 5468 1119 5553 habitare
1166 5487 1270 5526 non
1311 5468 1542 5540 possint,
1588 5468 1937 5553 conventicula
1983 5479 2083 5533 sibi

502 5540 930 5622 ιιιιιιςᾴαπιλδειιέιὶ⁸
956 5541 1131 5622 foveas
1166 5551 1489 5622 pristini-ant"
1484 5543 1795 5622 tenebrosus,
1825 5547 1880 5622 in
1901 5549 2081 5618 quibus

504 5609 834 5685 pertinaciter
853 5609 1071 5685 latentes
1094 5609 1416 5685 insidiantur
1440 5609 1707 5685 Ecclesiae,
1722 5625 1791 5685 ut
1813 5618 1857 5670 si
1877 5609 1977 5685 qua
1994 5620 2079 5671 in-

507 5694 694 5733 nocens
732 5680 909 5733 anima
946 5680 1080 5747 {orte
1117 5681 1443 5747 processerit,
1474 5682 1606 5736 velut
1640 5683 1834 5747 pullum
1872 5680 2081 5751 gallina!

2186 4616 2247 4663 ut
2275 4607 2318 4661 si
2345 4606 2397 4660 in
2430 4620 2589 4673 quem
2619 4602 2759 4657 forte
2795 4599 3104 4655 incidissent
3129 4595 3222 4663 qui
3261 4592 3314 4646 id
3350 4592 3622 4645 haereseos
3643 4602 3777 4656 por-

2188 4706 2394 4753 tentum
2424 4695 2667 4761 ingerere
2696 4692 2826 4762 ipsis
2852 4689 3031 4754 vellet,
3067 4700 3190 4741 eum
3218 4684 3538 4750 dignoscere
3572 4676 3779 4741 vitare-

2188 4802 2295 4858 que
2339 4792 2578 4855 possent.
2618 4782 2786 4837 Norat
2820 4780 2971 4834 enim
3008 4774 3289 4831 hzeretieos
3332 4771 3470 4827 clam
3510 4766 3779 4839 immeritis

2192 4878 2528 4946 incautisque
2574 4874 2797 4930 insidias
2834 4872 3100 4926 instruere
3144 4866 3340 4932 solere,
3371 4878 3400 4917 a
3430 4860 3631 4931 quibus
3656 4858 3779 4915 dili-

2190 4978 2379 5040 genter
2414 4967 2609 5035 cuique
2646 4965 2736 5029 sit,
2768 4962 3080 5029 naviterque
3106 4954 3402 5014 cavendum
3435 4952 3537 5023 (a).
3570 4946 3778 5024 [αυτ]

2192 5060 2369 5126 Quare
2412 5056 2541 5111 illud
2572 5055 2820 5109 universe
2864 5046 3240 5105 animadvertit
3284 5061 3299 5099 :
3346 5058 3469 5100 cum
3517 5040 3778 5097 novitatis

2192 5162 2369 5221 prava:
2393 5146 2756 5202 studiosorum
2783 5157 2901 5197 mos
2925 5140 2997 5195 sit
3020 5146 3080 5194 ut
3116 5153 3222 5194 una
3249 5137 3460 5193 ratione
3484 5132 3671 5187 metiri
3699 5129 3778 5185 di-

2182 5343 2366 5397 matris
2412 5337 2789 5394 absorbeant...
2846 5335 3079 5391 Vitemus
3119 5349 3258 5403 ergo,
3304 5332 3514 5403 fratres,
3562 5329 3775 5403 vi'emus

2180 5413 2451 5491 pestiferos
2478 5409 2705 5491 vulpium
2732 5407 3092 5491 insidiantium
3120 5399 3545 5491 dolos,.;viternus
3584 5399 3772 5491 marti-

2182 5468 2325 5553 '[eras'
2350 5468 2780 5551 nequissimon
2805 5475 3148 5531 animantium
3176 5471 3632 5553 captionesque...
3657 5468 3770 5553 [rs-

2181 5535 2294 5604 ctus
2313 5535 2609 5603 nostrarum
2629 5554 2876 5616 segetum,
2897 5535 3256 5616 perversurum
3274 5539 3581 5616 damnatum
3596 5535 3774 5604 vulpes

2184 5630 2275 5673 aut
2316 5618 2623 5671 insidiarum
2673 5608 2971 5685 deceptione
3020 5613 3252 5683 capiant,
3310 5608 3402 5662 aut
3441 5608 3772 5678 ﬂammarum

2185 5689 2457 5743 adustione
2483 5695 2808 5741 consumant.
