3898 6226
148 358 228 413 iis
1252 350 1404 407 VITA
1440 350 1497 405 S.
1536 348 1780 404 MAXIM!
1818 345 2287 404 TAURINENSIS.

3307 346 3410 401 ΗΒ

146 473 248 527 vina
280 484 531 539 qumque,
579 467 875 539 longisque
925 464 1372 536 disputationibus
1417 464 1713 533 implicare,
1742 469 1790 527 Α
1822 478 1973 518 noue
2021 463 2154 531 legis
2204 468 2687 517 sacramentorum.
2742 460 2861 516 Non
2904 459 3148 517 nominat
3192 461 3407 531 quidem

145 572 281 632 atque
309 562 586 616 involvere
616 568 894 616 conentur
934 558 1044 630 (a),
1082 548 1371 614 curandum
1412 555 1718 611 orthodoxo

144 667 243 706 esse
260 666 324 705 ne
343 666 466 705 cum
487 651 556 704 iis
592 650 791 718 jungat
822 648 1260 704 consuetudinem
1297 648 1390 717 (ὁ).
1436 647 1567 701 lude
1596 661 1718 701 sua-

144 758 241 796 rum
266 757 380 796 esse
405 740 594 795 ovium
615 747 806 810 partes
847 748 1031 794 monet
1068 748 1127 793 ut
1162 738 1383 793 credant
1408 754 1571 791 unum
1598 753 1718 793 esse

145 832 306 893 Deum,
328 831 419 901 qui
440 845 509 885 ex
532 830 708 885 nihilo
730 830 1111 899 aspectabilem
1132 830 1274 883 hunc
1289 828 1543 881 mundum
1564 844 1717 883 crea-

146 922 207 973 vit
231 919 326 990 (c);
360 934 463 975 nec
514 920 614 973 ulli
647 920 955 973 auscultent
991 918 1082 986 qui
1122 916 1321 971 audeat
1362 918 1589 982 ratione,
1620 934 1715 973 seu

146 1009 300 1076 potius
323 1008 591 1061 arbitratu
622 1024 723 1062 suo
753 1004 819 1061 de
848 1006 1106 1062 Creatore
1126 1016 1381 1062 statuere.
1405 1006 1715 1076 Investigari

144 1113 345 1166 namque
384 1098 503 1152 sola
543 1097 767 1151 ratione
815 1113 923 1150 non
964 1112 1143 1166 posse,
1188 1098 1261 1150 ait
1294 1116 1305 1149 :
1343 1095 1609 1159 Quomodo
1649 1114 1715 1151 ea:

144 1186 279 1238 nihilo
319 1186 489 1244 factus
542 1195 626 1239 est
672 1185 928 1249 mundus,
970 1186 1152 1239 caelum
1198 1188 1336 1239 unde
1375 1185 1711 1255 resplenduit,

145 1291 365 1343 aquarum
390 1283 589 1346 utquor,
619 1285 771 1329 terrae
792 1275 1031 1329 soliditas
1051 1293 1151 1346 qua
1172 1278 1375 1328 ratione
1395 1275 1712 1340 subsistunt;

145 1367 369 1433 quomodo
404 1368 565 1420 etiam
618 1367 685 1420 de
725 1375 861 1420 terra
906 1368 1076 1432 homo,
1122 1370 1185 1421 de
1221 1368 1450 1421 masculo
1498 1369 1708 1438 femina,

146 1456 336 1525 itemque
373 1474 465 1527 per
514 1459 776 1527 feminam
814 1459 1105 1523 masculus;
1157 1459 1279 1529 quid
1315 1459 1445 1512 illud
1486 1468 1560 1511 est
1597 1467 1713 1528 post

146 1548 310 1609 omnia,
340 1547 474 1617 quod
497 1548 677 1601 lumen
706 1548 867 1618 gignit
897 1565 959 1600 ac
987 1548 1253 1612 tenebras;
1290 1549 1426 1619 quod
1457 1551 1609 1602 vitam
1632 1552 1715 1619 fa-

146 1634 201 1685 cit
225 1652 278 1686 ac
303 1645 534 1689 mortem.
572 1636 708 1690 Post
739 1655 752 1689 :
778 1636 837 1691 Si
867 1655 1006 1707 ergo,
1038 1639 1225 1707 inquit,
1262 1648 1307 1691 te
1332 1641 1519 1708 ipsum,
1544 1655 1573 1691 ο
1614 1639 1709 1691 ho-

146 1739 232 1783 mo,
252 1732 295 1775 et
321 1741 431 1793 qua:
449 1735 670 1795 prapter
694 1734 741 1777 te
762 1727 904 1796 facta
931 1736 1065 1790 sunt,
1098 1730 1318 1797 qualiter
1338 1738 1426 1781 aut
1454 1728 1587 1781 unde
1608 1729 1711 1781 sint

1824 552 2089 606 Maximus
2115 551 2457 617 Manichzeos,
2482 550 2575 620 qui
2603 550 2772 605 malas
2798 564 2919 605 esse
2945 550 3179 620 nuptias,
3208 551 3407 619 quique

1820 643 2020 696 malum
2060 657 2197 708 esse,
2228 650 2390 710 atque
2414 656 2445 695 a
2474 640 2616 695 malo
2656 640 2921 711 principio
2949 639 3223 694 conditum
3246 655 3406 693 inun-

1821 732 1950 786 dum
1979 733 2123 786 hunc
2163 731 2263 785 sub
2311 746 2501 785 sensus
2546 731 2865 796 cadentem;
2897 729 3211 798 illatumque
3241 728 3406 784 Vetus

1820 820 2222 875 Testamentum
2264 820 2629 891 (Marcionem
2683 820 2921 890 aliasque
2964 828 3145 888 pestes
3192 820 3406 888 generis

1818 910 2058 978 ejusdem
2086 912 2276 982 secuti)
2306 912 2648 981 pugnabant;
2680 910 2776 965 sed
2804 910 3141 966 sanctissimo
3190 910 3405 981 praesuli

1818 1017 1925 1056 non
1956 1009 2063 1055 tam
2094 1011 2209 1056 erat
2236 1018 2396 1068 curae,
2446 1011 2506 1057 ut
2534 1004 2749 1057 nomina
2787 1011 3055 1057 sectarum
3085 1003 3229 1057 cives
3276 1018 3406 1057 nos-

1815 1098 1935 1147 sent
1975 1093 2086 1153 sui.
2126 1108 2287 1161 quam
2318 1102 2377 1147 ut
2405 1093 2659 1162 dogmata
2682 1094 2883 1148 scirent
2928 1092 3250 1147 orthodoxae
3279 1092 3405 1146 reli-

1815 1182 2008 1251 gibnis,
2032 1183 2225 1251 quibus
2252 1183 2590 1250 dogmatibus
2618 1182 2865 1252 cognitis,
2898 1182 3158 1238 sectarios
3182 1182 3404 1250 detege-

1814 1285 1874 1325 re
1902 1286 1967 1326 ac
1993 1271 2255 1340 repellere
2278 1279 2393 1326 tuto
2422 1279 2660 1340 possent.

1886 1359 2065 1426 Quare
2094 1360 2183 1414 ille
2210 1360 2567 1428 quorumdam
2588 1361 2967 1416 hmreticorum
2998 1360 3091 1429 qui
3124 1376 3219 1415 sua
3242 1367 3403 1415 actate

1814 1453 1866 1507 in
1906 1454 2157 1520 regiones
2198 1453 2451 1505 linitimas
2499 1452 2859 1521 invasissent,
2904 1452 3404 1520 circumvenireque

1815 1545 2095 1614 imperitos
2123 1560 2323 1609 rerum,
2361 1554 2523 1612 atque
2556 1546 2803 1600 incautos
2828 1553 3178 1613 conarentur,
3207 1546 3403 1600 tacitus

1813 1638 2052 1706 praeterit
2092 1636 2550 1705 appellationem;
2593 1637 2697 1691 hoc
2726 1652 2833 1692 uno
2861 1646 3189 1705 contentus,
3232 1645 3290 1689 ut
3332 1652 3403 1691 ne

1813 1727 1931 1795 quis
1977 1727 2109 1781 civis
2153 1728 2423 1795 ignoraret
2468 1742 2586 1795 qua:
2640 1727 2879 1796 ipsorum
2936 1736 3080 1782 esset
3126 1726 3397 1797 impietas.

148 1812 267 1880 facta
308 1814 738 1883 comprehendere
784 1832 888 1868 non
936 1817 1093 1881 vales,
1142 1834 1241 1888 qua
1288 1821 1703 1887 prwsumptione,
1738 1818 1994 1891 Bltaque
2039 1818 2256 1887 quinam
2325 1817 2401 1871 illi
2453 1816 2691 1872 hieretici
2747 1815 2944 1871 fuerint
3004 1818 3399 1887 incompertum

149 1916 285 1967 quare
330 1904 569 1968 stultitia,
628 1913 766 1957 tuum
810 1906 991 1974 ipsius,
1042 1915 1191 1977 atque
1230 1908 1459 1960 omnium
1504 1908 1716 1961 discutis

152 1988 563 2048 Cassronu?...
597 1994 748 2061 Hcce,
782 1997 1061 2061 carissimi,
1105 1999 1296 2051 rationi
1320 2014 1456 2051 cwca
1479 2008 1615 2065 sunt,
1647 2000 1715 2068 ﬁ-

153 2079 220 2133 dei
257 2084 542 2153 manifesta.
597 2083 740 2137 Tunc
769 2086 906 2139 enim
934 2096 1083 2155 parte
1109 2104 1173 2141 ea:
1218 2087 1392 2159 aliqua
1431 2088 1717 2157 indeﬁnite:

151 2173 405 2240 majestatis
432 2176 546 2245 ejus
576 2178 861 2245 poterimus
888 2178 1139 2231 immensa
1169 2178 1371 2240 rimari,
1404 2180 1447 2231 si
1480 2179 1716 2232 adverta-

148 2275 241 2313 Inus
264 2263 418 2331 qualis
438 2274 765 2337 quantusque
802 2268 870 2320 sit
903 2266 1038 2321 Deus
1066 2284 1097 2320 a
1136 2267 1284 2321 nobis
1315 2285 1416 2321 non
1451 2286 1600 2338 posse
1628 2286 1715 2322 co-

148 2356 316 2420 gnosci,
338 2364 389 2406 ut
412 2358 485 2408 ait
519 2354 776 2411 Dominus
798 2358 867 2411 ad
888 2358 1102 2429 Moysen
1137 2377 1152 2413 :
1179 2359 1253 2412 Tu
1292 2371 1461 2413 autem
1483 2378 1587 2414 non
1613 2379 1711 2426 po-

150 2444 254 2495 teris
272 2444 433 2498 ridere
460 2449 651 2517 faciem
693 2465 880 2510 meam,
922 2450 975 2502 id
998 2458 1091 2514 est,
1124 2468 1227 2503 non
1250 2460 1391 2520 potes
1420 2451 1714 2505 carnalibus

151 2533 288 2585 oculis
324 2552 524 2600 meam,
569 2540 723 2591 sicuti
766 2548 873 2603 est,
914 2541 1170 2609 inspicere
1216 2540 1476 2595 deitatem.
1524 2541 1713 2595 Beatus

149 2638 338 2694 namque
375 2625 545 2681 David
586 2631 825 2681 uirtutem
856 2632 1242 2699 omnipotentiw
1271 2632 1384 2701 ejus
1415 2633 1707 2696 intendens,

151 2712 404 2778 clamabat,
432 2717 617 2770 dicens
660 2734 677 2770 :
727 2718 997 2771 Mirabilia
1039 2738 1196 2789 opera
1238 2730 1340 2785 tua,
1377 2712 1613 2787 Domine,
1664 2732 1710 2774 et

151 2804 299 2857 anima
326 2823 434 2858 mea
462 2810 607 2860 novit
628 2808 795 2861 valde.
830 2808 993 2863 Valde
1014 2812 1150 2864 enim
1174 2811 1363 2865 sciebat
1391 2816 1565 2867 anima
1586 2832 1708 2884 pro-

151 2891 341 2958 phetalis
380 2913 538 2963 opera
561 2896 662 2951 Dei
692 2915 893 2952 omnem
915 2901 1294 2954 meditationem
1316 2904 1557 2959 humana:
1576 2922 1713 2957 men-

152 2982 203 3033 tis
226 2986 478 3052 excedere,
510 2997 727 3057 prapter
765 2990 900 3059 quod
943 2993 1356 3059 sapientissimus
1385 2996 1706 3063 patriarcha,

150 3074 354 3129 mortalis
381 3095 561 3139 sensus
608 3082 877 3134 conclusus
921 3084 1199 3151 angustiis,
1240 3101 1352 3154 qua:
1403 3085 1711 3156 investigare

1818 1916 1917 1962 est.
1953 1906 2067 1961 Hoc
2096 1908 2361 1973 novimus,
2393 1906 2556 1962 fuisse
2586 1907 2689 1961 illis
2716 1908 3053 1977 praepositos,
3083 1923 3221 1977 quos
3247 1924 3400 1977 pres-

1815 2000 2031 2070 byteros
2059 1998 2422 2067 appellabant.
2471 1997 2566 2051 His
2604 1998 2877 2064 negotium
2921 1998 3084 2052 fuisse
3115 1998 3299 2052 datum
3340 2006 3401 2053 ut

1815 2089 1951 2143 laico
1971 2130 1986 2156 ,
2027 2088 2119 2157 qui
2146 2103 2243 2142 sua
2284 2088 2412 2157 ipsis
2448 2096 2671 2158 peccata
2700 2087 3071 2157 conﬁteretur,
3101 2103 3210 2142 non
3235 2088 3399 2157 jube-

1812 2185 1932 2231 rent
1960 2186 2017 2230 ut
2037 2177 2398 2246 resipisceret,
2426 2184 2593 2245 utque
2632 2178 2871 2233 crimina
2898 2193 2993 2232 sua
3034 2178 3398 2233 detestaretur

1814 2275 1975 2335 atque
2003 2265 2262 2332 deﬁeret;
2293 2266 2387 2320 sed
2419 2273 2623 2319 tantum
2653 2268 2893 2336 pecunia:
2922 2267 2991 2322 ad
3022 2268 3397 2323 remissionem

1814 2358 2164 2427 imperarent,
2191 2367 2451 2426 quantum
2481 2358 2583 2429 ipsi
2614 2366 2933 2425 statuerent,
2956 2360 3092 2413 solvi
3120 2367 3395 2430 oportere.

1814 2449 1889 2503 Ne
1918 2465 2047 2504 vero
2076 2450 2136 2503 hi
2181 2450 2491 2520 quempiam
2535 2448 2804 2518 fallerent,
2845 2449 3110 2505 Maximus
3138 2450 3398 2505 advocata

1812 2540 2094 2605 concione,
2126 2540 2202 2593 sic
2229 2547 2312 2593 est
2339 2540 2593 2608 populum
2631 2539 2893 2594 allocutus
2922 2539 2990 2611 (j)
3023 2558 3035 2593 :
3068 2539 3260 2593 Mirari
3294 2555 3397 2594 non

1813 2615 2053 2683 debemus
2091 2630 2227 2700 quod
2262 2628 2556 2699 hujusmodi
2594 2629 2821 2682 hmretici
2858 2632 2913 2683 in
2951 2636 3130 2683 nostra
3156 2628 3397 2682 aberrare

1813 2723 2054 2789 eruperint
2082 2721 2309 2790 regione.
2342 2719 2558 2790 Semper
2584 2721 2722 2773 enim
2751 2736 2954 2791 gregem
2984 2721 3151 2773 ovium
3178 2720 3397 2772 insidia~

1814 2819 1893 2865 tor
1920 2811 2068 2880 lupus
2099 2812 2354 2880 sequitur;
2398 2827 2597 2876 semper
2624 2808 2978 2863 Christianum
3007 2820 3188 2865 cretum
3217 2810 3397 2863 diabo-

1813 2902 1889 2955 lus
1918 2901 2156 2967 deceptor
2185 2902 2435 2953 incursat.
2473 2898 2624 2962 Quod
2652 2900 2854 2971 quidem
2878 2900 2939 2970 ﬁt
2958 2902 3173 2961 utiliter,
3204 2908 3261 2952 ut
3289 2900 3397 2953 sol-

1812 2994 2030 3046 licitiore
2053 2992 2287 3044 custodia
2316 3008 2413 3044 nec.
2429 3008 2632 3061 gregem
2660 2993 2763 3044 ovis
2786 2991 3009 3055 deserat,
3033 3008 3127 3044 nec
3148 2989 3397 3044 Christia~

1812 3100 1906 3135 nus
1951 3081 2239 3135 Ecclesium
2281 3081 2618 3151 derelinquat.
2669 3080 2818 3134 Unde
2855 3089 2904 3134 et
2951 3082 3226 3152 Apostolus
3272 3082 3396 3133 ait:

150 3177 237 3213 non
262 3175 451 3233 poterat
486 3168 847 3222 mirabatur...
882 3170 995 3223 Hoc
1032 3175 1218 3240 ipsum,
1252 3174 1385 3243 quod
1416 3176 1704 3244 incompre-
1736 3183 1778 3243 C
1814 3172 2026 3240 Oportet
2066 3173 2221 3225 etiam
2261 3171 2481 3225 haereses
2522 3173 2763 3237 existere,
2791 3179 2846 3223 ut
2887 3170 3089 3241 probati
3132 3171 3398 3241 manifesti

150 3250 382 3307 hensibilis
414 3264 489 3308 est
518 3256 682 3319 Deus,
710 3260 882 3311 anima
906 3262 1016 3330 ejus
1042 3260 1299 3332 (Davidis)
1324 3274 1550 3325 noverat,
1584 3281 1705 3319 caro

149 3344 311 3395 sentire
347 3362 445 3398 non
489 3357 717 3418 poterat.
752 3349 933 3403 Omnis
962 3369 1082 3421 ergo
1114 3354 1198 3422 qui
1226 3370 1381 3420 opera
1416 3353 1515 3406 Dii
1543 3360 1706 3425 magis

150 3436 234 3487 tult
272 3442 570 3494 examinare
616 3459 770 3512 quam
819 3443 1045 3509 credere,
1100 3462 1203 3498 non
1242 3447 1468 3515 sequitur
1518 3449 1707 3502 anima:

150 3537 348 3590 sensum,
392 3531 483 3581 sed
509 3546 741 3583 errorem
783 3529 881 3601 (d).
920 3532 1112 3586 Datum
1150 3542 1409 3603 praeterea
1447 3534 1707 3591 Maximus

149 3611 373 3671 divinitus
409 3616 580 3671 Vetus
621 3618 1024 3675 Testamentum
1057 3622 1127 3691 (e)
1176 3624 1379 3688 scribit,
1428 3625 1579 3693 cujus
1626 3634 1705 3681 est

149 3704 339 3770 spiritus
367 3724 503 3762 unus
547 3724 610 3763 ac
640 3709 795 3775 Novi,
828 3712 1068 3782 miraque
1108 3728 1229 3768 cum
1258 3715 1408 3769 Novo
1433 3716 1549 3784 ipso
1571 3732 1703 3771 con-

149 3794 302 3849 sensio
328 3800 410 3868 (f).
443 3799 613 3853 Docet
662 3798 835 3855 Patris
879 3804 1068 3857 interni
1106 3804 1200 3857 Dei
1230 3804 1420 3858 Filium
1445 3814 1705 3862 mternum

151 3878 293 3937 Deum
331 3887 619 3941 humanam
673 3890 774 3942 sibi
817 3892 1166 3960 assumpsisse
1213 3902 1488 3957 naturam,
1541 3904 1705 3964 utque

154 3968 414 4041 hominem,
448 3994 557 4031 non
590 3981 887 4046 apparenti,
921 3981 1014 4034 sed
1044 3996 1174 4036 vero
1202 3984 1480 4050 prmditum
1511 3998 1705 4055 corpo-

151 4074 217 4124 re,
253 4080 366 4121 vere
411 4084 632 4137 passum
681 4079 1059 4139 mortuumque
1101 4071 1281 4138 fuisse,
1325 4077 1700 4143 resurrexisse,

152 4156 421 4212 ascendisse
443 4159 494 4212 in
526 4159 723 4213 ccelum
755 4159 852 4229 (g),
875 4160 1104 4230 indeque
1129 4178 1269 4229 esse,
1300 4172 1356 4217 ut
1384 4165 1535 4220 vivos
1555 4182 1697 4220 mor-

152 4249 349 4315 tuosque
369 4248 608 4316 judicet,
639 4249 989 4305 adventuram
1018 4252 1115 4323 (It).
1162 4253 1342 4325 [θην]
1372 4254 1703 4312 Constitutas

151 4329 256 4385 item
297 4337 366 4390 ait
404 4338 573 4393 fuisse
613 4355 645 4392 a
686 4340 797 4394 Deo
828 4344 1061 4411 nuptias,
1093 4359 1226 4413 quas
1266 4346 1523 4415 deinceps
1547 4349 1700 4402 Chri-

150 4425 245 4475 stus
282 4427 623 4483 sanctiﬁcarit
672 4429 766 4499 (i),
816 4444 912 4485 seu
956 4432 1012 4488 in
1059 4448 1339 4492 numerum
1390 4440 1701 4507 provexerit

228 4622 276 4698 ξι)
296 4623 487 4698 homil.
520 4624 620 4698 89..
644 4641 764 4698 pas-
791 4627 912 4685 300-

225 4693 270 4759 b)
296 4692 485 4772 Homil.
522 4692 800 4767 {OL—pag.
999 4697 1151 4755 Circa
1176 4702 1301 4772 ﬁdei
1333 4703 1525 4759 donum
1552 4708 1698 4761 solli-

1811 3263 1944 3330 fiant
1994 3263 2127 3313 inter
2174 3278 2281 3314 vos.
2336 3261 2601 3331 Tanquam
2649 3263 2691 3315 si
2732 3262 2923 3315 diceret
2965 3278 2981 3315 :
3028 3260 3244 3331 Oportet
3281 3280 3404 3316 esse.

1813 3350 2125 3404 Christianis
2152 3352 2272 3419 ﬁdei
2293 3368 2537 3421 pugnam,
2570 3361 2625 3403 ut
2652 3354 2720 3405 sit
2748 3351 2976 3422 probatis
3001 3362 3139 3406 certa
3160 3354 3394 3407 victoria.

1816 3440 1986 3504 Nunt,
2020 3450 2074 3493 ut
2104 3457 2277 3494 eorum
2319 3442 2526 3505 interim
2568 3441 2909 3512 blasphemias
2938 3460 3276 3515 seponamus,
3310 3462 3395 3498 re-

1814 3538 2045 3583 teramus
2081 3548 2192 3601 qua:
2227 3540 2344 3583 sunt
2372 3532 2601 3600 ipsorum
2640 3540 2897 3603 praecepta
2924 3534 3140 3587 vivendi.
3176 3534 3396 3603 Praepo-

1814 3622 1900 3675 siti
1950 3639 2144 3685 eorum,
2196 3639 2319 3693 quos
2377 3622 2697 3692 presbyteros
2745 3633 2959 3687 vocant,
2998 3625 3238 3679 dicuntur
3290 3624 3400 3678 tale

1810 3713 1995 3766 habere
2016 3714 2338 3774 mandatum,
2354 3715 2410 3765 ul
2435 3715 2480 3766 si
2510 3716 2621 3783 quis
2644 3714 2891 3767 laicorum
2922 3716 3091 3785 fassus
3108 3716 3264 3785 fuerit
3284 3716 3393 3767 cri-

1809 3821 1922 3857 men
1952 3805 2253 3866 admissum,
2298 3819 2400 3857 non
2441 3804 2577 3857 dicat
2598 3805 2676 3857 illi
2706 3822 2723 3857 :
2759 3806 2866 3874 Age
2894 3808 3269 3874 paenitentiam,
3296 3798 3391 3860 de-
3481 3858 3485 3869 ,

1808 3895 1956 3963 plora
1986 3896 2124 3965 facta
2165 3903 2271 3955 tua,
2312 3894 2443 3962 deﬂe
2476 3903 2714 3964 peccata;
2740 3896 2830 3948 sed
2851 3897 3025 3950 dicat:
3048 3896 3155 3950 Pro
3178 3898 3393 3950 crimine

1806 3984 1875 4036 da
1906 3992 2104 4037 tantum
2133 3985 2293 4049 mihi,
2340 3992 2389 4037 et
2418 3984 2713 4059 indulgetur
2751 3985 2859 4039 tibi.
2902 3986 3081 4040 Vanus
3123 3988 3310 4058 plane,
3342 3998 3391 4041 et

1804 4077 2056 4142 insipiens
2082 4076 2363 4147 presbyter,
2392 4080 2478 4147 qui
2509 4094 2622 4131 cum
2653 4079 2738 4132 ille
2767 4079 2998 4148 prazdam
3027 4082 3267 4150 accipiat,
3291 4097 3391 4151 pu—

1807 4175 1908 4232 tat,
1943 4169 2078 4235 quod
2118 4179 2381 4238 peccatum
2416 4169 2648 4223 Christus
2705 4171 2989 4242 indulgeat.
3049 4170 3230 4225 Nescit
3272 4174 3394 4237 quia

1807 4254 2050 4310 Salvator
2089 4259 2216 4311 solet
2244 4270 2452 4329 peccata
2494 4260 2705 4323 donare,
2738 4270 2789 4313 et
2821 4277 2914 4328 pro
2944 4260 3129 4314 delicto
3164 4278 3392 4331 quwrere

1804 4350 2054 4418 pretiosas
2095 4350 2373 4419 lacrgmas,
2421 4367 2524 4404 non
2572 4353 2818 4422 pecunias
2868 4368 3190 4406 numerosas.
3244 4352 3393 4406 Unde

1801 4440 1912 4510 ipse
1933 4442 2007 4493 ait
2031 4457 2048 4494 :
2081 4439 2254 4494 Gratis
2286 4442 2575 4512 accepistis,
2600 4444 2761 4513 gratis
2790 4444 2975 4500 date...
3001 4445 3232 4511 Suscipit
3253 4445 3392 4497 dona

1726 4640 1780 4701 Ι)
1877 4637 1957 4779 μζ
2000 4638 2198 4720 llomil.
2230 4638 2314 4702 ll,
2342 4654 2464 4709 pag.
2496 4638 2586 4701 5i,
2616 4648 2670 4695 et
2690 4656 2851 4696 serm.
2885 4643 2971 4709 80,
3003 4661 3123 4716 pag.
3153 4650 3271 4703 605.

1898 4727 1931 4778 g
1983 4708 2117 4762 Vide
2148 4708 2352 4779 [it-gelat.
2382 4724 2525 4762 num.
2554 4710 2604 4774 5,
2632 4725 2752 4779 pag.
2785 4712 2843 4763 ll
2874 4730 3047 4779 seqq.,
3084 4727 3138 4773 et
3174 4736 3271 4774 nun

1983 4708 2117 4762 Vide
2148 4708 2357 4785 praefat.
2382 4724 2529 4785 num.
2554 4710 2604 4785 ᾗ,
2632 4725 2752 4780 pag.
2785 4712 2853 4785 ll_
2874 4708 3047 4785 sequ,
3075 4708 3138 4773 ct
3174 4736 3322 4775 num.
3355 4722 3391 4775 Δ

149 4762 361 4856 5516332
373 4762 739 4856 fama?!
752 4762 775 4856 ῖ
776 4769 1004 4856 resedi,
1052 4779 1103 4823 ει
1147 4762 1215 4856 eid
1258 4776 1701 4856 πετραίαηιηεάιέε
1800 4762 1975 4856 sedi}.
2004 4791 2125 4856 pag.
2148 4762 2230 4829 ‘45
2480 4762 2571 4833 ubi
2592 4762 2807 4856 ’ντςθιὲῖιὶηί
2826 4762 3385 4856 ὺὲῐιὲῗρέτέεὲἕὶἰὶἱιιῗ

148 4835 978 4932 :egt‘is‘diotiqge‘sﬁmpeqesseo
997 4844 1212 4932 armati,
1238 4858 1331 4897 nec
1358 4846 1459 4932 {ita
1492 4835 1700 4916 [allici-
1801 4835 2202 4932 que'h'pipinem
2238 4835 2569 4932 osténdimus
2597 4866 2627 4903 a
2654 4835 2892 4932 Maximo
2906 4835 3383 4932 ,Eéai’iidﬁ‘é'z'g.

148 4902 462 4999 ξνξίίξζς-
940 4902 1265 4999 iselletfnim
1303 4914 1407 4999 spr
1442 4902 1703 4999 pfwterrtu
1799 4902 1987 4999 pellari
2016 4915 2306 4999 Christum.
2334 4916 2468 4972 Cum
2481 4927 2670 4999 autem
2688 4902 2939 4977 thiasis;
2946 4902 3383 4999 EEEiEiB‘EFpB'i-

146 4974 1017 5066 ξρΔε-ξξήιξῗξείίξςςςπςςεηῆιξειεεε
1062 4979 1155 5032 sub
1194 4974 1697 5066 pocabulo'hominis
1800 4974 2001 5066 Tectum
2052 4987 2356 5066 hominem;
2407 4990 2584 5042 anima
2632 4974 2825 5058 certe,
2854 4974 2921 5047 et
2948 4974 3387 5066 66653??th

146 5036 394 5126 Emisitiani
414 5036 1083 5126 .hmreticufsnsubintrare,
1122 5052 1208 5121 qui
1254 5052 1323 5103 ad
1368 5036 1696 5126 decipiendos

146 5110 645 5209 ligati"?
668 5113 940 5209 Eligisqu
965 5117 1017 5170 ir
1066 5110 1154 5209 pre
1181 5110 1696 5209 portat;md‘iaboluin
1797 5110 1914 5194 quit
1954 5110 2535 5209 hlaxiinussermall,
2570 5110 3387 5209 pigi'ée‘i,"aﬁsih'i'ei'iiiﬁiiﬂ

145 5185 558 5275 gle‘r‘it‘iq'cprfl‘e
573 5193 636 5275 Aet
662 5201 798 5275 e‘uLmL
816 5186 1022 5275 quidem
1060 5185 1239 5275 lingua
1266 5185 1571 5275 conﬁtetur,
1605 5195 1696 5275 sed
1796 5185 2019 5275 constat.
2050 5194 2165 5248 Una
2193 5185 2307 5249 sine
2326 5185 2805 5275 αιιενοίῶείὰηςια
2832 5185 2894 5254 ac
2914 5185 3383 5275 diiiipiia'iiziiii

146 5250 639 5340 Etiblasphemat.
769 5250 866 5340 hoc
894 5257 1051 5338 igitur
1080 5250 1278 5340 oportet
1305 5250 1508 5330 penitus
1537 5250 1697 5316 decli-
1797 5273 1891 5317 est.
1927 5264 2003 5318 De
2048 5280 2172 5319 vere
2202 5282 2380 5340 passo,
2414 5250 3377 5339 manubias"viiEnHECSéSiB'I'Fé:

298 5283 639 5336 υμιομςιεηιιιι.
662 5283 739 5335 [ἓν
769 5283 863 5308 (tuo
895 5283 1051 5338 ιυιξῑη·
1080 5283 1275 5327 oportet
1305 5283 1508 5330 penitus
1537 5283 1697 5316 αεειι-
1797 5283 1891 5317 εδι.
1927 5283 2003 5318 υθ
2048 5283 2172 5319 vere
2238 5283 2380 5329 8550,
2414 5283 2647 5332 mortuo,
2682 5283 2749 5323 ad
2792 5283 2956 5325 Vitam
2980 5287 3254 5339 Γενοοθιο.
3288 5295 3377 5334 re-

148 5332 261 5407 ιηιξξἲ
279 5336 362 5407 περ
381 5327 568 5407 aliqui:
582 5328 1117 5407 societat‘encongungi,
1137 5336 1257 5407 _etc._
1274 5400 1297 5407 η
1540 5402 1582 5407 Α
1796 5343 2171 5407 surgenteque
2194 5283 2429 5401 ghristo,
2472 5340 2658 5393 confer
2678 5354 2797 5407 qua:
2818 5356 2885 5395 ex
2912 5342 3145 5400 Maximo
3174 5348 3379 5403 deseri-

201 5388 751 5482 ἓέιηὲαωίῖκῖνοιὶεέβ·
776 5388 1190 5482 ἓῖεέι..¹λδ.¹ἐλί¹·
1237 5399 1321 5464 ¹⁰ι
1348 5415 1475 5482 1325-
1518 5402 1607 5468 εει
1640 5411 1696 5482 ει
1796 5388 3349 5482 ρδίιῖιυ.ξ.¹ίτίυῖειέιἡπὶῇξᾶιίυξῖὶῖεὶεῖἷδᾞᾶἰωὶιῖηἱῖῗῖἑ

147 5415 263 5508 δοξξὶ
302 5415 490 5446 “mm”
547 5415 597 5457 ‘v
631 5415 751 5461 9³8·
786 5415 873 5460 ην
921 5415 1190 5477 οξυοιηιι.
1237 5415 1321 5464 w,
1348 5415 1475 5523 £35.
1518 5415 1607 5468 ιδ,
1640 5415 1696 5455 ει

145 5458 299 5571 mg:
324 5460 420 5571 ,ᾖ
450 5477 576 5571 ρξξᾶ
607 5463 745 5571 ἓξὲξ
768 5470 823 5517 et
846 5464 1030 5520 homil.
1073 5467 1160 5533 s9,
1194 5483 1315 5539 pag,
1385 5469 1418 5523 9
1478 5486 1615 5539 seqq
1639 5480 1691 5525 οι

1812 5418 1998 5481 )SImus
2031 5415 2239 5458 Prmtat.
2295 5415 2538 5471 num.,6,
2589 5422 2709 5478 pag.
2746 5415 2814 5463 48
2858 5427 3032 5482 seqq.,
3087 5432 3234 5471 num.
3287 5417 3385 5483 12,,

1812 5472 2846 5571 935;.531.‘35.1“.‘1‘1;.‘5.5339'sf’fﬁﬁ9
2868 5496 3122 5571 res...

174 5528 849 5623 Omlhllt‘i,"pﬁg._5A8§.m
1147 5528 1155 5533 '
1195 5528 1213 5538 '
1264 5528 1293 5539 '
1554 5528 1613 5539 "
1800 5528 1816 5541 '
1871 5528 2173 5623 ζ’ωςξρςιίέι·
2202 5528 2355 5623 tract.
2390 5528 3125 5623 ifiéhiﬁiism'éja‘ig‘f'7it
3162 5573 3271 5623 seq.

201 5596 933 5694 ῐὲὶέῗὲἓξ·’ξ9νν³ε·ἓὲ·ι
1035 5675 1065 5694 ..
1139 5678 1197 5694 .-
1407 5680 1461 5694 -.

1866 5596 1944 5694 ξεί
1962 5596 2332 5694 fidem-tegi.
2343 5596 2595 5694 tangar;
2608 5596 3053 5689 amiseras;
3070 5596 3181 5675 iqu

907 5673 1085 5731 homil.
1134 5678 1218 5745 15,
1253 5695 1369 5749 pag.
1407 5680 1493 5747 5|,
1525 5698 1682 5735 εει-ιη.

1866 5631 1930 5694 υ)
1975 5631 2327 5738 riae-puerei.
2358 5631 2593 5669 nostram
2621 5633 2734 5669 nun‘

1867 5686 1937 5754 (1)
1962 5683 2117 5741 Humi
2144 5724 2155 5737 .
2188 5684 2300 5748 104,
2335 5699 2454 5754 pag.
2488 5685 2590 5739 546
2619 5702 2734 5756 seq.
