3898 6226
491 365 592 420 H7

1597 361 1755 419 ἯΤΔ
1786 363 1844 420 S.
1885 361 2131 419 ΜΔΠΠΙ
2177 364 2641 422 τΑυίιῐΝεΝδιε.

3651 365 3747 421 N8

483 478 765 549 presbyter,
794 483 846 534 st
871 477 1109 548 pactione
1142 475 1364 547 quadam
1391 475 1765 546 indulgentiam
1791 476 1856 530 de
1883 475 2073 531 Salva-
2098 482 2144 539 Α
2173 477 2483 532 indiscretus
2527 486 2786 549 aspectus,
2817 478 2918 531 nisi
2958 486 3091 530 esset
3135 476 3181 529 ei
3233 491 3336 528 una
3378 482 3428 528 et
3472 473 3747 530 indiscreta

483 580 594 623 tore
618 569 892 638 promittit.
929 567 1189 639 [nsipiens
1228 567 1496 639 placitum,
1539 569 1592 622 in
1620 585 1720 639 quo
1757 569 1946 623 dicitur
1967 572 2069 624 mi-

482 674 578 711 nus
607 658 882 728 deliquisse
909 657 1155 725 Domino,
1194 659 1281 728 qui
1320 657 1438 727 plus
1477 659 1750 712 contulerit
1793 660 2068 715 sacerdoti.

481 749 633 816 Apud
661 749 952 819 hujusmodi
971 756 1312 818 proruptores
1332 765 1532 819 semper
1550 750 1733 803 divites
1753 752 2066 816 innocentes,

482 857 684 910 semper
721 858 975 911 pauperes
1002 841 1285 894 criminosi.
1320 839 1589 904 Quomodo
1622 859 1826 910 pauper
1852 845 2068 914 satisfa-

482 931 585 983 ciat
612 948 708 1000 pro
736 930 940 997 delicto,
982 932 1070 1002 qui
1106 947 1211 987 non
1248 931 1416 999 habet,
1447 933 1584 1004 quod
1618 934 1804 1004 offerat
1825 952 1919 1006 pro
1944 951 2068 1006 pec-

482 1028 598 1074 cato
614 1021 640 1078 .’

553 1110 709 1166 Haud
731 1127 887 1169 secus
905 1111 1168 1167 Maximus
1188 1112 1444 1169 adversus
1462 1115 1932 1172 cazterashmreses
1949 1131 2068 1170 ma-

481 1216 586 1271 gna
626 1203 757 1269 suis,
797 1219 860 1259 ac
896 1201 1047 1260 ﬂnna
1074 1203 1333 1260 doctrinm
1377 1205 1623 1275 pratsidia
1669 1207 1892 1276 paravit.
1935 1205 2069 1260 Nam

482 1295 610 1347 dum
659 1294 1042 1362 opportunitas
1092 1295 1342 1360 monuit,
1384 1294 1545 1350 modo
1593 1294 1914 1352 Arianorum
1954 1295 2066 1364 (a),

482 1383 645 1438 modo
692 1383 1131 1440 Helvidianorum
1169 1401 1234 1441 ac
1273 1384 1730 1440 Jovinianensium
1764 1387 1860 1457 (ὁ),
1908 1386 2070 1442 modo

485 1472 756 1542 Vigilantii
792 1483 1104 1531 sanctorum
1135 1474 1390 1545 reliquias
1431 1475 1775 1532 bonos-aridas
1809 1491 1927 1531 esse
1975 1492 2070 1531 ne-

483 1565 661 1632 gantis
688 1565 785 1636 (c),
821 1565 983 1621 modo
1009 1565 1473 1632 Nestorianornm,
1505 1567 1664 1622 modo
1707 1566 2067 1638 Eutycbiano-

484 1670 604 1709 rum
627 1656 706 1728 (d)
732 1656 1086 1725 dogmatibus,
1117 1657 1350 1713 ostendit
1369 1665 1626 1727 quantum
1654 1659 1852 1713 erroris
1871 1660 2071 1714 inesset

485 1760 551 1800 ac
579 1747 877 1815 pravitatis.
901 1746 1143 1818 Cumque
1169 1748 1382 1803 Arianis
1408 1763 1560 1804 acres
1587 1765 1709 1805 cum
1737 1757 1923 1805 sancto
1960 1749 2067 1803 Eu-

2171 566 2502 624 substantia?
2529 565 2761 621 Christus
2783 568 2944 638 igitur
2970 575 3159 620 natura
3182 563 3341 631 Deus,
3369 571 3558 617 natura
3586 572 3636 616 et
3661 564 3748 618 ho-

2173 675 2289 722 mo;
2318 661 2373 711 in
2400 667 2613 728 utroque
2637 672 2801 721 verus,
2832 659 2886 709 in
2918 665 3128 726 utroque
3151 653 3404 726 perfectus
3437 660 3531 714 est,
3561 653 3682 722 quia
3704 663 3746 706 et

2172 749 2545 802 humanitatem
2582 748 2828 801 veraciter
2869 748 3085 817 sumpsit
3125 764 3159 798 a
3197 743 3399 807 Matre;
3429 744 3567 796 etde
3594 743 3749 797 Patre

2173 840 2322 894 habet
2351 838 2659 892 naturaliter
2687 837 2946 890 deitatem.
2981 835 3081 900 Qui
3106 837 3180 890 sic
3206 834 3341 887 uidet
3378 831 3594 900 Filium,
3622 832 3751 886 ridet

2170 940 2218 985 et
2242 931 2486 996 Patrem;
2511 935 2631 1004 quia
2659 949 2773 986 cum
2799 932 3057 986 Christum
3078 934 3312 986 eumdem
3347 931 3513 986 Deum
3540 930 3750 998 conﬁte-

2172 1039 2287 1076 natr
2318 1031 2366 1076 et
2407 1022 2704 1088 Dominum,
2741 1022 3030 1076 necessario
3077 1024 3342 1092 passiones
3387 1023 3600 1085 homini,
3647 1020 3748 1074 Deo

2170 1115 2430 1168 mirabilia
2477 1114 2809 1183 deputamus,
2845 1121 2901 1165 ut
2944 1114 3262 1184 intelligatur
3312 1113 3620 1184 Unigenitus
3657 1111 3748 1166 Dei

2171 1220 2263 1257 nec
2288 1221 2321 1257 a
2345 1212 2562 1274 paterna
2587 1205 2856 1273 majestate
2898 1203 3101 1274 dispar,
3128 1219 3221 1256 nec
3260 1220 3293 1256 a
3332 1213 3569 1256 materna
3597 1219 3748 1255 carne

2171 1293 2460 1347 dissimilis.
2501 1292 2596 1346 Per
2629 1293 2761 1345 hanc
2798 1292 2954 1362 ﬁdem
2995 1309 3026 1344 a
3066 1291 3311 1347 Patribus
3339 1293 3530 1347 nostris
3558 1293 3751 1344 Ariona

2169 1394 2246 1437 est
2272 1385 2539 1453 confutata
2574 1383 2827 1452 perﬁdia;
2856 1383 2943 1454 qui
2971 1384 3141 1448 utique
3166 1382 3340 1448 Arius,
3374 1381 3507 1436 beati
3534 1381 3752 1436 Joannis

2171 1471 2452 1542 Evangelia
2489 1470 2866 1536 contradicens,
2911 1471 3033 1523 dum
3083 1469 3302 1523 Verbum
3333 1469 3440 1524 Dei
3479 1469 3674 1537 Deum,
3710 1477 3753 1523 et

2169 1562 2309 1630 apud
2339 1561 2502 1614 Deum
2538 1577 2650 1615 esse
2687 1569 2861 1630 negat,
2902 1559 3226 1629 inﬁdelitatis
3265 1577 3373 1614 sua:
3406 1568 3630 1614 emeatus
3670 1558 3755 1614 ob-

2167 1650 2433 1713 scuritate,
2466 1665 2558 1702 nec
2583 1650 2799 1703 Patrem
2826 1650 2989 1716 potuit
3017 1648 3205 1716 videre,
3237 1664 3329 1703 nec
3355 1647 3586 1713 Filium;
3610 1648 3753 1702 dum-

2169 1757 2265 1812 que
2311 1743 2557 1812 factorem
2609 1741 2836 1794 omnium
2883 1743 3139 1810 facturam
3193 1757 3306 1794 esse
3350 1741 3657 1808 contendit,
3709 1749 3754 1794 et

485 1835 635 1892 sebio
661 1835 988 1894 Vercelleusi
1028 1837 1192 1894 fuisse
1219 1840 1650 1894 concertationes
1675 1840 1868 1907 sciret;
1899 1841 2067 1896 sicubi
2099 1840 2142 1900 Β
2168 1832 2496 1903 intemperati
2534 1831 2644 1887 Deo
2692 1829 2998 1902 temporalia
3045 1839 3263 1885 conatur
3302 1831 3579 1896 ascribere,
3625 1847 3754 1901 pro-

485 1924 556 1980 de
597 1934 869 1983 sssertore
915 1927 1031 1994 illo,
1073 1943 1137 1983 se
1184 1927 1396 1983 vindice
1433 1927 1728 1985 divinitatis
1768 1928 2073 1987 Servatoris

482 2015 685 2071 Christi
717 2031 897 2072 sermo
925 2019 1204 2075 habendus
1231 2019 1348 2087 fuit,
1378 2020 1552 2090 impiae
1585 2029 1745 2077 secta:
1772 2021 2068 2077 doctrinam

483 2106 734 2162 brevibus
755 2108 969 2174 refellit,
998 2108 1492 2177 demonstravitque
1515 2123 1674 2179 quam
1695 2119 1837 2165 esset
1856 2112 2068 2166 inimica

479 2200 593 2254 veri
625 2200 695 2271 (e)
730 2218 743 2253 :
779 2198 919 2264 Quid
944 2202 1099 2266 mihi,
1131 2202 1328 2270 inquit,
1353 2218 1513 2269 nunc,
1542 2203 1794 2269 hteretice,
1826 2205 1881 2257 in
1909 2203 2072 2258 Patre

479 2297 532 2344 et
555 2290 667 2359 ejus
697 2289 840 2346 Filio
867 2291 1219 2346 diversitatem
1246 2293 1452 2348 conaris
1481 2300 1731 2358 astruere,
1761 2310 1873 2347 cum
1903 2292 2071 2349 Filias

478 2381 784 2436 substantiae
811 2399 922 2438 sua
949 2380 1150 2454 [cum]
1179 2400 1273 2438 nos
1300 2383 1516 2439 edocens
1536 2385 1815 2450 veritatem,
1840 2386 2067 2440 dixerit:

479 2469 597 2541 Ego
624 2482 674 2525 et
711 2470 876 2526 Pater
912 2488 1068 2526 unum
1093 2473 1308 2530 sumus?
1341 2471 1442 2536 Qui
1469 2468 1534 2527 et'
1557 2492 1575 2524 ι
1611 2491 1769 2527 unum
1803 2494 1820 2526 ι
1847 2476 1989 2536 dicit,
2019 2485 2069 2529 et

485 2577 507 2609 α
540 2577 736 2623 storms,
775 2580 794 2613 ι
827 2578 920 2615 nec
944 2564 1273 2631 separatione
1297 2578 1352 2618 se
1381 2562 1578 2629 dividit,
1609 2579 1702 2617 nec
1730 2566 1919 2618 unione
1945 2581 2068 2619 con-

481 2651 674 2722 fundit.
707 2650 809 2714 Qui
842 2667 1002 2706 unum
1049 2668 1166 2707 cum
1211 2652 1374 2707 Patre
1420 2661 1513 2718 est,
1545 2670 1638 2707 nec
1669 2657 2004 2724 perpetuitate
2036 2671 2068 2709 a

480 2741 646 2798 Patre
673 2743 867 2812 differt,
895 2760 989 2797 nec
1028 2744 1216 2798 uirtute
1257 2744 1553 2810 discordat;
1594 2762 1804 2813 cumque
1847 2748 1915 2800 sit
1953 2763 2068 2800 cum

479 2829 644 2886 Patre
671 2849 850 2897 unum,
884 2832 947 2887 de
977 2832 1138 2889 Patre
1182 2841 1358 2888 tamen
1387 2843 1546 2888 natus
1581 2836 1853 2900 asseritur;
1903 2852 1967 2889 ne
2014 2845 2069 2889 ut

479 2923 666 2991 impius
695 2921 1018 2992 blasphemat
1043 2925 1218 2986 Arius,
1245 2933 1334 2977 aut
1366 2933 1601 2978 creatura
1629 2942 1937 2996 quaecunque
1968 2925 2035 2979 Fi
2053 2956 2066 2967 -

480 3011 601 3074 lius,
649 3020 740 3065 aut
786 3014 958 3083 impar
997 3030 1107 3068 esse
1150 3014 1408 3067 credatur.
1454 3015 1616 3068 Audis
1653 3033 1793 3085 ergo,
1825 3033 1855 3070 o
1897 3017 2063 3083 homo,

481 3101 648 3156 Deum
668 3101 732 3155 de
758 3101 870 3156 Deo
897 3111 1106 3166 natum;
1133 3103 1225 3157 sed
1262 3105 1314 3157 in
1346 3112 1546 3158 tantum
1570 3105 1665 3163 hoc
1692 3107 1947 3174 profundo
1967 3107 2065 3160 ha-

2171 1927 2475 1996 sumptionis
2511 1941 2620 1980 sua
2647 1926 2823 1994 furore
2860 1926 3125 1995 confusus,
3165 1925 3431 1993 utriusque
3456 1925 3513 1978 in
3551 1921 3756 1979 Christo

2170 2025 2373 2071 naturae
2398 2015 2623 2086 perdidit
2647 2024 3044 2069 sacramentum.
3075 2017 3143 2068 At
3168 2016 3491 2070 uenerandus
3517 2017 3617 2070 iste
3657 2015 3754 2070 Pa.

2171 2116 2249 2161 ter
2270 2106 2352 2176 (S.
2381 2107 2688 2177 Eusebius),
2711 2107 2797 2178 qui
2824 2107 3038 2179 legerat,
3067 2106 3262 2161 dixisse
3288 2105 3570 2161 Dominum
3602 2123 3621 2160 :
3645 2105 3753 2179 Ego

2167 2201 2222 2254 in
2252 2198 2437 2266 Patre,
2467 2208 2518 2253 et
2546 2198 2705 2252 Pater
2741 2200 2796 2253 in
2824 2215 2905 2253 me
2932 2208 3010 2253 est
3038 2215 3056 2252 :
3089 2197 3274 2254 Sciens
3307 2199 3363 2252 in
3391 2198 3489 2251 hac
3517 2199 3752 2252 doctrina

2167 2307 2504 2356 personarum
2525 2306 2635 2344 esse
2663 2290 3076 2354 distinctionem;
3101 2306 3203 2343 non
3231 2297 3430 2344 natura
3452 2289 3752 2342 distantiam

2169 2379 2369 2444 Patris,
2393 2379 2620 2450 Filiique
2664 2381 2798 2449 ejus,
2828 2381 2912 2450 qui
2962 2397 3064 2432 non
3112 2396 3269 2446 unus,
3297 2379 3388 2433 sed
3413 2395 3572 2432 unum
3606 2387 3750 2442 sunt;

2167 2469 2606 2524 indissociabilem
2643 2472 2822 2535 tenuit,
2863 2480 2912 2524 et
2955 2471 3160 2524 edocuit
3201 2473 3482 2536 unitatem;
3523 2487 3750 2525 asserens

2166 2563 2361 2630 pariter
2407 2563 2462 2615 in
2508 2561 2710 2616 Christo
2748 2561 2971 2615 Domino
3016 2573 3066 2616 et
3113 2562 3410 2631 passibilem
3449 2579 3683 2626 carnem,
3707 2570 3753 2616 et

2166 2652 2534 2718 impassibilem
2572 2652 2835 2705 deitatem.
2880 2651 2975 2706 His
3021 2652 3111 2706 ille
3156 2652 3494 2707 documentis
3541 2653 3749 2722 plebem

2167 2756 2276 2796 suae
2307 2741 2428 2796 ﬁdei
2456 2741 2714 2796 creditam
2755 2756 2897 2810 saepe
2927 2741 3208 2807 instruere,
3235 2742 3663 2812 conﬁrmareque
3701 2741 3748 2794 in

2166 2834 2442 2903 religionis
2469 2833 2698 2888 decretis
2740 2831 3101 2901 institutisque
3139 2840 3496 2888 consueverat
3525 2833 3624 2904 (f).
3668 2832 3750 2888 Sic

2169 2935 2346 2981 autem
2376 2926 2486 2980 suis
2513 2925 2806 2995 recipiebat
2831 2943 2842 2978 :
2876 2930 3162 2978 eatcaturos
3193 2924 3336 2992 ipsos
3363 2937 3483 2978 esse
3510 2923 3751 2993 ﬁgmenta

2169 3018 2554 3081 hereticorum,
2599 3016 2645 3069 si
2691 3022 3002 3082 constantes
3057 3013 3303 3067 insistere
3348 3019 3750 3082 perseverarent

2167 3110 2374 3163 semitas
2404 3107 2652 3171 veritatis,
2680 3120 2815 3175 quas
2841 3106 3089 3159 universa
3117 3103 3357 3159 Ecclesia
3381 3112 3613 3159 teneret.
3639 3104 3750 3158 Hie-

482 3191 589 3257 bcs,
623 3192 758 3262 quod
779 3193 886 3261 fide
910 3193 1124 3256 credas;
1156 3207 1260 3246 non
1289 3191 1443 3246 habes
1485 3193 1618 3262 quod
1647 3194 1892 3249 discutias
1921 3211 2068 3265 argu-
2092 3197 2136 3258 C
2169 3199 2365 3255 reticos
2395 3199 2500 3269 (g),
2526 3199 2619 3267 qui
2663 3198 2882 3252 semitas
2927 3197 3188 3266 ejusmodi
3224 3195 3531 3260 deseruere,
3563 3210 3633 3251 eo
3659 3196 3750 3253 de-

482 3285 686 3338 mentis.
718 3284 880 3337 Audis
910 3283 1107 3337 Filium
1145 3283 1208 3336 de
1238 3283 1400 3338 Patre
1427 3294 1633 3348 natum;
1664 3286 1755 3340 sed
1789 3302 1852 3340 ne
1884 3303 2065 3341 sexum

482 3375 706 3446 aliquem
732 3375 899 3443 possis
925 3376 980 3428 in
1009 3374 1277 3428 divinitate
1303 3377 1502 3440 rimari,
1534 3377 1642 3445 ipse
1669 3375 1838 3429 Filius
1859 3385 1907 3429 et
1937 3375 2066 3430 Ver-

482 3464 600 3518 bum
628 3465 817 3518 dicitur
842 3472 891 3519 et
918 3465 1109 3520 lumen.
1149 3464 1353 3520 Dicitur
1389 3468 1544 3520 etiam
1584 3476 1633 3520 et
1674 3466 1770 3521 Dei
1809 3469 1987 3532 virtus,
2017 3477 2067 3522 et

481 3555 579 3610 Dei
606 3558 884 3625 sapientia,
925 3565 981 3610 ut
1021 3557 1327 3612 advertas...
1369 3574 1473 3612 non
1507 3559 1843 3626 corporaliter
1866 3576 2067 3615 creasse

481 3643 716 3710 Patrem,
739 3647 831 3700 sed
858 3663 949 3716 per
975 3647 1239 3715 ineffabile
1266 3649 1555 3718 maiestatis
1586 3659 1836 3705 secretum
1866 3651 1931 3704 de
1958 3654 2062 3706 vir-

482 3745 587 3790 tute
615 3739 870 3806 prodiisse
897 3739 1152 3803 uirtutem,
1194 3746 1244 3792 et
1288 3739 1458 3793 lumen
1495 3757 1736 3794 manasse
1763 3741 1826 3796 de
1854 3742 2064 3809 lumine.

483 3826 709 3881 Rursum
737 3845 804 3880 ne
850 3826 1072 3880 Verbum
1109 3828 1277 3896 ipsum
1313 3845 1417 3883 non
1451 3831 1790 3884 substantiam
1818 3833 2068 3899 ueritatis,

482 3919 573 3973 sed
602 3920 924 3989 prolatitiunt
953 3920 1203 3989 loquentis
1243 3919 1343 3973 Dei
1375 3929 1580 3989 putares
1621 3937 1732 3976 esse
1758 3938 2064 3989 sermonem,

484 4010 671 4064 dicitur
699 4009 747 4062 F
750 4011 888 4073 ilius,
920 4019 978 4062 ut
1013 4012 1067 4063 in
1093 4026 1153 4063 eo
1186 4009 1352 4077 illius,
1376 4013 1461 4077 qui
1490 4012 1652 4066 Pater
1677 4021 1773 4075 est,
1804 4025 1854 4068 et
1881 4031 2066 4070 consm-

483 4100 716 4152 uantiam
747 4115 857 4152 esse
885 4098 1107 4153 disceres
1131 4108 1181 4152 et
1205 4099 1510 4168 affectum...
1543 4100 1613 4154 Et
1633 4119 1824 4165 revera,
1857 4105 2067 4174 fratres,

484 4189 618 4242 sicut
661 4190 832 4243 uidere
879 4187 1097 4254 Filium,
1126 4189 1297 4243 ridere
1322 4199 1402 4244 est
1438 4189 1681 4257 Patrem;
1711 4195 1785 4247 ita
1811 4195 2067 4249 intellecto

487 4279 667 4346 Patre,
696 4280 1006 4351 inted'gitur
1042 4290 1092 4336 et
1134 4280 1326 4336 Filius.
1359 4280 1502 4338 Nam
1531 4286 1616 4354 qui
1647 4283 1858 4338 Patrem
1885 4288 2065 4352 credit,

484 4379 535 4424 et
569 4372 843 4440 conﬁtetur
880 4381 1158 4436 intentum,
1201 4373 1379 4427 credat
1425 4390 1628 4427 necesse
1670 4384 1746 4429 est
1784 4385 1834 4429 et
1875 4375 2069 4432 Filium

483 4468 861 4515 cocternum...
894 4458 994 4525 Qui
1021 4463 1173 4526 uidet,
1211 4464 1401 4534 inquit,
1439 4480 1533 4529 me,
1585 4466 1716 4519 videt
1749 4476 1798 4519 et
1835 4466 2063 4522 Patrem.

2167 3307 2312 3345 mum
2341 3290 2552 3355 abduci,
2584 3287 2801 3364 [cum]
2825 3297 2886 3344 ut
2911 3304 3008 3344 sua
3037 3289 3135 3359 ipsi
3158 3287 3498 3344 condemnati
3524 3296 3745 3344 senten-

2167 3383 2259 3448 tia,
2291 3397 2410 3438 sese
2438 3381 2507 3436 ab
2536 3381 2776 3437 Ecclesia
2826 3379 3162 3446 discindant;
3209 3381 3435 3450 sibique,
3472 3389 3531 3434 ut
3571 3379 3750 3446 Jndas,

2166 3480 2357 3542 parent
2402 3472 2676 3526 interitum
2727 3472 3130 3541 sempiternum.
3177 3469 3476 3526 Eeclesiam
3520 3485 3751 3540 namque

2167 3563 2345 3616 navim
2393 3563 2538 3616 illam
2584 3576 2726 3628 esse,
2765 3576 2926 3630 quam
2985 3559 3177 3617 Petrus
3224 3560 3552 3624 moderetur,
3603 3569 3752 3617 extra

2165 3668 2344 3722 quam,
2374 3652 2467 3721 qui
2496 3651 2810 3717 manserint,
2839 3658 3065 3721 pereant
3091 3651 3196 3720 (h).
3226 3649 3297 3703 .ln
3329 3665 3394 3706 ea
3419 3649 3660 3720 quidem,
3689 3649 3752 3705 sd

2166 3759 2326 3813 quant
2354 3743 2526 3798 solam
2562 3742 2822 3798 Dominus
2858 3741 3118 3806 ascendit,
3152 3739 3368 3796 Petrum
3409 3757 3528 3797 esse
3572 3740 3752 3796 ﬁrma-

2166 3844 2438 3900 mentum;
2471 3835 2637 3890 totius
2666 3834 2844 3903 operis
2869 3831 3159 3888 Christiani
3181 3846 3495 3903 compagem
3523 3834 3751 3890 molem-

2166 3943 2270 3997 que
2290 3926 2671 3993 sustinentem;
2703 3925 3140 3994 gubernatorem,
3161 3923 3415 3992 iudicem,
3437 3924 3750 3992 magistrum

2166 4019 2418 4074 divinitus
2446 4019 2815 4080 constitutum,
2844 4016 2931 4071 cui
2950 4015 3203 4086 pascendi
3223 4015 3399 4083 gregis
3428 4014 3526 4069 fuit
3547 4031 3580 4068 a
3601 4013 3752 4069 Chri-

2167 4118 2251 4164 sto
2280 4109 2414 4164 facta
2447 4116 2705 4177 potestas.
2738 4106 2963 4161 Desilire
2991 4104 3115 4161 inde
3144 4104 3226 4158 fas
3263 4118 3382 4158 esse
3410 4104 3634 4166 nemini,
3663 4102 3752 4171 qui

2167 4201 2345 4256 salvus
2389 4209 2550 4266 atque
2599 4196 2881 4252 incolumis
2917 4210 3035 4251 esse
3070 4194 3200 4248 velit
3236 4194 3321 4263 (i).
3358 4191 3510 4259 Quod
3553 4194 3600 4248 si
3635 4192 3753 4261 quis

2167 4293 2304 4344 forte
2332 4305 2363 4344 a
2391 4288 2549 4343 Petro
2570 4286 2851 4353 dissidens,
2875 4300 3040 4355 seque
3066 4283 3262 4339 Christi
3291 4298 3410 4338 esse
3434 4282 3752 4352 discipulum

2167 4383 2441 4442 simulans,
2467 4381 2518 4434 in
2544 4379 2720 4434 navim
2741 4377 2984 4438 eamdem
3007 4375 3300 4447 irrepserit,
3324 4391 3449 4431 eum
3469 4374 3750 4441 Maximus,

2169 4485 2237 4526 ne
2265 4471 2366 4525 sibi
2394 4470 2715 4535 blandiatur,
2747 4475 2951 4523 monet.
2978 4466 3127 4522 Iuda:
3155 4466 3328 4537 ipsum
3357 4465 3471 4520 fore
3498 4465 3749 4528 simil,

486 4550 755 4616 Quomodo
782 4553 835 4604 in
862 4551 1041 4620 Patre,
1073 4552 1310 4627 Filioque
1337 4557 1450 4625 ejus
1478 4571 1608 4610 unus
1631 4573 1742 4611 esse
1770 4567 1988 4628 poterat,
2015 4570 2063 4614 et
2091 4551 2141 4613 Ι)
2165 4561 2317 4631 cujus
2348 4559 2569 4631 perﬁdia
2607 4555 2932 4614 contuibetur
2953 4557 3215 4621 navicula,
3232 4571 3388 4626 quam
3415 4555 3605 4626 fundat
3623 4570 3750 4624 apo-

581 4729 635 4798 a)
662 4727 805 4799 iVide
831 4726 1061 4799 prteth
1095 4743 1244 4782 num.
1263 4727 1325 4799 3,
1357 4741 1480 4798 pag.
1505 4726 1573 4783 59
1600 4743 1712 4797 seq.

579 4795 630 4868 ὁ)
660 4798 814 4864 lbid.,
833 4795 995 4852 'num.
1016 4797 1079 4868 1,
1104 4811 1224 4867 pag.

576 4865 628 4994 9
658 4869 812 4950 Ibid,
836 4882 984 4923 num.
1014 4865 1250 4936 36,7pag.
1280 4867 1403 4921 121.

620 4943 632 4994 )
660 4938 815 4994 lbtd..
849 4948 994 4993 nmo.
1021 4937 1250 4994 35000..
1284 4953 1403 4994 nan.

618 4943 632 5006 )
660 4938 815 5003 lbid.,
849 4948 994 4993 nutu.
1021 4937 1250 5006 ὅδθίιίιη
1284 4953 1408 5006 pag.
1437 4937 1506 4991 ιο
1526 4953 1680 5005 seqq.

579 4953 632 5006 tt)
660 4953 815 5003 1010.,
849 4953 994 4993 nutu.
1021 4953 1250 5060 oseqaq"

579 5009 627 5075 e)
661 5008 857 5062 Homil.
892 5006 980 5071 '18,
1003 5020 1124 5074 pag.
1202 5006 1281 5059 ιδ.

580 5079 621 5149 f)
651 5075 880 5149 Humilia
908 5080 961 5139 9,
993 5092 1115 5149 pag.
1149 5075 1216 5129 ὕ
1250 5095 1261 5128 :
1298 5075 1466 5146 Ergo,
1497 5079 1711 5145 fratres,
1745 5078 2060 5133 ineluctabili

482 5147 586 5221 ﬁde
605 5147 683 5221 ac
701 5148 969 5203 devotione
996 5147 1171 5221 solita,
1199 5161 1519 5221 siccaneus
1541 5163 1645 5221 rofr
1673 5162 1876 5202 scurra
1903 5165 2058 5203 Iom-

485 5217 568 5275 'm
605 5219 932 5280 inhaerentes,
963 5232 1054 5284 per
1081 5217 1304 5286 religiosi
1336 5218 1547 5286 itineris
1574 5219 1702 5278 uias,
1743 5234 1805 5270 ac
1835 5221 2060 5272 ueritatis

484 5292 713 5351 semitas,
746 5303 873 5357 quas
900 5287 1136 5342 universa
1166 5285 1298 5340 tenet
1327 5285 1583 5352 Ecclesia,
1612 5287 1924 5357 gradientes,
1958 5305 2062 5341 ma.

485 5363 564 5431 gis
593 5345 854 5428 mucisque
892 5357 1241 5411 hereticorum
1283 5357 1450 5424 devia,
1486 5367 1536 5411 et
1569 5345 1827 5411 diabolica
1866 5345 2063 5412 calcate

615 5439 754 5480 enta.

486 5434 863 5578 ξσξὲῑηίίτὲηιὶι.
903 5496 990 5561 Π,
1020 5495 1285 5578 pugn“?
1312 5516 1329 5578 _:
1367 5495 1484 5552 Hoc
1511 5498 1760 5578 sacrilegi
1791 5499 1916 5578 solet
1955 5515 2062 5578 esse

480 5567 754 5638 judicium,
787 5578 842 5638 et
885 5568 1118 5638 conscius
1149 5567 1274 5636 facti
1304 5569 1414 5638 ipse
1451 5584 1504 5621 se
1550 5568 1779 5638 damnat.
1824 5569 1951 5620 sicut
1989 5570 2062 5620 ait

488 5637 749 5707 apostolus
782 5637 974 5692 Paulus
1007 5637 1071 5690 de
1108 5638 1345 5692 heretico
1373 5637 1543 5690 dicens
1577 5654 1594 5688 .'
1621 5637 1935 5691 Hcereticum
1965 5639 2058 5690 ho-

491 5710 678 5761 minem
719 5716 830 5775 post
867 5724 1022 5761 unam
1059 5716 1106 5760 et
1147 5707 1423 5761 secundam
1463 5711 1830 5772 correptionem
1871 5707 2055 5771 devita,

491 5779 656 5832 sciens
695 5780 815 5841 quia
855 5777 1119 5833 subversus
1148 5787 1245 5846 est,
1276 5778 1359 5847 qui
1399 5778 1646 5845 ejusmodi
1678 5789 1771 5838 est,
1808 5789 1852 5830 et
1892 5778 2056 5832 delius

2163 4738 2271 4793 quit
2297 4729 2505 4799 proprio
2523 4730 3132 4799 judicio_conUemnatus.
3165 4722 3286 4793 Ipse
3299 4725 3444 4799 enim
3459 4741 3516 4778 se
3536 4726 3751 4779 damnat

2164 4795 2456 4866 hereticus,
2483 4795 2597 4852 cum
2626 4798 2690 4851 de
2711 4795 2943 4852 Ecclesia
2969 4796 3077 4863 ipse
3101 4812 3158 4851 se
3192 4795 3422 4866 proﬁcit,
3452 4803 3509 4866 _et
3549 4811 3581 4848 α
3622 4806 3749 4850 cortu

2162 4862 2489 4934 sanctorum,
2532 4867 2674 4921 nullo
2724 4862 3090 4936 compellente,
3132 4862 3403 4936 procedit.
3441 4862 3566 4936 Ipse
3614 4868 3750 4920 enim

2162 4940 2405 5002 ostendit,
2436 4931 2557 5008 quid
2584 4931 2890 5008 mercatura
2916 4931 3141 5001 cunctis,
3156 4935 3241 5008 qui
3267 4950 3358 4988 suo
3376 4931 3578 5008 judicio
3600 4951 3750 5008 cepa-

2164 5020 2308 5088 ratur
2341 5025 2374 5060 a
2413 5004 2626 5061 cunctis.
2677 5004 2818 5088 Ipse,
2852 5008 3083 5088 inquam,
3118 5004 3174 5058 se
3207 5004 3421 5088 damnat
3451 5004 3745 5088 hereticus,

2163 5080 2282 5147 quia
2317 5093 2429 5131 cum
2458 5092 2634 5131 omnes
2673 5073 2957 5147 crinrinosi,
3000 5074 3224 5147 episcopi
3264 5073 3537 5147 sententia,
3578 5076 3745 5143 proji-

2163 5144 2365 5200 ciantur
2393 5148 2457 5200 de
2481 5147 2738 5201 consortio
2766 5144 3079 5210 Christiano,
3111 5144 3380 5199 hereticus
3407 5152 3591 5195 cuncta
3615 5161 3749 5210 prir-

2160 5220 2388 5284 oeniens,
2417 5216 2664 5274 sententia
2704 5232 2812 5269 sua:
2843 5215 3125 5284 voluntatis
3158 5214 3418 5284 abjicitur.
3458 5211 3572 5284 Tali
3621 5230 3740 5283 ergo

2165 5283 2453 5350 hmeticus,
2483 5287 2622 5354 quali
2649 5295 2699 5339 et
2723 5284 2888 5338 Judas
2917 5301 3064 5354 paena
3093 5283 3391 5354 damnatur,
3423 5289 3485 5354 ut
3506 5283 3646 5335 idem
3668 5284 3745 5336 sui

2164 5367 2212 5409 et
2244 5374 2360 5427 reus
2403 5351 2628 5424 sceleris,
2673 5365 2722 5409 et
2757 5351 2925 5427 judec
2963 5356 3030 5410 sit
3068 5355 3299 5427 ultionis.
3333 5351 3448 5427 Nec
3469 5352 3744 5427 immerito,

2164 5431 2282 5497 quia
2327 5421 2624 5490 Dominum,
2654 5421 2801 5496 quem
2838 5424 2926 5478 ille
2969 5424 3217 5497 vendidit,
3257 5424 3354 5497 iste
3378 5421 3742 5497 blasphemat;

2166 5491 2421 5572 quemjlle
2447 5491 2848 5572 persecutoribus
2872 5492 3106 5572 tradilit,
3115 5491 3353 5572 quotidie
3372 5494 3470 5546 iste

2170 5559 2268 5618 tur.
2297 5559 2625 5638 Persequitur
2647 5569 2778 5621 enim
2807 5567 3074 5638 hwreticus
3095 5559 3402 5625 Dominum,
3427 5575 3541 5614 cum
3560 5559 3743 5615 divini-

2171 5648 2322 5690 talem
2346 5640 2392 5691 ei
2421 5637 2651 5706 derogat,
2684 5647 2731 5690 et
2752 5637 2938 5690 asserit
2965 5643 3272 5706 creaturam.

2240 5709 2315 5771 th)
2366 5707 2495 5760 Vide
2519 5697 2731 5776 punelat.
2752 5715 3007 5776 nostram,
3032 5720 3179 5760 num.
3205 5702 3292 5762 30.
3319 5713 3438 5772 pag.
3468 5697 3588 5755 {07.

2241 5779 2300 5845 (ἱ)
2341 5777 2493 5838 lbid..
2521 5774 2646 5847 pag.
2682 5774 2802 5831 i08.
