3898 6226
160 355 244 413 ιω

1264 347 1418 409 VITA
1452 350 1513 408 S.
1551 345 1797 407 MAXIM]
1833 348 2301 411 TAURINENSIS.

3326 353 3431 410 150

156 480 257 536 steti
283 476 419 534 Petri
443 479 602 550 ﬁdes.
631 477 1094 551 Tranquillitatem
1121 483 1289 529 autem
1311 491 1424 529 esse
1438 473 1528 528 ubi
1554 471 1741 528 Petrus
1769 476 1812 533 Α
1841 472 1965 536 bula
1986 475 2267 540 recusanti,
2284 484 2332 528 et
2351 481 2522 545 potum
2547 475 2808 545 porrigere
2834 473 3042 530 minime
3059 473 3284 538 sitienti,
3315 489 3430 528 cum

155 572 276 626 solus
311 574 554 641 navigat;
585 569 681 625 ubi
730 588 855 624 vero
895 568 1062 622 ludas
1105 567 1425 637 adjungitur,
1468 571 1742 634 tempesta-

156 673 242 716 tem
273 662 368 732 (a).
415 660 478 714 Ei
520 677 700 730 porro
743 661 838 729 qui
882 659 1029 712 Judaa
1079 657 1217 712 facta
1267 655 1505 710 imitetur
1548 652 1741 723 ecquid

151 769 254 808 esse
281 753 491 820 reliqui,
522 752 628 806 nisi
661 760 726 806 ut
752 749 998 805 exitiales
1021 747 1170 803 Iudae
1210 747 1375 818 ipsius
1419 746 1593 802 exitus
1638 745 1738 798 ha-

153 843 300 898 beat?

207 934 286 989 Vl.
307 934 430 990 Non
445 937 626 989 minus
644 936 746 1006 fuit
761 933 983 1004 diligens
1007 929 1272 985 Maximus
1297 931 1352 984 in
1374 945 1466 984 suo
1477 944 1630 1001 grege
1651 928 1736 982 in-

151 1024 384 1079 stituendo
414 1024 710 1094 disciplina
731 1039 950 1077 morum.
972 1020 1160 1075 Palam
1175 1020 1342 1091 eloqui
1361 1020 1518 1073 voluit
1539 1034 1734 1073 verum.

151 1114 276 1168 Cavit
311 1133 374 1169 ne
405 1116 633 1168 nimium
656 1123 750 1166 aut
790 1128 1012 1175 severus,
1043 1119 1132 1164 aut
1162 1111 1433 1182 indulqens
1461 1119 1610 1164 esset.
1637 1107 1739 1164 Cu-

153 1208 265 1260 rarit
289 1215 344 1259 ut
363 1209 496 1260 cives
528 1207 615 1259 sui
647 1205 791 1258 dicto
829 1203 1098 1257 audientes
1131 1211 1322 1266 essent,
1353 1204 1739 1274 frequentesque

150 1297 196 1350 in
221 1299 483 1352 ecclesiam
513 1299 874 1352 convenirent.
901 1292 1043 1358 Quas
1062 1296 1187 1366 ipsis
1214 1295 1410 1348 dederit
1436 1297 1738 1365 prwceptio-

152 1403 226 1440 nes
248 1405 461 1442 morum.
495 1416 572 1426 —
602 1386 794 1455 Neque
815 1386 990 1440 minus
1015 1386 1242 1454 diligens
1265 1385 1529 1440 Maximus
1558 1383 1655 1439 fuit
1683 1387 1736 1440 in

154 1476 460 1532 instituendo
490 1476 708 1548 populo
731 1474 1011 1544 disciplina
1033 1489 1264 1529 morum.
1289 1474 1734 1530 Animadverten-

149 1568 259 1622 dum
285 1576 464 1622 autem
493 1565 821 1636 cumprimis
840 1565 1008 1631 duxit,
1039 1565 1400 1630 sacerdotum,
1443 1565 1731 1635 episcopo-

151 1656 590 1726 nnnpra'sertim,
615 1655 673 1710 id
701 1665 895 1709 munus
927 1668 1046 1710 esse
1074 1654 1350 1724 proprium
1370 1662 1431 1708 ut
1456 1655 1734 1710 veritatem

150 1745 304 1813 palam
324 1744 648 1814 praedicent,
682 1759 748 1800 ac
792 1745 837 1799 si
878 1743 1006 1813 quid
1035 1741 1217 1798 inferri
1249 1744 1399 1814 pravi
1428 1745 1732 1811 cognorint,

1844 562 1900 615 id
1927 563 2063 632 quod
2088 563 2265 631 oﬁ'ers,
2295 580 2398 618 non
2439 573 2542 618 tam
2579 564 2796 619 libenter
2837 565 3063 628 hauriat,
3095 580 3247 635 quam
3279 566 3430 634 fasti-

1842 654 1988 707 diose
2006 653 2159 708 veluti
2189 654 2533 710 turbuientum
2554 657 2770 723 reddat;
2803 666 2954 729 atque
2971 658 3047 710 ita
3066 658 3145 726 fit,
3176 667 3232 710 ut
3252 667 3429 727 populi

1841 746 2110 799 sinceritas
2133 743 2372 816 [csum]
2411 747 2636 812 vitietur,
2658 755 2707 800 et
2728 763 2912 801 causas
2933 746 3102 800 delicti
3125 747 3427 818 fastidiosus

1842 843 2052 905 potator
2077 837 2328 890 inveniat.
2363 836 2453 891 Sic
2493 854 2616 908 ergo
2646 847 2696 891 et
2741 837 2952 891 caritati
2987 847 3169 892 vestrte
3194 839 3428 908 ingerere

1840 924 2090 978 dominici
2139 926 2312 995 poculi
2338 927 2760 996 pradicationem
2806 930 2939 999 forte
2984 929 3298 998 superﬂuum
3327 935 3424 992 est,

1839 1031 1955 1070 cum
1979 1017 2037 1070 id
2057 1019 2234 1072 anima
2256 1027 2422 1073 vestra
2444 1019 2632 1073 clausis
2653 1019 2924 1075 visceribus
2947 1037 3049 1074 non
3072 1028 3175 1074 tam
3193 1021 3427 1074 sitienter

1840 1109 2072 1174 hauriat,
2117 1127 2270 1180 quam
2317 1110 2704 1165 dissimulanter
2740 1111 2992 1181 eiundat.
3036 1109 3237 1165 Fundit
3287 1110 3424 1165 enim

1838 1197 2142 1253 mandatum
2163 1199 2405 1266 Domini,
2437 1203 2523 1271 qui
2550 1200 2680 1255 illud
2706 1218 2832 1256 aure
2867 1218 2962 1255 sua
2997 1203 3237 1273 percipit,
3271 1201 3426 1256 corde

1839 1308 1942 1345 non
1972 1292 2223 1348 retinet...
2247 1300 2298 1347 et
2319 1294 2393 1346 ita
2418 1293 2625 1346 domum
2645 1308 2833 1346 vacuus
2859 1292 3090 1364 repedat,
3121 1294 3207 1365 qui
3238 1292 3303 1345 de
3334 1308 3422 1345 ec-

1839 1381 1995 1434 clesia
2023 1390 2237 1436 onustus
2266 1385 2480 1436 exierat.
2513 1380 2630 1436 1am
2679 1383 2778 1438 hos
2823 1397 2966 1452 serpe
3017 1390 3322 1444 monuerat,
3365 1389 3423 1435 ut

1838 1469 2120 1538 largitione
2164 1471 2400 1542 inopiam
2445 1487 2632 1527 eorum
2679 1473 2873 1540 quibus
2931 1472 3154 1526 adversa
3203 1470 3418 1526 fortuna

1837 1569 2000 1626 esset,
2030 1561 2304 1630 levarent,
2334 1572 2498 1632 utque
2534 1562 2880 1633 providerent
2905 1578 2973 1618 ne
2995 1563 3138 1632 quod
3167 1563 3220 1617 in
3246 1562 3422 1618 fundis

1836 1651 1948 1706 suis
1976 1653 2238 1722 reliquum
2262 1653 2465 1709 idolum
2493 1663 2639 1709 esset
2657 1697 2672 1722 ,
2703 1669 2839 1710 neve
2864 1654 3152 1709 familiares
3172 1655 3422 1710 catechu-

1837 1759 2027 1799 menos
2055 1745 2254 1801 diutius
2273 1755 2524 1816 expertes
2553 1761 2674 1801 esse
2697 1747 2946 1816 baptismi
2970 1747 3136 1815 gratia
3164 1753 3420 1816 pateren-

150 1834 480 1900 detestentur,
514 1833 942 1904 reprehendant,
975 1848 1039 1889 ac
1065 1834 1282 1904 penitus
1318 1833 1486 1888 deleri
1519 1842 1728 1889 curent.
1763 1836 1806 1896 Β
1837 1839 1950 1898 tur;
1982 1833 2075 1887 sed
2104 1835 2177 1888 ita
2200 1834 2412 1890 auditus
2440 1833 2635 1901 fuerat,
2680 1845 2742 1889 ut
2766 1836 2997 1890 inaniter
3017 1834 3131 1890 fusa
3159 1835 3275 1904 ejus
3297 1849 3418 1890 om-

150 1926 286 1994 Quod
328 1929 371 1981 si
406 1936 596 1983 tacere
636 1941 802 1996 quam
831 1925 1010 1994 eloqui
1047 1925 1266 1990 malint,
1297 1941 1450 1981 suam
1491 1927 1635 1997 ipsus
1676 1927 1731 1980 in

152 2032 390 2072 mmmam
439 2017 742 2073 discrimen
796 2017 1024 2071 salutem
1079 2016 1366 2072 adducere.
1423 2017 1729 2073 Cavendum

152 2122 263 2162 vero
289 2108 349 2161 iis
376 2107 647 2176 majorem
691 2107 746 2161 in
783 2105 1000 2162 modum
1029 2121 1147 2162 esse
1177 2122 1246 2162 ne
1272 2107 1493 2162 nimium
1524 2116 1616 2162 aut
1641 2123 1729 2163 sc-

153 2199 249 2253 veri
275 2200 394 2264 sint,
427 2208 523 2253 aut
552 2198 915 2267 indulgentes.
942 2198 1076 2253 Nam
1105 2199 1424 2268 prOphetam
1453 2200 1613 2254 etiam
1643 2216 1736 2271 pe-

154 2289 298 2353 tiisse,
324 2299 379 2342 ut
406 2297 586 2345 nosset
633 2290 860 2342 scienter
894 2290 1257 2360 sapienterque
1303 2289 1617 2361 distinguere
1644 2291 1729 2361 qui

153 2381 241 2432 sint
268 2382 466 2434 termini
491 2380 768 2445 bonitatis,
793 2388 840 2433 et
861 2395 1014 2449 quam
1043 2379 1223 2432 debeat
1243 2377 1429 2433 habere
1457 2379 1730 2450 disciplina

153 2485 456 2535 matram;
487 2487 555 2524 ne
580 2473 722 2542 forte
766 2477 857 2521 aut
885 2469 1059 2522 nimia
1086 2469 1404 2523 remissionis
1429 2470 1551 2522 vitio
1588 2470 1731 2522 inco-

154 2564 280 2631 quita
302 2563 548 2631 fedetur,
576 2569 673 2613 aut
700 2557 978 2626 disciplina
1003 2558 1182 2612 durior
1196 2559 1308 2629 ipsa
1323 2561 1403 2612 sui
1433 2561 1731 2613 austeritate

159 2650 417 2706 erubescat.
451 2651 635 2720 Atque
665 2664 810 2716 eum,
839 2649 924 2718 qui
954 2647 1115 2703 bonus
1168 2661 1277 2703 esse
1321 2651 1554 2719 peccanti
1588 2651 1726 2713 velit,

154 2738 346 2811 benigne
370 2742 586 2813 quidem
641 2743 845 2810 facere;
883 2740 976 2796 sed
1006 2747 1064 2795 ut
1092 2740 1293 2795 bonum
1329 2755 1517 2795 revera
1546 2739 1725 2806 faciat,

160 2830 313 2899 rigore
345 2832 420 2886 uti
465 2831 677 2886 debere
722 2829 1032 2899 disciplima,
1082 2846 1191 2900 quo
1238 2846 1333 2884 sua
1379 2831 1459 2884 illi
1488 2832 1730 2901 proficiat

156 2920 335 2977 bonitas
362 2926 414 2977 in
436 2923 698 2988 salutem;
721 2922 919 2991 alioqui
949 2923 1293 2993 perniciosam
1319 2923 1397 2977 illi
1440 2939 1554 2978 eam
1583 2922 1730 2977 boni-

155 3021 291 3068 tatem
311 3017 435 3085 fore,
469 3031 596 3087 quae
624 3015 882 3085 permittat
907 3015 1075 3084 perire
1103 3023 1414 3084 peccantem,
1439 3031 1586 3086 quem
1615 3015 1729 3084 ipsa

154 3114 363 3172 potiterat
389 3107 604 3160 salva‘re
649 3111 953 3158 correctum.
992 3103 1212 3168 Rursus,
1253 3105 1424 3174 inquit
1445 3146 1460 3171 ,
1494 3107 1539 3159 si
1567 3106 1727 3160 nimie

1833 1924 1917 1978 nis
1969 1924 2144 1979 oratio
2189 1924 2480 1980 videretur.
2510 1925 2643 1980 Eam
2673 1927 2744 1980 ob
2772 1941 2885 1980 rem
2915 1944 2933 1980 :
2971 1924 3162 1980 Vereor
3180 1968 3197 1993 ,
3224 1926 3421 1993 inquit.

1834 2031 1898 2067 ne
1945 2015 2056 2068 hac
2094 2016 2388 2087 evangelica
2419 2017 2567 2071 lectio
2597 2018 2853 2088 plerisque
2877 2017 2942 2070 de
2980 2017 3118 2071 vobis
3147 2025 3416 2088 cintgruat,

1831 2121 1944 2175 qua:
1964 2105 2076 2159 ait:
2102 2103 2436 2161 Cantavimus
2460 2106 2620 2171 vobis,
2652 2118 2702 2160 et
2740 2124 2840 2161 non
2871 2107 3134 2171 saltastis;
3165 2107 3419 2161 lamenta-

1828 2197 2010 2260 vimus,
2034 2204 2084 2249 et
2105 2213 2209 2250 non
2248 2197 2492 2266 plorastis
2522 2199 2540 2268 (
2556 2200 2626 2269 f).
2674 2197 2950 2252 Volucrum
2979 2213 3100 2268 ergo
3121 2195 3418 2250 subtrahere

1829 2287 1970 2342 vobis
1993 2289 2266 2344 dominica:
2286 2290 2674 2360 prmdicationis
2710 2291 2946 2360 eloquia;
2968 2307 3068 2346 non
3090 2291 3226 2362 quod
3251 2292 3418 2344 iratus

1831 2381 1926 2436 hoc
1956 2383 2210 2451 facerem,
2259 2381 2349 2434 sed
2390 2389 2447 2434 ut
2475 2382 2821 2453 evangelicam
2858 2384 3164 2437 sententiam
3192 2383 3418 2436 custodi-

1829 2488 1956 2525 rem.
1981 2473 2068 2524 Ait
2093 2474 2230 2525 enim
2259 2469 2515 2524 Dominus
2548 2488 2565 2526 :
2596 2469 2698 2535 Qui
2726 2472 2898 2538 habet,
2928 2471 3136 2528 dabitur
3162 2475 3229 2537 ei,
3253 2483 3303 2527 et
3329 2474 3416 2544 qui

1831 2579 1935 2631 non
1983 2559 2158 2627 habet,
2181 2562 2236 2613 id
2275 2561 2414 2630 quod
2440 2560 2611 2628 habet,
2644 2565 2907 2633 auferetur
2932 2564 2996 2618 ab
3024 2581 3151 2619 eo...
3175 2562 3290 2618 Hoc
3317 2573 3415 2630 est,

1829 2653 1918 2722 qui
1955 2652 2091 2706 dives
2138 2655 2293 2723 fuerit
2333 2649 2482 2707 bonis
2529 2654 2786 2723 aperibus,
2817 2651 2900 2707 hic
2927 2656 3094 2725 magis
3121 2653 3415 2724 evangelica

1829 2743 2199 2811 prtcdicatione
2227 2745 2493 2799 ditetur...
2526 2744 2779 2799 Caterutn
2808 2747 2853 2799 si
2889 2746 3195 2817 fornicatori
3223 2747 3414 2815 prtedi-

1829 2848 1910 2887 ces
1939 2835 2076 2904 quod
2124 2836 2266 2906 virgo
2297 2836 2477 2890 debeat
2507 2852 2827 2906 permanere,
2861 2846 2912 2891 et
2953 2852 3109 2892 avaro
3138 2839 3274 2909 quod
3300 2855 3414 2892 om-

1829 2926 1918 2976 nia
1948 2941 2040 2977 sua
2080 2924 2356 2994 distrahat,
2402 2927 2619 2981 stultitia
2644 2927 2721 2982 illi
2747 2937 2891 2983 est...
2926 2927 3051 2983 Tale
3087 2931 3223 2991 enim
3248 2939 3324 2983 est
3349 2931 3414 2984 iis

1829 3013 2114 3082 prcedicare
2133 3014 2270 3083 quod
2290 3017 2574 3086 perfectum
2602 3026 2699 3081 est,
2726 3018 2881 3088 quale
2900 3019 2945 3071 si
2966 3017 3257 3073 mendicum
3281 3037 3414 3091 pan-

1830 3103 1910 3156 nis
1934 3101 2167 3156 obrutum
2198 3103 2485 3158 holoserica
2514 3107 2637 3159 velis
2655 3107 2891 3175 induere,
2913 3115 3016 3163 etc.
3036 3108 3130 3178 (9).

153 3193 421 3264 disciplina
449 3197 632 3266 rigore
655 3194 850 3248 nuuam
870 3196 1106 3248 sanantis
1126 3194 1371 3250 bonitatis
1391 3196 1726 3266 pretenderis
1755 3190 1798 3251 C
1899 3190 2019 3246 Jam
2050 3192 2296 3248 hortatus
2318 3195 2522 3251 crebris
2556 3199 2895 3254 sermonibus
2921 3199 3180 3268 majorem
3211 3201 3266 3254 in
3294 3217 3414 3257 mo.

153 3286 469 3350 medicinam;
494 3285 623 3338 dum
663 3292 911 3338 terrorem
951 3292 1090 3338 tuum
1117 3285 1308 3356 refugit
1335 3300 1551 3355 peccans
1567 3325 1581 3350 ,
1608 3302 1727 3356 pec-

153 3378 303 3432 cantis
329 3375 698 3446 (egritudinem
721 3390 825 3430 non
873 3376 1094 3429 curabis.
1136 3374 1206 3430 Et
1233 3393 1346 3448 quae
1401 3378 1607 3431 tandem
1648 3381 1725 3432 vi-

152 3469 288 3523 tendi
330 3469 466 3524 ratio
500 3469 636 3530 erit,
673 3483 786 3539 qua
807 3467 1030 3538 justitia,
1060 3468 1105 3521 si
1153 3476 1243 3520 aut
1271 3469 1490 3523 solutior
1537 3469 1727 3523 lenitas

151 3561 510 3614 conniventiam
556 3556 782 3628 prebeat
806 3558 1066 3627 peccatori
1088 3575 1107 3622 ;
1135 3566 1225 3610 aut
1257 3559 1621 3612 immoderata
1641 3575 1726 3612 se-

150 3651 322 3704 veritas
349 3667 380 3702 a
403 3651 561 3719 lapsu
589 3664 693 3702 non
722 3655 921 3702 revocet
956 3648 1328 3719 delinquentem
1358 3648 1475 3720 (b)?
1514 3647 1603 3706 Sic
1627 3665 1726 3704 au-

152 3747 248 3793 tem
268 3755 325 3795 se
345 3741 488 3810 plebi
513 3753 660 3796 cura:
687 3754 796 3794 sita:
835 3737 1053 3794 credita:
1078 3738 1417 3809 confirmare,
1446 3749 1609 3810 atque
1635 3757 1724 3796 re-

150 3831 357 3901 cipere:
407 3833 649 3902 seipsnm
696 3845 815 3886 esse
843 3830 1205 3885 venerabilium
1255 3831 1472 3886 Patrum
1520 3833 1594 3904 (e)
1624 3833 1729 3891 hac

151 3920 212 3975 de
236 3937 292 3978 re
310 3922 561 3992 exempla
581 3920 930 3974 imitaturum.
947 3919 1058 3974 Sibi
1081 3921 1241 3988 igitur
1262 3923 1564 3978 auscultent
1575 3940 1724 3991 oves,

149 4027 261 4068 ann
300 4013 567 4069 ministris
595 4012 664 4067 sit
692 4011 786 4066 Dei
817 4027 923 4066 non
970 4011 1143 4066 solum
1179 4013 1510 4069 adhibendus
1532 4016 1722 4080 honos,

151 4101 236 4157 sed
261 4104 420 4158 etiam
443 4101 926 4172 obtemperandum
958 4102 1060 4174 (ά).
1086 4102 1220 4157 Nam
1248 4104 1572 4175 dignitatem,
1603 4125 1718 4178 qua:

151 4192 386 4248 ministris
414 4194 649 4264 defertur
672 4230 688 4254 ,
719 4192 797 4245 illi
847 4193 957 4246 sine
998 4193 1148 4247 dubio
1176 4194 1406 4249 exhiberi
1434 4198 1580 4267 cujus
1606 4207 1725 4253 sunt

153 4283 376 4338 ministri.
433 4282 709 4350 Repetant
753 4283 1010 4337 memoria
1069 4286 1345 4339 oraculum
1409 4286 1608 4343 Christi
1648 4290 1726 4346 sic

151 4374 412 4442 apostolos
463 4372 792 4440 alloquentis
825 4390 837 4425 :
871 4370 970 4436 Qui
999 4391 1084 4429 vos
1127 4375 1289 4440 audit,
1334 4395 1414 4431 mc
1467 4382 1642 4446 audit,
1677 4390 1726 4435 et

151 4463 227 4530 qui
272 4479 357 4517 vos
385 4463 595 4531 recipit,
619 4479 699 4515 me
727 4463 921 4533 recipit.
948 4461 1062 4517 Etsi
1091 4474 1246 4519 erant
1285 4467 1378 4535 qui
1407 4466 1465 4524 S.
1499 4472 1724 4526 antistiti

1827 3283 1953 3340 dum
1978 3285 2236 3355 populum
2264 3285 2439 3341 fuerat
2472 3296 2532 3343 ut
2573 3289 2826 3357 frequens
2847 3289 2913 3346 ad
2941 3293 3252 3358 ecclesiam,
3279 3294 3413 3364 jeju-

1827 3376 2036 3430 nierum
2048 3377 2379 3446 temporibus
2394 3379 2640 3434 stationis
2659 3380 2916 3436 habenda:
2936 3395 3096 3438 causa
3112 3425 3126 3449 ,
3157 3383 3412 3453 festisque

1828 3467 2017 3521 diebus
2046 3465 2332 3522 dominicis
2361 3471 2682 3539 przcsertim,
2711 3473 3058 3537 conveniret,
3088 3490 3196 3542 quo
3221 3475 3300 3530 rei
3327 3475 3412 3530 di-

1827 3559 1963 3612 vinae
1990 3558 2294 3628 interesset,
2322 3561 2571 3629 viresque
2591 3563 2752 3616 animi
2777 3564 3112 3619 euehat-istim
3131 3566 3295 3621 sacris
3322 3581 3412 3622 re-

1829 3646 2032 3703 ﬁceret.
2059 3648 2418 3705 Nihilosecius
2445 3651 2597 3705 multi
2637 3653 2703 3706 ad
2731 3660 2972 3708 mensam
3000 3655 3274 3712 ctelestem
3303 3668 3412 3713 non

1826 3739 2179 3806 accedebant,
2199 3755 2376 3809 neque
2401 3742 2469 3796 ad
2487 3743 2778 3798 ecclesiam
2801 3743 3042 3814 adibant,
3068 3754 3129 3802 ut
3154 3741 3238 3803 vel
3261 3761 3412 3805 esum

1827 3834 1896 3888 ad
1917 3835 2161 3889 convivia
2189 3835 2488 3904 smoularia,
2513 3837 2598 3890 vel
2629 3836 2694 3890 ad
2737 3827 2924 3906 saltus,
2955 3839 3220 3909 silvasque
3243 3855 3412 3896 vena~

1828 3932 1943 3977 tum
1974 3919 2315 3993 irent.£gre
2345 3925 2397 3979 id
2419 3921 2833 3982 tulitMaximus.
2864 3928 3049 3998 Itaque
3078 3946 3172 3985 eos
3198 3931 3411 4000 publico

1827 4015 1978 4070 hisce
2024 4016 2204 4070 verbis
2237 4019 2322 4071 est
2349 4016 2665 4074 insectatus.
2701 4016 2842 4083 Quid
2870 4020 3086 4075 dicimus
3116 4023 3178 4075 de
3204 4024 3288 4086 iis,
3313 4041 3410 4092 quo

1827 4123 1914 4160 eos
1935 4106 2071 4175 apud
2111 4105 2277 4160 Deum
2304 4105 2549 4161 vocabulo
2579 4109 3009 4178 nuncupabimus,
3031 4113 3114 4181 qui
3137 4112 3220 4166 die
3246 4113 3410 4166 domi~

1828 4196 1943 4247 nico
1991 4203 2201 4265 propter
2256 4197 2541 4250 convivium
2577 4198 2855 4265 steculare,
2895 4201 3171 4266 prandium
3213 4204 3410 4258 cmleste

1828 4294 2177 4350 contemnunt,
2202 4289 2251 4337 et
2279 4296 2512 4339 mensam
2540 4285 2732 4340 Christi
2759 4287 3033 4355 deserunt,
3079 4290 3200 4343 dum
3230 4308 3409 4347 mensa

1827 4376 2050 4430 hominis
2108 4376 2466 4430 delectantur?
2509 4375 2652 4430 Nam
2697 4377 2780 4430 hic
2836 4382 3008 4447 prima
3061 4383 3408 4436 amicitiarum

1828 4465 2018 4520 Christi
2041 4468 2240 4534 offensa
2268 4473 2368 4533 est,
2393 4476 2449 4519 ut
2477 4482 2592 4519 cum
2621 4467 2708 4521 ille
2747 4468 2830 4521 die
2858 4469 3116 4525 dominico
3136 4489 3309 4527 omnes
3339 4476 3408 4528 ad

151 4562 409 4621 parerent,
435 4569 548 4608 non
576 4553 798 4606 deerant
825 4561 1004 4608 tamen
1033 4554 1124 4624 qui
1143 4554 1287 4611 dicto
1301 4557 1579 4614 audientes
1607 4576 1725 4617 esse
1753 4546 1804 4608 Ι)
1830 4564 2156 4633 refectionem
2176 4563 2450 4628 vocaverit,
2468 4564 2814 4634 unusquisque
2833 4567 3059 4636 prapria:
3071 4584 3126 4621 se
3152 4565 3408 4639 voluptate

149 4651 449 4698 renum-ent.
491 4641 550 4696 ld
594 4650 655 4697 ut
695 4641 1011 4698 damnosum
1056 4643 1202 4712 ipsis,
1255 4645 1334 4701 sic
1373 4647 1422 4701 ei
1461 4661 1623 4716 grave
1669 4659 1724 4706 et

152 4736 388 4790 acerbum
418 4742 559 4790 erat.
591 4733 778 4802 Itaque
823 4741 962 4789 utet
1008 4750 1227 4791 munere
1273 4737 1387 4807 ipse
1414 4738 1724 4809 fungeretur

149 4843 256 4890 suo,
273 4838 327 4884 et
355 4830 457 4885 hos
485 4829 890 4899 quibuscunque
909 4829 1082 4883 modis
1104 4839 1307 4898 posset,
1325 4838 1486 4901 atque
1512 4833 1718 4901 liceret,

151 4931 421 4976 revocaret
447 4920 517 4974 ad
545 4920 855 4984 sanitatem,
895 4919 1288 4984 adhortatione,
1321 4923 1718 4999 redargutione,

150 5009 296 5065 minis
321 5011 488 5066 etiam
537 5009 796 5064 utendum
825 5009 925 5064 sibi
952 5023 1070 5065 esse
1109 5009 1386 5078 judicavit.
1418 5015 1589 5083 Atque
1619 5017 1718 5074 bos

150 5097 350 5164 quidem
405 5099 686 5168 alloquens
720 5098 791 5167 (e)
825 5115 837 5150 ε
882 5097 1198 5170 Frequenter
1230 5103 1525 5158 studueram
1579 5108 1717 5175 apud

153 5203 223 5240 ste
241 5189 429 5261 ipsum,
452 5187 643 5256 inquit,
671 5187 970 5243 subtrahere
999 5189 1135 5242 vobis
1164 5191 1437 5248 dominica:
1464 5196 1716 5263 pradica-

154 5275 293 5331 tionis
311 5279 533 5348 eloquia,
565 5293 625 5330 ac
665 5289 768 5332 non
795 5277 1003 5348 elargirl
1032 5280 1219 5348 stepius
1249 5295 1538 5337 sermonum
1570 5287 1715 5339 coale-

156 5369 290 5423 stium
342 5377 694 5424 sacramenta.
727 5369 997 5440 Siquidem
1038 5371 1172 5426 nihil
1196 5373 1363 5441 prosit
1404 5376 1590 5443 offerre
1617 5395 1710 5445 pa-

217 5527 293 5598 (ι)
326 5530 497 5586 Serm.
533 5529 653 5595 l03,
685 5545 808 5600 pag.
831 5529 955 5583 659.

218 5596 287 5654 lbi
322 5598 517 5654 Homil.
551 5598 676 5654 I07.
698 5614 817 5654 past.
845 5599 949 5654 555

233 5596 265 5650 ι
322 5598 517 5656 Homil.
551 5596 701 5666 107,—
761 5596 817 5668 g.
845 5599 1081 5672 ὅόδεειι.

218 5596 288 5790 lc}
324 5665 475 5736 lbid.,
496 5685 619 5740 pag.
645 5616 767 5723 3&3.
905 5741 914 5748 ι

223 5742 236 5790 l
279 5740 294 5790 l
329 5738 524 5790 Homil.
547 5739 636 5790 67-
667 5756 789 5790 nan.
813 5740 917 5790 9.Ιὸ
946 5759 1081 5790 sena.

223 5738 294 5802 (ἀ)
329 5738 524 5797 Homil.
547 5739 637 5809 67,
667 5756 789 5810 pag.
813 5740 917 5802 9.15
946 5759 1089 5810 seqq.

1824 4652 2123 4706 lascivitatis
2147 4653 2363 4720 reﬁciat,
2387 4662 2437 4705 et
2461 4669 2563 4705 non
2591 4670 2650 4706 eo
2679 4654 2846 4723 potius
2875 4658 3160 4723 conveniat,
3191 4676 3290 4730 quo
3317 4659 3406 4714 de-

1825 4742 1926 4797 bito
1970 4745 2190 4815 quodam
2237 4744 2499 4815 religionis
2528 4745 2821 4800 adducitur.
2872 4745 3108 4804 Debitum
3157 4755 3291 4806 enim
3329 4765 3404 4808 est

1823 4833 2118 4897 Christiano
2145 4835 2228 4890 die
2266 4837 2522 4891 dominico
2554 4837 2624 4890 ad
2658 4843 2927 4894 ecclesiam
2943 4846 3232 4898 convenire.
3261 4843 3404 4900 Nam

1821 4927 1913 4981 illa
1943 4927 2025 4980 die
2048 4929 2181 4996 leges
2226 4927 2397 4991 silent,
2424 4928 2627 4996 judicia
2657 4939 2854 4996 tacent,
2886 4943 2941 4984 ut
2969 4935 3110 4986 salus
3141 4937 3402 4990 hominum

1827 5016 1990 5073 locum
2038 5018 2319 5072 devotionis
2371 5020 2641 5088 acciperet,
2673 5030 2723 5074 et
2761 5038 2861 5076 non
2903 5034 3008 5077 tam
3058 5028 3330 5091 feriaretur
3369 5046 3401 5081 a

1824 5109 2038 5178 publicis
2065 5109 2282 5173 actibus,
2309 5128 2459 5182 quam
2484 5112 2699 5178 feriatus
2731 5123 2862 5168 esset
2887 5133 2919 5168 a
2940 5115 3253 5187 facinoribus
3283 5137 3402 5187 pec-

1823 5209 2075 5253 calorum.
2109 5199 2215 5254 Sed
2234 5202 2370 5270 quod
2401 5204 2548 5272 pejus
2581 5214 2678 5269 est,
2708 5205 2763 5258 id
2789 5207 2924 5274 quod
2952 5208 3021 5261 ad
3049 5205 3400 5264 salubritatem

1823 5289 2000 5342 datum
2026 5298 2121 5354 est,
2166 5290 2374 5359 deputat
2402 5292 2498 5345 hoc
2524 5291 2678 5347 miser
2703 5297 2911 5368 quisque
2937 5297 3192 5364 lascivire;
3220 5310 3269 5354 et
3299 5313 3398 5354 nan

1824 5379 1994 5432 solum
2024 5380 2093 5432 ad
2123 5381 2393 5435 ecclesiam
2422 5389 2631 5452 propter
2655 5396 2865 5453 peccata
2896 5405 2997 5442 non
3027 5390 3282 5454 convenit,
3309 5393 3399 5443 sed

1889 5540 1967 5622 (le)
1998 5540 2169 5622 'S-er‘m.
2207 5542 2474 5622 iOl,‘_pa_g.
2508 5545 2603 5601 66l
2633 5563 2783 5620 seqq.

1891 5612 1972 5748 (if
2001 5609 2155 5690 lb_id.,
2185 5627 2305 5680 pag.
2330 5609 2450 5668 6155‘.

1892 5683 1944 5748 (g
1997 5679 2152 5748 lbtd.,
2175 5698 2295 5748 pag.
2329 5683 2434 5739 662

1892 5679 1966 5750 (g)
1997 5679 2152 5748 lbid.,
2175 5679 2295 5752 pag.
2329 5683 2434 5739 662
2459 5701 2611 5756 seqq.
