3898 6226
1618 331 1778 388 VITA
1811 331 1870 389 S.
1912 328 2156 386 MAXIM!
2195 329 2659 389 TAUBINENSIS.

3677 335 3790 392 159

519 449 829 508 vanitatibus
874 446 1104 513 studens,
1143 447 1433 500 accunutlot
1453 443 1555 500 sibi
1581 445 1820 515 graviora
1858 451 2089 513 peccata,
2119 439 2342 518 luisse
2369 441 2656 497 Taurinum
2701 458 2785 512 se,
2838 460 2958 500 cum
3006 446 3162 516 plane
3208 447 3374 501 sensit
3420 461 3572 517 spem
3628 447 3780 500 illam

517 540 654 594 unde
679 555 763 594 vos
790 539 1110 604 omnipotens
1135 535 1276 590 Deus
1306 536 1605 590 emendatos
1633 531 1809 587 liberet
1831 535 1925 603 (a).
1954 531 2093 585 Rur-

516 643 635 682 sum
664 645 677 680 :
710 625 783 699 (b)
813 624 949 690 Quid
975 624 1202 694 prodest,
1228 625 1422 694 inquit,
1455 623 1700 696 jejunare
1723 620 2016 684 visceribus,
2047 630 2098 674 et

515 719 774 771 luxuriari
787 715 1094 779 venatibus;
1125 715 1380 769 abstinere
1409 715 1554 779 cibis,
1583 721 1635 768 et
1655 730 1829 767 errare
1851 714 2093 782 peccatis;

513 808 766 877 castigare
813 823 1000 876 corpus
1048 807 1242 872 inedia,
1287 807 1456 859 vinum
1502 810 1641 875 forte
1683 820 1786 856 non
1830 802 2015 869 bibere,
2045 811 2095 855 et

513 897 710 950 ebrium
730 897 1040 966 cogitatione
1066 897 1411 970 malignitatis
1430 893 1772 949 incedereiis”
1800 892 1880 945 An
1901 891 2094 960 putatis

512 988 658 1040 illum
680 987 944 1057 jejunare,
973 988 1184 1056 fratres,
1206 987 1293 1056 qui
1317 987 1489 1060 primo
1519 984 1743 1038 diluculo
1771 998 1873 1036 non
1901 981 1970 1034 ad
2006 997 2095 1035 ec—

513 1077 724 1131 clesiam
767 1077 964 1148 vigilat,
1004 1091 1110 1129 non
1153 1076 1416 1130 beatorum
1444 1084 1729 1146 martyrum
1767 1075 1883 1128 loca
1911 1080 2093 1125 sancta

516 1168 792 1237 perquirit;
846 1165 937 1218 sed
983 1181 1196 1236 surgens
1239 1175 1520 1236 congregat
1563 1165 1822 1228 servulos,
1867 1163 2093 1232 disponit

514 1259 668 1325 retia,
689 1273 840 1310 canes
863 1256 1119 1326 producit,
1160 1257 1344 1320 saltus,
1374 1258 1630 1327 silvasque.
1650 1256 1950 1325 perlustrat,
1978 1271 2090 1307 ser-

513 1348 676 1411 vulos,
705 1349 934 1417 inquam,
964 1362 1132 1400 secum
1152 1347 1422 1414 pertrahit,
1456 1349 1678 1417 fortasse
1706 1346 1871 1415 magis
1899 1343 1969 1396 ad
2001 1358 2088 1396 ec-

515 1440 722 1495 clesiam
752 1441 921 1493 venire
968 1440 1244 1508 cupientes,
1277 1449 1326 1492 et
1372 1437 1717 1508 voluptatibus
1746 1440 1850 1492 suis
1877 1446 2088 1507 peccata

515 1531 802 1584 accumulat
846 1531 1037 1596 aliena,
1084 1531 1345 1595 nesciens,
1375 1545 1517 1583 reum
1539 1546 1592 1582 se
1630 1530 1856 1598 futurum
1894 1537 1998 1580 tum
2028 1527 2090 1579 de

513 1637 606 1674 suo
634 1621 840 1684 delicto,
869 1637 1022 1690 qnam
1051 1619 1114 1673 de
1149 1619 1746 1689 perditionexrvorum?
1776 1618 1902 1671 Tota
1931 1620 2090 1687 igitur

515 1711 598 1764 die
640 1709 902 1764 venatibus
954 1712 1372 1763 immoratur.....
1416 1710 1562 1762 littus
1614 1710 1659 1762 si
1695 1709 1890 1775 aliquid
1936 1725 2083 1777 cepe-

2197 548 2410 587 omnem
2454 532 2615 587 fuisse
2643 535 2876 589 inanem.
2916 535 3046 590 Nam
3085 536 3352 607 Comperi,
3397 535 3598 606 inquit,
3639 536 3780 608 quod

2195 639 2286 691 per
2346 623 2629 677 absentiam
2674 642 2837 678 meam
2888 627 2962 679 ita
3011 628 3117 680 rari
3164 630 3345 700 quique
3392 629 3461 680 ad
3505 629 3775 682 ecclesiam

2194 713 2438 777 veniatis;
2470 715 2544 766 ita
2572 716 2720 784 pauci
2748 714 3022 770 admodum
3044 717 3348 785 procedatis,
3380 700 3628 788 quasi'me
3647 735 3774 786 pro-

2193 803 2468 870 ﬁciscente,
2487 821 2679 856 mecum
2699 806 2892 875 pariter
2913 808 3176 870 veneritis;
3200 815 3248 860 et
3269 809 3437 878 quasi,
3454 824 3568 860 cum
3595 823 3772 860 neces-

2193 893 2426 948 sitatibus
2448 911 2538 965 ego
2555 896 2842 965 pertrahor,
2861 913 2948 951 vos
2971 913 3164 950 mecum
3187 899 3401 950 traxerit
3421 899 3532 967 ipsa
3556 899 3772 951 necessu

2196 990 2292 1035 tas.
2315 982 2522 1037 Pariter
2541 1001 2573 1036 a
2592 984 2742 1038 domo
2762 984 2862 1038 Dei
2883 985 3112 1039 absentes
3133 1003 3339 1049 sumus;
3369 987 3460 1040 sed
3480 987 3574 1040 hoc
3603 989 3768 1040 inter-

2191 1080 2286 1134 est,
2316 1072 2451 1142 quod
2469 1090 2546 1126 me
2574 1072 2832 1127 absentem
2869 1077 3143 1129 necessitas
3181 1075 3360 1144 efﬁcit,
3396 1093 3480 1129 vos
3510 1077 3761 1131 voluntas.

2194 1159 2422 1216 Nescitis
2441 1205 2455 1229 ,
2495 1165 2614 1234 quia
2643 1166 2736 1218 etsi
2767 1181 2875 1242 ego
2901 1165 2963 1218 ab
2985 1167 3198 1218 ecclesia
3225 1167 3427 1231 desum,
3455 1164 3688 1220 Christus
3708 1165 3768 1219 ab

2191 1254 2426 1309 Ecclesia
2449 1273 2564 1320 sua,
2586 1257 2671 1325 qui
2698 1265 2773 1309 est
2794 1255 2995 1327 ubique,
3027 1274 3130 1311 non
3161 1258 3332 1311 deest?
3369 1257 3544 1322 Venis,
3580 1261 3766 1329 frater,

2191 1347 2260 1399 ad
2286 1347 2569 1409 ecclesiam,
2604 1365 2704 1400 non
2751 1351 2944 1402 iuvenis
2984 1350 3054 1402 ibi
3097 1351 3449 1418 episcoporum
3477 1352 3772 1419 episcopum

2192 1435 2550 1491 Salvatorem?
2581 1436 2720 1490 Nam
2762 1437 3084 1491 Christianus
3125 1441 3210 1510 qui
3250 1449 3369 1492 tunc
3425 1429 3625 1491 tantum
3653 1455 3772 1508 pro~

2191 1527 2322 1578 cedit
2343 1526 2410 1578 ad
2434 1528 2718 1589 ecclesiam,
2751 1529 2957 1597 quando
2983 1530 3247 1598 episcopus
3276 1545 3504 1598 presens
3535 1537 3638 1591 est,
3671 1543 3774 1581 non

2192 1625 2295 1670 tam
2332 1615 2430 1671 Dei
2460 1634 2615 1670 causa
2662 1619 2857 1670 videtur
2881 1619 3186 1691 processisse
3210 1635 3362 1688 quam
3391 1618 3642 1684 hominis,
3684 1633 3777 1670 nec

2188 1709 2422 1777 implesse
2449 1706 2731 1760 Christiani
2763 1709 2986 1761 timentis
3027 1710 3279 1778 ofﬁcium,
3311 1708 3401 1762 sed
3441 1711 3594 1762 amici
3635 1709 3778 1779 defe-

513 1804 731 1867 rit,.....
793 1799 958 1853 Tanto
1003 1799 1174 1852 studio
1221 1801 1390 1870 gerit,
1446 1800 1592 1868 quasi
1659 1797 1772 1852 ideo
1842 1799 2086 1853 indictum
2123 1783 2166 1843 Β
2195 1800 2352 1851 rentis
2393 1797 2702 1868 obsequium.
2756 1797 2880 1852 Mox
2927 1814 3080 1853 versa
3129 1799 3198 1852 ad
3241 1799 3465 1854 clericos
3509 1801 3776 1861 oratione,

514 1889 714 1960 laxus]
758 1891 1016 1960 jejunium
1069 1889 1251 1960 fuerit,
1310 1899 1364 1941 ut
1419 1897 1642 1942 venatur.
1719 1887 1784 1941 In
1839 1889 1918 1942 his
1971 1892 2090 1959 ergo

513 1982 756 2046 luxuriis,
785 1981 971 2045 dicite,
1013 1981 1124 2050 quis
1151 1979 1314 2032 cultus
1341 1980 1406 2032 sit
1437 1978 1552 2042 Dei,
1593 1995 1704 2048 qua:
1725 1980 1906 2032 mentis
1932 1980 2093 2048 possit

511 2088 626 2127 esse
667 2071 880 2135 devotio,
909 2071 993 2142 qui
1021 2079 1291 2140 propterea
1313 2071 1537 2140 jejunat,
1568 2061 1670 2121 non
1710 2077 1764 2120 ut
1801 2068 1911 2122 Deo
1942 2077 2091 2138 atque

511 2159 828 2216 orationibus
854 2169 1026 2225 vacet;
1067 2159 1158 2214 sed
1203 2169 1259 2212 ut
1307 2169 1411 2213 tota
1451 2160 1533 2213 die
1580 2161 1803 2225 otiosus,
1852 2169 1900 2212 et
1944 2160 2089 2224 liber,

509 2254 750 2324 proprias
776 2260 1010 2306 exerceat
1030 2250 1345 2319 voluptates?
1369 2248 1608 2313 Quamvis
1636 2251 1809 2321 igitur,
1839 2252 1923 2321 qui
1951 2251 2091 2320 ejus-

513 2343 652 2397 modi
689 2359 772 2406 es,
815 2344 996 2412 frater,
1038 2358 1241 2412 vespere
1280 2341 1348 2394 ad
1377 2341 1582 2395 domum
1613 2341 1821 2406 redeas,
1865 2343 2093 2410 quamvis

513 2433 805 2486 declinante
841 2433 956 2500 jam
994 2430 1102 2484 sole
1147 2430 1451 2494 manduces,
1501 2440 1641 2498 potes
1685 2431 1841 2483 videri
1895 2431 2093 2483 tardius

515 2525 778 2595 refecisse,
803 2539 905 2576 non
932 2531 1100 2576 tamen
1127 2521 1350 2576 Domino
1373 2522 1654 2591 jejunasse.
1685 2562 1698 2574 .
1727 2562 1738 2574 .
1773 2522 1919 2576 Scire.
1947 2520 2095 2574 debe-

516 2631 648 2679 mus,
678 2615 889 2684 fratres,
921 2612 1014 2666 hoc
1043 2622 1303 2682 acceptum
1341 2610 1451 2665 Deo
1480 2628 1590 2664 esse
1619 2612 1896 2681 jejunium,
1922 2613 1966 2664 si
1992 2627 2094 2664 non

518 2705 682 2761 solum
701 2705 1014 2759 abstinentia
1035 2704 1339 2774 castigemus
1367 2719 1602 2772 corpora,
1634 2704 1725 2756 sed
1751 2705 1905 2757 etiam
1932 2704 2097 2756 humi-

513 2794 664 2848 litate
705 2792 916 2846 animas
966 2794 1273 2847 induamns.
1316 2792 1497 2848 Simus
1543 2793 1610 2847 ad
1656 2793 1890 2847 servulos
1935 2794 2110 2857 mites,

513 2881 698 2940 blandi
732 2883 800 2936 ad
827 2891 1131 2948 extraneos,
1167 2884 1530 2937 misericordes
1561 2883 1629 2936 ad
1661 2899 1940 2953 pauperes.
1971 2883 2107 2937 Sur-

513 2981 688 3044 gentes
718 2972 891 3040 primo
925 2972 1164 3028 diluculo
1198 2972 1266 3026 ad
1297 2974 1575 3027 ecclesiam
1606 2974 1936 3042 festinemus,
1975 2973 2112 3040 refe-

2194 1902 2379 1940 eorum
2410 1888 2787 1955 negligentiam
2817 1889 3104 1943 accusavit.
3137 1888 3360 1957 Negavit
3402 1904 3460 1943 se
3514 1889 3779 1956 castigare

2193 1977 2423 2033 ﬁliorum
2446 1979 2718 2034 licentiam
2741 1994 2927 2048 posse;
2956 1995 3076 2034 cum
3100 1980 3371 2034 emendari
3395 1996 3422 2032 a
3445 1995 3505 2034 se
3531 1986 3781 2033 cerneret

2193 2069 2566 2137 negligentiam
2591 2084 2776 2122 eorum
2802 2083 2905 2122 non
2939 2085 3098 2138 posse
3136 2085 3271 2138 (tuos
3297 2069 3518 2123 fratrum
3548 2084 3780 2122 nuniero

2191 2159 2438 2213 haberet.
2494 2155 2709 2211 Addidit
2750 2173 2854 2212 non
2893 2157 2959 2212 de
2985 2159 3231 2213 omnibus
3261 2159 3405 2227 loqui
3433 2174 3510 2213 se.
3544 2158 3779 2227 Perspe-

2192 2260 2336 2304 ctum
2359 2250 2501 2303 enim
2531 2266 2648 2305 esse
2681 2257 2842 2318 atque
2871 2252 3205 2320 exploratum
3242 2252 3342 2306 sibi
3388 2267 3574 2305 eorum
3614 2267 3776 2320 quos-

2193 2341 2316 2393 dam
2364 2341 2542 2394 colere
2579 2341 2831 2409 pietatem
2879 2342 3264 2410 diligenterque
3305 2355 3491 2408 agere,
3523 2341 3618 2394 sed
3665 2356 3779 2394 non

2194 2432 2368 2484 minus
2396 2446 2454 2486 se
2497 2433 2633 2486 scire
2668 2447 2784 2486 esse
2810 2433 2943 2487 alios
2971 2434 3319 2501 negligentes.
3353 2431 3463 2487 llos
3487 2433 3553 2485 ab
3571 2447 3642 2486 se
3663 2447 3750 2485 mo
3770 2461 3782 2473 ο

2195 2524 2310 2575 neri
2340 2529 2396 2575 ut
2425 2522 2708 2578 consulant
2737 2524 3079 2576 conscientim
3108 2539 3172 2577 ac
3198 2523 3355 2580 saluti
3383 2537 3510 2576 suae.

2266 2609 2394 2679 Ejus
2423 2611 2681 2666 orationis
2711 2620 2858 2666 tanta
2898 2612 2978 2666 vis
3020 2611 3136 2677 fuit,
3183 2622 3239 2666 ut
3269 2612 3646 2676 Taurinenses,
3677 2612 3781 2664 etsi

2195 2703 2370 2755 acrius
2397 2700 2623 2756 fortasse
2658 2718 2817 2771 quam
2846 2703 3100 2772 suspicari
3142 2704 3467 2772 potuissent,
3515 2710 3569 2755 at
3608 2717 3666 2756 se
3697 2709 3783 2753 ta-

2196 2809 2339 2854 men,
2372 2795 2566 2848 merito
2607 2803 2754 2848 certe
2781 2810 2898 2858 suo,
2948 2795 3303 2864 reprehensos
3349 2809 3379 2846 a
3430 2792 3486 2847 S.
3539 2793 3782 2846 antistite

2197 2883 2305 2957 [CL]
2332 2884 2728 2939 conﬁterentur.
2756 2885 2937 2953 itaque
2977 2894 3230 2939 caverunt
3259 2900 3324 2938 ne
3346 2900 3504 2952 quam
3525 2883 3783 2952 deinceps

2198 2977 2398 3044 pastori
2420 2992 2517 3031 suo
2541 2993 2602 3030 ea
2625 2978 2691 3031 de
2715 2993 2773 3031 re
2793 2993 3004 3032 causam
3029 2977 3095 3032 ad
3118 2978 3539 3045 redarguendum
3561 2978 3779 3031 darent.

514 3077 696 3116 ramus
719 3061 826 3116 Deo
847 3063 1075 3132 gratias,
1094 3065 1321 3130 peccatis
1344 3066 1544 3124 veniam
1564 3066 1960 3134 postulemus...
1981 3063 2114 3118 Tota
2139 3128 2171 3136 _
2200 3063 2475 3132 Maximus,
2502 3067 2592 3135 qui
2616 3068 2905 3136 profecisse
2930 3067 3073 3136 ipsos
3096 3067 3389 3134 gaudebat,
3422 3082 3540 3120 cum
3568 3067 3784 3134 aliquos

515 3155 603 3210 die
627 3155 697 3209 sit
720 3155 872 3210 nobis
900 3156 1122 3210 assidua
1147 3156 1223 3209 vel
1267 3157 1447 3222 .-ratio,
1475 3158 1550 3210 vel
1575 3156 1752 3211 lectio.
1778 3158 1881 3222 Qui
1907 3128 2174 3209 litterasC
2206 3157 2431 3210 trist'tiaa
2456 3172 2573 3212 sese
2605 3128 2884 3211 tradidisse
2913 3128 3183 3220 cerneret,
3216 3157 3352 3209 banc
3377 3128 3437 3209 ut
3464 3156 3546 3209 vel
3579 3128 3780 3221 tinxit-et,

517 3247 705 3308 nescit,
728 3255 972 3302 sanctum
998 3247 1168 3300 virum
1189 3248 1518 3315 perquirens,
1544 3247 1658 3315 ejus
1680 3246 2113 3317 confabulatione

515 3335 1120 3406 pascatur.anliactus
1135 3339 1479 3390 strculiactus
1493 3336 1786 3389 divinitatis
1803 3335 2111 3401 impediant,

517 3447 621 3484 non
647 3428 805 3484 ludus
827 3428 1023 3483 tabula
1047 3438 1270 3482 mentem
1297 3436 1496 3491 avocet,
1523 3443 1626 3480 non
1653 3425 1896 3493 voluptas
1921 3441 2110 3477 canum

516 3537 702 3577 sensus
745 3518 1047 3576 obducat...
1089 3518 1362 3586 Quidquid
1397 3519 1534 3570 enim
1573 3525 1766 3584 prater
1799 3515 2109 3568 mandatum

516 3611 617 3666 Dei
649 3609 857 3678 feceris,
888 3610 1128 3678 quamvis
1173 3607 1466 3672 abstineas,
1496 3622 1596 3658 non
1619 3604 1855 3674 jejunus.
1895 3604 2006 3658 Hoc
2036 3622 2111 3667 es:

517 3702 658 3756 enim
686 3701 924 3755 salutare
942 3698 1234 3768 jejunium,
1265 3708 1320 3750 ut
1347 3697 1805 3751 sicut'abstinetur
1829 3703 2016 3763 corpus
2042 3698 2106 3750 ab

519 3793 710 3860 epulis,
734 3791 810 3845 ita
833 3799 882 3844 et
905 3792 1084 3844 anima
1110 3789 1401 3854 refrenetur
1423 3806 1454 3841 a
1477 3789 1638 3842 vitiis.
1681 3787 1793 3841 llac
1821 3797 1926 3840 tam
1958 3784 2107 3856 gravi

525 3884 936 3954 redargutione,
969 3881 1166 3951 bisque
1200 3881 1424 3936 monitis
1459 3882 1607 3936 cives
1641 3881 1884 3950 plerique
1918 3894 2108 3934 omnes

519 3977 783 4048 permoti,
803 3974 973 4028 multo
1000 3973 1206 4043 majore
1231 3973 1560 4029 assiduitate
1583 3983 1748 4043 atque
1775 3971 2105 4042 frequentia,

526 4054 681 4107 statis
709 4052 1005 4121 praesertim
1032 4051 1240 4116 diebus,
1278 4053 1329 4105 in
1358 4053 1524 4105 cedem
1554 4069 1758 4109 sacram
1788 4069 2106 4108 concurrere

526 4149 825 4212 cmperunt.
870 4140 945 4195 Ea
970 4157 1055 4196 res
1075 4141 1305 4197 Maximo
1335 4144 1640 4212 aliquandiu
1667 4145 1913 4199 solatium
1953 4162 2106 4200 cura-

529 4246 648 4286 rum
687 4245 752 4286 ac
792 4230 1036 4284 laborum
1089 4229 1207 4284 fuit.
1258 4231 1364 4284 Sed
1410 4231 1638 4286 decursu
1666 4235 1954 4302 temporis,
1987 4250 2106 4288 cum

529 4322 614 4375 vir
641 4329 855 4376 sanctus
885 4320 950 4375 ad
980 4320 1239 4391 synodum
1281 4321 1549 4392 profectus
1578 4334 1718 4378 esset
1738 4327 1931 4394 publici
1962 4343 2107 4381 com-

531 4413 678 4468 modi
707 4428 895 4477 causa,
927 4412 1230 4482 diutiusque
1277 4413 1436 4468 domo
1484 4413 1764 4481 abfuisset;
1821 4417 1891 4470 illi
1925 4418 2107 4487 (quasi

2203 3249 2288 3302 vel
2314 3247 2597 3316 mitigaret,
2629 3249 2706 3302 sic
2729 3263 2822 3302 eos
2847 3255 2929 3301 est
2957 3247 3218 3301 allocutus
3244 3265 3255 3298 :
3289 3248 3525 3300 Amarior
3555 3249 3784 3317 fortasse

2204 3339 2356 3409 fuerit
2377 3339 2677 3406 prtedicatio
2705 3354 2818 3390 mea
2847 3338 3104 3406 superiore
3123 3337 3397 3401 dominica,
3420 3337 3556 3406 quod
3577 3337 3782 3404 pleros-

2204 3445 2296 3498 que
2323 3428 2384 3480 de
2402 3428 2578 3482 vestris
2608 3428 2776 3479 acrius
2805 3427 3110 3496 magisteriis
3137 3435 3184 3479 et
3205 3428 3412 3478 veritate
3435 3426 3779 3486 convencim,

2203 3529 2253 3574 et
2297 3521 2394 3572 sim
2435 3528 2760 3588 prosecutus,
2801 3535 2914 3589 quce
2959 3518 3236 3589 aliquantis
3282 3518 3629 3571 blandimenta
3676 3534 3781 3571 non

2204 3613 2478 3680 afferrent,
2510 3611 2600 3664 sed
2641 3611 2899 3663 tristitiam
2927 3610 3234 3678 irrogarent.
3278 3607 3461 3660 Verum
3490 3607 3622 3660 nihil
3663 3623 3782 3660 mea

2203 3704 2432 3756 interest.
2480 3701 2591 3771 Ego
2620 3703 2754 3753 enim
2797 3701 2991 3770 gaudeo
3037 3701 3197 3752 sciens
3251 3700 3484 3768 discipuli
3517 3700 3780 3751 tristitiam

2205 3793 2438 3861 magistri
2483 3807 2591 3842 esse
2637 3790 2886 3844 ltetitiam.
2941 3788 3080 3842 Tunc
3126 3791 3260 3842 enim
3305 3790 3507 3841 auditor
3552 3790 3780 3858 proﬁcit,

2205 3882 2408 3954 quando
2430 3891 2712 3934 austeriora
2736 3881 3008 3932 annuntiat
3036 3881 3364 3949 pra'dica'tor.
3390 3879 3529 3932 Tunc
3559 3881 3695 3931 enim
3738 3881 3782 3931 ei

2206 3973 2344 4025 salus
2374 3972 2619 4042 gignitur,
2644 3964 2844 4040 quando
2869 3970 3074 4023 tristitia
3102 3970 3470 4023 emendationis
3507 3970 3779 4039 ingeritur.

2208 4061 2348 4114 Dicit
2399 4063 2534 4114 enim
2588 4061 2762 4113 beatus
2805 4059 3076 4129 Apostolus
3113 4075 3129 4111 :
3170 4058 3307 4112 Nam
3352 4076 3464 4128 quce
3501 4059 3784 4111 secundum

2206 4152 2369 4205 Deum
2407 4162 2482 4206 est
2522 4153 2748 4216 tristitia,
2797 4151 3140 4219 paenitentiam
3185 4152 3239 4202 in
3286 4151 3498 4204 salutem
3546 4150 3784 4202 stabilem

2206 4253 2463 4311 operatur.
2499 4241 2653 4294 Recte
2679 4259 2798 4310 ergo
2839 4241 3003 4301 laetor,
3045 4242 3162 4310 quia
3188 4241 3397 4293 salutem
3433 4257 3635 4308 operor,
3669 4256 3785 4292 cum

2208 4334 2449 4404 objurgo;
2481 4334 2596 4386 licet
2639 4343 2844 4385 maereat
2872 4332 3010 4400 filius
3049 4348 3162 4384 mea
3209 4331 3481 4385 acerbitate
3510 4332 3782 4389 sermonis,

2211 4426 2295 4494 qui
2318 4439 2430 4476 eum
2452 4422 2698 4490 proﬁcere
2719 4421 2946 4497 intelligo
2967 4437 3057 4490 per
3077 4437 3362 4474 marorem.
3380 4420 3461 4471 Ait
3483 4419 3782 4488 Apostolus:

531 4501 768 4574 prteiecti
813 4502 1051 4556 moribus
1094 4502 1255 4557 soluti
1301 4503 1526 4558 fuissent
1552 4505 1718 4572 metu)
1762 4484 1987 4558 tantum
2009 4506 2108 4560 sibi
2135 4484 2184 4543 Ῐ)
2215 4484 2339 4576 Qui;
2379 4484 2461 4566 est
2491 4484 2627 4565 enim
2672 4512 2807 4581 filius
2849 4484 2992 4582 (ﬁmi.
3033 4527 3134 4564 non
3169 4511 3396 4564 verberat
3433 4484 3622 4579 pater?
3664 4510 3783 4564 Non

530 4592 761 4649 licentia:
788 4600 1149 4663 sumpserunt,
1188 4601 1246 4647 ut
1285 4593 1391 4647 rari
1415 4593 1483 4647 ad
1504 4595 1742 4664 synaxim
1772 4596 2104 4650 accederent.

533 4684 771 4738 Auxerat
792 4683 843 4738 id
865 4682 1064 4737 malum
1087 4684 1340 4752 segnities
1367 4692 1528 4752 atque
1550 4684 1750 4739 incuria
1773 4686 2106 4742 clericorum.

533 4773 588 4830 id
619 4783 680 4830 ut
701 4773 962 4829 Maximus
997 4773 1297 4848 Augustam
1342 4773 1694 4830 Taurinorum
1723 4776 1934 4831 rediens
1955 4792 2106 4831 acccc

531 4867 627 4939 plt,
661 4865 781 4921 tulit
808 4865 1019 4920 acerbe.
1049 4864 1233 4936 Itaque
1255 4882 1362 4923 non
1384 4876 1506 4938 post
1528 4867 1695 4922 multo
1724 4869 1880 4938 plebe
1905 4869 1957 4922 in
1983 4886 2112 4924 con-

531 4960 743 5014 cionem
771 4967 982 5024 vocata,
1003 4966 1225 5028 questus
1252 4967 1334 5014 est
1356 4961 1605 5028 graviter.
1637 4960 1828 5016 Dolere
1848 4976 1908 5016 se
1951 4963 2105 5026 dixit,

532 5047 677 5122 quod
705 5063 826 5102 cum
854 5054 1079 5118 paterna
1105 5049 1304 5118 pietate
1353 5050 1521 5120 ipsam
1570 5066 1789 5106 monere
1837 5066 2107 5120 nunquam

532 5140 844 5204 destitisset,
878 5148 990 5194 tum
1017 5139 1152 5193 nihil
1191 5139 1483 5212 profecisse
1512 5143 1798 5214 videretur.
1853 5143 2111 5213 Sperasse

534 5231 748 5300 quidem
777 5245 856 5296 se,
884 5228 1018 5296 fore,
1045 5237 1104 5285 ut
1130 5245 1161 5286 e
1187 5242 1377 5286 senatu
1400 5230 1617 5289 Patrum
1647 5234 1720 5304 (ο)
1748 5249 2011 5301 reversus,
2043 5234 2110 5289 de

536 5321 698 5378 rebus
725 5329 868 5376 esset
895 5329 1129 5389 acturus,
1172 5337 1291 5392 quae
1329 5331 1384 5378 et
1425 5324 1672 5393 jucunda:
1720 5327 1822 5381 sibi
1847 5336 1902 5382 et
1944 5337 2109 5396 graue

537 5415 736 5488 populo
764 5422 923 5484 atque
950 5415 1106 5470 utiles
1134 5429 1252 5471 esse
1293 5423 1530 5485 possent.
1584 5417 1778 5472 Verum
1807 5419 1893 5473 vix
1923 5434 2110 5488 perve-

634 5555 688 5688 αἶ
718 5551 893 5606 Serm.
924 5549 1012 5617 95;
1044 5563 1166 5621 pag.
1192 5549 1338 5624 638;

634 5623 664 5676 b
712 5620 884 5676 Serm.
914 5619 999 5686 25,
1024 5637 1148 5688 pag.
1174 5618 1298 5674 d58.

712 5620 884 5692 Serm.
914 5619 999 5686 25,
1023 5618 1148 5692 pag.
1174 5618 1298 5692 d58.

614 5694 684 5764 (ο)
714 5689 908 5748 ιιυωίι.
940 5689 1065 5760 112,
1094 5689 1215 5764 pag.
1249 5691 1352 5746 373
1379 5705 1490 5760 seq.
1535 5711 1545 5745 :
1577 5692 1852 5759 Deberem,
1895 5695 2100 5757 fratres,

2213 4605 2346 4656 enim
2387 4619 2582 4671 semper
2622 4610 2766 4671 pater
2794 4601 3053 4654 osculatur
3094 4601 3278 4669 filium,
3310 4600 3400 4652 sed
3426 4609 3474 4653 et
3501 4600 3782 4672 aliquando

2211 4697 2450 4765 castigat.
2497 4692 2636 4763 Ergo
2676 4691 2878 4762 quando
2915 4692 3194 4761 castigatur
3232 4692 3317 4760 qui
3358 4675 3610 4760 diligitur,
3673 4703 3783 4744 tunc

2211 4789 2349 4841 circa
2384 4800 2496 4838 eum
2525 4785 2684 4853 pietas
2710 4790 2988 4834 exercetur.
3023 4780 3191 4834 Habet
3212 4782 3346 4834 enim
3365 4790 3414 4833 et
3433 4797 3580 4835 amor
3604 4782 3782 4852 plagas

2212 4893 2353 4940 suas,
2406 4891 2517 4946 qua:
2565 4873 2814 4926 dulciores
2861 4881 2997 4936 sunt,
3045 4888 3158 4924 cum
3191 4873 3417 4924 amarius
3471 4873 3780 4942 inferuntur.

2214 4965 2427 5020 Dulcior
2472 4964 2606 5018 enim
2651 4972 2725 5016 est
2772 4963 3009 5032 religiosa
3068 4963 3336 5031 castigatio
3391 4978 3541 5033 quam
3595 4962 3782 5016 blanda

2212 5056 2476 5118 remissio;
2520 5053 2654 5106 unde
2684 5054 2756 5106 ait
2801 5051 3088 5120 prapheta:
3121 5051 3365 5104 Dulciora
3413 5061 3533 5104 sunt
3574 5054 3780 5105 vulnera

2213 5147 2366 5202 amici
2402 5161 2555 5216 quam
2583 5143 2868 5196 voluntaria
2897 5142 3070 5194 oscula
3102 5143 3314 5201 inimici.
3354 5140 3540 5211 Igitur,
3574 5144 3778 5212 fratres,

2213 5237 2333 5306 quia
2361 5242 2475 5304 post
2501 5241 2575 5288 tot
2603 5230 2968 5300 increpationis
2999 5246 3123 5284 mea:
3155 5230 3302 5282 utilia
3331 5228 3479 5282 verba
3523 5231 3680 5284 credo
3704 5245 3780 5282 vos

2213 5329 2523 5400 benignitate
2543 5340 2779 5378 sensuum
2807 5323 3101 5392 profecisse,
3135 5322 3196 5374 de
3213 5322 3376 5374 sacris
3403 5321 3590 5374 litteris
3615 5323 3778 5391 aliqua

2213 5420 2547 5489 conferemus.
2591 5412 2737 5467 Sicut
2781 5413 2916 5465 enim
2963 5413 3097 5478 fons,
3127 5411 3210 5475 qui
3250 5427 3350 5464 non
3388 5410 3541 5463 solito
3583 5410 3780 5462 humore

2211 5558 2326 5622 post
2356 5551 2447 5601 hos
2475 5544 2761 5614 complures
2789 5543 2896 5622 dies
2935 5542 3140 5622 aliquid
3164 5541 3366 5622 uberius
3398 5541 3707 5622 pra'dicare,
3737 5551 3777 5592 et

2212 5611 2464 5674 revertens
2488 5632 2520 5666 a
2542 5611 2683 5667 tanto
2704 5613 2940 5667 examine
2962 5611 3300 5675 sacerdotum,
3322 5611 3454 5664 dulci
3475 5628 3565 5665 vos
3595 5627 3772 5666 seruio-

2214 5708 2276 5744 ne
2305 5687 2530 5752 reﬁcere,
2561 5692 2664 5737 etc.
