3898 6226
84 396 171 451 153
1181 386 1340 444 VlTA
1384 388 1440 442 S.
1483 381 1727 440 MAan
1765 375 2236 436 TAURINENSIS.

3251 373 3354 429 154

82 511 290 576 distillat,
317 520 626 581 exagitetur
656 508 915 573 surculis,
965 508 1037 561 ita
1074 512 1123 561 et
1162 504 1359 574 largior
1385 500 1660 563 invenitur,
1691 499 1744 559 Α
1766 509 1826 550 se
1848 491 1976 566 (bb).
1996 490 2152 558 Quod
2172 488 2420 581 princeps
2438 485 2506 543 de
2524 500 2585 542 re
2609 485 2752 581 civili
2771 484 3009 581 sciverit,
3030 482 3351 581 decreverit,

81 619 132 655 ac
155 603 364 671 primum
405 617 473 655 ea;
516 617 586 654 eo
637 598 853 653 turbida
891 612 1023 668 aqua
1068 592 1386 665 producitur,
1433 600 1490 642 ut
1522 587 1665 642 unda

81 692 235 761 put-iur
269 690 648 760 subsequatur;
683 690 759 742 sic
800 697 850 741 et
877 685 1122 740 sanctitas
1161 688 1330 741 uestra
1354 686 1666 748 exasperata

82 783 259 853 quidem
287 784 457 851 fuerat
486 781 812 833 austeritate
834 776 1122 842 sermonis,
1150 773 1242 829 sed
1269 764 1497 827 devotior
1524 773 1667 842 facta

85 884 140 929 sst
165 874 432 928 dulcedine
458 873 686 943 pietatis
709 872 809 943 (a).

135 963 263 1030 Quid
290 971 475 1017 autem
525 961 804 1016 Hasimus
831 958 900 1014 de
935 956 1125 1031 sacris
1148 956 1341 1011 litteris
1379 951 1669 1010 contulerit

89 1073 179 1113 cum
206 1058 383 1128 plebe,
415 1056 789 1125 conferreque
828 1052 951 1109 inde
974 1050 1303 1122 perre'xerit,
1331 1063 1455 1104 cum
1483 1062 1549 1102 ex
1576 1061 1669 1101 ea-

90 1150 178 1204 dem
205 1147 450 1212 humilia,
483 1154 610 1200 tum
642 1146 702 1199 tit
730 1160 796 1200 ex
824 1143 1032 1199 cmteris
1059 1139 1304 1211 pluribus
1333 1138 1473 1192 illius
1501 1150 1666 1207 opus-

91 1238 192 1294 culis
218 1238 463 1293 evidens.
505 1235 638 1290 Jsm
680 1249 957 1290 sacrarum
995 1232 1295 1286 litterarum
1327 1226 1542 1300 (quibus
1567 1226 1666 1290 uti,

92 1330 186 1384 dum
210 1338 423 1400 tempus
451 1334 754 1399 posceret,
785 1324 1160 1392 consueverat)
1186 1323 1305 1377 loca
1337 1320 1420 1373 vel
1442 1334 1509 1373 ex
1536 1317 1669 1371 Itala

92 1431 235 1476 vetere
280 1421 545 1475 versione
593 1427 856 1484 tanquam
916 1431 985 1471 ex
1031 1413 1179 1470 fonte
1228 1411 1539 1471 hauriebat,
1584 1408 1671 1462 vel

94 1512 335 1580 promebat
366 1525 397 1564 a
424 1525 487 1565 se
518 1510 577 1563 in
610 1508 862 1563 Latinum
888 1522 1149 1561 conversa
1177 1505 1245 1560 de
1273 1503 1494 1560 Gnccis.
1528 1500 1584 1554 ln
1606 1514 1669 1554 ea

92 1616 192 1654 vero
214 1601 459 1665 homilia,
496 1600 664 1670 cujus
694 1615 780 1655 es:
808 1616 838 1653 a
867 1613 1022 1653 nonis
1066 1612 1314 1667 proxime
1342 1596 1482 1650 facta
1511 1610 1668 1648 men—

94 1693 166 1757 tio,
191 1708 252 1747 ex
287 1691 577 1762 Evangelii
608 1688 847 1746 Matthxi
876 1692 1015 1746 sexti
1046 1706 1110 1745 ac
1139 1690 1332 1745 decimi
1366 1674 1555 1758 Capitis
1584 1687 1669 1739 in-

92 1780 199 1848 signi
224 1782 340 1837 loco
368 1800 381 1834 :
421 1782 533 1836 Vos
564 1792 762 1847 autem,
788 1799 930 1853 quem
960 1798 1039 1835 me
1058 1798 1169 1836 esse
1191 1781 1379 1847 dicitis,
1411 1786 1671 1849 opportu-

1763 584 2004 655 jusserit,
2034 597 2144 637 non
2174 577 2509 636 tolerandum
2538 576 2720 642 modo,
2752 575 2848 632 sed
2874 576 3041 632 etiam
3068 574 3357 642 diligenter

1767 675 2088 733 servandum
2112 672 2243 745 (cc),
2277 669 2633 726 adhibendam
2680 668 3038 725 reverentiam
3074 681 3355 723 sacrorum

1768 762 2080 835 przcsidibus
2097 761 2211 832 (dd)
2224 760 2518 830 iisdemque
2537 758 3036 828 obtemperandum,
3054 755 3356 817 curandum

1767 864 1824 910 et
1851 853 2233 918 ecclesiastico,
2282 860 2337 906 et
2375 851 2531 916 laico,
2578 857 2638 904 ut
2681 865 2781 905 suo
2827 848 3099 904 cumulate
3124 846 3357 906 muneri

1768 943 2067 1000 satisfaciat
2087 943 2208 1014 (ee),
2244 942 2440 996 tribuat
2479 942 2670 1009 cuique
2694 938 2838 1008 quod
2866 953 3021 993 suum
3061 947 3164 1004 est,
3194 937 3356 992 laedat

1769 1035 2058 1100 neminem,
2088 1049 2196 1088 uno
2245 1032 2430 1097 verbo,
2468 1031 2599 1085 vitia
2645 1030 2840 1098 fugiat,
2888 1030 3031 1084 colat
3076 1029 3355 1084 virtutem.

1770 1125 1933 1201 Plena
1976 1132 2102 1180 sunt
2137 1124 2394 1195 opuscula
2430 1122 2649 1176 Maximi
2694 1120 2998 1189 huiusmodi
3035 1118 3357 1189 praeceptio-

1769 1232 1917 1271 num.
1949 1214 2053 1271 Eas
2072 1231 2258 1270 omnes
2286 1213 2570 1283 complecti
2591 1220 2643 1267 et
2678 1212 3005 1266 laboriosum
3029 1226 3164 1281 opus
3192 1214 3358 1274 esset,

1771 1302 1829 1361 et
1856 1304 2181 1371 minime,'ut
2209 1306 2463 1370 arbitror,
2503 1304 2885 1359 necessarium.
2912 1302 3099 1371 Itaque
3136 1302 3359 1357 modum

1774 1396 1997 1459 faciam,
2054 1405 2213 1465 atque
2257 1398 2359 1451 hac
2404 1410 2511 1450 una
2557 1401 2843 1450 contentus
2888 1409 3002 1460 ero,
3034 1408 3154 1463 quae
3183 1392 3363 1448 estde

1773 1490 2163 1545 exercitatione
2207 1487 2493 1543 Christiani
2554 1487 2786 1542 hominis
2832 1486 3166 1555 quotidiana.
3223 1485 3360 1541 Cum
3396 1497 3401 1501 ‘

1773 1580 2038 1634 Maximus
2066 1579 2119 1632 in
2149 1594 2245 1633 eos
2268 1593 2408 1649 smpe
2436 1578 2675 1632 invectus
2708 1577 2905 1632 acriter
2930 1574 3117 1631 fuisset
3132 1575 3361 1647 qui,etsi

1774 1673 1917 1728 aucti
1946 1672 2306 1739 cumulatique
2360 1668 2635 1725 beneﬁciis
2663 1676 2842 1724 essent
2885 1684 2919 1721 a.
2962 1668 3217 1735 largitore
3244 1681 3362 1719 om—

1776 1764 1922 1819 nium
1941 1764 2207 1818 bonorum
2229 1763 2358 1827 Deo,
2384 1762 2433 1815 ei
2458 1769 2634 1815 tamen
2657 1761 2853 1829 gratias
2873 1775 3033 1828 agere
3055 1760 3362 1826 habereque

94 1872 280 1927 nitatem
304 1873 495 1943 populi
520 1873 761 1929 docendi
783 1848 947 1943 cepit,
973 1881 1029 1928 ut
1051 1872 1197 1943 quod
1216 1873 1379 1927 corde
1401 1848 1664 1937 crederet,

1778 1855 2131 1923 negligerent;
2165 1860 2275 1906 tum
2304 1852 2521 1907 humilia
2552 1850 2641 1915 89,
2683 1863 2803 1920 pag.
2842 1848 2966 1913 297,
3008 1856 3363 1919 posteaquam

94 1960 134 2013 id
156 1977 239 2017 ore
260 1962 327 2016 ad
355 1963 605 2018 salutem
633 1962 1006 2019 conﬁteretur.
1050 1962 1275 2018 Cmteris
1312 1964 1668 2026 orationibus,

94 2054 377 2109 auctoritate
406 2054 648 2125 perinde
678 2069 958 2111 sacrorum
985 2054 1279 2110 Bibliorum
1323 2053 1510 2120 fretus,
1549 2070 1669 2108 mo-

96 2143 186 2195 nuit
209 2144 385 2199 cives:
416 2160 619 2201 eorum
650 2148 745 2215 qui
775 2146 991 2201 caducis
1029 2146 1252 2215 hujusce
1289 2144 1471 2199 mundi
1513 2145 1672 2199 rebus

98 2230 348 2296 lmrerent,
383 2250 519 2290 vero
544 2236 749 2305 gaudio
776 2235 897 2290 duci
924 2236 1192 2291 neminem
1226 2235 1323 2306 (ὁ).
1349 2235 1671 2290 Enitendum

98 2324 264 2392 cuique
306 2341 429 2382 esse
458 2335 526 2382 ut
556 2343 693 2383 vero
732 2328 927 2398 gaudio
955 2330 1243 2399 potiturus,
1284 2330 1385 2384 sibi
1427 2337 1580 2399 paret
1606 2328 1674 2383 ad

99 2414 261 2468 uelum
288 2417 430 2471 viam
461 2419 561 2488 (c).
597 2418 753 2474 Hanc
778 2421 918 2473 viam
959 2420 1038 2474 sic
1074 2435 1193 2475 esse
1222 2420 1530 2491 parandam.
1566 2420 1671 2475 Ca-

100 2507 302 2563 vendum
330 2526 396 2564 ne
415 2510 550 2582 quid
577 2510 636 2565 in
680 2510 836 2566 nobis
878 2509 1059 2565 ﬁctum
1085 2513 1183 2576 sit,
1214 2513 1411 2580 nequid
1456 2514 1674 2566 simula-

102 2606 210 2664 tum,
232 2603 425 2669 nequid
450 2604 661 2673 duplex
687 2602 789 2675 (ά).
810 2603 953 2658 Nihil
975 2620 1094 2660 esse
1116 2604 1504 2660 admittendum
1524 2606 1671 2672 mali;

103 2707 189 2745 non
213 2694 349 2749 enim
397 2711 567 2765 posse
621 2696 810 2751 vitium
864 2698 1024 2752 simul
1073 2714 1198 2753 cum
1248 2700 1446 2754 virtute
1489 2701 1672 2756 consi-

101 2791 220 2839 stere
249 2785 337 2855 (e).
368 2786 503 2842 Fide
533 2803 812 2858 quemque
852 2804 972 2845 esse
1002 2789 1054 2844 in
1081 2789 1251 2845 Deum
1290 2790 1489 2845 debere
1517 2806 1669 2861 pura,

100 2877 365 2942 constanti,
417 2878 654 2932 immota
685 2876 806 2950 (1');
859 2894 955 2949 spe
1004 2878 1157 2934 ﬁrma
1213 2880 1320 2952 (g);
1371 2878 1489 2952 ﬁdal
1513 2889 1675 2950 atque

101 2962 282 3018 ardenti
308 2966 585 3022 charitate
617 2967 719 3037 (Ιι),
752 2983 871 3037 quae
898 2969 973 3023 ita
998 2967 1051 3023 in
1084 2969 1362 3040 proximos
1384 2978 1585 3035 manet,
1616 2977 1676 3024 ut

100 3066 209 3121 erga
248 3050 377 3111 illos
394 3072 496 3126 par
519 3058 627 3122 sit,
660 3066 824 3128 atque
850 3067 1094 3114 nostrum
1124 3074 1250 3129 erga
1277 3077 1377 3116 nos
1417 3062 1563 3132 ipsos
1589 3061 1673 3116 di-

101 3142 239 3199 lectio
283 3146 383 3217 (i).
433 3148 593 3205 Hanc
641 3164 762 3204 esse
813 3150 1027 3227 virtutis
1074 3167 1357 3207 summam.
1410 3151 1511 3218 Qui
1554 3169 1673 3207 eam

1771 1946 1987 2003 eosdem
2016 1945 2200 2014 paucis
2228 1960 2437 1998 rursum
2484 1943 2755 2011 redarguit
2799 1960 2811 1994 :
2862 1939 2962 2004 Qui
3009 1948 3115 2004 est,
3164 1940 3359 2007 inquit.

1771 2039 1915 2091 utilis
1943 2035 2291 2099 Christianus,
2323 2050 2521 2104 semper
2550 2033 2695 2086 debet
2724 2031 2874 2083 Patri
2909 2046 2970 2082 ac
3010 2029 3235 2083 Domino
3269 2044 3365 2082 suo

1771 2129 1951 2191 laudes
1983 2128 2172 2191 dicere,
2222 2138 2271 2179 et
2316 2127 2370 2178 in
2416 2124 2528 2195 ejus
2571 2124 2794 2194 gloriam
2840 2124 3014 2176 omnia
3060 2134 3362 2192 procurare.

1770 2221 1902 2274 sicut
1930 2219 2003 2271 ait
2032 2216 2209 2271 beatus
2251 2216 2528 2285 Apostolus
2547 2253 2561 2277 ,
2605 2214 2778 2267 dicens
2807 2228 2823 2265 :
2864 2212 2986 2266 Sive
3011 2210 3362 2270 manducatis,

1772 2314 1877 2366 sive
1906 2310 2096 2375 bibitis,
2126 2310 2229 2363 sive
2257 2308 2403 2360 aliud
2431 2307 2633 2376 facitis,
2683 2306 2858 2359 omnia
2903 2305 2958 2356 in
2998 2303 3219 2373 gloriam
3264 2299 3363 2353 Dei

1774 2405 1950 2477 facite.
1976 2442 1998 2486 ε
2029 2441 2044 2456 .
2079 2441 2093 2456 .
2127 2396 2317 2454 Omnes
2364 2415 2485 2469 ergo
2532 2406 2677 2451 actus
2729 2404 2932 2450 nostros
2976 2394 3181 2448 Claristo
3228 2393 3366 2445 velut

1773 2495 1933 2559 socio,
1958 2482 2032 2546 uel
2063 2500 2186 2545 teste
2215 2489 2480 2559 compleri,
2521 2488 2619 2541 hac
2657 2487 2849 2541 scilicet
2873 2486 3096 2549 ratione,
3122 2491 3180 2535 ut
3206 2482 3363 2545 bona,

1772 2588 1886 2656 ipso
1913 2592 2139 2648 auctore,
2174 2584 2454 2654 faciamus;
2485 2582 2646 2644 mala,
2676 2588 2882 2647 propter
2909 2577 3071 2646 ipsius
3098 2571 3367 2627 contuber-

1774 2675 1933 2740 nium,
1959 2674 2287 2727 declinemus.
2315 2669 2584 2725 Erubescit
2613 2669 2749 2723 enim
2782 2669 2925 2720 mala
2950 2668 3123 2737 {acere
3152 2664 3237 2735 qui
3259 2666 3368 2715 'scit

1775 2765 2034 2819 Christum
2051 2781 2106 2819 se
2127 2763 2313 2817 habere
2332 2763 2655 2833 participem.
2681 2758 2919 2813 Christus
2942 2765 3113 2810 autem
3134 2756 3187 2809 in
3219 2753 3367 2808 bonis

1775 2857 1987 2927 adjutor
2020 2864 2119 2909 est.
2169 2853 2311 2924 Ergo
2357 2869 2470 2905 cum
2496 2852 2735 2905 diluculo
2780 2852 3061 2917 surgimus,
3104 2844 3364 2905 debemus,

1775 2941 2069 3019 priusquam
2096 2944 2431 3016 procedamus
2453 2960 2481 2997 e
2502 2941 2749 3004 cubiculo,
2775 2940 2973 3011 gratias
2996 2953 3154 3007 agere
3180 2934 3368 2989 Salva-

1778 3039 1896 3101 tori,
1927 3046 1977 3090 et
2004 3045 2125 3089 ante
2152 3051 2326 3088 omnes
2355 3042 2497 3087 actus
2527 3033 2723 3097 swculi,
2749 3040 2895 3084 actus
2924 3027 3365 3097 haberetpictatis,

1777 3130 1861 3201 qui
1890 3145 1981 3181 uos
2006 3128 2318 3197 quiescentes
2346 3134 2393 3179 et
2422 3125 2730 3177 dormientes
2756 3124 2813 3175 in
2843 3121 3045 3175 lectulis
3073 3116 3364 3171 custodiuit.

100 3244 327 3305 respuat,
356 3236 560 3294 frustra
592 3239 767 3310 ipsum
795 3224 1183 3313 eleemosynis,
1213 3205 1483 3312 ωηυίιοίξ,
1512 3244 1674 3299 casti-
1702 3228 1747 3291 C
1780 3261 1797 3277 .
1830 3261 1845 3276 .
1880 3260 1895 3274 .
1932 3260 1947 3274 .
1976 3220 2229 3274 Debemus
2270 3234 2389 3287 ergo
2434 3225 2724 3313 surgentes“
2746 3215 2949 3313 gratias
2966 3246 2971 3249 ι
2998 3212 3105 3313 De?
3131 3205 3284 3279 a'gere
3319 3216 3369 3260 ct

103 3332 198 3379 tate
223 3344 313 3382 sua
341 3330 619 3387 conﬁdere
650 3330 757 3403 (j).
808 3331 1216 3402 Adjungendam
1262 3335 1511 3390 charitati
1554 3352 1673 3392 esse

103 3412 420 3491 devotionem
453 3422 553 3493 (k).
589 3420 829 3492 Propriis
860 3424 1065 3479 viribus
1111 3440 1220 3481 non
1264 3423 1534 3481 ﬁdendum
1564 3426 1669 3497 (ι).

104 3502 376 3564 Referenda
417 3527 589 3581 opera
629 3526 855 3581 qumque
878 3522 1063 3568 nostra
1108 3514 1161 3568 in
1188 3514 1357 3569 Deum
1396 3530 1514 3571 esse
1542 3517 1671 3587 (m);

103 3598 343 3653 orandum
365 3618 471 3656 non
497 3612 611 3656 tam
631 3618 726 3658 ore
756 3619 918 3673 quam
952 3606 1116 3661 corde
1134 3606 1233 3677 (η).
1260 3606 1389 3681 [cu]
1412 3607 1672 3665 Standum

102 3697 271 3743 sancte
297 3690 359 3744 iis
376 3708 496 3761 qua:
515 3692 631 3747 Deo
655 3692 756 3763 ipsi
784 3695 1049 3763 promissa
1074 3694 1271 3751 fuerint
1299 3696 1394 3769 (υ),
1418 3699 1674 3754 solvenda

105 3787 218 3832 vota
244 3782 345 3851 (ρ),
375 3784 662 3839 colendam
700 3786 828 3839 item
864 3800 981 3841 esse
1012 3786 1277 3855 justitiam
1320 3788 1425 3861 (q),
1469 3796 1678 3860 tempe-

104 3873 333 3937 rantiam,
363 3877 791 3932 moderationem
816 3879 906 3948 (r),
939 3879 1295 3948 abjiciendum
1325 3870 1545 3938 nimium
1586 3869 1676 3939 or-

106 3969 271 4015 natum
300 3962 407 4033 (s),
434 3965 644 4035 jejunis
670 3967 877 4036 integre
896 3959 1231 4026 observanda
1257 3973 1320 4043 (ι)
1336 4011 1351 4035 ,
1376 3973 1676 4044 parendum

106 4053 367 4122 praeceptis
396 4054 475 4126 (ιι)
507 4053 783 4122 Ecclesiae,
816 4059 1171 4113 exercendam
1200 4060 1255 4114 in
1283 4076 1575 4131 pauperes,
1621 4064 1675 4118 in

108 4146 420 4211 peregrinos,
453 4147 622 4216 inque
646 4146 886 4217 hospites
913 4148 1291 4204 liberalitatem
1323 4150 1425 4223 (υ),
1451 4167 1678 4224 parcen.

110 4229 217 4286 dum
240 4235 376 4290 ultro
399 4237 463 4292 iis
486 4237 582 4306 qui
604 4245 816 4292 nosmet
836 4237 1070 4293 laeserint
1091 4240 1192 4312 (ω),
1218 4242 1465 4298 vitandas
1494 4246 1678 4300 mundi

110 4321 472 4381 sollicitudines
488 4325 590 4398 (υ),
612 4341 768 4397 aequo
791 4329 971 4384 animo
992 4327 1274 4384 ferendum
1297 4332 1343 4386 si
1368 4333 1497 4401 quid
1524 4336 1680 4391 nobis

113 4413 341 4469 acciderit
358 4417 575 4471 adversi
598 4417 691 4488 (ι),
715 4417 1068 4474 cohibendam
1088 4420 1323 4489 linguam
1348 4421 1481 4493 (aa),
1498 4432 1679 4480 atten-

114 4503 318 4561 dendum
342 4510 465 4575 sibi,
496 4509 839 4566 sentiendum
870 4512 938 4569 de
963 4528 1047 4584 se,
1072 4512 1451 4588 agendnmque
1475 4510 1676 4575 demis-

194 4664 242 4791 εξ
266 4663 914 4791 sat-simas
940 4684 1056 4742 εοίιε

195 4736 219 4784 b
266 4736 437 4791 Serm.
471 4736 565 4803 70,
588 4736 706 4805 pag.
733 4736 856 4791 584.

195 4736 241 4924 ἐ
268 4803 462 4865 Homil.
497 4805 592 4873 65,
618 4820 737 4875 pag.
766 4806 893 4862 209.

230 4873 445 4924 lSerm-
482 4874 608 4924 109-
637 4890 757 4924 nan-
791 4875 893 4924 677

226 4873 247 5009 ξ
482 4873 757 4946 109,⁷ρέε.
791 4875 911 4930 677.

197 4943 451 5083 illiilli).
482 5014 577 5083 38,
618 5029 739 5087 pag.
777 5015 837 5070 51
870 5031 1012 5088 seq.,
1052 5031 1215 5073 serm.
1258 5017 1390 5087 100,
1418 5034 1536 5091 pag.
1570 5021 1676 5076 676

122 5097 249 5276 Ἐξ)
276 5151 476 5276 ξὲωὶι.
514 5156 613 5223 56,
641 5170 762 5226 pag.
798 5155 918 5212 106.
958 5156 1090 5213 Vide
1128 5157 1363 5230 prtel'at.,
1392 5173 1513 5230 pag.
1548 5160 1673 5229 128,

208 5292 259 5376 bl
282 5291 479 5376 llomil.
513 5293 604 5376 7_6_,
631 5309 754 5366 pag.
789 5294 913 5376 g2,
944 5304 1004 5353 et
1026 5312 1187 5354 serm.
1212 5296 1303 5365 89,
1332 5311 1453 5368 pag.
1479 5297 1603 5354 628.

208 5294 255 5373 lt)
282 5294 479 5376 Homil.
513 5294 604 5362 76,
631 5309 754 5366 pag.
789 5294 913 5361 242,

186 5294 264 5498 ζ
521 5363 612 5434 64,
641 5380 764 5437 pag.
790 5365 914 5421 204.

190 5430 236 5553 (ἰ
289 5430 418 5489 Ibid.
596 5430 607 5434 ⁷
642 5430 661 5437 ’
715 5430 739 5435 ⁷

190 5430 264 5628 ξιξ
477 5502 566 5571 68,
596 5518 719 5576 pag.
752 5504 879 5560 271.

194 5574 494 5777 Wlfflin.
525 5643 615 5709 89,
638 5658 764 5717 pag.
796 5642 901 5727 29]
921 5660 1068 5771 seqq;

217 5710 268 5777 ιι)
294 5711 481 5769 Homtl.
513 5715 633 5777 107,
661 5730 787 5777 pag.
816 5714 937 5777 3.32,
966 5725 1020 5770 et

217 5661 277 5788 δ’
513 5661 1224 5788 δήρξξέὲξὲῗᾝὶοωῑι.
1257 5717 1377 5782 ne,
1406 5728 1527 5788 pag.
1554 5716 1675 5772 sto.

200 5782 266 5845 to)
291 5780 479 5842 ﬂoun'l.
507 5784 592 5855 97,
621 5780 761 5855 pag:
783 5782 889 5840 325
920 5800 1035 5851 seq.

175 4665 196 5083 ε

240 5362 264 5637 ἕ

1705 4680 1758 4741 Ῑ)
1875 4689 1907 4740 Ρ
1960 4668 2158 4724 Ηοωίι.
2182 4662 2269 4729 96,
2299 4676 2421 4735 pag.
2452 4660 2578 4717 322;

1853 4670 1932 4813 lql
1959 4735 2320 4813 ἓοωὲἓνέυ»
2345 4732 2578 4813 μειερδτ

1775 3329 1924 3368 omne
1951 3312 2053 3365 diei
2075 3326 2201 3380 opus
2222 3310 2276 3362 in
2302 3310 2451 3378 signo
2486 3308 2659 3377 facere
2686 3303 2997 3358 Saluatoris.
3030 3298 3224 3353 Nonne
3251 3313 3369 3357 cum

1775 3403 1942 3457 adhuc
1994 3401 2197 3473 gentilis
2241 3416 2376 3452 esses
2422 3397 2623 3452 solebas
2681 3396 2832 3465 signa
2876 3394 3204 3464 perquirere,
3252 3404 3368 3460 qua

1773 3505 1944 3574 signa,
1975 3501 2154 3573 quibus
2176 3500 2323 3554 rebus
2345 3508 2513 3552 essent
2534 3507 2806 3567 praspera,
2827 3510 3019 3564 magna
3037 3491 3368 3557 inquisitione

1774 3602 2046 3674 colligere?
2069 3599 2194 3654 Iam
2223 3614 2358 3653 nunc
2400 3598 2519 3651 nolo
2558 3607 2697 3649 erres
2710 3579 2777 3647 in
2817 3608 3048 3646 numero.
3082 3590 3226 3645 Scito
3247 3591 3368 3662 quia

1773 3708 1829 3762 in
1850 3722 1952 3760 uno
1974 3706 2123 3776 signo
2144 3700 2334 3755 Christi
2355 3699 2580 3769 omnium
2600 3713 2772 3751 rerum
2797 3705 2873 3750 est
2896 3702 3002 3748 tuta
3026 3693 3365 3765 prosperitas.

1778 3806 1878 3873 Qui
1906 3808 1961 3860 in
1990 3789 2085 3861 ltoc
2114 3805 2261 3876 signo
2288 3804 2543 3859 seminare
2568 3800 2793 3871 creperit,
2834 3799 2949 3852 vitae
2977 3787 3202 3866 fructum
3236 3810 3368 3867 con-

1775 3916 2011 3979 sequetur
2054 3914 2262 3960 aeterna:
2284 3942 2298 3957 .
2332 3942 2346 3955 .
2381 3940 2394 3954 .
2425 3941 2437 3955 .
2465 3940 2479 3953 .
2513 3899 2580 3955 In
2627 3899 2723 3952 hoc
2751 3898 2909 3969 igitur
2955 3895 3163 3950 nomine
3191 3878 3371 3973 omnes

1776 4015 1922 4061 actus
1968 4004 2135 4059 nostri
2176 4001 2432 4073 dirigendi
2470 4005 2621 4063 sunt,
2659 4005 2708 4051 et
2752 3996 3030 4065 adipsum
3072 3996 3224 4063 totius
3253 3995 3367 4054 vita

1777 4111 1970 4182 nostra:
1996 4105 2266 4162 commotio
2294 4100 2594 4174 referenda;
2623 4099 2763 4171 quia,
2795 4098 2926 4153 sicut
2948 4096 3025 4150 ait
3053 4094 3333 4165 Apostolus
3350 4133 3364 4148 .

1781 4206 2264 4275 ln-ipso‘viuimus,
2310 4211 2359 4255 et
2380 4216 2664 4263 movemur,
2710 4206 2760 4251 et
2788 4211 2992 4250 sumus.:
3026 4194 3136 4250 Sed
3177 4202 3369 4249 etcum

1778 4325 1988 4379 uespera
2016 4307 2151 4361 diem
2177 4304 2391 4370 claudit,
2420 4302 2521 4373 ipsi
2544 4300 2780 4354 debemus
2808 4315 2898 4369 per
2925 4296 3226 4367 psalterium
3250 4293 3369 4348 tau-

1780 4412 1895 4465 dem
1923 4384 2109 4472 dicere,
2140 4415 2189 4461 et
2217 4405 2434 4477 gloriam
2462 4404 2574 4473 ejus
2616 4400 2881 4455 modulata
2905 4398 3158 4459 suavitate
3192 4397 3369 4449 conci-

1780 4528 1937 4579 nere,
1965 4524 2063 4581 quo
2092 4521 2301 4578 operum
2341 4494 2633 4557 nostrorum
2670 4507 3025 4555 consummate
3069 4496 3349 4552 certmnine

1879 4731 1932 4812 ιι)
1959 4731 2320 4812 uomit-iu;
2345 4731 2620 4812 pas-577..

1879 4748 1932 4876 «ιζ
1959 4748 2320 4819 nomium,
2345 4748 2559 4869 pater
2577 4748 2620 4786 ι.
2712 4801 2723 4813 ⁸

1879 4828 1905 4863 r
1959 4808 2156 4866 Homtl.
2185 4805 2240 4871 2,
2269 4818 2393 4876 pag.
2444 4800 2772 4876 methomil.
2796 4799 3128 4870 i,_pag.14.

1879 4871 1926 4945 ε)
1958 4877 2157 4932 Homil.
2182 4876 2247 4945 ,6,
2271 4871 2398 4945 pag.
2432 4874 2519 4938 17,
2546 4871 2634 4927 18.

1879 4938 1921 5013 ἠ
1952 4946 2147 5001 Homil.
2178 4938 2249 4999 56
2269 4938 2442 5013 seq—qq
2473 4956 2594 5013 pag.
2626 4938 2732 4995 104
2770 4955 2950 5013 seqq},
2984 4946 3040 4995 et
3079 4954 3244 4999 θοι-ω.
3274 4943 3367 5013 14,

1781 5012 2051 5090 μὲζιζνίε
2070 5030 2246 5090 sequ
2277 5022 2335 5069 et
2360 5012 2541 5090 ser-nl;
2552 5012 2643 5077 26,
2672 5026 2799 5082 pag.
2830 5012 3113 5082 waaeqq.

1875 5033 1904 5085 ξ.
1932 5030 2051 5071 ιιπε
2070 5030 2246 5137 seqq,
2277 5030 2335 5069 et
2360 5030 2522 5069 serm.
2553 5030 2643 5077 zu,
2672 5030 2799 5082 pag.
2830 5030 2945 5066 suo,
2957 5030 3113 5082 seqq.

1875 5087 1932 5154 τι)
1962 5087 2137 5141 Serm.
2207 5086 2259 5153 7,
2288 5097 2411 5154 pag.
2440 5081 2564 5154 459.
2646 5153 2653 5154 ί
2796 5153 2802 5154 ί
3162 5131 3216 5154 μ

1873 5142 1928 5224 vi
1954 5156 2150 5211 Homil.
2182 5142 2258 5221 4,,
2288 5142 2409 5224 pag.
2443 5147 2974 5224 15,>θ1ί1ιοιῐιλιρᾷ9ξ,
2990 5142 3283 5224 Δρειεκῇθ,
3313 5159 3371 5209 et

1780 5217 1965 5284 homil.
1999 5225 2069 5278 97
2095 5217 2271 5294 seqq.,
2288 5217 2415 5293 pag.
2447 5217 2573 5294 325,
2605 5223 2733 5287 551,
2757 5217 2889 5294 593,
3044 5217 3103 5276 et
3130 5219 3323 5294 647.-.

1875 5297 1935 5363 ευ)
1960 5287 2278 5361 ΗοηιίΙ.’64’,
2298 5287 2431 5362 ᾗδὲ.
2466 5287 2592 5363 203,
2622 5302 2679 5349 et
2706 5287 2895 5349 homil.
2927 5288 3015 5360 75,
3043 5301 3169 5363 pag.
3200 5287 3323 5342 ΜΞ

1878 5362 1932 5437 9)
1963 5366 2158 5437 Hom“:
2194 5364 2280 5437 '19;
2312 5377 2431 5431 Dat!-

1883 5433 1933 5499 ὲ)
1965 5435 2162 5489 Homil.
2196 5433 2284 5499 85,
2318 5446 2438 5499 pag.
2471 5434 2627 5488 285.‘

1880 5448 2657 5647 ﬁliiﬁlii].“i’és’iagsg’fiitv.

1880 5576 1941 5630 ινδ
1986 5574 2192 5647 ,ῌοωίιίιο
2225 5573 2321 5647 95,
2350 5588 2471 5643 pas-
2499 5572 2632 5647 εξὲ

1880 5588 1964 5647 Db)
1997 5588 2192 5631 uomit.
2225 5588 2321 5640 eo,
2350 5588 2471 5643 pag.
2499 5588 2623 5627 28:).

1880 5647 1975 5787 fl?)
1986 5644 2184 5770 lliooigiill
2219 5642 2342 5767 19‘“,
2357 5659 2497 5784 ἔαξε,
2511 5643 2632 5767 351757
2637 5684 2651 5696 .

1878 5756 2334 5855 Eé’tib‘iiiiil'fil’,
2358 5756 2479 5856 ἓξὲξ
2511 5756 2795 5851 Sii'scqq.

1856 5448 1879 5855 ἱ
