3898 6226
567 374 675 430 155

1665 368 1826 426 VITA
1861 369 1920 426 Β.
1958 366 2203 424 MAXIMI
2239 367 2704 427 TAUIUNENSIS.

3720 377 3836 431 £56

565 487 701 540 relut
723 485 936 539 uictores
959 483 1182 555 requiem
1208 482 1557 551 nequiremus,
1597 491 1648 537 st
1674 483 1867 538 laboris
1903 482 2138 554 quadam
2167 484 2218 544 Α
2313 480 2442 537 VIII.
2476 479 2606 546 Quae
2629 484 2786 554 fuerit
2812 483 3080 556 diligentia
3109 485 3328 542 Maximi
3348 490 3428 542 sui
3444 489 3618 560 gregis
3638 489 3696 544 in
3718 489 3839 560 ﬁde

567 575 743 645 palmo
767 574 835 627 sit
860 573 1063 644 soporis
1089 571 1291 627 obliuio.

640 663 752 719 VII.
775 661 854 718 De
868 662 1083 717 basilica
1101 661 1312 716 Taurini
1327 670 1588 716 exstructa
1607 679 1640 716 a
1659 662 2142 718 comite.——lnterea

573 756 794 812 basilica
838 754 1090 823 Augustae
1119 753 1471 809 Taurinorum
1513 754 1624 809 Deo
1666 754 1882 823 Optimo
1910 753 2141 807 Maximo

568 859 680 901 aere
724 844 936 900 comitis
978 843 1334 910 statuebatur,
1375 843 1446 898 ad
1493 857 1721 911 eamque
1766 840 2142 896 absolvendam

571 932 864 988 Vitalianus
899 941 956 988 et
991 932 1262 1001 Maianus,
1289 931 1439 1008 fetu]
1479 933 1692 988 obscuri
1721 933 1844 987 licet
1872 931 2145 998 homines,

570 1023 714 1094 pleni
743 1031 922 1079 tamen
949 1023 1222 1091 religionis
1247 1031 1302 1078 et
1339 1023 1552 1092 pietatis
1594 1037 1775 1077 curam
1805 1023 1932 1076 item
1970 1036 2143 1087 suam,

567 1127 840 1183 quamque
878 1120 1128 1184 poterant
1172 1113 1478 1182 pecuniam,
1524 1112 1892 1168 conferebant.
1941 1109 2041 1166 Ubi
2081 1126 2145 1166 ea

571 1200 811 1271 perfecta
853 1208 1015 1270 atque
1068 1201 1312 1256 absoluta
1351 1208 1455 1268 est,
1498 1201 1758 1256 Maximus
1799 1209 1978 1272 partes
2021 1216 2148 1255 suas

571 1292 799 1361 putavit,
828 1292 1044 1362 publice
1083 1291 1152 1346 de
1175 1291 1290 1346 aede
1318 1299 1428 1346 tam
1469 1277 1751 1358 magniﬁce
1777 1291 2034 1346 aedificata
2053 1279 2144 1345 in-

568 1388 800 1449 structa,
828 1390 1044 1449 ornata,
1091 1381 1298 1446 dicere;
1348 1381 1639 1449 laudesque
1681 1381 1930 1450 persequi
1956 1395 2145 1436 eorum

567 1471 664 1541 qui
706 1471 950 1540 ejusdem
991 1487 1152 1528 causa
1178 1479 1386 1525 tantum
1433 1486 1594 1537 curm,
1646 1471 1865 1538 laboris,
1905 1472 2146 1541 pecuniae

566 1563 1048 1631 consumpsissem.
1071 1561 1250 1629 Quare
1271 1577 1520 1617 sermone
1537 1561 1659 1630 “2,
1681 1575 1801 1631 pag.
1825 1561 1927 1615 685
1948 1577 2060 1631 seq.
2080 1561 2143 1616 Si

568 1652 958 1706 commendatur
977 1651 1224 1719 Domino,
1253 1653 1451 1721 inquit,
1481 1655 1731 1719 centurio,
1758 1654 1843 1722 qui
1871 1652 2145 1720 adiﬁcaoit

569 1739 938 1813 Syuagogam,
969 1751 1162 1814 quanto
1197 1752 1274 1797 est
1300 1744 1718 1807 commendatior,
1747 1745 1831 1814 qui
1871 1744 2144 1813 aediﬁcavit

2241 571 2482 625 adversus
2511 571 2827 643 Pelagianos
2854 575 3177 630 instituendi.
3198 610 3268 619 —
3291 578 3503 633 Ζοδὶωο
3530 580 3608 649 (a)
3627 623 3642 647 ,
3667 580 3836 634 dein-

2239 675 2471 729 cepsque
2511 660 2691 717 Leone
2738 663 2812 733 (b)
2855 665 3192 734 pontiﬁcibus
3236 669 3512 736 mximis,
3561 671 3619 723 in
3667 669 3830 723 Italia

2240 756 2428 803 contra
2455 746 2769 816 Pelagianos
2799 761 3009 807 constat
3045 764 3338 810 conventus
3365 757 3528 812 fuisse
3565 767 3832 827 peractos

2243 839 2637 908 episcoporum.
2687 839 2782 894 llis
2829 841 3130 898 interfuerit
3173 860 3343 901 necne
3370 845 3634 902 Maximus
3662 849 3830 902 latet.

2241 927 2372 982 Illud
2401 930 2684 984 novimus:
2713 934 3122 999 prmtermissam
3161 951 3192 988 a
3236 935 3293 990 S.
3339 938 3573 993 antistite
3615 939 3831 993 nullam

2242 1017 2405 1074 fuisse
2426 1020 2497 1092 ita
2518 1021 2824 1077 instituendi
2843 1024 3019 1091 gregis
3039 1029 3516 1097 opportunitatem,
3537 1037 3597 1084 ut
3623 1030 3670 1085 is
3687 1046 3832 1100 grex

2243 1110 2344 1164 sibi
2386 1108 2541 1165 facile
2585 1113 2652 1166 ab
2679 1113 2942 1182 ejusmodi
2987 1116 3150 1171 etiam
3195 1118 3333 1188 lupis
3376 1135 3568 1176 cavere
3611 1130 3830 1192 posset.

2243 1197 2378 1253 Cum
2405 1199 2546 1254 enim
2584 1197 2855 1270 Pelagiani
2882 1203 3142 1261 dixissent
3179 1209 3382 1263 nullum
3409 1225 3530 1266 esse
3558 1212 3831 1281 originale

2243 1295 2541 1357 peccatum,
2556 1297 2716 1358 atque
2737 1291 2998 1348 Adamum
3017 1295 3192 1364 ipsum
3205 1312 3263 1353 se
3281 1299 3451 1353 solum
3472 1299 3696 1366 lusisse,
3713 1317 3833 1357 non

2243 1386 2421 1432 autem
2442 1379 2731 1434 humanum
2753 1393 2923 1449 genus
2943 1384 3037 1454 (c),
3063 1384 3323 1443 Maximus
3343 1403 3483 1458 sepe
3507 1405 3573 1443 ac
3595 1391 3830 1445 multum

2243 1469 2496 1526 adversus
2517 1472 2569 1526 id
2590 1487 2812 1541 pravum
2832 1474 3022 1543 dogma
3042 1479 3268 1533 munivit
3287 1481 3564 1550 populum,
3581 1492 3645 1537 ut
3664 1498 3730 1538 ex
3755 1483 3834 1538 lo-

2242 1559 2318 1614 cis
2337 1575 2455 1628 qum
2475 1561 2797 1630 praefationis
2819 1574 3014 1620 nostrae
3049 1583 3198 1622 num.
3241 1567 3309 1621 l9
3337 1568 3719 1640 descripsimus
3742 1581 3832 1626 est

2244 1650 2600 1706 manifestum.
2632 1653 2863 1709 Rursum
2912 1671 3034 1711 cum
3062 1657 3223 1714 iidem
3251 1659 3326 1713 illi
3353 1660 3594 1716 haeretici
3619 1675 3831 1731 pugna-

2244 1748 2363 1794 rent
2387 1741 2613 1808 gratiam
2641 1742 2734 1796 Dei
2763 1745 3054 1799 secundum
3085 1747 3276 1801 merita
3316 1756 3496 1804 nostra
3532 1749 3672 1817 dari,
3701 1765 3831 1804 san-

564 1833 870 1888 ecclesiam?
893 1873 907 1886 .
935 1874 950 1889 .
972 1871 992 1889 .
1014 1833 1256 1888 Centurio
1293 1850 1413 1905 ergo
1444 1836 1490 1888 si
1510 1834 1825 1904 justi/iectus
1845 1843 1919 1888 est
1938 1843 2144 1905 propter
2173 1835 2221 1896 B
2245 1839 2359 1886 ctus
2387 1833 2610 1887 antistes
2633 1832 2844 1901 plebem
2867 1834 3153 1890 instituens
3181 1851 3364 1891 suam:
3391 1835 3722 1906 Notandum,
3747 1839 3832 1893 in-

565 1938 697 1994 opus
723 1925 932 1995 fragile,
960 1925 1037 1980 vel
1066 1935 1341 1990 terrenum,
1363 1927 1732 1996 justiﬁcandus
1758 1927 1912 1994 plane
1938 1929 2014 1980 uir
2039 1927 2148 1981 cla-

569 2015 810 2070 tissimus
836 2025 886 2069 et
911 2016 1385 2086 providentissimus
1404 2033 1570 2072 comes
1599 2025 1770 2072 noster
1794 2027 2001 2088 propter
2020 2035 2147 2088 Opus

564 2111 677 2159 tam
703 2114 1024 2175 perpetuum,
1048 2107 1126 2160 uel
1146 2107 1363 2174 cceleste,
1389 2108 1475 2177 qui
1501 2124 1690 2171 comes,
1715 2109 1848 2161 sicut
1871 2116 1948 2162 est
1975 2116 2149 2162 centu-

563 2196 729 2252 ἠοιὼ
741 2197 996 2267 dignitate
1021 2200 1214 2267 potior,
1242 2199 1317 2251 ita
1361 2206 1410 2251 et
1447 2198 1551 2267 ﬁde
1577 2198 1722 2251 debet
1760 2215 1872 2252 esse
1899 2199 2143 2252 devotior.

566 2285 792 2354 Sapiens
818 2288 915 2351 uir,
945 2294 995 2341 et
1021 2286 1292 2358 religiosus
1325 2303 1516 2354 comes,
1554 2289 1637 2358 qui
1658 2298 1900 2357 quantum
1926 2289 1980 2341 in
2019 2287 2147 2342 bello

563 2377 889 2445 imperatori,
916 2378 1108 2430 militat
1147 2376 1410 2432 Saluatori
1429 2418 1449 2444 ,
1486 2387 1537 2431 et
1578 2386 1820 2447 quantum
1851 2379 2059 2448 festinat
2085 2379 2148 2432 de

563 2465 787 2520 hostium
811 2465 1051 2520 manibus
1083 2467 1307 2535 captiuos
1339 2483 1542 2530 eruere,
1576 2475 1720 2520 tanta
1746 2470 1910 2538 magis
1938 2470 2149 2538 festinat

561 2574 595 2610 a
620 2557 816 2611 diaboli
842 2574 897 2612 se
922 2557 1193 2628 sacrilegio
1214 2557 1454 2611 liberare.
1489 2597 1504 2612 .
1540 2596 1555 2614 .
1581 2598 1599 2613 .
1642 2559 1882 2628 Sapiens,
1912 2561 2146 2629 inquam,

563 2649 651 2718 qui
679 2649 812 2702 sicut
852 2663 1025 2703 comes
1069 2650 1397 2716 imperatoris
1425 2658 1534 2717 est,
1578 2652 1652 2704 ita
1677 2659 1727 2704 et
1752 2668 1919 2705 comes
1958 2651 2150 2706 Christi

563 2751 678 2790 esse
705 2736 987 2790 desiderat.
1019 2734 1162 2790 Nam
1191 2738 1318 2791 bene
1343 2740 1536 2810 utique,
1577 2748 1626 2794 et
1669 2741 1902 2811 religiose
1922 2742 2144 2812 agendo,

567 2825 874 2898 dignitatem
914 2844 1065 2882 suam
1106 2830 1248 2899 cupit
1273 2819 1405 2884 'esse
1445 2840 1756 2900 perpetuam.
1785 2871 1799 2886 .
1829 2871 1843 2886 .
1869 2872 1882 2885 .
1916 2831 2149 2886 Excusat

563 2917 727 2987 igitur
753 2918 1005 2982 centurio,
1032 2928 1084 2972 et
1110 2934 1175 2972 ne
1195 2918 1287 2973 sub
1318 2929 1504 2974 tectum
1542 2923 1654 2991 ejus
1692 2923 2011 2993 ingrediatur
2035 2923 2148 2978 Do-

565 3009 738 3061 minus
766 3007 1033 3077 indignum
1059 3025 1116 3062 se
1147 3011 1290 3063 dicit.
1315 3009 1452 3064 Ecce
1471 3011 1654 3082 dignus
1675 3021 1752 3065 est
1771 3030 1935 3066 comes
1955 3023 2148 3079 noster,

567 3095 662 3150 sub
687 3098 833 3166 cujus
863 3107 1046 3152 tectum
1073 3099 1226 3154 hodie
1246 3099 1490 3155 Salvator
1509 3103 1798 3173 ingreditur
1829 3142 1844 3157 .
1877 3142 1890 3156 .
1927 3143 1939 3156 .
1975 3141 1990 3157 .
2025 3143 2038 3156 .
2071 3103 2148 3156 De

2246 1922 2381 1989 quit,
2405 1929 2482 1974 est
2515 1923 2633 1994 quia
2653 1921 2879 1992 Spiritus
2899 1925 3064 1977 sancti
3083 1927 3254 1996 gratia
3275 1927 3386 1997 lege
3400 1943 3504 1981 non
3527 1929 3831 1998 stringitur,

2246 2012 2411 2085 [etut]
2441 2013 2772 2068 necessitatis
2797 2013 3012 2068 vinculo
3033 2030 3142 2068 non
3180 2023 3409 2082 tenetur,
3436 2016 3530 2071 sed
3561 2019 3703 2072 sicut
3731 2018 3831 2071 ubi

2246 2104 2360 2157 vult
2384 2104 2582 2173 spirat,
2614 2106 2690 2159 sic
2717 2112 2773 2159 et
2799 2105 2991 2174 quibus
3018 2106 3151 2170 vult,
3178 2108 3345 2174 gratis
3381 2123 3479 2162 sua
3517 2108 3658 2162 dona
3711 2108 3829 2163 dis-

2246 2201 2432 2262 pensat
2479 2193 2577 2262 (d).
2619 2192 2712 2247 llis
2765 2193 3004 2261 adjunxit
3031 2211 3044 2247 :
3074 2193 3363 2248 Cavendum
3402 2213 3466 2250 ne
3493 2195 3616 2267 quid
3650 2197 3830 2250 uirtuti

2246 2284 2622 2354 prudentiaque
2665 2294 2854 2338 nostra!
2889 2286 2952 2337 de
2979 2285 3078 2350 his,
3107 2301 3221 2354 qua
3240 2295 3374 2339 recte
3401 2287 3640 2356 gerimus,
3671 2303 3828 2340 arro-

2246 2390 2442 2442 gemus,
2481 2374 2680 2425 dicente
2724 2372 2948 2427 Domino
2986 2372 3057 2426 ad
3082 2375 3342 2443 apostolos
3368 2391 3527 2428 suos:
3568 2376 3690 2445 quia
3715 2377 3828 2428 sine

2246 2477 2327 2514 me
2354 2462 2484 2514 nihil
2512 2464 2722 2531 potestis
2744 2465 2930 2533 facere.
2959 2463 3071 2528 Qua
3091 2465 3344 2516 sententia
3371 2475 3740 2533 prce-monente,
3764 2465 3827 2518 ab

2245 2555 2359 2621 ipso
2409 2554 2553 2605 nobis
2593 2553 2851 2621 speranda
2888 2563 3008 2606 sunt
3052 2553 3246 2606 omnia.
3305 2551 3500 2606 Cuncta
3527 2553 3686 2607 etiam
3715 2571 3825 2619 qua

2246 2658 2486 2712 prospere
2505 2643 2706 2695 veniant
2731 2643 2868 2695 illius
2919 2643 3201 2711 reputando
3231 2643 3539 2707 muneribus,
3571 2643 3686 2697 sine
3705 2660 3824 2713 quo,

2246 2740 2302 2782 ut
2322 2732 2427 2799 ipse
2455 2730 2596 2794 dicit,
2627 2731 2821 2784 nullum
2841 2732 3038 2801 penitus
3068 2740 3297 2784 votorum
3325 2743 3614 2786 nostrorum
3635 2749 3823 2802 possu-

2247 2839 2359 2876 mus
2382 2823 2564 2875 habere
2588 2838 2872 2875 successum
2890 2823 2983 2893 (e).
3005 2821 3248 2878 Perrexit
3268 2838 3429 2892 porro
3453 2822 3682 2879 docere:
3711 2823 3826 2879 Nos

2249 2930 2350 2967 non
2369 2929 2434 2966 ex
2456 2912 2708 2982 operibus,
2731 2914 2820 2966 sed
2845 2915 2958 2983 ipsa
2985 2915 3152 2983 gratia
3172 2931 3282 2968 esse
3301 2915 3591 2984 redemptos
3617 2916 3737 2986 (f);
3765 2934 3824 2968 ac

2249 3020 2420 3057 omnes
2449 3014 2592 3056 actus
2611 3014 2830 3069 nostros,
2859 3003 3061 3058 Christo
3089 3006 3241 3058 veluti
3260 3007 3417 3070 socio,
3441 3005 3516 3059 rel
3545 3015 3673 3060 teste
3694 3023 3823 3060 com-

2249 3097 2405 3165 plere,
2436 3097 2531 3148 hac
2552 3097 2744 3149 scilicet
2783 3095 2982 3150 ratione
3015 3105 3072 3148 ut
3108 3094 3240 3150 bona
3275 3097 3386 3166 ipso
3415 3106 3625 3150 auctore
3652 3099 3823 3168 facia-

566 3185 814 3256 fratribus
836 3203 953 3241 vero
981 3191 1172 3242 nostris
1192 3193 1386 3244 sanctis
1407 3193 1530 3246 viris
1572 3192 1830 3246 Vitaliano
1855 3203 1904 3247 et
1924 3193 2139 3250 Maiano
2167 3189 2212 3253 C
2244 3203 2383 3251 nun.
2412 3187 2550 3239 mala
2578 3197 2785 3257 propter
2812 3186 2973 3256 ipsi!“
3024 3185 3408 3240 contubernium
3438 3187 3824 3241 declinemus...

565 3278 688 3348 quid
713 3277 920 3334 dicam?
948 3279 1071 3333 Scio
1102 3280 1218 3334 illos
1240 3281 1460 3351 gloriam
1480 3281 1543 3334 ab
1566 3282 1853 3339 hominibus
1882 3302 1982 3338 non
2003 3303 2142 3356 quae-

566 3382 702 3435 rere,
729 3368 832 3421 nisi
863 3386 894 3421 a
920 3369 1031 3424 solo
1060 3369 1206 3433 Deo;
1253 3371 1344 3424 sed
1376 3381 1542 3425 tamen
1573 3373 1775 3427 laudem
1813 3392 2008 3442 eorum,
2047 3378 2141 3430 etsi

566 3474 661 3528 ego
703 3467 922 3524 taceam,
961 3461 1075 3528 ipsa
1115 3477 1271 3530 opera
1300 3461 1590 3531 loquuntur.
1636 3464 1718 3515 Ad
1760 3467 1985 3533 ipsorum
2010 3470 2144 3519 enim

568 3546 774 3602 laudem
818 3553 1038 3619 pertinet
1081 3551 1328 3621 quidquid
1354 3554 1409 3604 in
1437 3553 1556 3606 aliis
1582 3556 1736 3622 paulo
1765 3566 1884 3608 ante
1910 3557 2143 3610 laudavi-

566 3654 702 3692 mus.
727 3637 870 3692 Nam
886 3640 979 3693 hoc
1001 3641 1379 3695 tabernaculum
1400 3645 1494 3696 etsi
1509 3644 1716 3712 plurimi
1729 3657 2143 3715 construxerunt,

563 3729 620 3782 hi
647 3737 816 3783 tamn
857 3739 1112 3800 sumptum
1157 3733 1356 3800 operati
1391 3742 1508 3786 sunt
1536 3750 1638 3787 uno
1677 3751 1906 3789 assensu.
1950 3735 2018 3800 E4
2045 3755 2143 3808 quo

564 3818 775 3872 tandem
794 3828 1020 3889 sitmptu,
1036 3837 1150 3874 cum
1170 3823 1272 3875 sint
1294 3824 1346 3876 in
1367 3826 1554 3878 smculo
1573 3827 1851 3881 mediocres
1871 3839 1918 3880 et
1938 3833 2145 3883 tenues?

565 3905 670 3962 Illo
690 3909 886 3962 scilicet
910 3910 972 3963 de
993 3922 1090 3979 quo
1116 3913 1194 3964 ait
1231 3912 1503 3982 Apostolus
1528 3930 1546 3967 :
1567 3914 1895 3970 Abundantia
1923 3919 2066 3987 ﬁdei,
2096 3930 2145 3973 et

561 3997 754 4052 diuitiis
775 3998 1139 4066 simplicitatis.
1164 3995 1261 4053 Est
1277 4001 1416 4055 enim
1436 4003 1629 4056 sanctis
1650 4005 1770 4057 uiris
1790 4021 1986 4075 semper
2003 4008 2143 4061 dives

559 4089 678 4159 ipsa
703 4097 1011 4158 paupertas;
1041 4089 1178 4144 unde
1205 4091 1378 4157 credo,
1403 4093 1497 4145 hos
1535 4093 1708 4147 beatos
1728 4095 1858 4147 hanc
1879 4097 2141 4150 ecclesiam

561 4195 666 4232 non
691 4179 863 4232 minus
891 4181 1210 4234 orationibus
1242 4199 1392 4251 quam
1422 4184 1696 4252 impendiis
1724 4185 2023 4254 fabricasse.
2052 4187 2142 4242 Sic

560 4272 698 4326 enim
722 4271 1014 4339 oportebat,
1039 4283 1094 4324 ut
1114 4289 1242 4341 opus
1271 4271 1463 4326 Christi
1490 4277 1724 4344 precibus
1752 4279 1916 4346 magis
1943 4293 2139 4331 cresce-

559 4368 637 4413 ret
654 4377 805 4430 quam
823 4362 1107 4415 clementis.
1128 4361 1309 4416 Totam
1330 4364 1467 4416 enim
1487 4364 1824 4418 substantiam
1846 4375 1894 4418 et
1913 4368 1967 4418 in
1988 4367 2141 4436 huius

560 4453 817 4521 facturam
842 4453 1010 4522 operis
1031 4453 1383 4522 expenderunt
1400 4495 1414 4521 ,
1446 4464 1493 4506 et
1513 4456 1641 4523 ipsis
1670 4465 1801 4509 certe
1828 4456 1957 4510 nihil
1977 4458 2133 4510 deest.

2246 3280 2320 3349 (g)
2349 3276 2620 3332 Christum
2647 3288 2816 3333 autem
2833 3280 2891 3333 in
2917 3277 3062 3333 bonis
3081 3279 3368 3351 adjutorem
3405 3295 3514 3333 asc
3531 3318 3546 3343 ,
3577 3283 3633 3332 in
3659 3281 3821 3332 malis

2242 3378 2669 3433 conservatorem,
2711 3385 2806 3424 seu
2859 3379 3123 3438 agentem,
3164 3379 3224 3424 ut
3243 3385 3306 3425 ea
3333 3372 3667 3424 declinemus.
3694 3370 3825 3426 Plu-

2242 3458 2376 3510 rima
2401 3458 2614 3526 quidem
2641 3456 2882 3526 proferre
2905 3474 3201 3528 possemus,
3224 3458 3322 3513 sed
3345 3460 3534 3514 modus
3562 3459 3825 3513 adhiben-

2243 3545 2340 3598 dus
2369 3553 2468 3599 est.
2495 3544 2614 3598 Pari
2637 3546 2910 3613 diligentia
2947 3554 3134 3601 contra
3162 3547 3404 3601 bmresim
3445 3547 3825 3604 Nestorianam

2243 3635 2352 3688 suis
2373 3637 2704 3704 temporibus
2725 3644 2898 3690 ortam
2925 3645 3088 3706 atque
3115 3637 3524 3692 condemnatam
3547 3640 3680 3706 egit,
3709 3654 3821 3708 qua

2243 3727 2309 3781 de
2336 3743 2394 3782 re
2413 3727 2734 3783 conferenda
2762 3737 2904 3793 sunt,
2933 3744 3051 3796 qua:
3079 3730 3403 3798 prmfationis
3449 3738 3649 3784 nostra:
3677 3741 3822 3799 part.

2243 3833 2300 3878 ιι,
2323 3833 2465 3870 num.
2497 3819 2530 3870 5
2551 3832 2724 3886 seqq.,
2747 3818 3010 3887 complexi
3029 3833 3230 3872 sumus.
3256 3818 3387 3872 Inde
3405 3833 3527 3873 cum
3550 3819 3822 3889 Eutychen

2243 3907 2387 3961 virus
2415 3907 2611 3960 erroris
2631 3908 2710 3961 sui
2729 3905 3021 3962 diffundere
3043 3915 3268 3962 conatus
3289 3917 3459 3972 esset,
3487 3917 3597 3962 tum
3623 3907 3820 3964 Leonis

2243 4005 2393 4067 pont.
2424 4013 2564 4051 max.
2591 3998 2784 4052 celebri
2812 3999 3138 4067 cumprimis,
3170 3999 3458 4069 divinaque
3485 4000 3717 4068 epistola
3749 4002 3818 4056 ad

2245 4085 2552 4140 Flavianum
2595 4087 2853 4141 refutatus
2881 4100 2943 4142 ac
2983 4087 3262 4143 damnatus
3297 4095 3399 4153 est,
3430 4091 3735 4158 meruitque
3763 4100 3819 4146 ut

2241 4175 2361 4229 lata:
2404 4176 2512 4243 jam
2542 4191 2571 4230 a
2603 4175 2781 4231 Leone
2805 4178 2920 4246 ipso
2945 4178 3223 4232 sententia:
3243 4187 3483 4232 sanctum
3509 4176 3815 4235 Chalcedo-

2243 4279 2406 4318 nensc
2434 4280 2583 4320 conc.
2617 4281 2684 4319 an
2729 4265 2822 4318 451
2857 4267 3095 4321 habitum
3123 4266 3417 4322 adhaereret
3441 4269 3536 4338 (h).
3567 4268 3812 4340 Cumque

2241 4354 2297 4408 S.
2329 4354 2567 4423 pontifex
2602 4356 2717 4422 ejus
2742 4355 2840 4417 rei,
2871 4370 2935 4410 ac
2954 4356 3156 4411 reditus
3182 4366 3438 4426 praeterea
3466 4358 3810 4414 Chalcedone

2241 4446 2382 4499 sedis
2411 4446 2719 4513 apostolicae
2742 4446 3038 4515 legatorum
3060 4450 3318 4504 certiores
3361 4451 3647 4519 episcopos
3683 4467 3810 4521 pro-

562 4537 691 4609 lpsa
719 4541 870 4610 plane
898 4551 994 4605 est,
1024 4543 1154 4594 sicut
1183 4543 1431 4610 diximus,
1461 4544 1624 4611 dives,
1661 4545 1981 4615 ιοαιριεεφιε
2004 4563 2134 4615 ραυ-
2163 4544 2217 4603 D
2239 4539 2425 4595 vincia:
2471 4539 2880 4594 Mediolanensis
2912 4541 3159 4608 fecisset;
3184 4542 3236 4595 hi
3260 4557 3400 4596 anno
3422 4542 3613 4596 eodem
3646 4544 3698 4598 in
3727 4560 3810 4614 sy-

561 4637 754 4698 pertas,
784 4646 896 4699 qua:
922 4630 1161 4700 expendit
1183 4633 1380 4699 omnia,
1429 4643 1478 4685 et
1521 4634 1748 4701 possidet
1792 4637 1983 4688 omnia.
2029 4635 2137 4689 Sed

561 4720 668 4773 hcc
696 4737 729 4773 a
759 4720 866 4773 Deo
895 4721 1159 4774 benedicta
1180 4732 1277 4789 est,
1306 4725 1438 4776 sicut
1474 4725 1565 4778 illa
1610 4726 1762 4779 vidua
1791 4728 1855 4779 de
1886 4743 1986 4795 ipsa
2012 4728 2138 4780 dicit

560 4808 813 4864 Dominus
841 4812 895 4863 in
916 4809 1197 4880 Evangelia
1223 4829 1240 4865 :
1265 4812 1456 4867 Mulier
1481 4816 1588 4868 lucc
1617 4816 1767 4868 uidua
1788 4833 1982 4885 pauper
2019 4818 2135 4886 plus

557 4917 713 4971 quam
751 4918 926 4956 omnes
955 4904 1130 4955 misit:
1166 4920 1289 4957 nam
1331 4922 1508 4959 omnes
1535 4907 1588 4958 hi
1617 4924 1679 4960 ex
1716 4908 2003 4962 abundanti
2041 4910 2138 4962 sibi

556 4992 837 5055 miserunt;
867 4991 976 5046 haec
1002 5001 1174 5047 autem
1197 5002 1356 5047 totum
1377 4995 1560 5049 victum
1580 5012 1747 5064 suum,
1768 5011 1916 5067 quem
1936 4996 2132 5065 habuit,

561 5082 719 5136 misit.

633 5197 708 5282 la)
731 5195 1064 5282 Copfeqqum
1085 5197 1280 5282 Marius
1302 5198 1567 5282 Mercator
1579 5201 1763 5282 scribit
1782 5202 2138 5282 degc’onventu

559 5263 776 5321 Patrum
793 5266 892 5323 sub
913 5263 1151 5334 losimo,
1168 5268 1534 5325 Commonitor.
1555 5285 1672 5338 cap.
1694 5271 1753 5323 3|
1775 5288 1788 5332 ;
1811 5280 1866 5324 et
1881 5271 2102 5326 Garner.
2117 5313 2131 5338 ,

559 5336 769 5389 dissert.
812 5329 865 5397 2,
894 5351 1012 5397 qum
1056 5346 1140 5391 est
1185 5338 1251 5391 de
1299 5340 1515 5397 synodis
1544 5349 1730 5393 contra
1778 5338 2044 5397 Pelagian.
2081 5359 2133 5397 ιι

556 5336 769 5389 dissert.
812 5336 865 5401 2,
894 5351 1012 5404 qum
1056 5346 1140 5391 est
1185 5338 1251 5391 de
1299 5340 1515 5460 sxtaodis
1544 5336 1730 5393 contra
1778 5338 2044 5407 Pelagian.
2081 5336 2127 5396 :i

555 5404 927 5488 emodq‘tq‘m.
950 5404 1040 5488 Xll
1061 5421 1210 5488 oper.
1237 5405 1292 5461 S.
1367 5416 1565 5488 pgpst.,
1595 5408 1724 5463 edit.
1753 5410 2008 5480 Autuerp.
2038 5427 2127 5465 an.

561 5472 719 5557 “9.0.,
745 5481 805 5557 st.
829 5472 1032 5557 ξῖηοςιο,
1063 5472 1183 5557 tiu
1202 5490 1324 5557 ves-
1362 5472 1479 5557 ‘35-

632 5542 705 5612 (b)
745 5542 882 5596 Vide
901 5544 1124 5616 epist._6
1151 5542 1218 5600 SI
1240 5542 1601 5616 Leonis,_eap.
1633 5545 1686 5615 2,
1718 5561 1838 5616 pag.
1869 5543 1957 5612 δι,
1989 5555 2119 5603 tom.

557 5612 599 5664 Il
628 5612 1023 5680 operumredit.
1065 5613 1217 5668 Rom.
1251 5630 1337 5668 an.
1374 5614 1527 5668 17%.

630 5679 702 5747 (ὁ)
719 5679 870 5755 yid}:
898 5693 998 5755 act.
1029 5685 1216 5755 sypod.
1258 5683 1556 5755 Di05polit..
1599 5694 1725 5739 tom.
1768 5683 2122 5755 [Concilk)r.,

557 5762 677 5822 Mil.
715 5748 880 5812 ΞΟΠ.
915 5748 1248 5813 Θάίι.Ῥοτίδ.
1286 5748 1559 5817 εωίίἸΗ.
1595 5764 1646 5812 et
1685 5755 1868 5818 synod.
1902 5748 2119 5811 Milevit.

2241 4630 2440 4684 nodum
2469 4644 2787 4694 convenere,
2817 4629 3142 4701 praesideque
3169 4630 3399 4686 Eusebio
3427 4631 3810 4688 Mediolanensi

2241 4719 2498 4782 antistite,
2521 4718 2755 4787 pontiﬁci
2784 4721 3105 4788 rescripsere
3138 4738 3150 4772 :
3182 4721 3296 4788 ejus
3318 4735 3376 4775 se
3393 4722 3683 4776 litterarum
3702 4725 3810 4790 for-

2237 4826 2373 4863 mam
2401 4825 2508 4862 esse
2535 4818 2749 4872 secutos,
2781 4809 3082 4878 modumque
3108 4811 3421 4880 praseripta:
3464 4813 3806 4878 ordmationis

2236 4918 2483 4965 servasse,
2531 4908 2635 4953 etc.
2689 4900 2774 4970 (ἱ).
2828 4899 2884 4953 ln
2938 4914 3122 4955 eorum
3161 4902 3537 4970 episcoporum
3586 4918 3806 4958 numero

2236 4993 2498 5047 Maximus
2545 4990 2659 5054 fuit,
2710 4990 2860 5058 cujus
2912 4991 3026 5045 haec
3065 4992 3256 5059 legitur
3276 4991 3327 5044 in
3347 4992 3538 5060 synodi
3566 4991 3802 5058 ejusdem

2236 5085 2369 5137 actis
2417 5080 2771 5149 subscriptio:
2812 5078 2921 5149 Ego
2980 5077 3241 5134 Mutunus
3265 5080 3532 5149 episcopus
3559 5078 3802 5133 Ecclesia

2242 5214 2359 5256 can.
2383 5195 2436 5258 ‘2,
2467 5209 2586 5263 pag.
2618 5196 2772 5263 1217,
2797 5194 3068 5263 ιονῃτίθοό.

2335 5268 2390 5331 d)
2412 5261 2581 5317 Serm.
2615 5262 2702 5326 61,
2729 5277 2847 5331 pag.

2335 5270 2390 5331 d)
2412 5270 2581 5317 Serm.
2615 5270 2702 5326 tit,
2729 5277 2847 5331 pag.
2876 5270 2986 5315 554.

2309 5270 2379 5404 ie)
2403 5334 2573 5388 Serm.
2601 5332 2836 5404 6?,pag.
2867 5330 2986 5404 57]Σ

2333 5399 2383 5475 Γ)
2407 5405 2579 5475 ἓεπηε
2608 5399 2730 5475 ¹9Ῑ¹ὲ
2752 5399 3017 5475 pas-1‘3?-

2333 5409 2383 5475 n
2407 5407 2579 5457 Serm.
2608 5407 2727 5466 107,
2752 5414 2872 5469 pag.
2896 5407 3017 5451 me.

2367 5475 2382 5538 )
2409 5472 2603 5526 Homil.
2627 5469 2715 5530 89,
2744 5484 2862 5540 pag.
2888 5469 3008 5521 297.

2300 5407 2378 5610 ii)
2416 5543 2542 5594 Vide
2587 5542 2744 5610 epist.
2791 5539 2877 5603 78,
2920 5538 3103 5610 al_.7_77,
3129 5537 3186 5590 S.
3213 5535 3372 5610 l_._eoni

2368 5493 2382 5538 )
2409 5493 2603 5526 nomn.
2627 5493 2715 5530 ou,
2744 5493 2862 5540 pag.
2891 5493 3008 5521 zz“.

2327 5493 2378 5610 ἶ)
2416 5543 2542 5594 Vide
2587 5542 2744 5610 epist.
2791 5539 2877 5603 7s.
2920 5538 3103 5610 4.77,
3129 5537 3186 5590 s.
3213 5535 3404 5610 ligonis
3426 5534 3494 5589 ad
3519 5539 3796 5610 ςρξεεορος

2230 5603 2523 5733 Ga'll‘i'alr'siisni
2552 5603 2670 5679 cap.
2698 5607 2749 5674 ι,
2782 5621 2901 5678 pag.
2927 5606 3050 5672 278,
3077 5617 3205 5660 tom.
3228 5605 3270 5659 II
3292 5620 3442 5674 oper.
3469 5603 3600 5661 edit.
3645 5603 3771 5664 Rom

2230 5700 2315 5733 an.
2491 5721 2501 5731 .

2230 5700 2315 5738 an.
2347 5700 2368 5732 1
2393 5700 2501 5733 Ιῡῧ.

2301 5752 2362 5815 (ξ)
2392 5749 2585 5806 Confer
2607 5756 2723 5804 acta
2742 5745 2931 5814 synod.
2967 5761 3085 5812 cap.
3119 5745 3170 5811 5.
3205 5742 3356 5810 ibido.
3377 5756 3501 5812 με.
3529 5743 3646 5805 ποθ
