3898 6226
126 398 198 453 151
1191 397 1346 453 "TA
1379 397 1440 454 8-:
1480 394 1726 452 MAXIHI
1763 394 2231 455 TAURINENSIS.

3254 407 3356 464 αδδ

126 512 368 567 farinam
388 513 441 565 in
460 513 643 567 omnia
661 518 1028 582 mprascnpta
1045 511 1282 564 causeam
1298 519 1348 564 et
1362 508 1660 579 subscripsi,
1693 511 1755 570 Α,
1769 511 1910 565 forte
1963 524 2073 565 non
2123 509 2378 580 perdant,
2423 512 2572 585 quod
2624 514 2907 583 possident
2928 519 3317 588 temporarium
3339 526 3355 570 ς

124 603 347 654 anathema
369 603 540 656 diem
581 602 695 655 illis
722 600 818 672 qui
859 599 926 654 de
965 601 1341 654 incarnationis
1378 599 1665 654 Dorninica

126 701 394 745 ramento
422 691 585 761 impia
605 699 886 744 senserunt
911 689 1013 760 (α).

174 778 246 832 ιχ.
280 783 432 834 Attila
464 781 785 835 Hunnorum
810 782 978 835 resin
1004 779 1214 834 Italiam
1248 779 1467 835 inuadit.
1512 778 1669 832 Eare

129 870 255 922 territi
275 869 638 932 Touriuenses,
673 871 882 924 hortatu
902 868 1140 933 Maximi,
1162 871 1233 923 ad
1249 886 1426 941 preces
1445 868 1672 938 jejunio-

127 978 196 1031 qu
217 962 520 1031 confugiunt,
568 970 622 1014 et
668 961 948 1031 periculum
976 959 1493 1014 declinant—Attila
1524 958 1673 1012 Bun-

129 1067 279 1107 norum
321 1067 434 1116 rex,
489 1060 552 1106 ut
579 1067 748 1122 supra
777 1059 861 1106 est
885 1051 1330 1115 demonstratum,
1375 1064 1518 1104 anno
1568 1047 1674 1103 653

129 1145 350 1198 invaserat
389 1142 604 1199 Italiam
629 1184 644 1208 ,
705 1152 761 1198 et
800 1143 1040 1208 subacta,
1065 1143 1296 1211 direpta,
1322 1141 1675 1210 diruta‘Aqui-

130 1233 226 1296 leia,
252 1234 490 1301 omnique
511 1233 724 1307 circum
751 1233 972 1299 regione
998 1240 1230 1298 vastata,
1251 1232 1452 1287 inulas
1475 1232 1672 1302 partim

131 1321 440 1385 interfecerat,
465 1322 673 1392 partim
696 1321 751 1375 in
770 1321 1021 1375 miseram
1031 1320 1320 1389 redegerat
1337 1321 1670 1375 servitutem.

132 1407 189 1461 Ea
212 1424 262 1463 re
281 1412 486 1477 cognita
535 1409 880 1476 Taurinates,
931 1409 1033 1467 sibi
1054 1424 1270 1479 quoque
1295 1418 1538 1466 metuere
1558 1425 1674 1464 coe-

131 1507 302 1567 perunt.
348 1499 635 1566 Maximus,
677 1499 772 1568 qui
809 1506 1069 1567 quantum
1094 1499 1431 1569 impenderet
1449 1498 1675 1568 periculi

132 1587 309 1642 videbat
334 1588 426 1658 (b),
452 1599 642 1644 monet
671 1596 732 1644 ut
752 1589 798 1644 si
829 1589 998 1645 averti
1023 1604 1054 1643 a
1075 1603 1134 1644 se
1152 1589 1390 1643 hostium
1414 1589 1674 1659 impetum

132 1677 280 1743 velint,
302 1677 402 1734 ﬁde
423 1695 484 1735 se
508 1680 788 1749 armisque
809 1679 1113 1735 cmlestibus
1129 1680 1395 1733 muniant.
1416 1678 1477 1733 id
1509 1693 1676 1734 unum

132 1772 418 1826 essesalutis
463 1773 519 1826 in
567 1772 883 1828 discrimine
949 1779 1099 1828 tanto
1153 1770 1451 1842 perfugium
1493 1771 1674 1826 docet.

1771 602 1978 657 animas
2020 612 2168 659 certe
2218 611 2481 658 aeternum
2521 603 2716 659 misere
2733 613 2865 661 sunt
2891 605 3175 676 perdituri.
3203 605 3358 664 Rest-

1768 695 1996 764 piscant.
2041 694 2281 762 Discant,
2327 709 2450 751 cum
2471 695 2635 750 rebus
2656 695 2905 751 secundis
2932 697 3234 766 gaudeant,
3257 697 3356 754 ad-

1769 797 1954 837 versas
1973 782 2155 848 etiam,
2200 785 2246 838 si
2275 797 2393 852 qum
2413 783 2680 849 accidant,
2708 800 2817 839 non
2839 794 3058 853 gravate
3079 787 3250 853 ferre;
3281 789 3356 842 ai-

1767 869 1935 942 bique
1975 871 2338 940 persuadeant
2391 881 2648 942 utrasque
2696 889 2727 928 e
2774 876 3023 930 manibus
3084 877 3353 946 proficisci

1772 959 2247 1016 beneﬁcentissimi
2297 969 2459 1030 atque
2503 965 2860 1032 pnepotentis‘
2879 964 2993 1019 Dei.
3023 963 3196 1035 Hujus
3218 966 3354 1021 iram

1772 1061 1953 1117 prece,
1973 1047 2211 1117 jejuuiis,
2236 1049 2592 1120 eleemosynis
2608 1050 2829 1120 placare
2843 1052 3071 1117 naviter,
3089 1053 3356 1122 enixeque

1773 1137 2045 1192 studeant.
2077 1139 2138 1192 ld
2159 1140 2205 1193 si
2228 1138 2471 1204 fecerint,
2502 1149 2720 1210 sperent
2749 1141 2930 1196 omnia
2965 1142 3065 1198 sibi
3097 1142 3356 1216 deinceps

1772 1242 2030 1298 prospere
2051 1235 2328 1282 eventura.
2810 1297 2818 1307 ο

1847 1319 1955 1374 Sed
1977 1334 2098 1374 cum
2127 1319 2344 1373 barbari
2364 1319 2620 1389 progredi
2649 1330 2789 1376 mtra
2827 1331 3133 1395 pergerent,
3183 1324 3358 1378 visum

1776 1408 2013 1464 Maximo
2057 1417 2147 1464 est
2187 1409 2452 1464 retardari
2494 1412 2749 1480 impetum
2791 1423 2976 1467 eorum
3016 1427 3176 1484 posse
3201 1428 3359 1470 seve-

1777 1500 1922 1555 riore
1963 1500 2308 1566 abstinentia,
2359 1500 2999 1571 cultuque'jejuniorum.
3027 1503 3206 1570 Quare
3228 1519 3361 1561 con-

1776 1589 2026 1644 cinnatur
2071 1605 2102 1644 e
2148 1597 2422 1658 suggestu.
2463 1589 2663 1645 Statuit
2685 1591 2988 1662 exemplum
3011 1593 3064 1647 in
3083 1591 3354 1648 Ninivitis.

1776 1681 1895 1738 Hoc
1933 1692 1993 1736 ut
2034 1681 2352 1738 Taurinates
2376 1682 2654 1737 imitentur
2682 1684 2889 1739 suadet.
2925 1684 3108 1756 itaque
3143 1684 3361 1757 legatio-

1778 1789 1894 1827 nem
1939 1773 2008 1826 ad
2043 1772 2212 1847 Deum
2250 1790 2341 1841 per
2359 1773 2562 1843 jejunio
2592 1773 2952 1828 destinandam
2983 1761 3238 1845 proponit
3259 1775 3358 1845 (ι’).

133 1862 350 1918 Hortatur
390 1872 448 1918 ut
489 1863 714 1919 Davidis
763 1863 1122 1929 meminerint,
1151 1863 1245 1933 qui
1271 1877 1380 1918 non
1420 1863 1549 1929 telo,
1579 1862 1676 1917 sed
1708 1867 1756 1928 Β
1851 1864 2234 1920 Verumtamen
2281 1861 2639 1919 Mediolanum
2675 1865 2784 1933 jam
2805 1865 3065 1920 barbarus
3086 1867 3361 1935 expugna-

133 1955 465 2024 itnploratione
490 1956 734 2011 nominis
788 1954 956 2009 divini
997 1952 1308 2010 Goliathum
1359 1955 1670 2024 prostravit,

135 2045 319 2114 ejusque
338 2046 507 2114 capite
534 2046 781 2100 abscisso
803 2053 963 2115 atque
981 2045 1212 2110 sublato,
1237 2044 1518 2099 audaciam
1538 2059 1684 2099 com-

136 2135 296 2203 pressit
336 2133 762 2190 Pbilistinorum.
813 2134 930 2191 Non
974 2143 1100 2204 post
1125 2135 1317 2200 multo,
1345 2149 1470 2189 cum
1497 2148 1685 2188 rumor

135 2227 482 2294 percrebuisset
524 2224 785 2296 progredi
815 2225 1052 2288 Attilam,
1084 2225 1438 2294 exemplaque
1480 2223 1681 2293 passim

136 2315 266 2369 edere
303 2315 663 2381 crudelitatis;
724 2314 1040 2370 Tauriuates
1085 2314 1186 2370 etsi
1221 2315 1333 2385 jam
1357 2313 1606 2384 praesidia
1627 2313 1680 2366 in

137 2404 275 2458 muris
291 2413 601 2468 statuerant,
621 2412 914 2474 portasque
936 2404 1081 2458 urbis
1101 2404 1296 2458 muniri
1309 2411 1563 2458 curarant
1583 2402 1678 2472 (ι),

139 2501 287 2549 tamen
335 2496 625 2565 perturbati
680 2495 889 2563 majore
934 2502 1104 2557 metu,
1136 2509 1392 2564 quorsum
1419 2500 1682 2562 appetens

138 2585 277 2642 hostis
297 2587 556 2653 evaderet,
589 2587 925 2656 cogitabant.
948 2585 1152 2640 Horum
1175 2586 1383 2639 animos
1404 2592 1684 2640 erecturus

140 2673 377 2739 luimus,
407 2677 568 2744 inque
591 2689 692 2745 spe
719 2673 1024 2729 declinandi
1044 2675 1238 2729 furoris
1265 2675 1534 2730 barbarici
1557 2689 1686 2729 con-

142 2760 420 2829 ﬁrmaturus,
447 2764 701 2821 ascendit
723 2764 776 2818 in
799 2765 1137 2819 concionem.
1181 2764 1497 2834 Exemplum
1523 2764 1686 2818 Davi-

141 2854 207 2909 dis
219 2873 409 2912 rursum
428 2865 846 2912 commemorat.
871 2856 1266 2921 Recordentur,
1281 2858 1452 2925 jubet,
1478 2855 1683 2911 oraculi

142 2943 417 3012 Psalmista,
457 2947 608 3017 quod
661 2946 861 3001 ferret:
890 2947 1097 3015 vigilari
1125 2945 1320 3001 frustra
1373 2960 1403 2999 a
1455 2945 1686 3000 civitatis

141 3035 429 3101 custodibus,
470 3038 522 3090 ni
553 3037 701 3090 Deus
729 3050 850 3090 esse
896 3036 1063 3104 ipsius
1083 3043 1266 3089 custos
1292 3043 1454 3102 atque
1478 3039 1688 3104 propui

143 3136 298 3192 gnator
337 3130 478 3184 velit.
535 3130 804 3183 Reserent
850 3134 1036 3197 portas
1066 3127 1302 3195 iustitiae.
1332 3126 1518 3192 Prece,
1539 3125 1683 3194 jeju-

1783 1965 1901 2022 rat,
1942 1957 2196 2027 brevique
2236 1955 2386 2023 signa
2427 1955 2716 2010 Taurinum
2770 1953 3015 2011 illaturus
3053 1954 3358 2012 videbatur.

1781 2047 1912 2102 Inde
1945 2046 2284 2103 incredibilis
2325 2054 2504 2100 terror
2537 2046 2833 2100 incesserat
2859 2045 3198 2113 Taurinates,
3225 2062 3366 2116 quo-

1781 2153 1900 2193 rum
1924 2153 2049 2206 pars
2078 2151 2288 2204 magna,
2316 2149 2383 2190 ne
2408 2137 2464 2190 in
2488 2151 2547 2190 se
2568 2150 2801 2204 suosque
2825 2136 3118 2191 crudeliter
3137 2138 3222 2204 agi
3244 2137 3366 2193 cer—

1782 2235 1956 2291 neret,
2011 2234 2070 2280 ut
2110 2225 2350 2279 saevitum
2400 2226 2468 2281 ab
2500 2226 2659 2279 hoste
2679 2226 2856 2279 fuerat
2884 2225 2937 2279 in
2959 2225 3365 2295 Aquileienses,

1781 2315 1907 2384 fuga
1930 2315 2052 2379 sibi,
2079 2313 2348 2385 rebusque
2379 2312 2497 2367 suis
2513 2312 2822 2383 prospicere
2840 2315 3084 2383 parabat.
3101 2313 3245 2370 'Tam
3269 2331 3367 2370 ne-

1783 2407 2021 2462 cessario
2042 2413 2304 2474 tempore,
2332 2411 2442 2458 tam
2463 2404 2778 2474 propinquis
2812 2405 3075 2470 hostibus,
3122 2412 3270 2460 tanta
3312 2407 3368 2463 iu

1781 2496 2189 2567 perturbatione
2209 2510 2407 2560 rerum,
2424 2510 2535 2549 non
2563 2495 2731 2550 modo
2755 2508 2863 2551 non
2887 2494 3105 2550 demisit
3126 2498 3368 2554 animum

1782 2589 2077 2650 Maximus;
2119 2585 2215 2641 sed
2259 2584 2600 2641 confirmavit
2641 2586 2802 2640 etiam
2848 2586 2991 2642 cives
3013 2603 3159 2653 suos,
3186 2586 3366 2641 deter-

1783 2682 2046 2749 ruitquea
2096 2687 2344 2749 suscepta
2388 2677 2522 2746 fugae
2564 2679 2909 2745 cogitatione.
2942 2678 3094 2733 Diem
3117 2677 3368 2734 concioni

1783 2773 2078 2830 constituit.
2127 2771 2206 2826 Eo
2249 2771 2337 2825 die
2379 2777 2601 2827 coactos
2650 2771 2703 2824 in
2726 2770 3002 2825 basilicam
3031 2770 3176 2826 cives
3198 2769 3367 2825 vehe-

1783 2874 1995 2921 menter
2044 2866 2284 2926 incusat,
2335 2861 2480 2931 quod
2524 2860 2685 2917 diffisi
2723 2863 2834 2917 Deo
2876 2863 3048 2932 patria
3092 2861 3361 2918 excedere

1784 2953 2129 3011 meditentur.
2154 2952 2404 3022 Cogitent
2439 2952 2693 3020 indignos
2726 2967 2846 3007 esse
2885 2950 3115 3007 liliomm
3144 2953 3368 3009 nomine

1783 3062 1879 3102 eos
1918 3046 2011 3114 qui
2059 3043 2309 3098 deserant
2332 3045 2385 3096 in
2408 3042 2696 3097 discrimen
2718 3041 2906 3096 salutis
2929 3040 3219 3096 deductam
3249 3057 3364 3096 rna-

1788 3143 1942 3188 trem.
1969 3132 2046 3187 Ne
2067 3130 2357 3195 conﬁdant,
2377 3130 2425 3184 si
2447 3130 2826 3192 abs‘cesserint,
2853 3144 2973 3184 sese
3008 3137 3099 3183 aut
3146 3130 3364 3193 liberos,

145 3218 386 3289 niisatqne
413 3219 624 3275 liberali
653 3219 707 3273 in
739 3225 962 3286 eﬁenles
1002 3217 1288 3285 larsitione
1315 3217 1482 3271 "eum
1509 3217 1683 3286 ίρωω
1711 3223 1758 3287 G
1788 3233 1878 3280 aut
1901 3224 2075 3279 minus
2097 3221 2340 3278 infelices
2383 3220 2516 3276 fere.
2543 3219 2772 3291 Quoquo
2796 3219 3015 3275 demum
3048 3235 3168 3276 sese
3188 3228 3354 3275 contu

143 3309 223 3364 sibi
246 3311 514 3381 propitium
542 3309 781 3365 reddant
807 3309 907 3381 (ά).
940 3308 1060 3375 Quo
1110 3310 1288 3364 minus
1334 3310 1685 3364 remittebant

143 3396 342 3455 furorem
381 3400 869 3468 crudelitatemque
907 3399 1144 3465 barbari,
1185 3414 1252 3455 eo
1281 3399 1478 3454 civium
1507 3407 1685 3455 terror

143 3489 526 3556 ingravescebat.
590 3489 759 3545 Erant
809 3491 1004 3545 horum
1055 3490 1220 3559 aliqui
1267 3491 1340 3545 ita
1388 3492 1686 3560 perturbati

143 3587 310 3645 metite,
346 3589 403 3636 ut
438 3596 565 3637 cum
585 3580 741 3635 malis
763 3581 968 3635 artibus
997 3581 1239 3650 superan'
1267 3580 1334 3635 ab
1358 3579 1564 3636 Bunnis
1588 3596 1685 3636 no-

141 3676 258 3723 stros
296 3670 698 3737 arbitrarentur,
729 3670 882 3725 obliti
911 3669 1190 3738 religionis
1219 3685 1284 3725 ac
1307 3669 1471 3743 [οων]
1503 3669 1625 3726 fidei
1654 3685 1686 3726 a

142 3759 269 3814 malis
312 3760 642 3818 damouibus
681 3761 987 3832 praesidium
1032 3761 1133 3817 sibi
1185 3761 1372 3818 salutis
1415 3771 1680 3832 peterent.

142 3845 384 3916 laxitatis,
409 3860 710 3907 convocata
725 3853 882 3922 plebe
903 3852 998 3923 (ε),
1020 3852 1262 3920 queritur
1276 3867 1396 3906 esse
1417 3853 1680 3919 homines,

143 3940 215 4006 qui
231 3955 337 3995 mm
362 3957 418 3997 se
436 3942 747 3997 christiana:
768 3942 968 3996 militiae
986 3941 1208 3997 nomina
1229 3941 1442 3997 dedisse
1462 3942 1691 4010 glorien-

143 4034 233 4095 tu,
275 4039 375 4087 tum
429 4033 505 4087 rei
550 4031 828 4086 familiaris
871 4031 1104 4101 jactura
1135 4031 1394 4086 facienda:
1415 4040 1583 4097 metu,
1615 4033 1686 4086 ita

144 4121 388 4176 concidant
408 4123 623 4188 animis,
661 4130 721 4176 ut
752 4121 993 4177 fortunas
1014 4136 1135 4191 qua:
1163 4121 1504 4188 intercidant,
1548 4138 1686 4192 prae-

145 4208 258 4267 ferre
276 4213 552 4270 videantur
598 4214 837 4270 felicitati
872 4215 1213 4284 sempiterna:
1238 4229 1366 4268 suae.
1400 4215 1688 4270 Auctorem

145 4315 193 4354 se
227 4303 342 4372 ipsis
367 4321 481 4362 esse
509 4305 663 4372 dicit,
698 4312 759 4360 ut
784 4319 854 4360 ne
897 4305 1212 4360 memoriam
1241 4304 1517 4374 deponant
1561 4321 1686 4360 ver-

144 4389 304 4451 borum
328 4395 519 4452 Christi
551 4397 822 4452 monentis
854 4415 867 4449 :
902 4396 1178 4452 Timendoa
1219 4413 1324 4451 non
1349 4413 1462 4451 esse
1487 4414 1574 4452 eos
1604 4399 1690 4468 qui

146 4497 298 4554 corpus
340 4490 598 4552 occidunt,
656 4490 887 4543 animum
923 4505 1042 4543 uero
1063 4505 1165 4542 non
1193 4499 1411 4560 possunt
1436 4489 1685 4543 occidere.

1785 3316 1964 3383 lerint,
2013 3315 2207 3379 sciant,
2235 3329 2294 3369 se
2315 3322 2616 3368 extremam
2641 3326 2995 3382 perpessuros
3020 3321 3141 3366 esse
3164 3311 3370 3366 mendi-

1786 3408 2023 3464 citatem.
2051 3403 2220 3471 Quem
2244 3404 2388 3458 enim
2412 3403 2465 3457 in
2487 3402 2823 3472 peregrinos,
2849 3407 3011 3471 atque
3033 3401 3247 3455 exsules
3262 3409 3370 3456 tam

1785 3498 2062 3554 liberalem
2083 3497 2393 3550 existiment
2414 3493 2671 3561 futurum,
2697 3502 2756 3548 ut
2784 3493 2887 3558 bis.
2914 3507 3075 3563 quam
3115 3493 3246 3556 suis,
3279 3492 3372 3562 qui

1784 3595 1995 3656 egeant,
2044 3584 2251 3641 civibus
2290 3583 2576 3639 subvenire
2619 3583 2804 3638 malit?
2845 3580 3101 3637 Desinant
3121 3591 3370 3651 peccare,

1785 3677 2152 3745 auxiliumque
2192 3674 2486 3745 implorent
2527 3673 2642 3728 Dei.
2691 3671 2783 3728 Sic
2832 3671 3330 3728 eisseconlirmare
3357 3689 3369 3700 ~

1785 3767 1839 3822 id
1863 3769 1908 3822 si
1930 3768 2072 3822 bona
2099 3766 2200 3822 fide
2223 3766 2450 3835 egerint,
2476 3766 2750 3821 civitatem
2774 3779 2884 3819 non
2905 3776 3024 3819 esse
3045 3763 3362 3834 perituram.

1785 3857 1944 3924 Quod
1998 3858 2044 3913 si
2086 3866 2230 3923 sunt,
2275 3857 2366 3928 qui
2411 3855 2662 3909 difﬁdant
2701 3855 2821 3921 sibi,
2846 3870 2944 3910 cur
2966 3868 3072 3909 non
3096 3850 3374 3909 confidant

1785 3965 2005 4005 suorum
2055 3950 2250 4004 civium
2295 3948 2577 4018 precibus?
2618 3947 2698 4000 An
2748 3946 2888 4001 adeo
2936 3945 3075 4000 male
3107 3943 3177 4000 de
3199 3945 3374 4015 patria

1786 4044 2045 4108 sentiunt,
2071 4049 2132 4096 ut
2154 4042 2354 4095 nullum
2378 4041 2444 4094 ab
2466 4055 2528 4094 ea
2551 4036 2722 4094 civem
2744 4040 2883 4093 bene
2903 4044 3189 4100 moratum,
3205 4037 3376 4107 pium-

1787 4147 1892 4200 que
1936 4131 2005 4185 ali
2052 4129 2427 4184 arbitrentur?
2473 4127 2529 4182 Si
2554 4137 2732 4182 autem
2756 4133 2881 4182 sunt
2902 4139 3131 4198 quorum
3155 4125 3380 4196 insignis

1787 4228 1872 4274 est
1907 4221 2106 4290 pietas;
2149 4218 2280 4287 quid
2317 4226 2400 4274 est
2440 4218 2585 4289 quod
2628 4220 2829 4274 merito
2864 4219 3058 4274 civium
3101 4219 3379 4288 justorum

1788 4310 2059 4375 decem,si
2084 4318 2166 4364 tot
2186 4307 2438 4364 Sodomae
2464 4310 2710 4375 fuissent,
2727 4323 2847 4365 eam
2869 4311 3058 4364 urbem
3080 4325 3188 4366 non
3211 4309 3381 4367 fuisse

1788 4404 1957 4458 Deum
2015 4401 2320 4457 delaturum
2371 4399 2630 4466 credant;
2674 4417 2787 4455 non
2829 4401 3075 4467 credant,
3102 4399 3172 4457 ob
3193 4397 3382 4472 plin-es

1786 4493 1961 4562 justus
1980 4492 2244 4546 salvatum
2266 4491 2330 4546 iri
2353 4489 2645 4558 Augustam
2667 4489 3028 4546 Taurinorum
3069 4490 3184 4563 (θη
3204 4490 3371 4562 Spem

145 4571 257 4640 Quid
291 4592 346 4634 se
383 4579 665 4644 aﬂlictent,
717 4589 812 4633 aut
856 4593 954 4634 cur
992 4578 1218 4633 timeant
1249 4577 1366 4633 fore
1386 4587 1447 4632 ut
1474 4579 1574 4633 sibi
1604 4594 1691 4632 ar-
1718 4581 1766 4641 D
1794 4584 1846 4637 in
1869 4583 1984 4638 Deo
2005 4582 2356 4647 constituant,
2381 4595 2550 4650 eaque
2579 4578 2698 4634 freti
2742 4580 2819 4635 ad
2841 4596 2990 4636 arma
3011 4582 3373 4650 conclament,

148 4675 313 4731 menta,
336 4677 640 4738 argentum,
665 4669 1049 4738 patrimonium
1072 4669 1389 4738 eripiantur,
1415 4684 1532 4740 qum
1556 4669 1692 4732 lues,

147 4767 245 4821 qtae
281 4759 476 4828 prodo,
521 4774 646 4829 qua:
691 4759 866 4814 hostis
891 4758 1321 4829 auferte-possit;
1347 4775 1571 4830 qumque
1593 4760 1695 4829 ipsi

147 4858 246 4899 cum
263 4852 461 4905 mortali
485 4852 592 4906 bac
613 4850 720 4904 vita
741 4849 1027 4918 aliquando
1044 4859 1171 4904 sunt
1189 4851 1464 4904 amissuri?
1481 4848 1696 4905 Christo

148 4948 246 4994 sese
285 4941 576 5006 addicam;
608 4942 732 4998 buic
782 4943 1158 5013 obtemperent
1190 4961 1204 5005 ;
1235 4945 1378 5000 hunc
1412 4960 1572 4998 unum
1594 4944 1694 4998 ba-

148 5027 282 5084 δραι
304 5031 471 5097 cordi,
503 5047 666 5103 quem
687 5047 780 5086 nec
798 5033 977 5103 prde
1002 5033 1245 5103 diripere,
1291 5049 1384 5087 nec
1413 5035 1571 5088 hostis
1596 5049 1694 5087 au-

151 5119 273 5186 fem,
304 5139 389 5177 nec
407 5123 688 5194 captivitas
713 5139 957 5194 separare
981 5125 1164 5192 possit.
1193 5123 1336 5190 Mox,
1362 5124 1431 5178 ad
1458 5139 1554 5180 eos
1573 5140 1698 5180 con-

149 5222 275 5264 versa
297 5215 538 5270 oratione
571 5214 665 5284 qui
692 5211 934 5268 subsidio
963 5212 1065 5268 s'mi
1095 5213 1212 5268 fore
1231 5214 1403 5268 malos
1425 5215 1698 5271 daemones

152 5300 477 5368 conﬁdebant,
531 5318 627 5359 eos
649 5303 883 5372 graviter
905 5304 1170 5374 increpat.
1203 5304 1418 5359 Nescire
1459 5305 1698 5360 infelices

155 5391 213 5444 ait
249 5395 367 5464 quid
405 5396 646 5461 faciant,
701 5395 902 5467 quidve
942 5397 1230 5466 loquantur
1263 5415 1276 5450 :
1307 5398 1396 5467 qui
1443 5398 1485 5454 si
1517 5398 1698 5452 statim

211 5549 278 5622 (η)
302 5552 450 5636 lbid.,
481 5569 603 5678 ρὲἕ.
628 5553 753 5608 9.81.

215 5619 277 5678 (δ)
300 5622 481 5678 Hotml.
582 5666 596 5678 .
623 5637 748 5678 νεα.

300 5619 596 5746 munies,
623 5637 748 5694 pag.
769 5624 877 5679 287
900 5640 1051 5700 δείιςο

217 5745 281 5824 (τι)
309 5745 490 5821 Hemi].
517 5765 608 5834 87,
635 5780 760 5835 pag.
793 5765 916 5822 est.

1795 4675 1986 4744 quibus
2015 4687 2114 4728 nos
2139 4673 2254 4741 ipse
2277 4672 2466 4726 instrui
2488 4670 2750 4741 pmcipit.
2784 4669 3000 4739 Preces,
3021 4671 3243 4742 jejunia,
3268 4674 3375 4729 mi-

1795 4763 2144 4819 sericordiam
2170 4761 2223 4816 id
2247 4775 2366 4816 esse
2386 4775 2557 4830 genus
2578 4777 2849 4818 armorum
2876 4762 2976 4833 (ἡ).
2998 4761 3117 4820 Hac
3165 4765 3377 4820 ratione

1797 4872 1918 4910 cum
1967 4864 2114 4909 metu
2158 4868 2295 4923 pene
2339 4854 2679 4910 exanimatos
2720 4853 3075 4921 sublevasset,
3102 4866 3264 4927 atque
3286 4873 3377 4912 re-

1797 4954 2054 5006 creasset,
2079 4944 2508 5013 induxissetque,
2536 4952 2593 5000 ut
2615 4947 2777 5001 armis
2800 4946 3066 5015 ejusmodi
3095 4949 3266 5018 captis
3306 4949 3381 5004 si-

1799 5050 1899 5104 gna
1929 5035 2264 5101 conferrent;
2308 5043 2423 5089 tum
2447 5034 2571 5090 belli
2607 5037 2782 5092 exitus
2815 5035 3207 5093 demonstravit
3250 5038 3380 5094 nihil

1796 5141 1920 5183 eum
1940 5127 2134 5181 frustra
2157 5126 2268 5181 suis
2291 5126 2496 5205 civibus
2517 5128 2846 5197 promisisse.
2870 5128 3040 5183 Nemo
3065 5131 3206 5183 enim
3232 5139 3382 5185 vete-

1799 5232 1919 5270 rum
1960 5215 2078 5281 fuit,
2124 5215 2216 5285 qui
2255 5214 2548 5273 Taurinum
2572 5231 2747 5285 usque
2769 5217 2967 5272 bellum
2998 5216 3158 5272 fuisse
3183 5217 3384 5288 produ—

1801 5316 1946 5362 ctum
1975 5308 2254 5363 scriberet.
2279 5306 2391 5362 lmo
2419 5317 2528 5363 tam
2551 5324 2657 5364 non
2683 5308 2900 5364 fuerunt
2931 5310 3226 5364 imminutae
3253 5324 3385 5380 opes

1801 5398 2241 5466 Taurinensium,
2289 5406 2347 5455 ut
2385 5403 2578 5456 contra
2620 5401 2850 5472 peculia
2896 5399 3253 5467 abundarinl,
3279 5415 3384 5471 qua

1899 5559 1946 5631 ε)
1973 5557 2165 5631 Ηοωὶιο
2195 5559 2282 5631 88.
2307 5572 2430 5630 pas.
2461 5559 2568 5631 255
2589 5575 2738 5631 seqq-

1900 5627 1950 5698 Γ)
1974 5627 2169 5701 Ηοωίι-
2204 5628 2289 5701 ἓ)ον
2310 5627 2436 5698 bas-
2465 5629 2569 5701 ξω,
2590 5627 2744 5701 sedit-

1899 5697 1951 5785 il
1982 5697 2176 5785 i300”?!-
2201 5698 2289 5785 ἓν
2315 5697 2434 5785 βδεῖ
2468 5697 2577 5785 Ξίὶὲ
2599 5697 2748 5785 “alii

1881 5765 1955 5839 Ψ)
1982 5767 2174 5826 Homil-
2208 5765 2293 5836 92,
2316 5765 2446 5840 pag.
2475 5766 2577 5826 507
2604 5765 2753 5839 seqq.
