3898 6226
522 339 623 394 159

1629 331 1789 387 VITA
1826 332 1883 391 S.
1925 332 2169 388 MAXIM!
2208 329 2673 388 TAURINENSIS.

3696 325 3803 379 160

522 470 636 510 rem
659 452 975 509 familiarem
1000 467 1153 508 suam
1176 451 1582 521 ampliﬁcat-ent.
1614 446 1732 516 Qua
1752 464 1821 505 ex
1842 464 1903 504 re
1925 448 2099 517 conji-
2127 453 2177 511 Δ
2275 446 2363 502 XI.
2394 445 2699 502 Gensericus
2748 441 3015 498 Vandalus
3060 444 3115 497 in
3154 441 3370 498 Italiam
3408 460 3525 497 cum
3563 443 3804 529 exercitu

523 561 647 601 cere
687 545 913 616 quisque
964 549 1146 614 potest
1190 543 1450 597 barbaros
1496 556 1605 595 non
1666 540 1840 596 solum
1899 539 1966 593 ab
2016 539 2101 593 in-

525 634 663 704 juria
702 633 757 689 in
805 632 1147 698 Taurinates,
1196 639 1358 700 atque
1398 628 1599 701 a[c1.v]
1629 628 1893 683 maleﬁcio
1938 627 2106 682 absti-

526 723 755 788 nuisse;
808 738 991 778 verum
1052 722 1215 776 etiam
1272 720 1517 775 retulisse
1567 719 1821 787 gradum,
1883 727 2109 788 postque

531 829 639 867 non
686 812 854 867 multo
896 812 962 867 ad
998 827 1124 867 suos
1170 811 1224 864 in
1260 809 1589 863 Pannoniam
1639 808 1941 862 revertisse.
1974 807 2112 863 Sunt

530 902 623 971 qui
672 900 960 956 Maximum
1013 900 1082 955 ad
1129 899 1346 953 Attilam
1384 898 1625 963 venisse,
1679 897 1746 951 ab
1789 911 1961 965 eoque
2008 897 2109 952 im-

531 1000 773 1062 petrasse
820 990 993 1046 ferant
1017 998 1075 1044 ut
1102 1004 1170 1045 ne
1197 986 1385 1043 urbem
1428 997 1765 1058 oppugnaret
1792 1002 1927 1042 neve
1953 1001 2112 1056 agros

536 1084 885 1138 Taurinatnm
944 1082 1311 1154 popularetur.
1369 1080 1475 1137 Sed
1518 1081 1572 1135 hi
1626 1080 1951 1149 scriptores,
1991 1093 2109 1133 cum

533 1178 778 1225 recentes
829 1170 937 1223 sint
962 1209 978 1236 ,
1037 1169 1139 1224 etsi
1186 1185 1314 1223 vera
1360 1168 1586 1224 fortasse
1631 1176 1890 1234 narrent,
1967 1168 2113 1227 nullo

536 1267 717 1314 tamen
762 1268 944 1314 vetere
1001 1260 1243 1314 nituntur
1288 1266 1672 1324 monumento,
1723 1274 1828 1329 quo
1884 1258 2114 1327 probare

534 1350 783 1417 cuiquam
837 1347 983 1417 quod
1028 1354 1248 1403 narrant
1292 1348 1515 1418 possint.
1565 1347 1681 1403 Hoc
1726 1356 1933 1403 certum
1985 1357 2107 1403 est:

535 1437 853 1493 Taurinates
881 1454 1013 1508 pace
1039 1438 1257 1503 abusos,
1293 1452 1411 1506 qua:
1436 1440 1579 1492 bona
1606 1446 1793 1493 contra
1818 1437 1905 1506 jus
1934 1436 2115 1504 fasque

536 1528 752 1583 barbari
777 1525 1015 1583 ﬁnitimis
1044 1528 1256 1599 populis
1291 1528 1663 1596 nonnullisque
1689 1528 1849 1582 etiam
1877 1526 2116 1582 fortassis

444 1666 449 1667 ,
536 1633 754 1672 suorum
786 1617 983 1673 civium
1011 1617 1341 1685 eripuerant,
1370 1617 1651 1672 coemisse.
1684 1614 1857 1670 Grave
1880 1616 1933 1670 id
1955 1616 2115 1671 fuisse

537 1710 789 1764 Maximo.
822 1708 997 1775 Quare
1021 1710 1191 1779 ipsum
1223 1710 1510 1763 allocutum
1540 1724 1635 1763 eos
1661 1709 1714 1762 in
1736 1708 1875 1762 hanc
1901 1716 2117 1761 senten-

2208 542 2363 594 venit.
2398 538 2653 592 Timentes
2676 534 2982 590 Taurinates
3006 534 3268 589 Maximus
3292 545 3349 589 ut
3378 536 3449 589 ad
3484 536 3653 590 Deum
3671 552 3803 589 con-

2210 631 2411 700 fugiant
2470 628 2722 682 hortatur.
2764 656 2839 667 --
2871 624 3245 681 Valentiniano
3305 624 3371 678 Hi
3430 625 3799 695 imperatore.

2208 717 2445 773 Petronii
2491 715 2707 769 Maximi
2741 713 2965 784 perﬁdia
3008 730 3096 769 an.
3148 712 3253 769 455
3304 715 3532 784 imperio
3576 716 3805 782 vitaque

2208 807 2435 876 privato,
2459 820 2580 860 cum
2608 802 2892 857 Petronius
2914 802 3054 858 idem
3075 804 3248 859 dictus
3269 805 3561 873 imperator
3582 804 3803 867 fuisset,

2180 895 2613 964 (Eudoxiamque
2658 893 3018 947 Valentiniani
3074 895 3284 949 viduam
3333 908 3473 964 aegre
3528 893 3803 949 ferentem

2210 995 2375 1056 atque
2397 985 2617 1041 invitam
2645 985 2883 1040 duxisset
2914 985 2968 1038 iu
2996 984 3415 1049 matrimonium,
3450 1000 3533 1051 ea,
3566 993 3629 1037 ut
3660 983 3808 1050 inju-

2210 1079 2346 1133 riam
2383 1078 2582 1133 iilatam
2619 1078 2720 1132 sibi
2760 1086 3095 1145 mortemque
3126 1077 3222 1130 viri
3258 1076 3632 1141 ulcisceretur,
3662 1074 3806 1129 Car-

2214 1170 2478 1237 thaginem
2523 1168 2590 1223 ad
2638 1165 2982 1222 Gensericum
3020 1166 3379 1221 Vandalorum
3425 1180 3610 1234 regem
3658 1164 3805 1220 clam

2211 1263 2386 1315 virum
2414 1261 2514 1317 sibi
2542 1259 2857 1315 familiarem
2884 1275 3005 1314 cum
3035 1260 3225 1314 litteris
3255 1269 3497 1328 rogatum
3535 1258 3691 1313 misit
3719 1266 3801 1321 ut,

2213 1365 2407 1419 magno
2435 1351 2675 1405 exercitu
2702 1357 2911 1412 coacto.
2946 1350 3168 1404 Romam
3199 1348 3564 1413 contenderet,
3599 1349 3807 1419 ipsam-

2215 1455 2320 1508 que
2358 1440 2652 1495 vindicaret
2699 1441 2753 1495 in
2799 1440 3121 1496 libertatem.
3173 1441 3490 1497 Gensericus
3528 1457 3644 1496 non
3689 1442 3809 1511 jam

2217 1529 2466 1597 Augusta:
2512 1530 2733 1600 parendi
2778 1531 3072 1598 voluntate,
3116 1533 3213 1586 sed
3254 1548 3349 1603 spe
3386 1533 3601 1603 praedic,
3638 1549 3809 1603 quam

2219 1628 2367 1676 certo
2410 1621 2631 1687 sciebat,
2679 1622 2913 1691 opimam
2942 1622 3076 1687 fore,
3107 1637 3364 1692 quantum
3410 1626 3584 1695 potuit
3632 1626 3811 1680 celer-

2218 1711 2353 1764 rime
2398 1711 2450 1764 in
2488 1710 2693 1765 Italiam
2725 1714 3035 1767 transmisit.
3066 1713 3320 1785 Cumque,
3353 1730 3416 1769 ea
3444 1730 3502 1769 re
3531 1717 3807 1781 nuntiata,

537 1804 668 1855 tiam
710 1802 873 1856 fuisse
902 1803 979 1873 (α)
1013 1820 1026 1855 2
1056 1801 1196 1855 Dicit
1243 1801 1513 1871 Scriptura
1542 1801 1611 1853 ad
1657 1800 1792 1870 ﬁlios
1822 1798 1991 1853 Israel
2026 1814 2042 1852 :
2071 1799 2114 1850 Α
2150 1816 2193 1874 Β
2221 1816 2250 1853 a
2277 1801 2533 1856 militibus
2552 1803 2857 1872 populoque
2885 1803 3127 1858 Romano
3152 1803 3428 1860 Petronius
3449 1806 3813 1876 interemptus

538 1891 700 1944 bestia
737 1900 942 1962 captum
972 1907 1034 1944 ne
1064 1892 1311 1962 tetigeris,
1335 1900 1461 1954 etc.,
1487 1899 1536 1943 et
1562 1908 1651 1961 per
1673 1890 1767 1943 hoc
1790 1890 2011 1943 deterior
2030 1889 2117 1942 be-

538 1984 638 2036 stia
665 1990 741 2036 est
768 1984 993 2054 quisquis
1024 1985 1177 2037 sumit
1206 1982 1341 2053 quod
1368 1982 1544 2035 bestia:
1572 1983 1846 2052 superavit.
1890 1980 1989 2033 Dic
2015 1982 2120 2051 igi-

540 2079 626 2123 tur
651 2072 797 2137 mihi,
830 2081 881 2125 tu
909 2072 1219 2137 Christiane,
1265 2089 1354 2125 cur
1394 2071 1623 2140 prwdam
1665 2072 1897 2124 relictam
1921 2088 1952 2123 a
1980 2088 2121 2136 prte-

541 2160 761 2214 donibus
788 2163 1266 2232 pra’sumpsisti?...
1308 2161 1414 2216 Sed
1438 2162 1657 2230 forsitan
1685 2163 1869 2214 emisse
1894 2169 1943 2213 te
1971 2161 2119 2225 dicis,

540 2260 591 2303 et
610 2250 723 2305 ideo
745 2252 977 2305 avaritia:
998 2259 1050 2304 tu
1072 2253 1262 2305 crimen
1284 2251 1477 2304 evadis.
1504 2249 1627 2305 Non
1649 2252 1720 2303 ita
1742 2251 1870 2304 solet
1890 2261 2126 2305 constare

543 2340 731 2409 emptio
758 2348 909 2411 atque
937 2341 1181 2394 venditio.
1217 2339 1416 2393 Bonum
1449 2348 1523 2393 est
1560 2356 1745 2403 emere,
1778 2340 1867 2392 sed
1895 2342 1948 2393 in
1976 2357 2122 2409 pace,

544 2430 680 2499 quod
704 2432 913 2499 propria
942 2431 1202 2484 voluntate
1229 2430 1481 2494 venditur,
1509 2447 1613 2483 non
1638 2430 1693 2481 in
1722 2429 2124 2498 deprwdatione.

547 2519 764 2590 Respice
814 2529 1105 2576 contractus
1168 2523 1438 2591 originem,
1495 2521 1798 2575 venditionis
1845 2530 2125 2586 auctorem,

548 2612 698 2681 pretii
721 2613 1076 2681 quantitatem,
1107 2618 1154 2664 et
1184 2611 1430 2680 intelligis
1461 2610 1651 2677 prwdw
1679 2612 1865 2679 magis,
1895 2626 1998 2663 non
2022 2628 2134 2663 ven-

550 2700 761 2755 ditionis
788 2709 1087 2771 emptorem.
1136 2700 1286 2755 Unde
1326 2702 1461 2754 enim
1500 2700 1722 2754 barbaro
1763 2702 1876 2754 auri
1914 2719 2135 2771 gemma-

551 2808 761 2859 rumque
782 2792 1032 2847 monilia?
1055 2792 1201 2846 Unde
1221 2793 1395 2863 pellito
1419 2793 1582 2846 serica
1601 2793 1940 2846 vestimenta?
1964 2792 2130 2859 Unde,

552 2899 697 2953 rogo,
747 2882 986 2937 Romana
1030 2886 1292 2952 mancipia
1330 2885 1528 2941 sumis?
1555 2882 1760 2937 Scimus
1800 2900 1861 2937 ea
1901 2900 2137 2953 compro-

2222 1899 2385 1955 esset,
2417 1899 2471 1943 et
2511 1890 2779 1946 Vandalus
2820 1890 3015 1945 Urbem
3056 1892 3108 1945 in
3148 1901 3465 1962 potestatem
3506 1894 3813 1962 redegisset

2223 1992 2287 2030 ac
2315 1977 2639 2046 diripuisset,
2673 1988 2728 2033 et
2773 1981 3064 2048 Augustam
3108 1982 3160 2035 in
3203 1980 3430 2036 Africam
3458 1984 3815 2039 transducere

2227 2068 2387 2121 veluti
2428 2070 2691 2138 captivam
2734 2071 3117 2134 constituisset,
3164 2073 3425 2142 plenaque
3474 2082 3621 2128 esset
3662 2076 3815 2143 regio

2224 2160 2608 2227 barbarorum,
2658 2163 2892 2232 indeque
2946 2181 3154 2219 rursum
3208 2165 3519 2220 Taurinates
3564 2174 3816 2220 metuere

2227 2254 2533 2322 coepissent,
2566 2253 2625 2307 S.
2665 2256 2889 2311 antistes
2935 2257 3012 2311 sic
3059 2266 3141 2311 est
3185 2258 3236 2311 in
3284 2257 3547 2325 frequenti
3578 2259 3816 2313 ecclesia

2229 2342 2485 2411 populum
2517 2345 2780 2399 allocutus
2812 2347 2884 2415 (b)
2918 2365 2929 2398 :
2956 2347 3035 2398 Ad
3068 2348 3229 2400 Deum
3259 2350 3412 2401 castis
3442 2346 3701 2419 obsequiis
3728 2366 3816 2401 ac-

2229 2432 2489 2485 cedamus.
2518 2432 2628 2487 Nec
2657 2436 2899 2503 quoniam
2923 2435 3299 2506 allophylorum
3340 2439 3815 2508 circumstrepenti-

2232 2526 2323 2579 bus
2353 2527 2511 2579 armis
2541 2529 2798 2597 angimur,
2831 2544 2943 2598 qua:
2968 2528 3322 2581 dissidentium
3344 2546 3519 2599 regum
3548 2532 3813 2583 suscitavit

2234 2616 2510 2677 discordia,
2543 2617 2657 2669 ideo
2688 2614 2897 2669 Natalis
2922 2618 3023 2670 diei
3044 2617 3253 2670 Domini
3285 2621 3523 2687 mysteria
3543 2637 3661 2672 cum
3688 2637 3814 2691 gau-

2235 2708 2319 2761 dio
2368 2706 2620 2760 celebrare
2664 2725 2767 2761 non
2824 2709 3095 2773 debemus;
3144 2711 3372 2779 quinimo
3418 2714 3588 2779 potius
3636 2715 3813 2765 eadem

2236 2798 2631 2868 competentibus
2661 2798 2861 2868 gaudiis
2889 2815 3203 2863 veneremur,
3238 2798 3397 2853 Deum
3433 2816 3729 2865 exorantes,
3762 2814 3815 2855 ut

2238 2887 2300 2939 ab
2330 2888 2444 2940 istis
2483 2888 2721 2955 periculis
2752 2887 2912 2959 [cur]
2949 2905 3039 2941 nos
3069 2888 3287 2942 liberare
3327 2898 3376 2943 et
3418 2892 3682 2946 custodire
3723 2910 3813 2946 sua

554 2972 849 3026 vincialium
873 2982 1167 3028 nostrorum
1195 2990 1321 3038 esse,
1347 2974 1424 3027 vel
1462 2974 1664 3026 civium.
1706 2972 1897 3026 Faciat
1923 2989 2045 3044 ergo
2083 2982 2139 3026 ut
2184 3010 2213 3031 .
2238 2982 2425 3051 pietate
2452 2980 2709 3050 dignetur.

555 3064 705 3119 Chris
730 3067 880 3118 ianus
910 3074 959 3119 et
987 3066 1130 3130 civis,
1173 3067 1258 3136 qui
1293 3063 1407 3118 ideo
1446 3066 1588 3129 emit,
1619 3073 1675 3117 ut
1704 3063 1906 3118 reddat.
1944 3062 2019 3117 Ita
2051 3063 2140 3118 ille

2310 3067 2421 3121 Xll.
2469 3068 2696 3123 Basilica
2736 3072 2970 3139 princeps
3008 3070 3145 3124 urbis
3187 3070 3469 3127 Mediolani
3502 3073 3569 3127 ab
3607 3074 3814 3129 Hunnis

556 3154 828 3222 redarguit
868 3169 962 3209 eos
1002 3154 1096 3222 qui
1140 3153 1526 3223 supellectilem
1554 3161 1814 3206 auxerant
1842 3152 2015 3207 aliena
2042 3151 2128 3221 ja-
2158 3164 2206 3229 (ζ
2237 3176 2409 3214 eversa
2436 3160 2499 3213 ab
2540 3160 2763 3215 Eusebio
2788 3163 3025 3232 episcopo
3054 3164 3356 3216 restituitur.
3391 3163 3523 3234 Ejus
3564 3169 3817 3219 accersita

560 3251 707 3299 ctura
724 3286 738 3310 ,
768 3244 1055 3312 docuitque
1093 3243 1303 3298 restitui
1346 3242 1572 3297 dominis
1600 3251 1849 3312 oportere
1874 3243 2017 3310 quod
2040 3257 2135 3312 per

560 3333 663 3389 vim
695 3334 824 3404 ipsis
851 3334 1057 3397 fuisset,
1091 3333 1444 3404 injuriamque
1473 3349 1502 3386 a
1537 3332 1775 3388 barbaris
1800 3333 2096 3402 dereptum.

630 3425 698 3480 Χ.
731 3424 810 3479 De
838 3425 1062 3479 Maximi
1090 3427 1144 3480 in
1174 3434 1379 3497 egentes
1402 3426 1618 3495 pietate,
1651 3426 1808 3495 deque
1837 3426 1949 3494 ejus
1978 3425 2136 3477 virtu-

562 3518 695 3572 tibus
742 3518 963 3570 cwteris.
1004 3544 1078 3553 --
1105 3516 1206 3570 Vix
1251 3531 1439 3581 annus,
1491 3515 1756 3585 pauloque
1803 3514 2030 3584 amplius
2072 3514 2140 3568 ab

563 3607 737 3663 Attila:
785 3607 837 3660 in
884 3605 1217 3661 Pannoniam
1258 3606 1431 3660 reditu
1478 3607 1872 3669 intercesserat,
1910 3620 2031 3659 cum
2070 3607 2139 3659 ob

562 3698 927 3753 incredibilem
976 3700 1273 3753 siccitatem
1316 3697 1430 3750 itali
1470 3696 1537 3751 ad
1577 3698 1655 3751 rei
1691 3696 2050 3751 frumentaria:
2078 3711 2142 3751 ac

561 3785 769 3854 frugum
797 3787 1033 3856 inopiam
1072 3786 1304 3851 adducti,
1340 3785 1535 3839 famem
1562 3786 1828 3840 sustinere
1852 3801 1958 3840 non
1982 3801 2143 3857 posse

562 3878 889 3931 viderentur.
923 3877 1093 3943 Quam
1125 3886 1251 3933 tunc
1292 3878 1520 3933 eluserit
1550 3878 1721 3947 pietas
1759 3879 1811 3932 in
1841 3894 1966 3933 suos
1990 3893 2053 3934 ac
2078 3878 2142 3932 li-

561 3965 818 4023 beralitas
860 3967 1075 4023 Maximi
1121 3968 1338 4025 difﬁcile
1393 3978 1476 4025 est
1533 3971 1856 4026 existimare.
1904 3970 1964 4026 Id
2000 3969 2142 4027 enim

564 4058 777 4114 virtutis
805 4073 991 4128 genus,
1022 4061 1165 4129 quod
1194 4062 1284 4116 ille
1310 4063 1485 4117 verbis
1514 4077 1721 4117 summo
1749 4076 1960 4132 semper
1980 4076 2143 4132 opere

563 4149 682 4203 aliis
722 4150 1142 4216 commendarat,
1186 4167 1245 4206 re
1292 4153 1468 4221 plane,
1498 4167 1659 4221 quam
1689 4152 1741 4205 in
1772 4168 1831 4207 se
1877 4159 2021 4207 esset
2047 4168 2143 4207 ex-

565 4240 783 4303 cellens,
817 4240 1067 4295 ostendit.
1118 4241 1251 4295 Nam
1298 4244 1364 4297 ad
1410 4243 1573 4307 cives,
1600 4259 1825 4311 quorum
1859 4244 2146 4313 pauperies

566 4339 709 4386 esset
736 4332 1032 4399 angustior,
1062 4334 1405 4400 accurrebat;
1437 4341 1599 4402 atque
1628 4334 1789 4403 ipsos,
1820 4334 2145 4403 quibuscun-

566 4435 673 4490 que
697 4422 857 4476 rebus
878 4428 1108 4490 poterat,
1134 4421 1373 4491 juvabat.
1405 4423 1587 4492 Neque
1607 4424 1660 4477 id
1684 4432 1810 4479 tunc
1836 4425 2030 4489 solum,
2050 4423 2142 4479 sed

2240 3262 2518 3323 rogataque
2546 3253 2806 3306 Maximus
2840 3255 3124 3309 orationem
3167 3256 3235 3308 ad
3272 3258 3515 3326 populum
3544 3258 3718 3311 habet.
3751 3290 3818 3299 ——

2240 3342 2447 3397 Interea
2468 3343 2687 3397 basilica
2710 3342 3118 3398 Mediolanensis
3139 3360 3297 3413 quam
3335 3345 3651 3401 Hunnorum
3674 3347 3820 3400 furor

2242 3439 2526 3496 everterat,
2559 3430 2769 3486 Eusebii
2804 3433 3041 3502 episcopi
3085 3449 3210 3488 cura
3252 3450 3315 3488 ac
3358 3435 3634 3502 diligentia
3664 3437 3819 3490 resti-

2242 3528 2357 3574 tuta
2389 3520 2502 3575 fuit.
2533 3520 2612 3575 Eo
2641 3537 2761 3576 cum
2798 3521 3079 3588 Maximus,
3106 3523 3455 3577 dedicationis
3484 3539 3670 3589 causa,
3711 3524 3816 3578 Eu-

2242 3611 2375 3665 sebii
2424 3610 2588 3680 ipsius
2625 3619 2815 3679 rogatu
2842 3612 3208 3680 accersituque
3237 3613 3487 3676 venisset,
3518 3614 3819 3667 orationem

2242 3702 2449 3766 habuit,
2476 3716 2596 3769 quae
2617 3710 2698 3755 est
2724 3701 2976 3771 inscripta
3004 3702 3066 3755 de
3089 3701 3434 3772 Reparatione
3456 3705 3687 3759 ecclesia:
3708 3704 3818 3757 Me-

2245 3793 2556 3846 diolanensis
2586 3793 2676 3861 (c).
2716 3791 2773 3846 In
2804 3792 2905 3847 hac
2942 3793 3009 3847 de
3041 3792 3245 3861 justitia
3276 3793 3366 3847 Dei
3406 3794 3458 3848 in
3490 3803 3698 3858 sontes,
3731 3795 3819 3848 de-

2242 3896 2347 3949 que
2394 3880 2757 3936 misericordia
2807 3896 2931 3951 erga
2976 3882 3349 3950 rcsipiscentes
3385 3884 3666 3951 bonosque
3696 3886 3816 3951 egit.

2244 3971 2568 4027 Restitutum
2598 3972 2730 4026 dixit
2755 3988 2873 4029 esse
2898 3980 3056 4027 tantm
3084 3974 3230 4027 urbis
3252 3976 3527 4043 templum,
3559 3978 3819 4046 praecipue

2245 4059 2460 4115 Eusebii
2486 4061 2724 4129 ejusdem
2754 4076 2936 4131 opera.
2969 4061 3137 4131 Hujus
3174 4078 3459 4119 maerorem
3490 4066 3542 4119 in
3572 4067 3818 4134 gaudium

2244 4167 2459 4207 versum
2500 4154 2956 4211 commemoravit.
3004 4152 3273 4208 Orandum
3313 4154 3545 4224 denique
3592 4158 3816 4221 monuit,

2244 4254 2300 4297 ut
2324 4246 2455 4297 sicut
2472 4261 2597 4317 erga
2623 4246 2753 4297 cives
2781 4244 3101 4315 indignantis
3131 4243 3228 4297 Dei
3256 4244 3480 4298 vindicta
3507 4263 3613 4300 non
3639 4249 3815 4317 defuit,

2244 4336 2318 4388 ita
2344 4337 2470 4407 ipsis
2497 4336 2829 4405 propitiantis
2855 4338 3016 4406 pietas
3056 4346 3423 4406 perseveraret.
3465 4336 3655 4394 Redux
3701 4340 3816 4393 inde

2246 4423 2508 4479 Maximus
2550 4424 2840 4493 Augustam
2890 4423 3243 4479 Taurinorum
3302 4439 3491 4494 passus
3551 4442 3815 4498 antiquam

568 4510 731 4564 etiam
760 4510 1115 4578 continenter,
1142 4511 1254 4581 jam
1285 4512 1409 4566 inde
1436 4512 1502 4568 ab
1536 4528 1602 4567 eo
1631 4521 1891 4584 tempore,
1924 4528 2033 4582 quo
2056 4528 2147 4568 ee—
2169 4527 2222 4589 Ῑ)
2248 4524 2347 4579 est,
2378 4524 2437 4571 ut
2464 4515 2570 4570 ulla
2598 4530 2630 4571 a
2657 4530 2715 4570 se
2744 4514 2927 4585 populi
2954 4514 3182 4571 docendi
3218 4524 3471 4585 recteque
3510 4517 3815 4573 instituendi

570 4608 726 4670 perat
752 4601 1137 4671 episcopatum,
1162 4604 1456 4673 praesertim
1486 4613 1664 4660 autem
1691 4621 1833 4661 anno
1860 4604 1982 4672 450,
2007 4621 2148 4661 sum-

572 4704 663 4745 mo
694 4690 873 4746 studio
899 4699 954 4747 et
981 4707 1109 4748 cura
1134 4692 1276 4760 fecit,
1308 4710 1416 4766 quo
1445 4695 1659 4766 quidem
1689 4711 1828 4751 anno
1856 4696 2005 4752 italia
2025 4712 2143 4752 om-

572 4780 657 4835 nis
701 4782 819 4850 pari
865 4780 1169 4838 conflictata
1228 4783 1401 4840 fuerat
1445 4801 1669 4840 annonas
1723 4787 1964 4841 caritate.
2008 4786 2147 4853 Quin

568 4871 735 4927 etiam
764 4888 884 4927 cum
915 4873 989 4927 ita
1018 4882 1162 4929 esset
1202 4876 1492 4942 institutus,
1534 4884 1724 4932 utnon
1770 4877 1938 4945 magis
1972 4878 2147 4933 verbis

571 4978 735 5032 quam
776 4966 1023 5035 exemplo
1078 4966 1224 5021 clero
1272 4983 1331 5021 se
1366 4969 1670 5039 populoque
1717 4970 1906 5038 punire
1950 4969 2147 5025 debere

571 5053 853 5123 judicaret,
896 5056 969 5110 ita
1013 5058 1166 5125 vixit,
1196 5066 1256 5114 ut
1299 5060 1575 5127 religione,
1606 5076 1786 5115 amore
1815 5061 1870 5115 in
1897 5060 2065 5115 Deum
2096 5069 2151 5116 et

577 5144 878 5216 proximos,
903 5145 1138 5214 justitia,
1176 5148 1517 5214 fortitudine,
1563 5151 1938 5221 temperantia,
1971 5152 2148 5206 conti-

578 5240 781 5305 nentia,
822 5241 1159 5308 liberalitate,
1202 5242 1399 5298 virtute
1426 5242 1656 5313 denique
1674 5244 1821 5310 omni
1849 5252 2145 5315 praestaret,

579 5334 816 5403 nihilque
854 5335 1098 5391 oratione
1144 5335 1485 5405 praeciperet,
1532 5334 1674 5405 quod
1720 5350 1828 5391 non
1869 5335 1985 5406 ipse
2024 5346 2151 5390 ante

578 5423 865 5493 perfecisse
891 5441 1054 5496 opere
1083 5426 1371 5481 videretur.

650 5628 726 5699 (ᾳ)
758 5627 950 5699 Homil.
985 5625 1072 5699 96,
1105 5628 1377 5699 pag.‘524.

648 5695 723 5763 (b)
756 5698 949 5753 Homil.
983 5695 1034 5759 6,
1063 5695 1191 5763 pag.
1217 5697 1305 5753 20.

2250 4605 2574 4661 intermissio
2604 4606 2776 4660 fieret.

2322 4694 2463 4749 X11].
2499 4695 2764 4750 Maximus
2800 4712 2941 4750 anno
2969 4694 3073 4749 465
3099 4695 3319 4750 Romam
3348 4697 3501 4760 venit,
3534 4698 3818 4767 synodoque

2252 4788 2315 4841 ab
2352 4786 2541 4841 Hilaro
2579 4786 2824 4857 pontiﬁce
2852 4794 3045 4840 coactis
3074 4786 3330 4855 interfuit.
3353 4813 3425 4824 —
3451 4784 3556 4839 An.
3586 4784 3691 4840 465
3719 4785 3817 4840 Ro-

2252 4892 2397 4933 mam
2423 4891 2482 4932 se
2508 4876 2573 4930 ad
2602 4876 2951 4945 apostolicam
2989 4875 3171 4930 sedem
3201 4874 3443 4929 contulit.
3476 4873 3635 4941 Ctun,
3668 4882 3725 4928 ut
3759 4889 3816 4928 ex

2253 4968 2368 5035 ejus
2384 4966 2616 5022 bomiliis
2640 4965 3081 5033 sermonibusque
3098 4972 3310 5019 constat
3331 4964 3431 5035 (ά),
3450 4965 3673 5034 insignis
3690 4973 3817 5020 esset

2253 5058 2420 5129 ipsius
2439 5070 2565 5124 erga
2587 5056 2642 5111 S.
2678 5056 2897 5111 Petrum
2918 5055 3281 5125 apostolorum
3308 5056 3605 5128 principem
3626 5057 3814 5127 pietas;

2253 5150 2601 5206 dubitandum
2630 5165 2738 5205 non
2774 5157 2875 5212 est,
2907 5149 3034 5217 quin
3071 5164 3214 5217 smpe
3246 5148 3312 5202 ad
3345 5148 3461 5217 ejus
3502 5150 3813 5220 sepulcrum,

2253 5243 2486 5307 cultum,
2535 5241 2827 5306 honorem,
2868 5256 3057 5310 preces
3099 5240 3465 5305 adhibiturus,
3521 5241 3811 5297 accesserit.

2258 5329 2383 5385 Erat
2401 5339 2537 5385 tunc
2558 5330 2766 5386 Hilarus
2792 5338 2992 5386 sanctae
3020 5331 3273 5385 Romanae
3296 5329 3551 5386 Ecclesia:
3571 5330 3811 5403 pontifex.

2256 5422 2306 5477 ls
2326 5424 2517 5478 litteris
2538 5422 2749 5478 Ascanii
2770 5422 3185 5479 Tarraconensis
3208 5424 3444 5494 episcOpi
3464 5422 3636 5479 factus
3660 5423 3814 5480 fuerat

2353 5622 2400 5690 c)
2432 5622 2623 5677 Homil.
2657 5623 2745 5685 94.
2769 5637 2887 5693 pag.
2917 5622 3021 5675 515
3045 5636 3193 5691 seqq.

2353 5625 2400 5690 c)
2432 5625 2623 5677 Homil.
2657 5625 2745 5685 94.
2769 5637 2887 5693 pag.
2917 5625 3021 5675 515
3045 5636 3193 5691 seqq.

2329 5625 2406 5763 id)
2447 5692 2574 5747 Vide
2588 5692 2791 5761 prmfat.
2824 5702 3016 5747 nostra:
3044 5707 3189 5746 num.
3220 5689 3306 5753 52,
3335 5702 3459 5757 pag.
3494 5689 3612 5745 115.
