  <div class='ocr_page' id='page_1' title='image "/cluster/home/n/w/nwhite01/storage/ocr_20150623/57/uva.x000827099/088.png"; bbox 0 0 3898 6226; ppageno 0'>
   <div class='ocr_carea' id='block_1_1' title="bbox 113 341 2694 414">
    <p class='ocr_par' dir='ltr' id='par_1_1' title="bbox 113 341 2694 414">
     <span class='ocr_line' id='line_1_1' title="bbox 113 341 2694 414; baseline -0.008 -1"><span class='ocrx_word' id='word_1_1' title='bbox 113 362 175 414; x_wconf 75' lang='grc'><strong>161</strong></span> <span class='ocrx_word' id='word_1_2' title='bbox 701 349 1114 407; x_wconf 76' lang='lat' dir='ltr'><strong>TESTIMONIA</strong></span> <span class='ocrx_word' id='word_1_3' title='bbox 1151 344 1365 404; x_wconf 85' lang='lat' dir='ltr'><strong>SCRIP.</strong></span> <span class='ocrx_word' id='word_1_4' title='bbox 1413 341 1688 399; x_wconf 85' lang='lat' dir='ltr'><strong>ECCLES.</strong></span> <span class='ocrx_word' id='word_1_5' title='bbox 1731 342 1818 396; x_wconf 87' lang='lat' dir='ltr'><strong>DE</strong></span> <span class='ocrx_word' id='word_1_6' title='bbox 1857 343 1912 397; x_wconf 89' lang='lat' dir='ltr'><strong>S.</strong></span> <span class='ocrx_word' id='word_1_7' title='bbox 1959 341 2224 398; x_wconf 73' lang='lat' dir='ltr'><strong>MAXIMO</strong></span> <span class='ocrx_word' id='word_1_8' title='bbox 2265 341 2694 396; x_wconf 82' lang='lat' dir='ltr'><strong>TAURINENSI.</strong></span> 
     </span>
    </p>
   </div>
   <div class='ocr_carea' id='block_1_2' title="bbox 3230 342 3330 394">
    <p class='ocr_par' dir='ltr' id='par_1_2' title="bbox 3230 342 3330 394">
     <span class='ocr_line' id='line_1_2' title="bbox 3230 342 3330 394; baseline 0 0"><span class='ocrx_word' id='word_1_9' title='bbox 3230 342 3330 394; x_wconf 70' lang='lat'><strong>162</strong></span> 
     </span>
    </p>
   </div>
   <div class='ocr_carea' id='block_1_3' title="bbox 109 453 3324 535">
    <p class='ocr_par' dir='ltr' id='par_1_3' title="bbox 109 453 3324 535">
     <span class='ocr_line' id='line_1_3' title="bbox 109 453 3324 535; baseline -0.005 -11"><span class='ocrx_word' id='word_1_10' title='bbox 109 473 273 529; x_wconf 67' lang='lat' dir='ltr'><strong>certior,</strong></span> <span class='ocrx_word' id='word_1_11' title='bbox 300 468 568 521; x_wconf 87' lang='lat' dir='ltr'><strong>Silvanum</strong></span> <span class='ocrx_word' id='word_1_12' title='bbox 600 465 899 535; x_wconf 61' lang='lat' dir='ltr'><strong>praesulem</strong></span> <span class='ocrx_word' id='word_1_13' title='bbox 929 461 1467 529; x_wconf 75' lang='lat' dir='ltr'><strong>Calagurritanorum,</strong></span> <span class='ocrx_word' id='word_1_14' title='bbox 1498 469 1642 524; x_wconf 88' lang='lat' dir='ltr'><strong>spre—</strong></span> <span class='ocrx_word' id='word_1_15' title='bbox 1668 472 1719 530; x_wconf 66' lang='grc' dir='ltr'>Α</span> <span class='ocrx_word' id='word_1_16' title='bbox 1745 469 1978 522; x_wconf 84' lang='lat' dir='ltr'><strong>vereque</strong></span> <span class='ocrx_word' id='word_1_17' title='bbox 2008 458 2257 509; x_wconf 83' lang='lat' dir='ltr'><strong>senserit.</strong></span> <span class='ocrx_word' id='word_1_18' title='bbox 2288 456 2364 509; x_wconf 89' lang='lat' dir='ltr'><strong>De</strong></span> <span class='ocrx_word' id='word_1_19' title='bbox 2392 455 2510 519; x_wconf 89' lang='lat' dir='ltr'><strong>hac,</strong></span> <span class='ocrx_word' id='word_1_20' title='bbox 2546 469 2611 507; x_wconf 90' lang='lat' dir='ltr'><strong>ne</strong></span> <span class='ocrx_word' id='word_1_21' title='bbox 2658 453 2823 506; x_wconf 88' lang='lat' dir='ltr'><strong>multa</strong></span> <span class='ocrx_word' id='word_1_22' title='bbox 2857 462 3175 524; x_wconf 86' lang='lat' dir='ltr'><strong>persequar,</strong></span> <span class='ocrx_word' id='word_1_23' title='bbox 3206 470 3324 509; x_wconf 88' lang='lat' dir='ltr'><strong>cum</strong></span> 
     </span>
    </p>
   </div>
   <div class='ocr_carea' id='block_1_4' title="bbox 110 546 1644 622">
    <p class='ocr_par' dir='ltr' id='par_1_4' title="bbox 110 546 1644 622">
     <span class='ocr_line' id='line_1_4' title="bbox 110 546 1644 622; baseline -0.01 -8"><span class='ocrx_word' id='word_1_24' title='bbox 110 567 154 613; x_wconf 81' lang='lat' dir='ltr'><strong>tis</strong></span> <span class='ocrx_word' id='word_1_25' title='bbox 171 558 509 614; x_wconf 84' lang='lat' dir='ltr'><strong>ecclesiasticis</strong></span> <span class='ocrx_word' id='word_1_26' title='bbox 541 556 776 622; x_wconf 85' lang='lat' dir='ltr'><strong>legibus,</strong></span> <span class='ocrx_word' id='word_1_27' title='bbox 810 553 1056 621; x_wconf 86' lang='lat' dir='ltr'><strong>sedisque</strong></span> <span class='ocrx_word' id='word_1_28' title='bbox 1094 548 1401 618; x_wconf 69' lang='lat' dir='ltr'><strong>apostolica:</strong></span> <span class='ocrx_word' id='word_1_29' title='bbox 1430 546 1644 600; x_wconf 83' lang='lat' dir='ltr'><strong>institu-</strong></span> 
     </span>
    </p>
   </div>
   <div class='ocr_carea' id='block_1_5' title="bbox 109 634 1646 708">
    <p class='ocr_par' dir='ltr' id='par_1_5' title="bbox 109 634 1646 708">
     <span class='ocr_line' id='line_1_5' title="bbox 109 634 1646 708; baseline -0.007 -8"><span class='ocrx_word' id='word_1_30' title='bbox 109 653 171 705; x_wconf 73' lang='lat' dir='ltr'><strong>iis,</strong></span> <span class='ocrx_word' id='word_1_31' title='bbox 189 665 267 701; x_wconf 83' lang='lat' dir='ltr'><strong>suo</strong></span> <span class='ocrx_word' id='word_1_32' title='bbox 287 634 560 708; x_wconf 83' lang='lat' dir='ltr'><strong>arbitratu,</strong></span> <span class='ocrx_word' id='word_1_33' title='bbox 591 644 740 697; x_wconf 87' lang='lat' dir='ltr'><strong>nulla</strong></span> <span class='ocrx_word' id='word_1_34' title='bbox 767 642 949 695; x_wconf 87' lang='lat' dir='ltr'><strong>habita</strong></span> <span class='ocrx_word' id='word_1_35' title='bbox 979 637 1376 707; x_wconf 73' lang='lat' dir='ltr'><strong>metropolitani</strong></span> <span class='ocrx_word' id='word_1_36' title='bbox 1395 635 1646 689; x_wconf 81' lang='lat' dir='ltr'><strong>antistitis</strong></span> 
     </span>
    </p>
   </div>
   <div class='ocr_carea' id='block_1_6' title="bbox 108 727 1645 806">
    <p class='ocr_par' dir='ltr' id='par_1_6' title="bbox 108 727 1645 806">
     <span class='ocr_line' id='line_1_6' title="bbox 108 727 1645 806; baseline -0.009 -15"><span class='ocrx_word' id='word_1_37' title='bbox 108 741 286 801; x_wconf 73' lang='lat' dir='ltr'><strong>talione,</strong></span> <span class='ocrx_word' id='word_1_38' title='bbox 332 736 654 806; x_wconf 78' lang='lat' dir='ltr'><strong>presbytero</strong></span> <span class='ocrx_word' id='word_1_39' title='bbox 698 733 882 787; x_wconf 89' lang='lat' dir='ltr'><strong>nescio</strong></span> <span class='ocrx_word' id='word_1_40' title='bbox 911 731 996 786; x_wconf 90' lang='lat' dir='ltr'><strong>cui</strong></span> <span class='ocrx_word' id='word_1_41' title='bbox 1025 729 1192 784; x_wconf 90' lang='lat' dir='ltr'><strong>invito</strong></span> <span class='ocrx_word' id='word_1_42' title='bbox 1229 743 1291 782; x_wconf 88' lang='lat' dir='ltr'><strong>ac</strong></span> <span class='ocrx_word' id='word_1_43' title='bbox 1326 727 1645 796; x_wconf 74' lang='lat' dir='ltr'><strong>repugnanti</strong></span> 
     </span>
    </p>
   </div>
   <div class='ocr_carea' id='block_1_7' title="bbox 110 817 1642 896">
    <p class='ocr_par' dir='ltr' id='par_1_7' title="bbox 110 817 1642 896">
     <span class='ocr_line' id='line_1_7' title="bbox 110 817 1642 896; baseline -0.005 -19"><span class='ocrx_word' id='word_1_44' title='bbox 110 844 253 883; x_wconf 83' lang='lat' dir='ltr'><strong>manus</strong></span> <span class='ocrx_word' id='word_1_45' title='bbox 291 826 626 896; x_wconf 84' lang='lat' dir='ltr'><strong>imposuisse,</strong></span> <span class='ocrx_word' id='word_1_46' title='bbox 661 837 896 890; x_wconf 89' lang='lat' dir='ltr'><strong>eumque</strong></span> <span class='ocrx_word' id='word_1_47' title='bbox 923 820 1152 890; x_wconf 76' lang='lat' dir='ltr'><strong>populis,</strong></span> <span class='ocrx_word' id='word_1_48' title='bbox 1181 819 1270 888; x_wconf 85' lang='lat' dir='ltr'><strong>qui</strong></span> <span class='ocrx_word' id='word_1_49' title='bbox 1313 817 1382 871; x_wconf 88' lang='lat' dir='ltr'><strong>ad</strong></span> <span class='ocrx_word' id='word_1_50' title='bbox 1422 818 1642 870; x_wconf 88' lang='lat' dir='ltr'><strong>alteram</strong></span> 
     </span>
    </p>
   </div>
   <div class='ocr_carea' id='block_1_8' title="bbox 109 907 1646 986">
    <p class='ocr_par' dir='ltr' id='par_1_8' title="bbox 109 907 1646 986">
     <span class='ocr_line' id='line_1_8' title="bbox 109 907 1646 986; baseline -0.007 -17"><span class='ocrx_word' id='word_1_51' title='bbox 109 916 325 970; x_wconf 76' lang='lat' dir='ltr'><strong>tlimcesim</strong></span> <span class='ocrx_word' id='word_1_52' title='bbox 361 917 726 986; x_wconf 78' lang='lat' dir='ltr'><strong>pertinerent,</strong></span> <span class='ocrx_word' id='word_1_53' title='bbox 756 912 1046 980; x_wconf 87' lang='lat' dir='ltr'><strong>quidquam</strong></span> <span class='ocrx_word' id='word_1_54' title='bbox 1090 909 1193 962; x_wconf 89' lang='lat' dir='ltr'><strong>tale</strong></span> <span class='ocrx_word' id='word_1_55' title='bbox 1231 924 1297 962; x_wconf 91' lang='lat' dir='ltr'><strong>ne</strong></span> <span class='ocrx_word' id='word_1_56' title='bbox 1327 907 1646 976; x_wconf 81' lang='lat' dir='ltr'><strong>suspicanti-</strong></span> 
     </span>
    </p>
   </div>
   <div class='ocr_carea' id='block_1_9' title="bbox 113 997 1646 1074">
    <p class='ocr_par' dir='ltr' id='par_1_9' title="bbox 113 997 1646 1074">
     <span class='ocr_line' id='line_1_9' title="bbox 113 997 1646 1074; baseline -0.005 -16"><span class='ocrx_word' id='word_1_57' title='bbox 113 1008 180 1059; x_wconf 83' lang='lat' dir='ltr'><strong>bus</strong></span> <span class='ocrx_word' id='word_1_58' title='bbox 204 1007 394 1074; x_wconf 78' lang='lat' dir='ltr'><strong>quidem</strong></span> <span class='ocrx_word' id='word_1_59' title='bbox 419 1007 741 1074; x_wconf 89' lang='lat' dir='ltr'><strong>episcopum</strong></span> <span class='ocrx_word' id='word_1_60' title='bbox 771 1001 1129 1057; x_wconf 84' lang='lat' dir='ltr'><strong>constituisse.</strong></span> <span class='ocrx_word' id='word_1_61' title='bbox 1156 999 1332 1064; x_wconf 82' lang='lat' dir='ltr'><strong>Quare</strong></span> <span class='ocrx_word' id='word_1_62' title='bbox 1357 1006 1414 1052; x_wconf 93' lang='lat' dir='ltr'><strong>et</strong></span> <span class='ocrx_word' id='word_1_63' title='bbox 1437 997 1646 1051; x_wconf 82' lang='lat' dir='ltr'><strong>muneri</strong></span> 
     </span>
    </p>
   </div>
   <div class='ocr_carea' id='block_1_10' title="bbox 113 1089 1646 1162">
    <p class='ocr_par' dir='ltr' id='par_1_10' title="bbox 113 1089 1646 1162">
     <span class='ocr_line' id='line_1_10' title="bbox 113 1089 1646 1162; baseline -0.007 -11"><span class='ocrx_word' id='word_1_64' title='bbox 113 1113 198 1162; x_wconf 85' lang='lat' dir='ltr'><strong>suo,</strong></span> <span class='ocrx_word' id='word_1_65' title='bbox 235 1105 284 1152; x_wconf 86' lang='lat' dir='ltr'><strong>et</strong></span> <span class='ocrx_word' id='word_1_66' title='bbox 325 1098 554 1152; x_wconf 73' lang='lat' dir='ltr'><strong>Ascanio</strong></span> <span class='ocrx_word' id='word_1_67' title='bbox 601 1096 676 1149; x_wconf 85' lang='lat' dir='ltr'><strong>ad</strong></span> <span class='ocrx_word' id='word_1_68' title='bbox 722 1095 878 1148; x_wconf 82' lang='lat' dir='ltr'><strong>ﬁdem</strong></span> <span class='ocrx_word' id='word_1_69' title='bbox 918 1108 1013 1148; x_wconf 90' lang='lat' dir='ltr'><strong>ore</strong></span> <span class='ocrx_word' id='word_1_70' title='bbox 1051 1092 1351 1161; x_wconf 89' lang='lat' dir='ltr'><strong>apostolico</strong></span> <span class='ocrx_word' id='word_1_71' title='bbox 1377 1089 1646 1143; x_wconf 86' lang='lat' dir='ltr'><strong>laudatam</strong></span> 
     </span>
    </p>
   </div>
   <div class='ocr_carea' id='block_1_11' title="bbox 112 1179 1646 1257">
    <p class='ocr_par' dir='ltr' id='par_1_11' title="bbox 112 1179 1646 1257">
     <span class='ocr_line' id='line_1_11' title="bbox 112 1179 1646 1257; baseline -0.007 -14"><span class='ocrx_word' id='word_1_72' title='bbox 112 1188 400 1257; x_wconf 85' lang='lat' dir='ltr'><strong>confugienti,</strong></span> <span class='ocrx_word' id='word_1_73' title='bbox 432 1187 793 1257; x_wconf 86' lang='lat' dir='ltr'><strong>poscentique</strong></span> <span class='ocrx_word' id='word_1_74' title='bbox 824 1185 1082 1253; x_wconf 89' lang='lat' dir='ltr'><strong>majorem</strong></span> <span class='ocrx_word' id='word_1_75' title='bbox 1107 1184 1161 1236; x_wconf 90' lang='lat' dir='ltr'><strong>in</strong></span> <span class='ocrx_word' id='word_1_76' title='bbox 1191 1182 1429 1244; x_wconf 80' lang='lat' dir='ltr'><strong>modum,</strong></span> <span class='ocrx_word' id='word_1_77' title='bbox 1460 1187 1517 1234; x_wconf 91' lang='lat' dir='ltr'><strong>ut</strong></span> <span class='ocrx_word' id='word_1_78' title='bbox 1543 1179 1646 1234; x_wconf 80' lang='lat' dir='ltr'><strong>Pe-</strong></span> 
     </span>
    </p>
   </div>
   <div class='ocr_carea' id='block_1_12' title="bbox 112 1274 1643 1343">
    <p class='ocr_par' dir='ltr' id='par_1_12' title="bbox 112 1274 1643 1343">
     <span class='ocr_line' id='line_1_12' title="bbox 112 1274 1643 1343; baseline -0.006 -13"><span class='ocrx_word' id='word_1_79' title='bbox 112 1279 159 1331; x_wconf 88' lang='lat' dir='ltr'><strong>tri</strong></span> <span class='ocrx_word' id='word_1_80' title='bbox 183 1278 311 1331; x_wconf 86' lang='lat' dir='ltr'><strong>sedes</strong></span> <span class='ocrx_word' id='word_1_81' title='bbox 335 1291 397 1332; x_wconf 88' lang='lat' dir='ltr'><strong>ea</strong></span> <span class='ocrx_word' id='word_1_82' title='bbox 429 1277 498 1331; x_wconf 86' lang='lat' dir='ltr'><strong>de</strong></span> <span class='ocrx_word' id='word_1_83' title='bbox 544 1291 606 1330; x_wconf 87' lang='lat' dir='ltr'><strong>re</strong></span> <span class='ocrx_word' id='word_1_84' title='bbox 637 1275 766 1343; x_wconf 91' lang='lat' dir='ltr'><strong>quid</strong></span> <span class='ocrx_word' id='word_1_85' title='bbox 808 1274 947 1328; x_wconf 85' lang='lat' dir='ltr'><strong>facto</strong></span> <span class='ocrx_word' id='word_1_86' title='bbox 987 1279 1129 1327; x_wconf 87' lang='lat' dir='ltr'><strong>esset</strong></span> <span class='ocrx_word' id='word_1_87' title='bbox 1159 1287 1320 1341; x_wconf 91' lang='lat' dir='ltr'><strong>opus,</strong></span> <span class='ocrx_word' id='word_1_88' title='bbox 1353 1276 1643 1333; x_wconf 83' lang='lat' dir='ltr'><strong>statueret,</strong></span> 
     </span>
    </p>
   </div>
   <div class='ocr_carea' id='block_1_13' title="bbox 113 1359 1648 1436">
    <p class='ocr_par' dir='ltr' id='par_1_13' title="bbox 113 1359 1648 1436">
     <span class='ocr_line' id='line_1_13' title="bbox 113 1359 1648 1436; baseline -0.007 -16"><span class='ocrx_word' id='word_1_89' title='bbox 113 1367 304 1436; x_wconf 77' lang='lat' dir='ltr'><strong>pontifex</strong></span> <span class='ocrx_word' id='word_1_90' title='bbox 349 1368 488 1420; x_wconf 89' lang='lat' dir='ltr'><strong>idem</strong></span> <span class='ocrx_word' id='word_1_91' title='bbox 535 1364 930 1429; x_wconf 83' lang='lat' dir='ltr'><strong>satisfacturus,</strong></span> <span class='ocrx_word' id='word_1_92' title='bbox 982 1363 1244 1434; x_wconf 82' lang='lat' dir='ltr'><strong>synodum</strong></span> <span class='ocrx_word' id='word_1_93' title='bbox 1293 1360 1433 1430; x_wconf 84' lang='lat' dir='ltr'><strong>apud</strong></span> <span class='ocrx_word' id='word_1_94' title='bbox 1481 1359 1648 1412; x_wconf 73' lang='lat' dir='ltr'><strong>aedem</strong></span> 
     </span>
    </p>
   </div>
   <div class='ocr_carea' id='block_1_14' title="bbox 112 1453 1647 1522">
    <p class='ocr_par' dir='ltr' id='par_1_14' title="bbox 112 1453 1647 1522">
     <span class='ocr_line' id='line_1_14' title="bbox 112 1453 1647 1522; baseline -0.003 -13"><span class='ocrx_word' id='word_1_95' title='bbox 112 1458 242 1511; x_wconf 76' lang='lat' dir='ltr'><strong>beata:</strong></span> <span class='ocrx_word' id='word_1_96' title='bbox 276 1458 465 1522; x_wconf 68' lang='lat' dir='ltr'><strong>Mariae,</strong></span> <span class='ocrx_word' id='word_1_97' title='bbox 508 1457 704 1511; x_wconf 83' lang='lat' dir='ltr'><strong>Flavio</strong></span> <span class='ocrx_word' id='word_1_98' title='bbox 743 1456 997 1510; x_wconf 88' lang='lat' dir='ltr'><strong>Basilisco</strong></span> <span class='ocrx_word' id='word_1_99' title='bbox 1026 1464 1080 1508; x_wconf 91' lang='lat' dir='ltr'><strong>et</strong></span> <span class='ocrx_word' id='word_1_100' title='bbox 1109 1453 1478 1508; x_wconf 88' lang='lat' dir='ltr'><strong>llerminerico</strong></span> <span class='ocrx_word' id='word_1_101' title='bbox 1506 1466 1647 1506; x_wconf 89' lang='lat' dir='ltr'><strong>coss.</strong></span> 
     </span>
    </p>
   </div>
   <div class='ocr_carea' id='block_1_15' title="bbox 112 1544 1655 1618">
    <p class='ocr_par' dir='ltr' id='par_1_15' title="bbox 112 1544 1655 1618">
     <span class='ocr_line' id='line_1_15' title="bbox 112 1544 1655 1618; baseline -0.003 -16"><span class='ocrx_word' id='word_1_102' title='bbox 112 1563 176 1602; x_wconf 70' lang='grc' dir='ltr'>ιη</span> <span class='ocrx_word' id='word_1_103' title='bbox 203 1550 288 1602; x_wconf 84' lang='lat' dir='ltr'><strong>cal.</strong></span> <span class='ocrx_word' id='word_1_104' title='bbox 317 1549 630 1604; x_wconf 86' lang='lat' dir='ltr'><strong>Decembris</strong></span> <span class='ocrx_word' id='word_1_105' title='bbox 652 1550 832 1616; x_wconf 81' lang='lat' dir='ltr'><strong>coegit</strong></span> <span class='ocrx_word' id='word_1_106' title='bbox 863 1548 958 1618; x_wconf 91' lang='lat' dir='ltr'><strong>(a).</strong></span> <span class='ocrx_word' id='word_1_107' title='bbox 996 1546 1174 1600; x_wconf 79' lang='lat' dir='ltr'><strong>Adfuit</strong></span> <span class='ocrx_word' id='word_1_108' title='bbox 1202 1545 1485 1608; x_wconf 80' lang='lat' dir='ltr'><strong>Maximus,</strong></span> <span class='ocrx_word' id='word_1_109' title='bbox 1509 1544 1655 1612; x_wconf 87' lang='lat' dir='ltr'><strong>prio-</strong></span> 
     </span>
    </p>
   </div>
   <div class='ocr_carea' id='block_1_16' title="bbox 114 1634 1652 1710">
    <p class='ocr_par' dir='ltr' id='par_1_16' title="bbox 114 1634 1652 1710">
     <span class='ocr_line' id='line_1_16' title="bbox 114 1634 1652 1710; baseline -0.003 -20"><span class='ocrx_word' id='word_1_110' title='bbox 114 1654 243 1708; x_wconf 73' lang='lat' dir='ltr'><strong>reque</strong></span> <span class='ocrx_word' id='word_1_111' title='bbox 255 1641 367 1696; x_wconf 90' lang='lat' dir='ltr'><strong>loco</strong></span> <span class='ocrx_word' id='word_1_112' title='bbox 387 1649 510 1710; x_wconf 85' lang='lat' dir='ltr'><strong>post</strong></span> <span class='ocrx_word' id='word_1_113' title='bbox 529 1640 798 1702; x_wconf 82' lang='lat' dir='ltr'><strong>Hilarum,</strong></span> <span class='ocrx_word' id='word_1_114' title='bbox 823 1639 1140 1694; x_wconf 88' lang='lat' dir='ltr'><strong>sententiam</strong></span> <span class='ocrx_word' id='word_1_115' title='bbox 1163 1644 1380 1704; x_wconf 85' lang='lat' dir='ltr'><strong>rogatus</strong></span> <span class='ocrx_word' id='word_1_116' title='bbox 1398 1636 1533 1690; x_wconf 82' lang='lat' dir='ltr'><strong>dixit</strong></span> <span class='ocrx_word' id='word_1_117' title='bbox 1556 1634 1652 1705; x_wconf 86' lang='lat' dir='ltr'><strong>(b).</strong></span> 
     </span>
    </p>
   </div>
   <div class='ocr_carea' id='block_1_17' title="bbox 113 1727 1656 1801">
    <p class='ocr_par' dir='ltr' id='par_1_17' title="bbox 113 1727 1656 1801">
     <span class='ocr_line' id='line_1_17' title="bbox 113 1727 1656 1801; baseline -0.001 -19"><span class='ocrx_word' id='word_1_118' title='bbox 113 1729 198 1794; x_wconf 85' lang='lat' dir='ltr'><strong>Qua</strong></span> <span class='ocrx_word' id='word_1_119' title='bbox 218 1747 274 1784; x_wconf 88' lang='lat' dir='ltr'><strong>ex</strong></span> <span class='ocrx_word' id='word_1_120' title='bbox 299 1732 558 1786; x_wconf 86' lang='lat' dir='ltr'><strong>sententia</strong></span> <span class='ocrx_word' id='word_1_121' title='bbox 583 1731 894 1801; x_wconf 83' lang='lat' dir='ltr'><strong>perspicere</strong></span> <span class='ocrx_word' id='word_1_122' title='bbox 913 1729 1137 1799; x_wconf 91' lang='lat' dir='ltr'><strong>quisque</strong></span> <span class='ocrx_word' id='word_1_123' title='bbox 1161 1736 1358 1797; x_wconf 87' lang='lat' dir='ltr'><strong>potest,</strong></span> <span class='ocrx_word' id='word_1_124' title='bbox 1379 1742 1536 1795; x_wconf 93' lang='lat' dir='ltr'><strong>quam</strong></span> <span class='ocrx_word' id='word_1_125' title='bbox 1569 1727 1656 1780; x_wconf 91' lang='lat' dir='ltr'><strong>ille</strong></span> 
     </span>
    </p>
   </div>
   <div class='ocr_carea' id='block_1_18' title="bbox 114 1818 1660 1887">
    <p class='ocr_par' dir='ltr' id='par_1_18' title="bbox 114 1818 1660 1887">
     <span class='ocr_line' id='line_1_18' title="bbox 114 1818 1660 1887; baseline 0.001 -17"><span class='ocrx_word' id='word_1_126' title='bbox 114 1819 165 1871; x_wconf 87' lang='lat' dir='ltr'><strong>de</strong></span> <span class='ocrx_word' id='word_1_127' title='bbox 188 1818 390 1875; x_wconf 80' lang='lat' dir='ltr'><strong>Romani</strong></span> <span class='ocrx_word' id='word_1_128' title='bbox 427 1822 687 1876; x_wconf 84' lang='lat' dir='ltr'><strong>antistitis</strong></span> <span class='ocrx_word' id='word_1_129' title='bbox 718 1821 1037 1875; x_wconf 84' lang='lat' dir='ltr'><strong>auctoritate</strong></span> <span class='ocrx_word' id='word_1_130' title='bbox 1073 1820 1364 1887; x_wconf 86' lang='lat' dir='ltr'><strong>sapienter,</strong></span> <span class='ocrx_word' id='word_1_131' title='bbox 1405 1819 1660 1887; x_wconf 83' lang='lat' dir='ltr'><strong>praeclare</strong></span> 
     </span>
    </p>
   </div>
   <div class='ocr_carea' id='block_1_19' title="bbox 1753 543 3330 612">
    <p class='ocr_par' dir='ltr' id='par_1_19' title="bbox 1753 543 3330 612">
     <span class='ocr_line' id='line_1_19' title="bbox 1753 543 3330 612; baseline 0.001 -14"><span class='ocrx_word' id='word_1_132' title='bbox 1753 545 2064 612; x_wconf 84' lang='lat' dir='ltr'><strong>magnitudo</strong></span> <span class='ocrx_word' id='word_1_133' title='bbox 2117 544 2488 599; x_wconf 88' lang='lat' dir='ltr'><strong>commentarii</strong></span> <span class='ocrx_word' id='word_1_134' title='bbox 2535 543 2803 612; x_wconf 80' lang='lat' dir='ltr'><strong>prohibet,</strong></span> <span class='ocrx_word' id='word_1_135' title='bbox 2857 552 2968 596; x_wconf 89' lang='lat' dir='ltr'><strong>tum</strong></span> <span class='ocrx_word' id='word_1_136' title='bbox 3015 544 3212 608; x_wconf 89' lang='lat' dir='ltr'><strong>cautio,</strong></span> <span class='ocrx_word' id='word_1_137' title='bbox 3262 561 3330 599; x_wconf 89' lang='lat' dir='ltr'><strong>ne</strong></span> 
     </span>
    </p>
   </div>
   <div class='ocr_carea' id='block_1_20' title="bbox 1752 633 3330 706">
    <p class='ocr_par' dir='ltr' id='par_1_20' title="bbox 1752 633 3330 706">
     <span class='ocr_line' id='line_1_20' title="bbox 1752 633 3330 706; baseline 0 -16"><span class='ocrx_word' id='word_1_138' title='bbox 1752 652 1964 690; x_wconf 89' lang='lat' dir='ltr'><strong>rursum</strong></span> <span class='ocrx_word' id='word_1_139' title='bbox 1991 637 2057 691; x_wconf 92' lang='lat' dir='ltr'><strong>de</strong></span> <span class='ocrx_word' id='word_1_140' title='bbox 2086 637 2151 690; x_wconf 92' lang='lat' dir='ltr'><strong>iis</strong></span> <span class='ocrx_word' id='word_1_141' title='bbox 2179 650 2351 705; x_wconf 87' lang='lat' dir='ltr'><strong>agam,</strong></span> <span class='ocrx_word' id='word_1_142' title='bbox 2384 650 2503 704; x_wconf 80' lang='lat' dir='ltr'><strong>quae</strong></span> <span class='ocrx_word' id='word_1_143' title='bbox 2531 635 2636 689; x_wconf 91' lang='lat' dir='ltr'><strong>alio</strong></span> <span class='ocrx_word' id='word_1_144' title='bbox 2666 635 2784 689; x_wconf 90' lang='lat' dir='ltr'><strong>loco</strong></span> <span class='ocrx_word' id='word_1_145' title='bbox 2813 633 3053 704; x_wconf 87' lang='lat' dir='ltr'><strong>pluribus</strong></span> <span class='ocrx_word' id='word_1_146' title='bbox 3079 633 3145 706; x_wconf 74' lang='grc' dir='ltr'><strong>(ς)</strong></span> <span class='ocrx_word' id='word_1_147' title='bbox 3180 650 3330 692; x_wconf 85' lang='lat' dir='ltr'><strong>com-</strong></span> 
     </span>
    </p>
   </div>
   <div class='ocr_carea' id='block_1_21' title="bbox 1752 729 2146 797">
    <p class='ocr_par' dir='ltr' id='par_1_21' title="bbox 1752 729 2146 797">
     <span class='ocr_line' id='line_1_21' title="bbox 1752 729 2146 797; baseline -0.003 -16"><span class='ocrx_word' id='word_1_148' title='bbox 1752 729 2146 797; x_wconf 86' lang='lat' dir='ltr'><strong>prehenderim.</strong></span> 
     </span>
    </p>
   </div>
   <div class='ocr_carea' id='block_1_22' title="bbox 1821 815 3331 872">
    <p class='ocr_par' dir='ltr' id='par_1_22' title="bbox 1821 815 3331 872">
     <span class='ocr_line' id='line_1_22' title="bbox 1821 815 3331 872; baseline 0 -1"><span class='ocrx_word' id='word_1_149' title='bbox 1821 816 1959 871; x_wconf 81' lang='lat' dir='ltr'><strong>XIV.</strong></span> <span class='ocrx_word' id='word_1_150' title='bbox 1988 819 2063 871; x_wconf 77' lang='lat' dir='ltr'><strong>L‘e</strong></span> <span class='ocrx_word' id='word_1_151' title='bbox 2081 820 2249 871; x_wconf 77' lang='lat' dir='ltr'><strong>sancti</strong></span> <span class='ocrx_word' id='word_1_152' title='bbox 2277 816 2494 870; x_wconf 74' lang='lat' dir='ltr'><strong>Maximi</strong></span> <span class='ocrx_word' id='word_1_153' title='bbox 2517 815 2675 870; x_wconf 88' lang='lat' dir='ltr'><strong>obitu.</strong></span> <span class='ocrx_word' id='word_1_154' title='bbox 2697 848 2769 858; x_wconf 90' lang='grc'><strong><em>-</em></strong></span> <span class='ocrx_word' id='word_1_155' title='bbox 2791 815 3159 871; x_wconf 90' lang='lat' dir='ltr'><strong>Decesseritne</strong></span> <span class='ocrx_word' id='word_1_156' title='bbox 3200 831 3331 872; x_wconf 87' lang='lat' dir='ltr'><strong>vero</strong></span> 
     </span>
    </p>
   </div>
   <div class='ocr_carea' id='block_1_23' title="bbox 1751 903 3330 972">
    <p class='ocr_par' dir='ltr' id='par_1_23' title="bbox 1751 903 3330 972">
     <span class='ocr_line' id='line_1_23' title="bbox 1751 903 3330 972; baseline -0.001 -11"><span class='ocrx_word' id='word_1_157' title='bbox 1751 903 2012 962; x_wconf 78' lang='lat' dir='ltr'><strong>Maximus</strong></span> <span class='ocrx_word' id='word_1_158' title='bbox 2041 908 2230 962; x_wconf 92' lang='lat' dir='ltr'><strong>eodem</strong></span> <span class='ocrx_word' id='word_1_159' title='bbox 2272 923 2432 972; x_wconf 90' lang='lat' dir='ltr'><strong>anno,</strong></span> <span class='ocrx_word' id='word_1_160' title='bbox 2477 922 2544 960; x_wconf 86' lang='lat' dir='ltr'><strong>an</strong></span> <span class='ocrx_word' id='word_1_161' title='bbox 2574 906 2788 960; x_wconf 84' lang='lat' dir='ltr'><strong>diutius</strong></span> <span class='ocrx_word' id='word_1_162' title='bbox 2826 905 3036 970; x_wconf 82' lang='lat' dir='ltr'><strong>vixerit,</strong></span> <span class='ocrx_word' id='word_1_163' title='bbox 3070 904 3330 959; x_wconf 87' lang='lat' dir='ltr'><strong>incertum</strong></span> 
     </span>
    </p>
   </div>
   <div class='ocr_carea' id='block_1_24' title="bbox 1751 992 3332 1068">
    <p class='ocr_par' dir='ltr' id='par_1_24' title="bbox 1751 992 3332 1068">
     <span class='ocr_line' id='line_1_24' title="bbox 1751 992 3332 1068; baseline -0.005 -13"><span class='ocrx_word' id='word_1_164' title='bbox 1751 1007 1851 1055; x_wconf 91' lang='lat' dir='ltr'><strong>est.</strong></span> <span class='ocrx_word' id='word_1_165' title='bbox 1885 998 2020 1053; x_wconf 90' lang='lat' dir='ltr'><strong>Sunt</strong></span> <span class='ocrx_word' id='word_1_166' title='bbox 2041 999 2130 1066; x_wconf 90' lang='lat' dir='ltr'><strong>qui</strong></span> <span class='ocrx_word' id='word_1_167' title='bbox 2154 1006 2340 1068; x_wconf 90' lang='lat' dir='ltr'><strong>putent</strong></span> <span class='ocrx_word' id='word_1_168' title='bbox 2359 1012 2479 1050; x_wconf 92' lang='lat' dir='ltr'><strong>eum</strong></span> <span class='ocrx_word' id='word_1_169' title='bbox 2503 1012 2575 1049; x_wconf 87' lang='lat' dir='ltr'><strong>vn</strong></span> <span class='ocrx_word' id='word_1_170' title='bbox 2597 994 2806 1052; x_wconf 84' lang='lat' dir='ltr'><strong>calend.</strong></span> <span class='ocrx_word' id='word_1_171' title='bbox 2836 992 3001 1048; x_wconf 90' lang='lat' dir='ltr'><strong>Julias</strong></span> <span class='ocrx_word' id='word_1_172' title='bbox 3025 1009 3332 1063; x_wconf 89' lang='lat' dir='ltr'><strong>supremum</strong></span> 
     </span>
    </p>
   </div>
   <div class='ocr_carea' id='block_1_25' title="bbox 1752 1085 3334 1159">
    <p class='ocr_par' dir='ltr' id='par_1_25' title="bbox 1752 1085 3334 1159">
     <span class='ocr_line' id='line_1_25' title="bbox 1752 1085 3334 1159; baseline -0.006 -12"><span class='ocrx_word' id='word_1_173' title='bbox 1752 1092 1950 1147; x_wconf 83' lang='lat' dir='ltr'><strong>obiisse</strong></span> <span class='ocrx_word' id='word_1_174' title='bbox 1986 1091 2126 1144; x_wconf 86' lang='lat' dir='ltr'><strong>diem</strong></span> <span class='ocrx_word' id='word_1_175' title='bbox 2166 1090 2264 1159; x_wconf 78' lang='grc' dir='ltr'><strong>(ιι).</strong></span> <span class='ocrx_word' id='word_1_176' title='bbox 2300 1089 2658 1142; x_wconf 76' lang='lat' dir='ltr'><strong>Taurinenses</strong></span> <span class='ocrx_word' id='word_1_177' title='bbox 2684 1085 2935 1140; x_wconf 87' lang='lat' dir='ltr'><strong>traditum</strong></span> <span class='ocrx_word' id='word_1_178' title='bbox 2974 1085 3075 1139; x_wconf 83' lang='lat' dir='ltr'><strong>sibi</strong></span> <span class='ocrx_word' id='word_1_179' title='bbox 3103 1101 3134 1140; x_wconf 91' lang='lat' dir='ltr'><strong>a</strong></span> <span class='ocrx_word' id='word_1_180' title='bbox 3163 1085 3334 1154; x_wconf 86' lang='lat' dir='ltr'><strong>majo-</strong></span> 
     </span>
    </p>
   </div>
   <div class='ocr_carea' id='block_1_26' title="bbox 1749 1177 3333 1246">
    <p class='ocr_par' dir='ltr' id='par_1_26' title="bbox 1749 1177 3333 1246">
     <span class='ocr_line' id='line_1_26' title="bbox 1749 1177 3333 1246; baseline -0.004 -9"><span class='ocrx_word' id='word_1_181' title='bbox 1749 1184 1896 1238; x_wconf 88' lang='lat' dir='ltr'><strong>ribus</strong></span> <span class='ocrx_word' id='word_1_182' title='bbox 1924 1192 2142 1236; x_wconf 86' lang='lat' dir='ltr'><strong>narrant</strong></span> <span class='ocrx_word' id='word_1_183' title='bbox 2181 1180 2236 1234; x_wconf 93' lang='lat' dir='ltr'><strong>S.</strong></span> <span class='ocrx_word' id='word_1_184' title='bbox 2281 1179 2531 1234; x_wconf 88' lang='lat' dir='ltr'><strong>antistitis</strong></span> <span class='ocrx_word' id='word_1_185' title='bbox 2559 1194 2755 1246; x_wconf 91' lang='lat' dir='ltr'><strong>corpus</strong></span> <span class='ocrx_word' id='word_1_186' title='bbox 2793 1177 3059 1246; x_wconf 89' lang='lat' dir='ltr'><strong>sepultum</strong></span> <span class='ocrx_word' id='word_1_187' title='bbox 3098 1177 3152 1230; x_wconf 92' lang='lat' dir='ltr'><strong>in</strong></span> <span class='ocrx_word' id='word_1_188' title='bbox 3190 1185 3333 1231; x_wconf 84' lang='lat' dir='ltr'><strong>tem-</strong></span> 
     </span>
    </p>
   </div>
   <div class='ocr_carea' id='block_1_27' title="bbox 1752 1269 3334 1346">
    <p class='ocr_par' dir='ltr' id='par_1_27' title="bbox 1752 1269 3334 1346">
     <span class='ocr_line' id='line_1_27' title="bbox 1752 1269 3334 1346; baseline -0.003 -17"><span class='ocrx_word' id='word_1_189' title='bbox 1752 1275 1842 1346; x_wconf 89' lang='lat' dir='ltr'><strong>plo</strong></span> <span class='ocrx_word' id='word_1_190' title='bbox 1889 1275 1942 1329; x_wconf 88' lang='lat' dir='ltr'><strong>S.</strong></span> <span class='ocrx_word' id='word_1_191' title='bbox 1990 1272 2210 1329; x_wconf 78' lang='lat' dir='ltr'><strong>Joannis</strong></span> <span class='ocrx_word' id='word_1_192' title='bbox 2238 1273 2490 1342; x_wconf 73' lang='lat' dir='ltr'><strong>Baptista:</strong></span> <span class='ocrx_word' id='word_1_193' title='bbox 2517 1271 2584 1325; x_wconf 90' lang='lat' dir='ltr'><strong>de</strong></span> <span class='ocrx_word' id='word_1_194' title='bbox 2612 1269 2851 1338; x_wconf 82' lang='lat' dir='ltr'><strong>Colegno</strong></span> <span class='ocrx_word' id='word_1_195' title='bbox 2883 1269 3064 1336; x_wconf 86' lang='lat' dir='ltr'><strong>fuisse,</strong></span> <span class='ocrx_word' id='word_1_196' title='bbox 3097 1269 3165 1324; x_wconf 89' lang='lat' dir='ltr'><strong>ad</strong></span> <span class='ocrx_word' id='word_1_197' title='bbox 3191 1270 3334 1338; x_wconf 90' lang='lat' dir='ltr'><strong>quod</strong></span> 
     </span>
    </p>
   </div>
   <div class='ocr_carea' id='block_1_28' title="bbox 1752 1360 3336 1436">
    <p class='ocr_par' dir='ltr' id='par_1_28' title="bbox 1752 1360 3336 1436">
     <span class='ocr_line' id='line_1_28' title="bbox 1752 1360 3336 1436; baseline -0.005 -16"><span class='ocrx_word' id='word_1_198' title='bbox 1752 1367 1968 1436; x_wconf 89' lang='lat' dir='ltr'><strong>quidem</strong></span> <span class='ocrx_word' id='word_1_199' title='bbox 1999 1365 2278 1434; x_wconf 89' lang='lat' dir='ltr'><strong>templum,</strong></span> <span class='ocrx_word' id='word_1_200' title='bbox 2311 1362 2434 1417; x_wconf 91' lang='lat' dir='ltr'><strong>dum</strong></span> <span class='ocrx_word' id='word_1_201' title='bbox 2463 1361 2616 1426; x_wconf 85' lang='lat' dir='ltr'><strong>vixit,</strong></span> <span class='ocrx_word' id='word_1_202' title='bbox 2667 1360 2918 1429; x_wconf 81' lang='lat' dir='ltr'><strong>frequens</strong></span> <span class='ocrx_word' id='word_1_203' title='bbox 2944 1367 3151 1413; x_wconf 91' lang='lat' dir='ltr'><strong>oratum</strong></span> <span class='ocrx_word' id='word_1_204' title='bbox 3188 1360 3336 1414; x_wconf 88' lang='lat' dir='ltr'><strong>adire</strong></span> 
     </span>
    </p>
   </div>
   <div class='ocr_carea' id='block_1_29' title="bbox 1753 1447 3336 1516">
    <p class='ocr_par' dir='ltr' id='par_1_29' title="bbox 1753 1447 3336 1516">
     <span class='ocr_line' id='line_1_29' title="bbox 1753 1447 3336 1516; baseline -0.007 -4"><span class='ocrx_word' id='word_1_205' title='bbox 1753 1457 2137 1512; x_wconf 89' lang='lat' dir='ltr'><strong>consuevisset.</strong></span> <span class='ocrx_word' id='word_1_206' title='bbox 2171 1454 2342 1508; x_wconf 87' lang='lat' dir='ltr'><strong>Distat</strong></span> <span class='ocrx_word' id='word_1_207' title='bbox 2371 1453 2415 1506; x_wconf 91' lang='lat' dir='ltr'><strong>is</strong></span> <span class='ocrx_word' id='word_1_208' title='bbox 2448 1453 2599 1507; x_wconf 90' lang='lat' dir='ltr'><strong>locus</strong></span> <span class='ocrx_word' id='word_1_209' title='bbox 2627 1451 2693 1504; x_wconf 89' lang='lat' dir='ltr'><strong>ab</strong></span> <span class='ocrx_word' id='word_1_210' title='bbox 2727 1451 2859 1504; x_wconf 87' lang='lat' dir='ltr'><strong>urbe</strong></span> <span class='ocrx_word' id='word_1_211' title='bbox 2887 1450 3121 1516; x_wconf 88' lang='lat' dir='ltr'><strong>Augusta</strong></span> <span class='ocrx_word' id='word_1_212' title='bbox 3150 1447 3336 1502; x_wconf 82' lang='lat' dir='ltr'><strong>Tauri-</strong></span> 
     </span>
    </p>
   </div>
   <div class='ocr_carea' id='block_1_30' title="bbox 1756 1539 3336 1615">
    <p class='ocr_par' dir='ltr' id='par_1_30' title="bbox 1756 1539 3336 1615">
     <span class='ocr_line' id='line_1_30' title="bbox 1756 1539 3336 1615; baseline -0.006 -14"><span class='ocrx_word' id='word_1_213' title='bbox 1756 1564 1948 1602; x_wconf 90' lang='lat' dir='ltr'><strong>norum</strong></span> <span class='ocrx_word' id='word_1_214' title='bbox 1979 1547 2087 1599; x_wconf 90' lang='lat' dir='ltr'><strong>mil.</strong></span> <span class='ocrx_word' id='word_1_215' title='bbox 2121 1561 2263 1615; x_wconf 87' lang='lat' dir='ltr'><strong>pass.</strong></span> <span class='ocrx_word' id='word_1_216' title='bbox 2296 1543 2553 1611; x_wconf 91' lang='lat' dir='ltr'><strong>quinque.</strong></span> <span class='ocrx_word' id='word_1_217' title='bbox 2583 1541 2689 1594; x_wconf 92' lang='lat' dir='ltr'><strong>Sed</strong></span> <span class='ocrx_word' id='word_1_218' title='bbox 2721 1541 2776 1594; x_wconf 92' lang='lat' dir='ltr'><strong>in</strong></span> <span class='ocrx_word' id='word_1_219' title='bbox 2809 1555 2875 1594; x_wconf 92' lang='lat' dir='ltr'><strong>eo</strong></span> <span class='ocrx_word' id='word_1_220' title='bbox 2922 1539 3126 1593; x_wconf 89' lang='lat' dir='ltr'><strong>nullum</strong></span> <span class='ocrx_word' id='word_1_221' title='bbox 3165 1543 3336 1592; x_wconf 86' lang='lat' dir='ltr'><strong>exstat</strong></span> 
     </span>
    </p>
   </div>
   <div class='ocr_carea' id='block_1_31' title="bbox 1760 1618 3342 1694">
    <p class='ocr_par' dir='ltr' id='par_1_31' title="bbox 1760 1618 3342 1694">
     <span class='ocr_line' id='line_1_31' title="bbox 1760 1618 3342 1694; baseline -0.007 -3"><span class='ocrx_word' id='word_1_222' title='bbox 1760 1637 1979 1691; x_wconf 85' lang='lat' dir='ltr'><strong>Maximi</strong></span> <span class='ocrx_word' id='word_1_223' title='bbox 2024 1642 2449 1694; x_wconf 86' lang='lat' dir='ltr'><strong>monumentum.</strong></span> <span class='ocrx_word' id='word_1_224' title='bbox 2482 1632 2538 1684; x_wconf 92' lang='lat' dir='ltr'><strong>Id</strong></span> <span class='ocrx_word' id='word_1_225' title='bbox 2567 1618 2745 1684; x_wconf 88' lang='lat' dir='ltr'><strong>autem</strong></span> <span class='ocrx_word' id='word_1_226' title='bbox 2788 1629 2956 1683; x_wconf 90' lang='lat' dir='ltr'><strong>videri</strong></span> <span class='ocrx_word' id='word_1_227' title='bbox 2995 1644 3102 1683; x_wconf 87' lang='lat' dir='ltr'><strong>non</strong></span> <span class='ocrx_word' id='word_1_228' title='bbox 3145 1627 3342 1682; x_wconf 87' lang='lat' dir='ltr'><strong>debere</strong></span> 
     </span>
    </p>
   </div>
   <div class='ocr_carea' id='block_1_32' title="bbox 1759 1718 3342 1791">
    <p class='ocr_par' dir='ltr' id='par_1_32' title="bbox 1759 1718 3342 1791">
     <span class='ocr_line' id='line_1_32' title="bbox 1759 1718 3342 1791; baseline -0.008 -10"><span class='ocrx_word' id='word_1_229' title='bbox 1759 1729 1973 1790; x_wconf 91' lang='lat' dir='ltr'><strong>mirum,</strong></span> <span class='ocrx_word' id='word_1_230' title='bbox 2001 1741 2122 1780; x_wconf 91' lang='lat' dir='ltr'><strong>cum</strong></span> <span class='ocrx_word' id='word_1_231' title='bbox 2163 1725 2214 1778; x_wconf 91' lang='lat' dir='ltr'><strong>id</strong></span> <span class='ocrx_word' id='word_1_232' title='bbox 2263 1723 2520 1791; x_wconf 88' lang='lat' dir='ltr'><strong>templum</strong></span> <span class='ocrx_word' id='word_1_233' title='bbox 2563 1735 2811 1776; x_wconf 88' lang='lat' dir='ltr'><strong>eversum</strong></span> <span class='ocrx_word' id='word_1_234' title='bbox 2841 1718 2989 1782; x_wconf 90' lang='lat' dir='ltr'><strong>olim,</strong></span> <span class='ocrx_word' id='word_1_235' title='bbox 3022 1718 3182 1786; x_wconf 87' lang='lat' dir='ltr'><strong>longo</strong></span> <span class='ocrx_word' id='word_1_236' title='bbox 3220 1724 3342 1786; x_wconf 89' lang='lat' dir='ltr'><strong>post</strong></span> 
     </span>
    </p>
   </div>
   <div class='ocr_carea' id='block_1_33' title="bbox 1761 1813 2536 1887">
    <p class='ocr_par' dir='ltr' id='par_1_33' title="bbox 1761 1813 2536 1887">
     <span class='ocr_line' id='line_1_33' title="bbox 1761 1813 2536 1887; baseline -0.01 -14"><span class='ocrx_word' id='word_1_237' title='bbox 1761 1827 2006 1887; x_wconf 88' lang='lat' dir='ltr'><strong>tempore</strong></span> <span class='ocrx_word' id='word_1_238' title='bbox 2029 1815 2189 1870; x_wconf 87' lang='lat' dir='ltr'><strong>fuerit</strong></span> <span class='ocrx_word' id='word_1_239' title='bbox 2210 1813 2536 1868; x_wconf 85' lang='lat' dir='ltr'><strong>restitutum.</strong></span> 
     </span>
    </p>
   </div>
   <div class='ocr_carea' id='block_1_34' title="bbox 261 2001 3345 2083">
    <p class='ocr_par' dir='ltr' id='par_1_34' title="bbox 261 2001 3345 2083">
     <span class='ocr_line' id='line_1_34' title="bbox 261 2001 3345 2083; baseline -0.004 -14"><span class='ocrx_word' id='word_1_240' title='bbox 261 2014 403 2069; x_wconf 90' lang='lat' dir='ltr'><strong>Tom.</strong></span> <span class='ocrx_word' id='word_1_241' title='bbox 440 2015 486 2069; x_wconf 88' lang='lat' dir='ltr'><strong>II</strong></span> <span class='ocrx_word' id='word_1_242' title='bbox 518 2015 840 2077; x_wconf 89' lang='lat' dir='ltr'><strong>Concilior.,</strong></span> <span class='ocrx_word' id='word_1_243' title='bbox 872 2025 993 2083; x_wconf 89' lang='lat' dir='ltr'><strong>pag.</strong></span> <span class='ocrx_word' id='word_1_244' title='bbox 1019 2008 1121 2064; x_wconf 85' lang='lat'><strong>799</strong></span> <span class='ocrx_word' id='word_1_245' title='bbox 1149 2025 1298 2079; x_wconf 90' lang='lat' dir='ltr'><strong>seqq.</strong></span> <span class='ocrx_word' id='word_1_246' title='bbox 1332 2011 1659 2083; x_wconf 27' lang='lat' dir='ltr'><strong>editzParis.</strong></span> <span class='ocrx_word' id='word_1_247' title='bbox 1694 2018 1735 2076; x_wconf 80' lang='grc' dir='ltr'><strong>Β</strong></span> <span class='ocrx_word' id='word_1_248' title='bbox 1766 2025 1852 2083; x_wconf 81' lang='lat' dir='ltr'><strong>an.</strong></span> <span class='ocrx_word' id='word_1_249' title='bbox 1887 2006 2413 2083; x_wconf 61' lang='lat' dir='ltr'><strong>1559._Boilandiani_</strong></span> <span class='ocrx_word' id='word_1_250' title='bbox 2448 2003 2670 2083; x_wconf 73' lang='lat' dir='ltr'><strong>perinde</strong></span> <span class='ocrx_word' id='word_1_251' title='bbox 2715 2003 2897 2083; x_wconf 55' lang='lat' dir='ltr'><strong>statui</strong></span> <span class='ocrx_word' id='word_1_252' title='bbox 2916 2001 3345 2083; x_wconf 72' lang='lat' dir='ltr'><strong>animadvertunt</strong></span> 
     </span>
    </p>
   </div>
   <div class='ocr_carea' id='block_1_35' title="bbox 116 2014 1649 2206">
    <p class='ocr_par' dir='ltr' id='par_1_35' title="bbox 116 2014 1649 2206">
     <span class='ocr_line' id='line_1_35' title="bbox 169 2014 1649 2138; baseline -0.003 -70"><span class='ocrx_word' id='word_1_253' title='bbox 169 2014 234 2138; x_wconf 59' lang='lat' dir='ltr'><strong>(tl)</strong></span> <span class='ocrx_word' id='word_1_254' title='bbox 261 2014 403 2069; x_wconf 90' lang='lat' dir='ltr'><strong>Tom.</strong></span> <span class='ocrx_word' id='word_1_255' title='bbox 440 2015 486 2069; x_wconf 88' lang='lat' dir='ltr'><strong>II</strong></span> <span class='ocrx_word' id='word_1_256' title='bbox 518 2015 840 2096; x_wconf 63' lang='lat' dir='ltr'><strong>Concilion,</strong></span> <span class='ocrx_word' id='word_1_257' title='bbox 872 2025 993 2083; x_wconf 89' lang='lat' dir='ltr'><strong>pag.</strong></span> <span class='ocrx_word' id='word_1_258' title='bbox 1019 2014 1121 2064; x_wconf 83' lang='lat'><strong>799</strong></span> <span class='ocrx_word' id='word_1_259' title='bbox 1149 2025 1298 2079; x_wconf 90' lang='lat' dir='ltr'><strong>seqq.</strong></span> <span class='ocrx_word' id='word_1_260' title='bbox 1332 2014 1459 2065; x_wconf 88' lang='lat' dir='ltr'><strong>edit.</strong></span> <span class='ocrx_word' id='word_1_261' title='bbox 1489 2014 1649 2064; x_wconf 84' lang='lat' dir='ltr'><strong>Paris.</strong></span> 
     </span>
     <span class='ocr_line' id='line_1_36' title="bbox 116 2080 1649 2206; baseline -0.003 -69"><span class='ocrx_word' id='word_1_262' title='bbox 239 2084 347 2138; x_wconf 76' lang='lat' dir='ltr'><strong>7H.</strong></span> <span class='ocrx_word' id='word_1_263' title='bbox 371 2084 571 2141; x_wconf 86' lang='lat' dir='ltr'><strong>Confer</strong></span> <span class='ocrx_word' id='word_1_264' title='bbox 599 2095 767 2140; x_wconf 80' lang='lat' dir='ltr'><strong>euam</strong></span> <span class='ocrx_word' id='word_1_265' title='bbox 797 2085 999 2154; x_wconf 69' lang='lat' dir='ltr'><strong>prmfat.</strong></span> <span class='ocrx_word' id='word_1_266' title='bbox 1028 2090 1221 2134; x_wconf 80' lang='lat' dir='ltr'><strong>nostrae</strong></span> <span class='ocrx_word' id='word_1_267' title='bbox 1243 2097 1393 2134; x_wconf 91' lang='lat' dir='ltr'><strong>num.</strong></span> <span class='ocrx_word' id='word_1_268' title='bbox 1414 2080 1505 2143; x_wconf 72' lang='lat'><strong>32,</strong></span> <span class='ocrx_word' id='word_1_269' title='bbox 1531 2095 1649 2150; x_wconf 85' lang='lat' dir='ltr'><strong>pag.</strong></span> 
     </span>
    </p>
   </div>
   <div class='ocr_carea' id='block_1_36' title="bbox 121 2155 1653 2360">
    <p class='ocr_par' dir='ltr' id='par_1_36' title="bbox 121 2155 1653 2360">
     <span class='ocr_line' id='line_1_37' title="bbox 121 2155 1653 2360; baseline -0.002 -87"><span class='ocrx_word' id='word_1_270' title='bbox 121 2155 419 2360; x_wconf 49' lang='lat' dir='ltr'><strong>:1Zti)i{1éid.,</strong></span> <span class='ocrx_word' id='word_1_271' title='bbox 450 2239 574 2295; x_wconf 86' lang='lat' dir='ltr'><strong>pag.</strong></span> <span class='ocrx_word' id='word_1_272' title='bbox 619 2222 756 2287; x_wconf 77' lang='grc'><strong>801,</strong></span> <span class='ocrx_word' id='word_1_273' title='bbox 796 2230 851 2278; x_wconf 86' lang='lat' dir='ltr'><strong>et</strong></span> <span class='ocrx_word' id='word_1_274' title='bbox 887 2223 1092 2293; x_wconf 69' lang='lat' dir='ltr'><strong>praefat.</strong></span> <span class='ocrx_word' id='word_1_275' title='bbox 1137 2230 1332 2278; x_wconf 80' lang='lat' dir='ltr'><strong>nostrae</strong></span> <span class='ocrx_word' id='word_1_276' title='bbox 1381 2235 1526 2274; x_wconf 90' lang='lat' dir='ltr'><strong>num.</strong></span> <span class='ocrx_word' id='word_1_277' title='bbox 1565 2218 1653 2283; x_wconf 70' lang='lat'><strong>&#39;52,</strong></span> 
     </span>
    </p>
   </div>
   <div class='ocr_carea' id='block_1_37' title="bbox 175 2360 1251 2432">
    <p class='ocr_par' dir='ltr' id='par_1_37' title="bbox 175 2360 1251 2432">
     <span class='ocr_line' id='line_1_38' title="bbox 175 2360 1251 2432; baseline 0.001 -19"><span class='ocrx_word' id='word_1_278' title='bbox 175 2361 233 2432; x_wconf 76' lang='grc' dir='ltr'><strong>(ε)</strong></span> <span class='ocrx_word' id='word_1_279' title='bbox 261 2361 456 2432; x_wconf 57' lang='lat' dir='ltr'><strong>Palat.</strong></span> <span class='ocrx_word' id='word_1_280' title='bbox 490 2372 694 2418; x_wconf 76' lang='lat' dir='ltr'><strong>nostrae</strong></span> <span class='ocrx_word' id='word_1_281' title='bbox 717 2379 864 2417; x_wconf 89' lang='lat' dir='ltr'><strong>num.</strong></span> <span class='ocrx_word' id='word_1_282' title='bbox 894 2361 981 2427; x_wconf 71' lang='lat'><strong>52,</strong></span> <span class='ocrx_word' id='word_1_283' title='bbox 1014 2377 1134 2431; x_wconf 85' lang='lat' dir='ltr'><strong>pag.</strong></span> <span class='ocrx_word' id='word_1_284' title='bbox 1163 2360 1251 2414; x_wconf 71' lang='lat'><strong>26.</strong></span> 
     </span>
    </p>
   </div>
   <div class='ocr_carea' id='block_1_38' title="bbox 174 2427 1655 2502">
    <p class='ocr_par' dir='ltr' id='par_1_38' title="bbox 174 2427 1655 2502">
     <span class='ocr_line' id='line_1_39' title="bbox 174 2427 1655 2502; baseline -0.005 -16"><span class='ocrx_word' id='word_1_285' title='bbox 174 2427 237 2500; x_wconf 79' lang='grc' dir='ltr'><strong>(ά)</strong></span> <span class='ocrx_word' id='word_1_286' title='bbox 281 2431 609 2502; x_wconf 69' lang='lat' dir='ltr'><strong>Martyrolog.</strong></span> <span class='ocrx_word' id='word_1_287' title='bbox 653 2433 813 2486; x_wconf 92' lang='lat' dir='ltr'><strong>Rom.</strong></span> <span class='ocrx_word' id='word_1_288' title='bbox 859 2433 924 2485; x_wconf 83' lang='lat' dir='ltr'><strong>ad</strong></span> <span class='ocrx_word' id='word_1_289' title='bbox 951 2427 1108 2502; x_wconf 73' lang='lat' dir='ltr'><strong>diem</strong></span> <span class='ocrx_word' id='word_1_290' title='bbox 1132 2448 1202 2502; x_wconf 69' lang='lat' dir='ltr'><strong>vti</strong></span> <span class='ocrx_word' id='word_1_291' title='bbox 1231 2431 1332 2502; x_wconf 67' lang='lat' dir='ltr'><strong>cal.</strong></span> <span class='ocrx_word' id='word_1_292' title='bbox 1365 2427 1470 2502; x_wconf 62' lang='lat' dir='ltr'><strong>Jul.</strong></span> <span class='ocrx_word' id='word_1_293' title='bbox 1497 2427 1655 2481; x_wconf 89' lang='lat' dir='ltr'><strong>Card.</strong></span> 
     </span>
    </p>
   </div>
   <div class='ocr_carea' id='block_1_39' title="bbox 121 2498 1655 2569">
    <p class='ocr_par' dir='ltr' id='par_1_39' title="bbox 121 2498 1655 2569">
     <span class='ocr_line' id='line_1_40' title="bbox 121 2498 1655 2569; baseline -0.001 -17"><span class='ocrx_word' id='word_1_294' title='bbox 121 2498 280 2553; x_wconf 71' lang='lat' dir='ltr'><strong>Bai-on.</strong></span> <span class='ocrx_word' id='word_1_295' title='bbox 316 2502 365 2554; x_wconf 92' lang='lat' dir='ltr'><strong>in</strong></span> <span class='ocrx_word' id='word_1_296' title='bbox 401 2498 512 2556; x_wconf 84' lang='lat' dir='ltr'><strong>not.</strong></span> <span class='ocrx_word' id='word_1_297' title='bbox 548 2498 617 2555; x_wconf 80' lang='lat' dir='ltr'><strong>ad</strong></span> <span class='ocrx_word' id='word_1_298' title='bbox 652 2502 900 2556; x_wconf 87' lang='lat' dir='ltr'><strong>eumdem</strong></span> <span class='ocrx_word' id='word_1_299' title='bbox 948 2500 1221 2569; x_wconf 87' lang='lat' dir='ltr'><strong>Martyrol.</strong></span> <span class='ocrx_word' id='word_1_300' title='bbox 1255 2498 1655 2569; x_wconf 85' lang='lat' dir='ltr'><strong>Rom._locum,_</strong></span> 
     </span>
    </p>
   </div>
   <div class='ocr_carea' id='block_1_40' title="bbox 123 2564 1661 2625">
    <p class='ocr_par' dir='ltr' id='par_1_40' title="bbox 123 2564 1661 2625">
     <span class='ocr_line' id='line_1_41' title="bbox 123 2564 1661 2625; baseline -0.002 -6"><span class='ocrx_word' id='word_1_301' title='bbox 123 2571 190 2621; x_wconf 82' lang='lat' dir='ltr'><strong>ubi</strong></span> <span class='ocrx_word' id='word_1_302' title='bbox 215 2573 354 2623; x_wconf 86' lang='lat' dir='ltr'><strong>etiam</strong></span> <span class='ocrx_word' id='word_1_303' title='bbox 393 2572 639 2624; x_wconf 89' lang='lat' dir='ltr'><strong>meminit</strong></span> <span class='ocrx_word' id='word_1_304' title='bbox 678 2571 817 2625; x_wconf 91' lang='lat' dir='ltr'><strong>idem</strong></span> <span class='ocrx_word' id='word_1_305' title='bbox 861 2564 1143 2623; x_wconf 75' lang='lat' dir='ltr'><strong>statuentis</strong></span> <span class='ocrx_word' id='word_1_306' title='bbox 1182 2569 1371 2621; x_wconf 91' lang='lat' dir='ltr'><strong>Bellini</strong></span> <span class='ocrx_word' id='word_1_307' title='bbox 1418 2564 1661 2618; x_wconf 86' lang='lat' dir='ltr'><strong>Patavini</strong></span> 
     </span>
    </p>
   </div>
   <div class='ocr_carea' id='block_1_41' title="bbox 118 2635 1653 2709">
    <p class='ocr_par' dir='ltr' id='par_1_41' title="bbox 118 2635 1653 2709">
     <span class='ocr_line' id='line_1_42' title="bbox 118 2635 1653 2709; baseline -0.003 -20"><span class='ocrx_word' id='word_1_308' title='bbox 118 2637 212 2690; x_wconf 83' lang='lat' dir='ltr'><strong>0rd.</strong></span> <span class='ocrx_word' id='word_1_309' title='bbox 233 2637 491 2694; x_wconf 85' lang='lat' dir='ltr'><strong>Eremitar.</strong></span> <span class='ocrx_word' id='word_1_310' title='bbox 516 2640 574 2695; x_wconf 92' lang='lat' dir='ltr'><strong>S.</strong></span> <span class='ocrx_word' id='word_1_311' title='bbox 606 2639 888 2707; x_wconf 81' lang='lat' dir='ltr'><strong>Augustini</strong></span> <span class='ocrx_word' id='word_1_312' title='bbox 917 2639 1260 2709; x_wconf 79' lang='lat' dir='ltr'><strong>Martyrolog.</strong></span> <span class='ocrx_word' id='word_1_313' title='bbox 1294 2637 1422 2691; x_wconf 91' lang='lat' dir='ltr'><strong>edit.</strong></span> <span class='ocrx_word' id='word_1_314' title='bbox 1464 2635 1653 2688; x_wconf 89' lang='lat' dir='ltr'><strong>Venet.</strong></span> 
     </span>
    </p>
   </div>
   <div class='ocr_carea' id='block_1_42' title="bbox 1764 2071 3345 2145">
    <p class='ocr_par' dir='ltr' id='par_1_42' title="bbox 1764 2071 3345 2145">
     <span class='ocr_line' id='line_1_43' title="bbox 1764 2071 3345 2145; baseline -0.006 -12"><span class='ocrx_word' id='word_1_315' title='bbox 1764 2081 1818 2133; x_wconf 88' lang='lat' dir='ltr'><strong>in</strong></span> <span class='ocrx_word' id='word_1_316' title='bbox 1848 2079 2033 2133; x_wconf 92' lang='lat' dir='ltr'><strong>codice</strong></span> <span class='ocrx_word' id='word_1_317' title='bbox 2062 2071 2530 2145; x_wconf 27' lang='lat' dir='ltr'><strong>HagenoiensiJet</strong></span> <span class='ocrx_word' id='word_1_318' title='bbox 2558 2089 2588 2126; x_wconf 90' lang='lat' dir='ltr'><strong>a</strong></span> <span class='ocrx_word' id='word_1_319' title='bbox 2616 2071 3062 2145; x_wconf 28' lang='lat' dir='ltr'><strong>Joan‘n_e_Mo_lano</strong></span> <span class='ocrx_word' id='word_1_320' title='bbox 3093 2073 3345 2145; x_wconf 81' lang='lat' dir='ltr'><strong>theologo</strong></span> 
     </span>
    </p>
   </div>
   <div class='ocr_carea' id='block_1_43' title="bbox 1763 2142 3345 2216">
    <p class='ocr_par' dir='ltr' id='par_1_43' title="bbox 1763 2142 3345 2216">
     <span class='ocr_line' id='line_1_44' title="bbox 1763 2142 3345 2216; baseline -0.004 -15"><span class='ocrx_word' id='word_1_321' title='bbox 1763 2147 2100 2207; x_wconf 81' lang='lat' dir='ltr'><strong>Lovaniensi,</strong></span> <span class='ocrx_word' id='word_1_322' title='bbox 2137 2142 2228 2216; x_wconf 78' lang='lat' dir='ltr'><strong>qui</strong></span> <span class='ocrx_word' id='word_1_323' title='bbox 2263 2142 2868 2216; x_wconf 66' lang='lat' dir='ltr'><strong>Lovanii,_anno_1575,</strong></span> <span class='ocrx_word' id='word_1_324' title='bbox 2908 2142 3345 2216; x_wconf 67' lang='lat' dir='ltr'><strong>Martyrologium</strong></span> 
     </span>
    </p>
   </div>
   <div class='ocr_carea' id='block_1_44' title="bbox 1763 2209 3347 2280">
    <p class='ocr_par' dir='ltr' id='par_1_44' title="bbox 1763 2209 3347 2280">
     <span class='ocr_line' id='line_1_45' title="bbox 1763 2209 3347 2280; baseline -0.005 -8"><span class='ocrx_word' id='word_1_325' title='bbox 1763 2217 1990 2272; x_wconf 90' lang='lat' dir='ltr'><strong>Usuardi</strong></span> <span class='ocrx_word' id='word_1_326' title='bbox 2029 2218 2138 2270; x_wconf 92' lang='lat' dir='ltr'><strong>suis</strong></span> <span class='ocrx_word' id='word_1_327' title='bbox 2155 2209 2607 2269; x_wconf 65' lang='lat' dir='ltr'><strong>annotationibus</strong></span> <span class='ocrx_word' id='word_1_328' title='bbox 2646 2212 2964 2265; x_wconf 88' lang='lat' dir='ltr'><strong>illustratum</strong></span> <span class='ocrx_word' id='word_1_329' title='bbox 2995 2209 3134 2280; x_wconf 85' lang='lat' dir='ltr'><strong>typis</strong></span> <span class='ocrx_word' id='word_1_330' title='bbox 3163 2209 3347 2280; x_wconf 81' lang='lat' dir='ltr'><strong>Hiero-</strong></span> 
     </span>
    </p>
   </div>
   <div class='ocr_carea' id='block_1_45' title="bbox 1764 2279 3346 2358">
    <p class='ocr_par' dir='ltr' id='par_1_45' title="bbox 1764 2279 3346 2358">
     <span class='ocr_line' id='line_1_46' title="bbox 1764 2279 3346 2358; baseline -0.005 -18"><span class='ocrx_word' id='word_1_331' title='bbox 1764 2289 1908 2358; x_wconf 88' lang='lat' dir='ltr'><strong>nymi</strong></span> <span class='ocrx_word' id='word_1_332' title='bbox 1950 2286 2130 2340; x_wconf 69' lang='lat' dir='ltr'><strong>Vellazi</strong></span> <span class='ocrx_word' id='word_1_333' title='bbox 2160 2301 2244 2358; x_wconf 86' lang='lat' dir='ltr'><strong>an.</strong></span> <span class='ocrx_word' id='word_1_334' title='bbox 2294 2282 2430 2358; x_wconf 53' lang='lat'><strong>11:17</strong></span> <span class='ocrx_word' id='word_1_335' title='bbox 2460 2281 2725 2358; x_wconf 85' lang='lat' dir='ltr'><strong>vulg_avit._</strong></span> <span class='ocrx_word' id='word_1_336' title='bbox 2745 2280 2862 2358; x_wconf 84' lang='lat' dir='ltr'><strong>N_on</strong></span> <span class='ocrx_word' id='word_1_337' title='bbox 2891 2279 3111 2358; x_wconf 68' lang='lat' dir='ltr'><strong>dissidet</strong></span> <span class='ocrx_word' id='word_1_338' title='bbox 3138 2279 3346 2358; x_wconf 69' lang='lat' dir='ltr'><strong>Galesi-</strong></span> 
     </span>
    </p>
   </div>
   <div class='ocr_carea' id='block_1_46' title="bbox 1763 2348 3347 2420">
    <p class='ocr_par' dir='ltr' id='par_1_46' title="bbox 1763 2348 3347 2420">
     <span class='ocr_line' id='line_1_47' title="bbox 1763 2348 3347 2420; baseline -0.005 -11"><span class='ocrx_word' id='word_1_339' title='bbox 1763 2348 1912 2418; x_wconf 81' lang='lat' dir='ltr'><strong>nius,</strong></span> <span class='ocrx_word' id='word_1_340' title='bbox 1957 2363 2016 2408; x_wconf 90' lang='lat' dir='ltr'><strong>ut</strong></span> <span class='ocrx_word' id='word_1_341' title='bbox 2063 2370 2131 2408; x_wconf 83' lang='lat' dir='ltr'><strong>ex</strong></span> <span class='ocrx_word' id='word_1_342' title='bbox 2174 2354 2290 2419; x_wconf 91' lang='lat' dir='ltr'><strong>ejus</strong></span> <span class='ocrx_word' id='word_1_343' title='bbox 2338 2351 2613 2420; x_wconf 84' lang='lat' dir='ltr'><strong>Martyrol.</strong></span> <span class='ocrx_word' id='word_1_344' title='bbox 2660 2350 2726 2402; x_wconf 87' lang='lat' dir='ltr'><strong>ad</strong></span> <span class='ocrx_word' id='word_1_345' title='bbox 2775 2349 2920 2420; x_wconf 75' lang='lat' dir='ltr'><strong>diem</strong></span> <span class='ocrx_word' id='word_1_346' title='bbox 2955 2348 3181 2420; x_wconf 40' lang='lat' dir='ltr'><strong>25‘Jun.</strong></span> <span class='ocrx_word' id='word_1_347' title='bbox 3217 2348 3347 2420; x_wconf 85' lang='lat' dir='ltr'><strong>edit.</strong></span> 
     </span>
    </p>
   </div>
   <div class='ocr_carea' id='block_1_47' title="bbox 1764 2416 3348 2490">
    <p class='ocr_par' dir='ltr' id='par_1_47' title="bbox 1764 2416 3348 2490">
     <span class='ocr_line' id='line_1_48' title="bbox 1764 2416 3348 2490; baseline -0.005 -12"><span class='ocrx_word' id='word_1_348' title='bbox 1764 2416 1984 2478; x_wconf 81' lang='lat' dir='ltr'><strong>Venetae</strong></span> <span class='ocrx_word' id='word_1_349' title='bbox 2029 2441 2115 2476; x_wconf 89' lang='lat' dir='ltr'><strong>an.</strong></span> <span class='ocrx_word' id='word_1_350' title='bbox 2163 2416 2299 2476; x_wconf 75' lang='lat' dir='ltr'><strong>i758</strong></span> <span class='ocrx_word' id='word_1_351' title='bbox 2349 2416 2510 2490; x_wconf 71' lang='lat' dir='ltr'><strong>plane</strong></span> <span class='ocrx_word' id='word_1_352' title='bbox 2549 2421 2735 2490; x_wconf 83' lang='lat' dir='ltr'><strong>liquet.</strong></span> <span class='ocrx_word' id='word_1_353' title='bbox 2779 2416 2977 2490; x_wconf 63' lang='lat' dir='ltr'><strong>confer</strong></span> <span class='ocrx_word' id='word_1_354' title='bbox 3023 2417 3348 2490; x_wconf 69' lang='lat' dir='ltr'><strong>Ferrarium,</strong></span> 
     </span>
    </p>
   </div>
   <div class='ocr_carea' id='block_1_48' title="bbox 1766 2485 3349 2615">
    <p class='ocr_par' dir='ltr' id='par_1_48' title="bbox 1766 2485 3349 2615">
     <span class='ocr_line' id='line_1_49' title="bbox 1766 2485 3349 2615; baseline -0.004 -70"><span class='ocrx_word' id='word_1_355' title='bbox 1766 2494 2007 2615; x_wconf 71' lang='lat' dir='ltr'><strong>JCatalog.</strong></span> <span class='ocrx_word' id='word_1_356' title='bbox 2039 2505 2264 2546; x_wconf 80' lang='lat' dir='ltr'><strong>sanctor.</strong></span> <span class='ocrx_word' id='word_1_357' title='bbox 2298 2485 2427 2546; x_wconf 78' lang='lat' dir='ltr'><strong>edit.</strong></span> <span class='ocrx_word' id='word_1_358' title='bbox 2463 2485 2676 2542; x_wconf 82' lang='lat' dir='ltr'><strong>Mediol.</strong></span> <span class='ocrx_word' id='word_1_359' title='bbox 2710 2503 2798 2542; x_wconf 84' lang='lat' dir='ltr'><strong>an.</strong></span> <span class='ocrx_word' id='word_1_360' title='bbox 2834 2487 2991 2553; x_wconf 79' lang='grc'><strong>1615,</strong></span> <span class='ocrx_word' id='word_1_361' title='bbox 3025 2489 3092 2541; x_wconf 87' lang='lat' dir='ltr'><strong>ad</strong></span> <span class='ocrx_word' id='word_1_362' title='bbox 3119 2486 3260 2542; x_wconf 86' lang='lat' dir='ltr'><strong>diem</strong></span> <span class='ocrx_word' id='word_1_363' title='bbox 3282 2485 3349 2538; x_wconf 63' lang='lat'><strong>25</strong></span> 
     </span>
     <span class='ocr_line' id='line_1_50' title="bbox 1802 2580 1910 2615; baseline 0 0"><span class='ocrx_word' id='word_1_364' title='bbox 1802 2580 1910 2615; x_wconf 89' lang='lat' dir='ltr'><strong>unu</strong></span> 
     </span>
    </p>
   </div>
   <div class='ocr_carea' id='block_1_49' title="bbox 1802 2580 1910 2615">
    <p class='ocr_par' dir='ltr' id='par_1_49' title="bbox 1802 2580 1910 2615">
     <span class='ocr_line' id='line_1_51' title="bbox 1802 2580 1910 2615; baseline 0 0"><span class='ocrx_word' id='word_1_365' title='bbox 1802 2580 1910 2615; x_wconf 81' lang='grc' dir='ltr'><strong>υηιι</strong></span> 
     </span>
    </p>
   </div>
   <div class='ocr_carea' id='block_1_50' title="bbox 129 2744 3332 2778">
    <p class='ocr_par' dir='ltr' id='par_1_50' title="bbox 129 2744 3332 2778">
     <span class='ocr_line' id='line_1_52' title="bbox 129 2744 3332 2778; baseline -0.003 -9"><span class='ocrx_word' id='word_1_366' title='bbox 129 2744 3332 2778; x_wconf 61' lang='lat'><strong>~______________._____________._.__———-.</strong></span> 
     </span>
    </p>
   </div>
   <div class='ocr_carea' id='block_1_51' title="bbox 506 2865 2905 2951">
    <p class='ocr_par' dir='ltr' id='par_1_51' title="bbox 506 2865 2905 2951">
     <span class='ocr_line' id='line_1_53' title="bbox 506 2865 2905 2951; baseline -0.005 0"><span class='ocrx_word' id='word_1_367' title='bbox 506 2872 1136 2951; x_wconf 82' lang='lat' dir='ltr'><strong>TESTIMONIA</strong></span> <span class='ocrx_word' id='word_1_368' title='bbox 1202 2869 1841 2948; x_wconf 84' lang='lat' dir='ltr'><strong>SCRIPTORUM</strong></span> <span class='ocrx_word' id='word_1_369' title='bbox 1920 2865 2905 2947; x_wconf 82' lang='lat' dir='ltr'><strong>ECCLESIASTICORUM</strong></span> 
     </span>
    </p>
   </div>
   <div class='ocr_carea' id='block_1_52' title="bbox 784 3019 2895 3082">
    <p class='ocr_par' dir='ltr' id='par_1_52' title="bbox 784 3019 2895 3082">
     <span class='ocr_line' id='line_1_54' title="bbox 784 3019 2895 3082; baseline -0.002 -1"><span class='ocrx_word' id='word_1_370' title='bbox 784 3027 868 3081; x_wconf 88' lang='lat' dir='ltr'><strong>DE</strong></span> <span class='ocrx_word' id='word_1_371' title='bbox 906 3025 1209 3082; x_wconf 81' lang='lat' dir='ltr'><strong>SCRIPTIS</strong></span> <span class='ocrx_word' id='word_1_372' title='bbox 1247 3025 1490 3080; x_wconf 80' lang='lat' dir='ltr'><strong>SANCTI</strong></span> <span class='ocrx_word' id='word_1_373' title='bbox 1529 3023 1777 3078; x_wconf 74' lang='lat' dir='ltr'><strong>MAXIMI</strong></span> <span class='ocrx_word' id='word_1_374' title='bbox 1815 3023 2121 3079; x_wconf 87' lang='lat' dir='ltr'><strong>EPISCOPI</strong></span> <span class='ocrx_word' id='word_1_375' title='bbox 2162 3022 2634 3079; x_wconf 67' lang='lat' dir='ltr'><strong>TAURIMSNSIS.</strong></span> <span class='ocrx_word' id='word_1_376' title='bbox 2889 3019 2895 3024; x_wconf 72' lang='grc'><em>’</em></span> 
     </span>
    </p>
   </div>
   <div class='ocr_carea' id='block_1_53' title="bbox 567 3311 1186 3391">
    <p class='ocr_par' dir='ltr' id='par_1_53' title="bbox 567 3311 1186 3391">
     <span class='ocr_line' id='line_1_55' title="bbox 567 3311 1186 3391; baseline -0.008 -19"><span class='ocrx_word' id='word_1_377' title='bbox 567 3316 751 3391; x_wconf 68' lang='lat' dir='ltr'><strong>[CLV-&#39;11}</strong></span> <span class='ocrx_word' id='word_1_378' title='bbox 782 3311 1186 3370; x_wconf 74' lang='lat' dir='ltr'><strong>GENNADIUS.</strong></span> 
     </span>
    </p>
   </div>
   <div class='ocr_carea' id='block_1_54' title="bbox 415 3407 1317 3479">
    <p class='ocr_par' dir='ltr' id='par_1_54' title="bbox 415 3407 1317 3479">
     <span class='ocr_line' id='line_1_56' title="bbox 415 3407 1317 3479; baseline -0.007 -17"><span class='ocrx_word' id='word_1_379' title='bbox 415 3411 479 3463; x_wconf 84' lang='lat' dir='ltr'><strong>In</strong></span> <span class='ocrx_word' id='word_1_380' title='bbox 507 3415 748 3479; x_wconf 81' lang='lat' dir='ltr'><strong>catalogo</strong></span> <span class='ocrx_word' id='word_1_381' title='bbox 775 3407 1054 3461; x_wconf 74' lang='lat' dir='ltr'><strong>illustrium</strong></span> <span class='ocrx_word' id='word_1_382' title='bbox 1073 3407 1317 3458; x_wconf 79' lang='lat' dir='ltr'><strong>virorum.</strong></span> 
     </span>
    </p>
   </div>
   <div class='ocr_carea' id='block_1_55' title="bbox 177 3493 1664 3564">
    <p class='ocr_par' dir='ltr' id='par_1_55' title="bbox 177 3493 1664 3564">
     <span class='ocr_line' id='line_1_57' title="bbox 177 3493 1664 3564; baseline -0.006 -9"><span class='ocrx_word' id='word_1_383' title='bbox 177 3501 411 3556; x_wconf 72' lang='lat' dir='ltr'><strong>Maximus</strong></span> <span class='ocrx_word' id='word_1_384' title='bbox 439 3499 786 3555; x_wconf 88' lang='lat' dir='ltr'><strong>Taurinensis</strong></span> <span class='ocrx_word' id='word_1_385' title='bbox 807 3497 1061 3552; x_wconf 84' lang='lat' dir='ltr'><strong>Ecclesiae</strong></span> <span class='ocrx_word' id='word_1_386' title='bbox 1088 3496 1376 3564; x_wconf 89' lang='lat' dir='ltr'><strong>episcopus</strong></span> <span class='ocrx_word' id='word_1_387' title='bbox 1401 3493 1476 3564; x_wconf 79' lang='grc' dir='ltr'><strong>(α)</strong></span> <span class='ocrx_word' id='word_1_388' title='bbox 1508 3494 1560 3548; x_wconf 90' lang='lat' dir='ltr'><strong>in</strong></span> <span class='ocrx_word' id='word_1_389' title='bbox 1583 3493 1664 3547; x_wconf 86' lang='lat' dir='ltr'><strong>di-</strong></span> 
     </span>
    </p>
   </div>
   <div class='ocr_carea' id='block_1_56' title="bbox 123 3583 1663 3659">
    <p class='ocr_par' dir='ltr' id='par_1_56' title="bbox 123 3583 1663 3659">
     <span class='ocr_line' id='line_1_58' title="bbox 123 3583 1663 3659; baseline -0.003 -18"><span class='ocrx_word' id='word_1_390' title='bbox 123 3590 234 3645; x_wconf 74' lang='lat' dir='ltr'><strong>vinis</strong></span> <span class='ocrx_word' id='word_1_391' title='bbox 279 3591 558 3659; x_wconf 85' lang='lat' dir='ltr'><strong>Scripturis</strong></span> <span class='ocrx_word' id='word_1_392' title='bbox 586 3589 718 3644; x_wconf 88' lang='lat' dir='ltr'><strong>satis</strong></span> <span class='ocrx_word' id='word_1_393' title='bbox 747 3588 1002 3649; x_wconf 87' lang='lat' dir='ltr'><strong>intentus,</strong></span> <span class='ocrx_word' id='word_1_394' title='bbox 1035 3594 1092 3641; x_wconf 92' lang='lat' dir='ltr'><strong>et</strong></span> <span class='ocrx_word' id='word_1_395' title='bbox 1135 3584 1205 3638; x_wconf 90' lang='lat' dir='ltr'><strong>ad</strong></span> <span class='ocrx_word' id='word_1_396' title='bbox 1247 3583 1547 3638; x_wconf 88' lang='lat' dir='ltr'><strong>docendam</strong></span> <span class='ocrx_word' id='word_1_397' title='bbox 1597 3599 1663 3637; x_wconf 86' lang='lat' dir='ltr'><strong>ex</strong></span> 
     </span>
    </p>
   </div>
   <div class='ocr_carea' id='block_1_57' title="bbox 123 3672 1664 3751">
    <p class='ocr_par' dir='ltr' id='par_1_57' title="bbox 123 3672 1664 3751">
     <span class='ocr_line' id='line_1_59' title="bbox 123 3672 1664 3751; baseline -0.004 -20"><span class='ocrx_word' id='word_1_398' title='bbox 123 3690 326 3750; x_wconf 86' lang='lat' dir='ltr'><strong>tempore</strong></span> <span class='ocrx_word' id='word_1_399' title='bbox 377 3681 588 3751; x_wconf 91' lang='lat' dir='ltr'><strong>plebem</strong></span> <span class='ocrx_word' id='word_1_400' title='bbox 636 3678 939 3741; x_wconf 85' lang='lat' dir='ltr'><strong>sufﬁciens,</strong></span> <span class='ocrx_word' id='word_1_401' title='bbox 992 3675 1297 3744; x_wconf 89' lang='lat' dir='ltr'><strong>composuit</strong></span> <span class='ocrx_word' id='word_1_402' title='bbox 1347 3674 1398 3726; x_wconf 90' lang='lat' dir='ltr'><strong>in</strong></span> <span class='ocrx_word' id='word_1_403' title='bbox 1450 3672 1664 3726; x_wconf 89' lang='lat' dir='ltr'><strong>laudem</strong></span> 
     </span>
    </p>
   </div>
   <div class='ocr_carea' id='block_1_58' title="bbox 123 3765 1654 3842">
    <p class='ocr_par' dir='ltr' id='par_1_58' title="bbox 123 3765 1654 3842">
     <span class='ocr_line' id='line_1_60' title="bbox 123 3765 1654 3842; baseline -0.004 -19"><span class='ocrx_word' id='word_1_404' title='bbox 123 3774 445 3842; x_wconf 83' lang='lat' dir='ltr'><strong>apostolorum</strong></span> <span class='ocrx_word' id='word_1_405' title='bbox 474 3778 760 3832; x_wconf 87' lang='lat' dir='ltr'><strong>tractatus,</strong></span> <span class='ocrx_word' id='word_1_406' title='bbox 785 3777 841 3822; x_wconf 89' lang='lat' dir='ltr'><strong>et</strong></span> <span class='ocrx_word' id='word_1_407' title='bbox 864 3771 916 3821; x_wconf 92' lang='lat' dir='ltr'><strong>in</strong></span> <span class='ocrx_word' id='word_1_408' title='bbox 937 3766 1162 3821; x_wconf 85' lang='lat' dir='ltr'><strong>Joannis</strong></span> <span class='ocrx_word' id='word_1_409' title='bbox 1187 3765 1468 3834; x_wconf 80' lang='lat' dir='ltr'><strong>Baptistze,</strong></span> <span class='ocrx_word' id='word_1_410' title='bbox 1494 3771 1549 3817; x_wconf 89' lang='lat' dir='ltr'><strong>et</strong></span> <span class='ocrx_word' id='word_1_411' title='bbox 1571 3778 1654 3830; x_wconf 41' lang='lat' dir='ltr'><strong>ge‘</strong></span> 
     </span>
    </p>
   </div>
   <div class='ocr_carea' id='block_1_59' title="bbox 124 3854 1664 3930">
    <p class='ocr_par' dir='ltr' id='par_1_59' title="bbox 124 3854 1664 3930">
     <span class='ocr_line' id='line_1_61' title="bbox 124 3854 1664 3930; baseline -0.005 -15"><span class='ocrx_word' id='word_1_412' title='bbox 124 3864 324 3918; x_wconf 87' lang='lat' dir='ltr'><strong>neralem</strong></span> <span class='ocrx_word' id='word_1_413' title='bbox 367 3864 606 3918; x_wconf 89' lang='lat' dir='ltr'><strong>omnium</strong></span> <span class='ocrx_word' id='word_1_414' title='bbox 664 3867 960 3930; x_wconf 85' lang='lat' dir='ltr'><strong>martyrum</strong></span> <span class='ocrx_word' id='word_1_415' title='bbox 1016 3857 1310 3911; x_wconf 82' lang='lat' dir='ltr'><strong>ltomiliam.</strong></span> <span class='ocrx_word' id='word_1_416' title='bbox 1362 3854 1469 3909; x_wconf 86' lang='lat' dir='ltr'><strong>Sed</strong></span> <span class='ocrx_word' id='word_1_417' title='bbox 1515 3863 1570 3908; x_wconf 91' lang='lat' dir='ltr'><strong>et</strong></span> <span class='ocrx_word' id='word_1_418' title='bbox 1597 3854 1664 3908; x_wconf 91' lang='lat' dir='ltr'><strong>de</strong></span> 
     </span>
    </p>
   </div>
   <div class='ocr_carea' id='block_1_60' title="bbox 124 3946 1662 4020">
    <p class='ocr_par' dir='ltr' id='par_1_60' title="bbox 124 3946 1662 4020">
     <span class='ocr_line' id='line_1_62' title="bbox 124 3946 1662 4020; baseline -0.003 -17"><span class='ocrx_word' id='word_1_419' title='bbox 124 3954 331 4020; x_wconf 82' lang='lat' dir='ltr'><strong>capitqu</strong></span> <span class='ocrx_word' id='word_1_420' title='bbox 387 3951 806 4020; x_wconf 84' lang='lat' dir='ltr'><strong>Evangeliorum</strong></span> <span class='ocrx_word' id='word_1_421' title='bbox 869 3956 927 4003; x_wconf 91' lang='lat' dir='ltr'><strong>et</strong></span> <span class='ocrx_word' id='word_1_422' title='bbox 996 3948 1225 4002; x_wconf 83' lang='lat' dir='ltr'><strong>Actuum</strong></span> <span class='ocrx_word' id='word_1_423' title='bbox 1298 3946 1662 4015; x_wconf 87' lang='lat' dir='ltr'><strong>apostolorum</strong></span> 
     </span>
    </p>
   </div>
   <div class='ocr_carea' id='block_1_61' title="bbox 123 4036 1665 4113">
    <p class='ocr_par' dir='ltr' id='par_1_61' title="bbox 123 4036 1665 4113">
     <span class='ocr_line' id='line_1_63' title="bbox 123 4036 1665 4113; baseline -0.003 -19"><span class='ocrx_word' id='word_1_424' title='bbox 123 4044 260 4096; x_wconf 84' lang='lat' dir='ltr'><strong>multa</strong></span> <span class='ocrx_word' id='word_1_425' title='bbox 302 4046 572 4113; x_wconf 87' lang='lat' dir='ltr'><strong>sapienter</strong></span> <span class='ocrx_word' id='word_1_426' title='bbox 617 4041 887 4111; x_wconf 86' lang='lat' dir='ltr'><strong>exposuit.</strong></span> <span class='ocrx_word' id='word_1_427' title='bbox 939 4039 1091 4094; x_wconf 86' lang='lat' dir='ltr'><strong>Fecit</strong></span> <span class='ocrx_word' id='word_1_428' title='bbox 1135 4045 1192 4093; x_wconf 92' lang='lat' dir='ltr'><strong>et</strong></span> <span class='ocrx_word' id='word_1_429' title='bbox 1236 4036 1371 4091; x_wconf 91' lang='lat' dir='ltr'><strong>duos</strong></span> <span class='ocrx_word' id='word_1_430' title='bbox 1399 4036 1465 4090; x_wconf 91' lang='lat' dir='ltr'><strong>de</strong></span> <span class='ocrx_word' id='word_1_431' title='bbox 1494 4037 1665 4090; x_wconf 86' lang='lat' dir='ltr'><strong>sancti</strong></span> 
     </span>
    </p>
   </div>
   <div class='ocr_carea' id='block_1_62' title="bbox 125 4128 1666 4201">
    <p class='ocr_par' dir='ltr' id='par_1_62' title="bbox 125 4128 1666 4201">
     <span class='ocr_line' id='line_1_64' title="bbox 125 4128 1666 4201; baseline -0.002 -18"><span class='ocrx_word' id='word_1_432' title='bbox 125 4129 303 4187; x_wconf 82' lang='lat' dir='ltr'><strong>Eusebii</strong></span> <span class='ocrx_word' id='word_1_433' title='bbox 325 4134 680 4190; x_wconf 74' lang='lat' dir='ltr'><strong>Vercellensis</strong></span> <span class='ocrx_word' id='word_1_434' title='bbox 709 4131 946 4201; x_wconf 88' lang='lat' dir='ltr'><strong>episcopi</strong></span> <span class='ocrx_word' id='word_1_435' title='bbox 969 4137 1025 4185; x_wconf 89' lang='lat' dir='ltr'><strong>et</strong></span> <span class='ocrx_word' id='word_1_436' title='bbox 1048 4128 1374 4185; x_wconf 81' lang='lat' dir='ltr'><strong>confessoris</strong></span> <span class='ocrx_word' id='word_1_437' title='bbox 1394 4129 1502 4180; x_wconf 87' lang='lat' dir='ltr'><strong>vita</strong></span> <span class='ocrx_word' id='word_1_438' title='bbox 1525 4135 1666 4181; x_wconf 89' lang='lat' dir='ltr'><strong>trac-</strong></span> 
     </span>
    </p>
   </div>
   <div class='ocr_carea' id='block_1_63' title="bbox 127 4215 1666 4291">
    <p class='ocr_par' dir='ltr' id='par_1_63' title="bbox 127 4215 1666 4291">
     <span class='ocr_line' id='line_1_65' title="bbox 127 4215 1666 4291; baseline -0.003 -19"><span class='ocrx_word' id='word_1_439' title='bbox 127 4228 270 4287; x_wconf 84' lang='lat' dir='ltr'><strong>tatus;</strong></span> <span class='ocrx_word' id='word_1_440' title='bbox 293 4231 344 4277; x_wconf 91' lang='lat' dir='ltr'><strong>et</strong></span> <span class='ocrx_word' id='word_1_441' title='bbox 380 4223 444 4278; x_wconf 88' lang='lat' dir='ltr'><strong>de</strong></span> <span class='ocrx_word' id='word_1_442' title='bbox 489 4222 664 4278; x_wconf 90' lang='lat' dir='ltr'><strong>sancti</strong></span> <span class='ocrx_word' id='word_1_443' title='bbox 713 4220 962 4291; x_wconf 86' lang='lat' dir='ltr'><strong>Cypriani</strong></span> <span class='ocrx_word' id='word_1_444' title='bbox 1003 4218 1291 4288; x_wconf 88' lang='lat' dir='ltr'><strong>specialem</strong></span> <span class='ocrx_word' id='word_1_445' title='bbox 1317 4217 1384 4272; x_wconf 90' lang='lat' dir='ltr'><strong>de</strong></span> <span class='ocrx_word' id='word_1_446' title='bbox 1416 4215 1666 4285; x_wconf 90' lang='lat' dir='ltr'><strong>baptismi</strong></span> 
     </span>
    </p>
   </div>
   <div class='ocr_carea' id='block_1_64' title="bbox 125 4308 1667 4380">
    <p class='ocr_par' dir='ltr' id='par_1_64' title="bbox 125 4308 1667 4380">
     <span class='ocr_line' id='line_1_66' title="bbox 125 4308 1667 4380; baseline 0 -19"><span class='ocrx_word' id='word_1_447' title='bbox 125 4308 275 4364; x_wconf 85' lang='lat' dir='ltr'><strong>Gratia</strong></span> <span class='ocrx_word' id='word_1_448' title='bbox 304 4314 487 4368; x_wconf 83' lang='lat' dir='ltr'><strong>librum</strong></span> <span class='ocrx_word' id='word_1_449' title='bbox 510 4312 701 4368; x_wconf 88' lang='lat' dir='ltr'><strong>edidit.</strong></span> <span class='ocrx_word' id='word_1_450' title='bbox 719 4311 946 4380; x_wconf 89' lang='lat' dir='ltr'><strong>Scripsit</strong></span> <span class='ocrx_word' id='word_1_451' title='bbox 973 4310 1039 4364; x_wconf 91' lang='lat' dir='ltr'><strong>de</strong></span> <span class='ocrx_word' id='word_1_452' title='bbox 1060 4310 1307 4374; x_wconf 87' lang='lat' dir='ltr'><strong>avaritia,</strong></span> <span class='ocrx_word' id='word_1_453' title='bbox 1333 4308 1400 4363; x_wconf 91' lang='lat' dir='ltr'><strong>de</strong></span> <span class='ocrx_word' id='word_1_454' title='bbox 1425 4308 1667 4378; x_wconf 88' lang='lat' dir='ltr'><strong>hospita-</strong></span> 
     </span>
    </p>
   </div>
   <div class='ocr_carea' id='block_1_65' title="bbox 127 4397 1667 4470">
    <p class='ocr_par' dir='ltr' id='par_1_65' title="bbox 127 4397 1667 4470">
     <span class='ocr_line' id='line_1_67' title="bbox 127 4397 1667 4470; baseline 0.002 -21"><span class='ocrx_word' id='word_1_455' title='bbox 127 4397 268 4466; x_wconf 82' lang='lat' dir='ltr'><strong>litate,</strong></span> <span class='ocrx_word' id='word_1_456' title='bbox 289 4402 352 4457; x_wconf 87' lang='lat' dir='ltr'><strong>de</strong></span> <span class='ocrx_word' id='word_1_457' title='bbox 370 4403 582 4458; x_wconf 87' lang='lat' dir='ltr'><strong>defectu</strong></span> <span class='ocrx_word' id='word_1_458' title='bbox 605 4403 768 4467; x_wconf 78' lang='lat' dir='ltr'><strong>lunae,</strong></span> <span class='ocrx_word' id='word_1_459' title='bbox 799 4401 865 4456; x_wconf 88' lang='lat' dir='ltr'><strong>de</strong></span> <span class='ocrx_word' id='word_1_460' title='bbox 889 4400 1264 4470; x_wconf 88' lang='lat' dir='ltr'><strong>eleemosynis,</strong></span> <span class='ocrx_word' id='word_1_461' title='bbox 1294 4398 1362 4453; x_wconf 89' lang='lat' dir='ltr'><strong>de</strong></span> <span class='ocrx_word' id='word_1_462' title='bbox 1406 4413 1474 4453; x_wconf 90' lang='lat' dir='ltr'><strong>eo</strong></span> <span class='ocrx_word' id='word_1_463' title='bbox 1519 4398 1667 4468; x_wconf 90' lang='lat' dir='ltr'><strong>quod</strong></span> 
     </span>
    </p>
   </div>
   <div class='ocr_carea' id='block_1_66' title="bbox 125 4491 1666 4562">
    <p class='ocr_par' dir='ltr' id='par_1_66' title="bbox 125 4491 1666 4562">
     <span class='ocr_line' id='line_1_68' title="bbox 125 4491 1666 4562; baseline 0 -19"><span class='ocrx_word' id='word_1_464' title='bbox 125 4491 339 4560; x_wconf 82' lang='lat' dir='ltr'><strong>scriptum</strong></span> <span class='ocrx_word' id='word_1_465' title='bbox 385 4502 468 4549; x_wconf 89' lang='lat' dir='ltr'><strong>est</strong></span> <span class='ocrx_word' id='word_1_466' title='bbox 506 4495 562 4548; x_wconf 90' lang='lat' dir='ltr'><strong>in</strong></span> <span class='ocrx_word' id='word_1_467' title='bbox 593 4492 728 4547; x_wconf 89' lang='lat' dir='ltr'><strong>Isaia</strong></span> <span class='ocrx_word' id='word_1_468' title='bbox 760 4511 772 4544; x_wconf 92' lang='lat'>:</span> <span class='ocrx_word' id='word_1_469' title='bbox 806 4492 1075 4562; x_wconf 76' lang='lat' dir='ltr'><strong>Caupones</strong></span> <span class='ocrx_word' id='word_1_470' title='bbox 1124 4493 1196 4545; x_wconf 85' lang='lat' dir='ltr'><strong>tui</strong></span> <span class='ocrx_word' id='word_1_471' title='bbox 1225 4492 1441 4544; x_wconf 76' lang='lat' dir='ltr'><strong>miscent</strong></span> <span class='ocrx_word' id='word_1_472' title='bbox 1480 4506 1666 4561; x_wconf 88' lang='lat' dir='ltr'><strong>aquam</strong></span> 
     </span>
    </p>
   </div>
   <div class='ocr_carea' id='block_1_67' title="bbox 123 4580 1661 4653">
    <p class='ocr_par' dir='ltr' id='par_1_67' title="bbox 123 4580 1661 4653">
     <span class='ocr_line' id='line_1_69' title="bbox 123 4580 1661 4653; baseline -0.001 -19"><span class='ocrx_word' id='word_1_473' title='bbox 123 4580 240 4645; x_wconf 72' lang='lat' dir='ltr'><strong>Iino;</strong></span> <span class='ocrx_word' id='word_1_474' title='bbox 261 4581 323 4636; x_wconf 89' lang='lat' dir='ltr'><strong>de</strong></span> <span class='ocrx_word' id='word_1_475' title='bbox 366 4585 615 4653; x_wconf 88' lang='lat' dir='ltr'><strong>passione</strong></span> <span class='ocrx_word' id='word_1_476' title='bbox 645 4582 885 4647; x_wconf 90' lang='lat' dir='ltr'><strong>Domini,</strong></span> <span class='ocrx_word' id='word_1_477' title='bbox 919 4581 987 4636; x_wconf 90' lang='lat' dir='ltr'><strong>de</strong></span> <span class='ocrx_word' id='word_1_478' title='bbox 1007 4581 1212 4650; x_wconf 87' lang='lat' dir='ltr'><strong>jejunio</strong></span> <span class='ocrx_word' id='word_1_479' title='bbox 1240 4595 1518 4635; x_wconf 89' lang='lat' dir='ltr'><strong>servorum</strong></span> <span class='ocrx_word' id='word_1_480' title='bbox 1547 4580 1661 4645; x_wconf 92' lang='lat' dir='ltr'><strong>Dei,</strong></span> 
     </span>
    </p>
   </div>
   <div class='ocr_carea' id='block_1_68' title="bbox 123 4667 2430 4766">
    <p class='ocr_par' dir='ltr' id='par_1_68' title="bbox 123 4667 2430 4766">
     <span class='ocr_line' id='line_1_70' title="bbox 123 4667 2430 4766; baseline 0.007 -30"><span class='ocrx_word' id='word_1_481' title='bbox 123 4667 177 4720; x_wconf 67' lang='lat' dir='ltr'><strong>de</strong></span> <span class='ocrx_word' id='word_1_482' title='bbox 194 4670 375 4766; x_wconf 57' lang='lat' dir='ltr'><strong>ieiuni?</strong></span> <span class='ocrx_word' id='word_1_483' title='bbox 396 4672 620 4766; x_wconf 41' lang='lat' dir='ltr'><strong>speciali</strong></span> <span class='ocrx_word' id='word_1_484' title='bbox 648 4670 1102 4766; x_wconf 52' lang='grc' dir='ltr'><strong>(ξυθάτῆβθείιυως</strong></span> <span class='ocrx_word' id='word_1_485' title='bbox 1128 4677 1186 4724; x_wconf 68' lang='grc' dir='ltr'>εί</span> <span class='ocrx_word' id='word_1_486' title='bbox 1209 4669 1485 4766; x_wconf 52' lang='grc' dir='ltr'><strong>(ἰυοίξιιοιξ</strong></span> <span class='ocrx_word' id='word_1_487' title='bbox 1512 4669 1583 4766; x_wconf 39' lang='lat' dir='ltr'><strong>sit</strong></span> <span class='ocrx_word' id='word_1_488' title='bbox 1609 4669 1661 4766; x_wconf 67' lang='lat' dir='ltr'><strong>i_&quot;</strong></span> <span class='ocrx_word' id='word_1_489' title='bbox 1692 4681 1742 4741; x_wconf 83' lang='grc' dir='ltr'><strong>Ι)</strong></span> <span class='ocrx_word' id='word_1_490' title='bbox 1768 4696 1930 4762; x_wconf 74' lang='lat' dir='ltr'><strong>lunae,</strong></span> <span class='ocrx_word' id='word_1_491' title='bbox 1960 4695 2026 4750; x_wconf 91' lang='lat' dir='ltr'><strong>de</strong></span> <span class='ocrx_word' id='word_1_492' title='bbox 2053 4667 2430 4766; x_wconf 81' lang='lat' dir='ltr'><strong>eleemosynis,</strong></span> 
     </span>
    </p>
   </div>
   <div class='ocr_carea' id='block_1_69' title="bbox 125 4758 1665 4835">
    <p class='ocr_par' dir='ltr' id='par_1_69' title="bbox 125 4758 1665 4835">
     <span class='ocr_line' id='line_1_71' title="bbox 125 4758 1665 4835; baseline -0.002 -20"><span class='ocrx_word' id='word_1_493' title='bbox 125 4771 172 4809; x_wconf 74' lang='lat' dir='ltr'><strong>ea</strong></span> <span class='ocrx_word' id='word_1_494' title='bbox 193 4758 477 4828; x_wconf 80' lang='lat' dir='ltr'><strong>iocandum,</strong></span> <span class='ocrx_word' id='word_1_495' title='bbox 503 4762 573 4816; x_wconf 88' lang='lat' dir='ltr'><strong>de</strong></span> <span class='ocrx_word' id='word_1_496' title='bbox 591 4760 728 4815; x_wconf 88' lang='lat' dir='ltr'><strong>Juda</strong></span> <span class='ocrx_word' id='word_1_497' title='bbox 749 4760 1030 4826; x_wconf 87' lang='lat' dir='ltr'><strong>traditore,</strong></span> <span class='ocrx_word' id='word_1_498' title='bbox 1061 4759 1128 4815; x_wconf 91' lang='lat' dir='ltr'><strong>de</strong></span> <span class='ocrx_word' id='word_1_499' title='bbox 1156 4775 1316 4814; x_wconf 89' lang='lat' dir='ltr'><strong>cruce</strong></span> <span class='ocrx_word' id='word_1_500' title='bbox 1335 4759 1564 4835; x_wconf 82' lang='lat' dir='ltr'><strong>Domini,</strong></span> <span class='ocrx_word' id='word_1_501' title='bbox 1597 4758 1665 4813; x_wconf 92' lang='lat' dir='ltr'><strong>de</strong></span> 
     </span>
    </p>
   </div>
   <div class='ocr_carea' id='block_1_70' title="bbox 122 4851 1665 4922">
    <p class='ocr_par' dir='ltr' id='par_1_70' title="bbox 122 4851 1665 4922">
     <span class='ocr_line' id='line_1_72' title="bbox 122 4851 1665 4922; baseline 0.005 -22"><span class='ocrx_word' id='word_1_502' title='bbox 122 4853 331 4918; x_wconf 76' lang='lat' dir='ltr'><strong>sepulcro</strong></span> <span class='ocrx_word' id='word_1_503' title='bbox 355 4855 469 4922; x_wconf 83' lang='lat' dir='ltr'><strong>ejus</strong></span> <span class='ocrx_word' id='word_1_504' title='bbox 499 4861 557 4909; x_wconf 91' lang='lat' dir='ltr'><strong>et</strong></span> <span class='ocrx_word' id='word_1_505' title='bbox 575 4853 642 4908; x_wconf 88' lang='lat' dir='ltr'><strong>de</strong></span> <span class='ocrx_word' id='word_1_506' title='bbox 665 4854 1061 4908; x_wconf 88' lang='lat' dir='ltr'><strong>resurrectione</strong></span> <span class='ocrx_word' id='word_1_507' title='bbox 1105 4852 1289 4920; x_wconf 88' lang='lat' dir='ltr'><strong>ipsius,</strong></span> <span class='ocrx_word' id='word_1_508' title='bbox 1323 4851 1392 4906; x_wconf 92' lang='lat' dir='ltr'><strong>de</strong></span> <span class='ocrx_word' id='word_1_509' title='bbox 1415 4860 1665 4908; x_wconf 89' lang='lat' dir='ltr'><strong>accusato</strong></span> 
     </span>
    </p>
   </div>
   <div class='ocr_carea' id='block_1_71' title="bbox 125 4936 1669 5010">
    <p class='ocr_par' dir='ltr' id='par_1_71' title="bbox 125 4936 1669 5010">
     <span class='ocr_line' id='line_1_73' title="bbox 125 4936 1669 5010; baseline 0.002 -19"><span class='ocrx_word' id='word_1_510' title='bbox 125 4945 167 4987; x_wconf 70' lang='lat' dir='ltr'><strong>tt</strong></span> <span class='ocrx_word' id='word_1_511' title='bbox 186 4936 412 4996; x_wconf 80' lang='lat' dir='ltr'><strong>damnato</strong></span> <span class='ocrx_word' id='word_1_512' title='bbox 435 4943 667 4997; x_wconf 84' lang='lat' dir='ltr'><strong>Domino</strong></span> <span class='ocrx_word' id='word_1_513' title='bbox 689 4940 826 5010; x_wconf 91' lang='lat' dir='ltr'><strong>apud</strong></span> <span class='ocrx_word' id='word_1_514' title='bbox 848 4940 1097 5007; x_wconf 87' lang='lat' dir='ltr'><strong>Pilatum,</strong></span> <span class='ocrx_word' id='word_1_515' title='bbox 1121 4940 1191 4995; x_wconf 90' lang='lat' dir='ltr'><strong>de</strong></span> <span class='ocrx_word' id='word_1_516' title='bbox 1213 4940 1456 4994; x_wconf 83' lang='lat' dir='ltr'><strong>kalendis</strong></span> <span class='ocrx_word' id='word_1_517' title='bbox 1475 4939 1669 4994; x_wconf 87' lang='lat' dir='ltr'><strong>Janua-</strong></span> 
     </span>
    </p>
   </div>
   <div class='ocr_carea' id='block_1_72' title="bbox 125 5028 1665 5101">
    <p class='ocr_par' dir='ltr' id='par_1_72' title="bbox 125 5028 1665 5101">
     <span class='ocr_line' id='line_1_74' title="bbox 125 5028 1665 5101; baseline 0.005 -25"><span class='ocrx_word' id='word_1_518' title='bbox 125 5028 191 5079; x_wconf 83' lang='lat' dir='ltr'><strong>rii.</strong></span> <span class='ocrx_word' id='word_1_519' title='bbox 214 5029 420 5101; x_wconf 85' lang='lat' dir='ltr'><strong>Scripsit</strong></span> <span class='ocrx_word' id='word_1_520' title='bbox 447 5033 615 5088; x_wconf 85' lang='lat' dir='ltr'><strong>etiam</strong></span> <span class='ocrx_word' id='word_1_521' title='bbox 643 5031 891 5085; x_wconf 88' lang='lat' dir='ltr'><strong>homilias</strong></span> <span class='ocrx_word' id='word_1_522' title='bbox 917 5031 986 5085; x_wconf 91' lang='lat' dir='ltr'><strong>de</strong></span> <span class='ocrx_word' id='word_1_523' title='bbox 1008 5030 1185 5084; x_wconf 84' lang='lat' dir='ltr'><strong>Natali</strong></span> <span class='ocrx_word' id='word_1_524' title='bbox 1209 5030 1454 5096; x_wconf 92' lang='lat' dir='ltr'><strong>Domini;</strong></span> <span class='ocrx_word' id='word_1_525' title='bbox 1486 5030 1665 5084; x_wconf 88' lang='lat' dir='ltr'><strong>homi-</strong></span> 
     </span>
    </p>
   </div>
   <div class='ocr_carea' id='block_1_73' title="bbox 126 5115 1668 5192">
    <p class='ocr_par' dir='ltr' id='par_1_73' title="bbox 126 5115 1668 5192">
     <span class='ocr_line' id='line_1_75' title="bbox 126 5115 1668 5192; baseline 0.003 -23"><span class='ocrx_word' id='word_1_526' title='bbox 126 5115 204 5172; x_wconf 82' lang='lat' dir='ltr'><strong>lias</strong></span> <span class='ocrx_word' id='word_1_527' title='bbox 226 5119 284 5174; x_wconf 87' lang='lat' dir='ltr'><strong>de</strong></span> <span class='ocrx_word' id='word_1_528' title='bbox 307 5120 675 5192; x_wconf 84' lang='lat' dir='ltr'><strong>Theophania,</strong></span> <span class='ocrx_word' id='word_1_529' title='bbox 707 5127 764 5176; x_wconf 90' lang='lat' dir='ltr'><strong>et</strong></span> <span class='ocrx_word' id='word_1_530' title='bbox 791 5119 860 5174; x_wconf 89' lang='lat' dir='ltr'><strong>de</strong></span> <span class='ocrx_word' id='word_1_531' title='bbox 890 5119 1118 5183; x_wconf 88' lang='lat' dir='ltr'><strong>Pascha,</strong></span> <span class='ocrx_word' id='word_1_532' title='bbox 1143 5128 1199 5175; x_wconf 92' lang='lat' dir='ltr'><strong>et</strong></span> <span class='ocrx_word' id='word_1_533' title='bbox 1237 5121 1305 5175; x_wconf 92' lang='lat' dir='ltr'><strong>de</strong></span> <span class='ocrx_word' id='word_1_534' title='bbox 1346 5118 1668 5174; x_wconf 84' lang='lat' dir='ltr'><strong>Pentecoste</strong></span> 
     </span>
    </p>
   </div>
   <div class='ocr_carea' id='block_1_74' title="bbox 124 5208 1668 5275">
    <p class='ocr_par' dir='ltr' id='par_1_74' title="bbox 124 5208 1668 5275">
     <span class='ocr_line' id='line_1_76' title="bbox 124 5208 1668 5275; baseline 0.006 -19"><span class='ocrx_word' id='word_1_535' title='bbox 124 5208 300 5272; x_wconf 81' lang='lat' dir='ltr'><strong>multas,</strong></span> <span class='ocrx_word' id='word_1_536' title='bbox 345 5211 410 5266; x_wconf 92' lang='lat' dir='ltr'><strong>de</strong></span> <span class='ocrx_word' id='word_1_537' title='bbox 438 5211 692 5267; x_wconf 82' lang='lat' dir='ltr'><strong>hostibus</strong></span> <span class='ocrx_word' id='word_1_538' title='bbox 735 5210 1040 5265; x_wconf 83' lang='lat' dir='ltr'><strong>carnalibus</strong></span> <span class='ocrx_word' id='word_1_539' title='bbox 1069 5226 1177 5264; x_wconf 93' lang='lat' dir='ltr'><strong>non</strong></span> <span class='ocrx_word' id='word_1_540' title='bbox 1209 5211 1475 5275; x_wconf 89' lang='lat' dir='ltr'><strong>timendis,</strong></span> <span class='ocrx_word' id='word_1_541' title='bbox 1505 5219 1561 5264; x_wconf 92' lang='lat' dir='ltr'><strong>et</strong></span> <span class='ocrx_word' id='word_1_542' title='bbox 1601 5211 1668 5266; x_wconf 88' lang='lat' dir='ltr'><strong>de</strong></span> 
     </span>
    </p>
   </div>
   <div class='ocr_carea' id='block_1_75' title="bbox 126 5300 1656 5372">
    <p class='ocr_par' dir='ltr' id='par_1_75' title="bbox 126 5300 1656 5372">
     <span class='ocr_line' id='line_1_77' title="bbox 126 5300 1656 5372; baseline 0.005 -23"><span class='ocrx_word' id='word_1_543' title='bbox 126 5300 274 5359; x_wconf 69' lang='lat' dir='ltr'><strong>gratiis</strong></span> <span class='ocrx_word' id='word_1_544' title='bbox 297 5311 411 5370; x_wconf 84' lang='lat' dir='ltr'><strong>post</strong></span> <span class='ocrx_word' id='word_1_545' title='bbox 435 5303 618 5358; x_wconf 87' lang='lat' dir='ltr'><strong>cibum</strong></span> <span class='ocrx_word' id='word_1_546' title='bbox 662 5302 776 5356; x_wconf 90' lang='lat' dir='ltr'><strong>Deo</strong></span> <span class='ocrx_word' id='word_1_547' title='bbox 809 5302 1047 5370; x_wconf 83' lang='lat' dir='ltr'><strong>agendis,</strong></span> <span class='ocrx_word' id='word_1_548' title='bbox 1077 5302 1145 5357; x_wconf 89' lang='lat' dir='ltr'><strong>de</strong></span> <span class='ocrx_word' id='word_1_549' title='bbox 1174 5303 1490 5372; x_wconf 63' lang='lat' dir='ltr'><strong>paenitentia</strong></span> <span class='ocrx_word' id='word_1_550' title='bbox 1519 5302 1656 5357; x_wconf 88' lang='lat' dir='ltr'><strong>Nini-</strong></span> 
     </span>
    </p>
   </div>
   <div class='ocr_carea' id='block_1_76' title="bbox 125 5387 1661 5462">
    <p class='ocr_par' dir='ltr' id='par_1_76' title="bbox 125 5387 1661 5462">
     <span class='ocr_line' id='line_1_78' title="bbox 125 5387 1661 5462; baseline 0.006 -25"><span class='ocrx_word' id='word_1_551' title='bbox 125 5387 334 5454; x_wconf 72' lang='lat' dir='ltr'><strong>vitarum,</strong></span> <span class='ocrx_word' id='word_1_552' title='bbox 356 5402 410 5447; x_wconf 91' lang='lat' dir='ltr'><strong>et</strong></span> <span class='ocrx_word' id='word_1_553' title='bbox 432 5392 630 5447; x_wconf 90' lang='lat' dir='ltr'><strong>multas</strong></span> <span class='ocrx_word' id='word_1_554' title='bbox 649 5392 783 5446; x_wconf 86' lang='lat' dir='ltr'><strong>alias</strong></span> <span class='ocrx_word' id='word_1_555' title='bbox 803 5391 921 5461; x_wconf 90' lang='lat' dir='ltr'><strong>ejus</strong></span> <span class='ocrx_word' id='word_1_556' title='bbox 939 5391 1188 5446; x_wconf 88' lang='lat' dir='ltr'><strong>homilias</strong></span> <span class='ocrx_word' id='word_1_557' title='bbox 1206 5393 1274 5448; x_wconf 88' lang='lat' dir='ltr'><strong>de</strong></span> <span class='ocrx_word' id='word_1_558' title='bbox 1295 5392 1522 5448; x_wconf 86' lang='lat' dir='ltr'><strong>diversis</strong></span> <span class='ocrx_word' id='word_1_559' title='bbox 1539 5393 1661 5462; x_wconf 84' lang='lat' dir='ltr'><strong>legi,</strong></span> 
     </span>
    </p>
   </div>
   <div class='ocr_carea' id='block_1_77' title="bbox 130 5587 1655 5713">
    <p class='ocr_par' dir='ltr' id='par_1_77' title="bbox 130 5587 1655 5713">
     <span class='ocr_line' id='line_1_79' title="bbox 130 5587 1655 5713; baseline -0.017 -55"><span class='ocrx_word' id='word_1_560' title='bbox 130 5587 394 5713; x_wconf 46' lang='lat' dir='ltr'><strong>&#39;liiﬂl‘god.</strong></span> <span class='ocrx_word' id='word_1_561' title='bbox 439 5593 560 5648; x_wconf 78' lang='lat' dir='ltr'><strong>Vat.</strong></span> <span class='ocrx_word' id='word_1_562' title='bbox 593 5592 727 5662; x_wconf 87' lang='lat' dir='ltr'><strong>Reg.</strong></span> <span class='ocrx_word' id='word_1_563' title='bbox 771 5607 893 5648; x_wconf 75' lang='lat' dir='ltr'><strong>saec.</strong></span> <span class='ocrx_word' id='word_1_564' title='bbox 925 5609 1015 5647; x_wconf 86' lang='lat' dir='ltr'><strong>vm</strong></span> <span class='ocrx_word' id='word_1_565' title='bbox 1063 5592 1226 5647; x_wconf 87' lang='lat' dir='ltr'><strong>habet</strong></span> <span class='ocrx_word' id='word_1_566' title='bbox 1257 5633 1269 5645; x_wconf 93' lang='lat'><strong>.</strong></span> <span class='ocrx_word' id='word_1_567' title='bbox 1302 5594 1378 5647; x_wconf 75' lang='lat' dir='ltr'><strong>vir</strong></span> <span class='ocrx_word' id='word_1_568' title='bbox 1423 5594 1476 5647; x_wconf 89' lang='lat' dir='ltr'><strong>in</strong></span> <span class='ocrx_word' id='word_1_569' title='bbox 1524 5596 1655 5649; x_wconf 68' lang='grc' dir='ltr'><strong>αἰνι-</strong></span> 
     </span>
    </p>
   </div>
   <div class='ocr_carea' id='block_1_78' title="bbox 186 5727 1433 5800">
    <p class='ocr_par' dir='ltr' id='par_1_78' title="bbox 186 5727 1433 5800">
     <span class='ocr_line' id='line_1_80' title="bbox 186 5727 1433 5800; baseline -0.003 -12"><span class='ocrx_word' id='word_1_570' title='bbox 186 5727 246 5792; x_wconf 69' lang='grc' dir='ltr'><strong>(δλ</strong></span> <span class='ocrx_word' id='word_1_571' title='bbox 273 5727 404 5790; x_wconf 82' lang='lat' dir='ltr'><strong>Idem</strong></span> <span class='ocrx_word' id='word_1_572' title='bbox 431 5732 551 5789; x_wconf 86' lang='lat' dir='ltr'><strong>cod.</strong></span> <span class='ocrx_word' id='word_1_573' title='bbox 583 5730 715 5800; x_wconf 85' lang='lat' dir='ltr'><strong>Reg.</strong></span> <span class='ocrx_word' id='word_1_574' title='bbox 749 5731 876 5800; x_wconf 80' lang='lat' dir='ltr'><strong>legit</strong></span> <span class='ocrx_word' id='word_1_575' title='bbox 911 5749 921 5760; x_wconf 93' lang='grc'><strong>·</strong></span> <span class='ocrx_word' id='word_1_576' title='bbox 954 5747 1082 5789; x_wconf 72' lang='lat' dir='ltr'><strong>quas</strong></span> <span class='ocrx_word' id='word_1_577' title='bbox 1104 5747 1194 5784; x_wconf 82' lang='lat' dir='ltr'><strong>nec</strong></span> <span class='ocrx_word' id='word_1_578' title='bbox 1222 5737 1433 5785; x_wconf 72' lang='lat' dir='ltr'><strong>retineo.</strong></span> 
     </span>
    </p>
   </div>
   <div class='ocr_carea' id='block_1_79' title="bbox 1690 3311 3319 3380">
    <p class='ocr_par' dir='ltr' id='par_1_79' title="bbox 1690 3311 3319 3380">
     <span class='ocr_line' id='line_1_81' title="bbox 1690 3311 3319 3380; baseline 0.007 -18"><span class='ocrx_word' id='word_1_579' title='bbox 1690 3313 1737 3376; x_wconf 74' lang='grc' dir='ltr'><em>ε</em></span> <span class='ocrx_word' id='word_1_580' title='bbox 1770 3311 1844 3380; x_wconf 89' lang='lat' dir='ltr'><strong>(b)</strong></span> <span class='ocrx_word' id='word_1_581' title='bbox 1890 3326 2023 3379; x_wconf 91' lang='lat' dir='ltr'><strong>quas</strong></span> <span class='ocrx_word' id='word_1_582' title='bbox 2051 3312 2278 3368; x_wconf 89' lang='lat' dir='ltr'><strong>retineo.</strong></span> <span class='ocrx_word' id='word_1_583' title='bbox 2321 3313 2544 3368; x_wconf 84' lang='lat' dir='ltr'><strong>Moritur</strong></span> <span class='ocrx_word' id='word_1_584' title='bbox 2573 3313 2813 3370; x_wconf 86' lang='lat' dir='ltr'><strong>Honorio</strong></span> <span class='ocrx_word' id='word_1_585' title='bbox 2842 3323 2898 3370; x_wconf 82' lang='lat' dir='ltr'><strong>et</strong></span> <span class='ocrx_word' id='word_1_586' title='bbox 2919 3315 3226 3373; x_wconf 85' lang='lat' dir='ltr'><strong>Theodosio</strong></span> <span class='ocrx_word' id='word_1_587' title='bbox 3253 3317 3319 3373; x_wconf 83' lang='lat' dir='ltr'><strong>Ju</strong></span> 
     </span>
    </p>
   </div>
   <div class='ocr_carea' id='block_1_80' title="bbox 1765 3404 3236 3479">
    <p class='ocr_par' dir='ltr' id='par_1_80' title="bbox 1765 3404 3236 3479">
     <span class='ocr_line' id='line_1_82' title="bbox 1765 3404 3236 3479; baseline 0.005 -23"><span class='ocrx_word' id='word_1_588' title='bbox 1765 3404 1919 3458; x_wconf 90' lang='lat' dir='ltr'><strong>niore</strong></span> <span class='ocrx_word' id='word_1_589' title='bbox 1948 3405 2296 3472; x_wconf 86' lang='lat' dir='ltr'><strong>regnantibus</strong></span> <span class='ocrx_word' id='word_1_590' title='bbox 2327 3406 2398 3476; x_wconf 78' lang='grc' dir='ltr'><strong>(ε)</strong></span> <span class='ocrx_word' id='word_1_591' title='bbox 2424 3422 2566 3460; x_wconf 90' lang='lat' dir='ltr'><strong>anno</strong></span> <span class='ocrx_word' id='word_1_592' title='bbox 2592 3408 2659 3461; x_wconf 92' lang='lat' dir='ltr'><strong>ab</strong></span> <span class='ocrx_word' id='word_1_593' title='bbox 2681 3408 2811 3463; x_wconf 88' lang='lat' dir='ltr'><strong>orbe</strong></span> <span class='ocrx_word' id='word_1_594' title='bbox 2832 3408 3112 3479; x_wconf 87' lang='lat' dir='ltr'><strong>redempto</strong></span> <span class='ocrx_word' id='word_1_595' title='bbox 3133 3409 3236 3464; x_wconf 73' lang='grc'><strong>420</strong></span> 
     </span>
    </p>
   </div>
   <div class='ocr_carea' id='block_1_81' title="bbox 2033 3511 3082 3574">
    <p class='ocr_par' dir='ltr' id='par_1_81' title="bbox 2033 3511 3082 3574">
     <span class='ocr_line' id='line_1_83' title="bbox 2033 3511 3082 3574; baseline 0.004 -7"><span class='ocrx_word' id='word_1_596' title='bbox 2033 3511 2376 3569; x_wconf 76' lang='lat' dir='ltr'><strong>HONORIUS</strong></span> <span class='ocrx_word' id='word_1_597' title='bbox 2405 3515 3082 3574; x_wconf 81' lang='lat' dir='ltr'><strong>AUGUSTODUNENSIS.</strong></span> 
     </span>
    </p>
   </div>
   <div class='ocr_carea' id='block_1_82' title="bbox 2396 3621 2726 3660">
    <p class='ocr_par' dir='ltr' id='par_1_82' title="bbox 2396 3621 2726 3660">
     <span class='ocr_line' id='line_1_84' title="bbox 2396 3621 2726 3660; baseline 0.003 -2"><span class='ocrx_word' id='word_1_598' title='bbox 2396 3621 2610 3660; x_wconf 64' lang='grc' dir='ltr'><strong>δεουιο</strong></span> <span class='ocrx_word' id='word_1_599' title='bbox 2633 3623 2726 3659; x_wconf 79' lang='grc' dir='ltr'><strong>ΧΠ.</strong></span> 
     </span>
    </p>
   </div>
   <div class='ocr_carea' id='block_1_83' title="bbox 1765 3695 3328 3769">
    <p class='ocr_par' dir='ltr' id='par_1_83' title="bbox 1765 3695 3328 3769">
     <span class='ocr_line' id='line_1_85' title="bbox 1765 3695 3328 3769; baseline 0.005 -20"><span class='ocrx_word' id='word_1_600' title='bbox 1765 3696 1845 3751; x_wconf 83' lang='lat' dir='ltr'><strong>De</strong></span> <span class='ocrx_word' id='word_1_601' title='bbox 1893 3696 2253 3769; x_wconf 68' lang='lat' dir='ltr'><strong>Luminaribua</strong></span> <span class='ocrx_word' id='word_1_602' title='bbox 2295 3695 2561 3769; x_wconf 68' lang='lat' dir='ltr'><strong>Ecclesiae,</strong></span> <span class='ocrx_word' id='word_1_603' title='bbox 2585 3700 2691 3752; x_wconf 77' lang='lat' dir='ltr'><strong>sive</strong></span> <span class='ocrx_word' id='word_1_604' title='bbox 2717 3699 2782 3751; x_wconf 87' lang='lat' dir='ltr'><strong>de</strong></span> <span class='ocrx_word' id='word_1_605' title='bbox 2806 3698 3160 3769; x_wconf 69' lang='lat' dir='ltr'><strong>scriptoribus</strong></span> <span class='ocrx_word' id='word_1_606' title='bbox 3192 3714 3328 3757; x_wconf 79' lang='lat' dir='ltr'><strong>eccte</strong></span> 
     </span>
    </p>
   </div>
   <div class='ocr_carea' id='block_1_84' title="bbox 2182 3766 2929 3837">
    <p class='ocr_par' dir='ltr' id='par_1_84' title="bbox 2182 3766 2929 3837">
     <span class='ocr_line' id='line_1_86' title="bbox 2182 3766 2929 3837; baseline 0.005 -19"><span class='ocrx_word' id='word_1_607' title='bbox 2182 3768 2427 3829; x_wconf 77' lang='lat' dir='ltr'><strong>siaslicis,</strong></span> <span class='ocrx_word' id='word_1_608' title='bbox 2460 3766 2550 3821; x_wconf 79' lang='lat' dir='ltr'><strong>lib.</strong></span> <span class='ocrx_word' id='word_1_609' title='bbox 2575 3784 2665 3832; x_wconf 82' lang='lat' dir='ltr'><strong>xx,</strong></span> <span class='ocrx_word' id='word_1_610' title='bbox 2699 3785 2814 3837; x_wconf 86' lang='lat' dir='ltr'><strong>cap.</strong></span> <span class='ocrx_word' id='word_1_611' title='bbox 2843 3766 2929 3822; x_wconf 72' lang='lat'><strong>20.</strong></span> 
     </span>
    </p>
   </div>
   <div class='ocr_carea' id='block_1_85' title="bbox 1837 3878 3352 3950">
    <p class='ocr_par' dir='ltr' id='par_1_85' title="bbox 1837 3878 3352 3950">
     <span class='ocr_line' id='line_1_87' title="bbox 1837 3878 3352 3950; baseline 0.005 -18"><span class='ocrx_word' id='word_1_612' title='bbox 1837 3878 2098 3933; x_wconf 83' lang='lat' dir='ltr'><strong>Maximus</strong></span> <span class='ocrx_word' id='word_1_613' title='bbox 2143 3879 2488 3934; x_wconf 87' lang='lat' dir='ltr'><strong>Taurinensis</strong></span> <span class='ocrx_word' id='word_1_614' title='bbox 2541 3878 2796 3935; x_wconf 74' lang='lat' dir='ltr'><strong>Ecclesiae</strong></span> <span class='ocrx_word' id='word_1_615' title='bbox 2823 3881 3107 3950; x_wconf 87' lang='lat' dir='ltr'><strong>episcopus</strong></span> <span class='ocrx_word' id='word_1_616' title='bbox 3129 3924 3143 3948; x_wconf 94' lang='lat'><strong>,</strong></span> <span class='ocrx_word' id='word_1_617' title='bbox 3189 3885 3274 3938; x_wconf 91' lang='lat' dir='ltr'><strong>vir</strong></span> <span class='ocrx_word' id='word_1_618' title='bbox 3302 3886 3352 3939; x_wconf 83' lang='lat' dir='ltr'><strong>in</strong></span> 
     </span>
    </p>
   </div>
   <div class='ocr_carea' id='block_1_86' title="bbox 1765 3969 3356 4047">
    <p class='ocr_par' dir='ltr' id='par_1_86' title="bbox 1765 3969 3356 4047">
     <span class='ocr_line' id='line_1_88' title="bbox 1765 3969 3356 4047; baseline 0.003 -23"><span class='ocrx_word' id='word_1_619' title='bbox 1765 3969 1960 4047; x_wconf 85' lang='lat' dir='ltr'><strong>divinis</strong></span> <span class='ocrx_word' id='word_1_620' title='bbox 1983 3970 2274 4039; x_wconf 91' lang='lat' dir='ltr'><strong>Scripturis</strong></span> <span class='ocrx_word' id='word_1_621' title='bbox 2296 3971 2426 4025; x_wconf 88' lang='lat' dir='ltr'><strong>satis</strong></span> <span class='ocrx_word' id='word_1_622' title='bbox 2456 3970 2714 4035; x_wconf 87' lang='lat' dir='ltr'><strong>intentus,</strong></span> <span class='ocrx_word' id='word_1_623' title='bbox 2741 3974 3044 4040; x_wconf 91' lang='lat' dir='ltr'><strong>composuit</strong></span> <span class='ocrx_word' id='word_1_624' title='bbox 3067 3974 3116 4027; x_wconf 92' lang='lat' dir='ltr'><strong>in</strong></span> <span class='ocrx_word' id='word_1_625' title='bbox 3142 3973 3356 4029; x_wconf 86' lang='lat' dir='ltr'><strong>laudem</strong></span> 
     </span>
    </p>
   </div>
   <div class='ocr_carea' id='block_1_87' title="bbox 1768 4061 3357 4133">
    <p class='ocr_par' dir='ltr' id='par_1_87' title="bbox 1768 4061 3357 4133">
     <span class='ocr_line' id='line_1_89' title="bbox 1768 4061 3357 4133; baseline 0.002 -17"><span class='ocrx_word' id='word_1_626' title='bbox 1768 4063 2136 4132; x_wconf 87' lang='lat' dir='ltr'><strong>apostolorum</strong></span> <span class='ocrx_word' id='word_1_627' title='bbox 2170 4070 2446 4126; x_wconf 91' lang='lat' dir='ltr'><strong>tractatus,</strong></span> <span class='ocrx_word' id='word_1_628' title='bbox 2481 4070 2537 4116; x_wconf 92' lang='lat' dir='ltr'><strong>et</strong></span> <span class='ocrx_word' id='word_1_629' title='bbox 2564 4063 2619 4116; x_wconf 92' lang='lat' dir='ltr'><strong>in</strong></span> <span class='ocrx_word' id='word_1_630' title='bbox 2645 4061 2869 4118; x_wconf 90' lang='lat' dir='ltr'><strong>Joannis</strong></span> <span class='ocrx_word' id='word_1_631' title='bbox 2891 4063 3160 4132; x_wconf 80' lang='lat' dir='ltr'><strong>Baptistae,</strong></span> <span class='ocrx_word' id='word_1_632' title='bbox 3194 4075 3247 4119; x_wconf 90' lang='lat' dir='ltr'><strong>et</strong></span> <span class='ocrx_word' id='word_1_633' title='bbox 3267 4081 3357 4133; x_wconf 84' lang='lat' dir='ltr'><strong>ge-</strong></span> 
     </span>
    </p>
   </div>
   <div class='ocr_carea' id='block_1_88' title="bbox 1771 4153 3350 4222">
    <p class='ocr_par' dir='ltr' id='par_1_88' title="bbox 1771 4153 3350 4222">
     <span class='ocr_line' id='line_1_90' title="bbox 1771 4153 3350 4222; baseline 0.004 -17"><span class='ocrx_word' id='word_1_634' title='bbox 1771 4153 2012 4206; x_wconf 88' lang='lat' dir='ltr'><strong>neralem</strong></span> <span class='ocrx_word' id='word_1_635' title='bbox 2041 4153 2279 4206; x_wconf 92' lang='lat' dir='ltr'><strong>omnium</strong></span> <span class='ocrx_word' id='word_1_636' title='bbox 2309 4159 2606 4222; x_wconf 88' lang='lat' dir='ltr'><strong>martyrum</strong></span> <span class='ocrx_word' id='word_1_637' title='bbox 2632 4153 2929 4207; x_wconf 81' lang='lat' dir='ltr'><strong>ltomiliam.</strong></span> <span class='ocrx_word' id='word_1_638' title='bbox 2960 4153 3065 4209; x_wconf 91' lang='lat' dir='ltr'><strong>Sed</strong></span> <span class='ocrx_word' id='word_1_639' title='bbox 3091 4164 3147 4209; x_wconf 89' lang='lat' dir='ltr'><strong>ct</strong></span> <span class='ocrx_word' id='word_1_640' title='bbox 3169 4156 3234 4210; x_wconf 89' lang='lat' dir='ltr'><strong>de</strong></span> <span class='ocrx_word' id='word_1_641' title='bbox 3264 4173 3350 4210; x_wconf 85' lang='lat' dir='ltr'><strong>ca-</strong></span> 
     </span>
    </p>
   </div>
   <div class='ocr_carea' id='block_1_89' title="bbox 1768 4241 3351 4313">
    <p class='ocr_par' dir='ltr' id='par_1_89' title="bbox 1768 4241 3351 4313">
     <span class='ocr_line' id='line_1_91' title="bbox 1768 4241 3351 4313; baseline 0.004 -19"><span class='ocrx_word' id='word_1_642' title='bbox 1768 4241 1948 4311; x_wconf 89' lang='lat' dir='ltr'><strong>pitulis</strong></span> <span class='ocrx_word' id='word_1_643' title='bbox 1993 4241 2404 4310; x_wconf 85' lang='lat' dir='ltr'><strong>Evangeliorum</strong></span> <span class='ocrx_word' id='word_1_644' title='bbox 2432 4250 2486 4296; x_wconf 90' lang='lat' dir='ltr'><strong>et</strong></span> <span class='ocrx_word' id='word_1_645' title='bbox 2514 4243 2741 4297; x_wconf 89' lang='lat' dir='ltr'><strong>Actuum</strong></span> <span class='ocrx_word' id='word_1_646' title='bbox 2769 4245 3137 4313; x_wconf 87' lang='lat' dir='ltr'><strong>apostolorum</strong></span> <span class='ocrx_word' id='word_1_647' title='bbox 3183 4247 3351 4300; x_wconf 88' lang='lat' dir='ltr'><strong>multa</strong></span> 
     </span>
    </p>
   </div>
   <div class='ocr_carea' id='block_1_90' title="bbox 1768 4332 3356 4402">
    <p class='ocr_par' dir='ltr' id='par_1_90' title="bbox 1768 4332 3356 4402">
     <span class='ocr_line' id='line_1_92' title="bbox 1768 4332 3356 4402; baseline 0.003 -16"><span class='ocrx_word' id='word_1_648' title='bbox 1768 4333 2040 4401; x_wconf 87' lang='lat' dir='ltr'><strong>sapienter</strong></span> <span class='ocrx_word' id='word_1_649' title='bbox 2087 4333 2351 4402; x_wconf 85' lang='lat' dir='ltr'><strong>exposuit.</strong></span> <span class='ocrx_word' id='word_1_650' title='bbox 2401 4332 2555 4386; x_wconf 89' lang='lat' dir='ltr'><strong>Fecit</strong></span> <span class='ocrx_word' id='word_1_651' title='bbox 2599 4341 2654 4387; x_wconf 91' lang='lat' dir='ltr'><strong>et</strong></span> <span class='ocrx_word' id='word_1_652' title='bbox 2682 4333 2818 4388; x_wconf 90' lang='lat' dir='ltr'><strong>duos</strong></span> <span class='ocrx_word' id='word_1_653' title='bbox 2846 4334 2912 4392; x_wconf 88' lang='lat' dir='ltr'><strong>de</strong></span> <span class='ocrx_word' id='word_1_654' title='bbox 2941 4336 3356 4391; x_wconf 77' lang='lat' dir='ltr'><strong>conversatione</strong></span> 
     </span>
    </p>
   </div>
   <div class='ocr_carea' id='block_1_91' title="bbox 1768 4421 3357 4492">
    <p class='ocr_par' dir='ltr' id='par_1_91' title="bbox 1768 4421 3357 4492">
     <span class='ocr_line' id='line_1_93' title="bbox 1768 4421 3357 4492; baseline 0.003 -16"><span class='ocrx_word' id='word_1_655' title='bbox 1768 4422 1941 4476; x_wconf 90' lang='lat' dir='ltr'><strong>sancti</strong></span> <span class='ocrx_word' id='word_1_656' title='bbox 1998 4421 2214 4476; x_wconf 90' lang='lat' dir='ltr'><strong>Eusebii</strong></span> <span class='ocrx_word' id='word_1_657' title='bbox 2267 4421 2624 4476; x_wconf 82' lang='lat' dir='ltr'><strong>Vercellensis</strong></span> <span class='ocrx_word' id='word_1_658' title='bbox 2679 4423 2920 4492; x_wconf 89' lang='lat' dir='ltr'><strong>episcopi</strong></span> <span class='ocrx_word' id='word_1_659' title='bbox 2949 4431 2996 4478; x_wconf 90' lang='lat' dir='ltr'><strong>et</strong></span> <span class='ocrx_word' id='word_1_660' title='bbox 3031 4424 3357 4482; x_wconf 77' lang='lat' dir='ltr'><strong>confessoris</strong></span> 
     </span>
    </p>
   </div>
   <div class='ocr_carea' id='block_1_92' title="bbox 1769 4512 3356 4586">
    <p class='ocr_par' dir='ltr' id='par_1_92' title="bbox 1769 4512 3356 4586">
     <span class='ocr_line' id='line_1_94' title="bbox 1769 4512 3356 4586; baseline 0.005 -20"><span class='ocrx_word' id='word_1_661' title='bbox 1769 4519 2048 4567; x_wconf 89' lang='lat' dir='ltr'><strong>tractatus.</strong></span> <span class='ocrx_word' id='word_1_662' title='bbox 2080 4512 2156 4568; x_wconf 88' lang='lat' dir='ltr'><strong>De</strong></span> <span class='ocrx_word' id='word_1_663' title='bbox 2186 4521 2373 4568; x_wconf 89' lang='lat' dir='ltr'><strong>sancto</strong></span> <span class='ocrx_word' id='word_1_664' title='bbox 2401 4515 2696 4583; x_wconf 88' lang='lat' dir='ltr'><strong>Stephano,</strong></span> <span class='ocrx_word' id='word_1_665' title='bbox 2720 4515 2788 4570; x_wconf 90' lang='lat' dir='ltr'><strong>de</strong></span> <span class='ocrx_word' id='word_1_666' title='bbox 2810 4515 3059 4586; x_wconf 85' lang='lat' dir='ltr'><strong>baptismi</strong></span> <span class='ocrx_word' id='word_1_667' title='bbox 3079 4516 3263 4574; x_wconf 84' lang='lat' dir='ltr'><strong>Gratia</strong></span> <span class='ocrx_word' id='word_1_668' title='bbox 3290 4518 3356 4574; x_wconf 88' lang='lat' dir='ltr'><strong>li--</strong></span> 
     </span>
    </p>
   </div>
   <div class='ocr_carea' id='block_1_93' title="bbox 1768 4604 3357 4676">
    <p class='ocr_par' dir='ltr' id='par_1_93' title="bbox 1768 4604 3357 4676">
     <span class='ocr_line' id='line_1_95' title="bbox 1768 4604 3357 4676; baseline 0.005 -18"><span class='ocrx_word' id='word_1_669' title='bbox 1768 4605 1925 4658; x_wconf 92' lang='lat' dir='ltr'><strong>brum</strong></span> <span class='ocrx_word' id='word_1_670' title='bbox 1954 4604 2141 4673; x_wconf 90' lang='lat' dir='ltr'><strong>edidit,</strong></span> <span class='ocrx_word' id='word_1_671' title='bbox 2165 4604 2232 4659; x_wconf 91' lang='lat' dir='ltr'><strong>de</strong></span> <span class='ocrx_word' id='word_1_672' title='bbox 2260 4605 2505 4671; x_wconf 87' lang='lat' dir='ltr'><strong>avaritia,</strong></span> <span class='ocrx_word' id='word_1_673' title='bbox 2535 4605 2604 4660; x_wconf 90' lang='lat' dir='ltr'><strong>de</strong></span> <span class='ocrx_word' id='word_1_674' title='bbox 2630 4605 3018 4676; x_wconf 87' lang='lat' dir='ltr'><strong>hospitalitate,</strong></span> <span class='ocrx_word' id='word_1_675' title='bbox 3050 4607 3118 4662; x_wconf 92' lang='lat' dir='ltr'><strong>de</strong></span> <span class='ocrx_word' id='word_1_676' title='bbox 3145 4608 3357 4666; x_wconf 90' lang='lat' dir='ltr'><strong>defectu</strong></span> 
     </span>
    </p>
   </div>
   <div class='ocr_carea' id='block_1_94' title="bbox 2455 4697 3352 4769">
    <p class='ocr_par' dir='ltr' id='par_1_94' title="bbox 2455 4697 3352 4769">
     <span class='ocr_line' id='line_1_96' title="bbox 2455 4697 3352 4769; baseline 0.006 -19"><span class='ocrx_word' id='word_1_677' title='bbox 2455 4697 2521 4751; x_wconf 91' lang='lat' dir='ltr'><strong>de</strong></span> <span class='ocrx_word' id='word_1_678' title='bbox 2548 4697 2801 4766; x_wconf 90' lang='lat' dir='ltr'><strong>passione</strong></span> <span class='ocrx_word' id='word_1_679' title='bbox 2831 4698 3065 4764; x_wconf 88' lang='lat' dir='ltr'><strong>Domini,</strong></span> <span class='ocrx_word' id='word_1_680' title='bbox 3097 4699 3165 4754; x_wconf 92' lang='lat' dir='ltr'><strong>de</strong></span> <span class='ocrx_word' id='word_1_681' title='bbox 3206 4699 3352 4769; x_wconf 89' lang='lat' dir='ltr'><strong>jeju-</strong></span> 
     </span>
    </p>
   </div>
   <div class='ocr_carea' id='block_1_95' title="bbox 1771 4778 3356 4858">
    <p class='ocr_par' dir='ltr' id='par_1_95' title="bbox 1771 4778 3356 4858">
     <span class='ocr_line' id='line_1_97' title="bbox 1771 4778 3356 4858; baseline 0.004 -19"><span class='ocrx_word' id='word_1_682' title='bbox 1771 4786 1861 4840; x_wconf 91' lang='lat' dir='ltr'><strong>nio</strong></span> <span class='ocrx_word' id='word_1_683' title='bbox 1890 4786 2106 4855; x_wconf 91' lang='lat' dir='ltr'><strong>speciali</strong></span> <span class='ocrx_word' id='word_1_684' title='bbox 2129 4787 2576 4855; x_wconf 86' lang='lat' dir='ltr'><strong>Quadragesimae,</strong></span> <span class='ocrx_word' id='word_1_685' title='bbox 2599 4778 2668 4843; x_wconf 85' lang='lat' dir='ltr'><strong>de</strong></span> <span class='ocrx_word' id='word_1_686' title='bbox 2694 4788 2937 4844; x_wconf 86' lang='lat' dir='ltr'><strong>kalendis</strong></span> <span class='ocrx_word' id='word_1_687' title='bbox 2964 4787 3238 4858; x_wconf 86' lang='lat' dir='ltr'><strong>Januarii;</strong></span> <span class='ocrx_word' id='word_1_688' title='bbox 3264 4793 3356 4846; x_wconf 88' lang='lat' dir='ltr'><strong>ho-</strong></span> 
     </span>
    </p>
   </div>
   <div class='ocr_carea' id='block_1_96' title="bbox 1768 4875 3347 4948">
    <p class='ocr_par' dir='ltr' id='par_1_96' title="bbox 1768 4875 3347 4948">
     <span class='ocr_line' id='line_1_98' title="bbox 1768 4875 3347 4948; baseline 0.004 -20"><span class='ocrx_word' id='word_1_689' title='bbox 1768 4875 1946 4930; x_wconf 89' lang='lat' dir='ltr'><strong>milias</strong></span> <span class='ocrx_word' id='word_1_690' title='bbox 1970 4875 2039 4930; x_wconf 90' lang='lat' dir='ltr'><strong>de</strong></span> <span class='ocrx_word' id='word_1_691' title='bbox 2065 4875 2355 4931; x_wconf 85' lang='lat' dir='ltr'><strong>Nativitate</strong></span> <span class='ocrx_word' id='word_1_692' title='bbox 2397 4877 2629 4944; x_wconf 91' lang='lat' dir='ltr'><strong>Domini,</strong></span> <span class='ocrx_word' id='word_1_693' title='bbox 2659 4877 2726 4931; x_wconf 91' lang='lat' dir='ltr'><strong>de</strong></span> <span class='ocrx_word' id='word_1_694' title='bbox 2770 4877 3100 4948; x_wconf 89' lang='lat' dir='ltr'><strong>Epiphania,</strong></span> <span class='ocrx_word' id='word_1_695' title='bbox 3139 4879 3206 4935; x_wconf 89' lang='lat' dir='ltr'><strong>de</strong></span> <span class='ocrx_word' id='word_1_696' title='bbox 3256 4879 3347 4934; x_wconf 88' lang='lat' dir='ltr'><strong>Pa-</strong></span> 
     </span>
    </p>
   </div>
   <div class='ocr_carea' id='block_1_97' title="bbox 1769 4965 3354 5039">
    <p class='ocr_par' dir='ltr' id='par_1_97' title="bbox 1769 4965 3354 5039">
     <span class='ocr_line' id='line_1_99' title="bbox 1769 4965 3354 5039; baseline 0.004 -19"><span class='ocrx_word' id='word_1_697' title='bbox 1769 4966 1918 5032; x_wconf 88' lang='lat' dir='ltr'><strong>scha,</strong></span> <span class='ocrx_word' id='word_1_698' title='bbox 1951 4966 2019 5021; x_wconf 90' lang='lat' dir='ltr'><strong>de</strong></span> <span class='ocrx_word' id='word_1_699' title='bbox 2066 4965 2388 5022; x_wconf 88' lang='lat' dir='ltr'><strong>Pentecoste</strong></span> <span class='ocrx_word' id='word_1_700' title='bbox 2436 4969 2652 5036; x_wconf 90' lang='lat' dir='ltr'><strong>multas,</strong></span> <span class='ocrx_word' id='word_1_701' title='bbox 2684 4975 2740 5022; x_wconf 92' lang='lat' dir='ltr'><strong>et</strong></span> <span class='ocrx_word' id='word_1_702' title='bbox 2794 4969 2898 5023; x_wconf 89' lang='lat' dir='ltr'><strong>alia</strong></span> <span class='ocrx_word' id='word_1_703' title='bbox 2945 4969 3192 5039; x_wconf 87' lang='lat' dir='ltr'><strong>plurima.</strong></span> <span class='ocrx_word' id='word_1_704' title='bbox 3242 4971 3354 5028; x_wconf 87' lang='lat' dir='ltr'><strong>Sub</strong></span> 
     </span>
    </p>
   </div>
   <div class='ocr_carea' id='block_1_98' title="bbox 1770 5057 2304 5136">
    <p class='ocr_par' dir='ltr' id='par_1_98' title="bbox 1770 5057 2304 5136">
     <span class='ocr_line' id='line_1_100' title="bbox 1770 5057 2304 5136; baseline 0.004 -26"><span class='ocrx_word' id='word_1_705' title='bbox 1770 5057 2077 5113; x_wconf 84' lang='lat' dir='ltr'><strong>Theodosio</strong></span> <span class='ocrx_word' id='word_1_706' title='bbox 2092 5058 2304 5136; x_wconf 85' lang='lat' dir='ltr'><strong>claruit.</strong></span> 
     </span>
    </p>
   </div>
   <div class='ocr_carea' id='block_1_99' title="bbox 2162 5145 2954 5204">
    <p class='ocr_par' dir='ltr' id='par_1_99' title="bbox 2162 5145 2954 5204">
     <span class='ocr_line' id='line_1_101' title="bbox 2162 5145 2954 5204; baseline 0.004 -3"><span class='ocrx_word' id='word_1_707' title='bbox 2162 5145 2464 5203; x_wconf 80' lang='lat' dir='ltr'><strong>JOANNES</strong></span> <span class='ocrx_word' id='word_1_708' title='bbox 2513 5147 2954 5204; x_wconf 84' lang='lat' dir='ltr'><strong>TRITHEMIUS.</strong></span> 
     </span>
    </p>
   </div>
   <div class='ocr_carea' id='block_1_100' title="bbox 2403 5253 2736 5293">
    <p class='ocr_par' dir='ltr' id='par_1_100' title="bbox 2403 5253 2736 5293">
     <span class='ocr_line' id='line_1_102' title="bbox 2403 5253 2736 5293; baseline -0.003 -1"><span class='ocrx_word' id='word_1_709' title='bbox 2403 5253 2618 5292; x_wconf 60' lang='grc' dir='ltr'><strong>δεουιο</strong></span> <span class='ocrx_word' id='word_1_710' title='bbox 2647 5255 2736 5293; x_wconf 70' lang='grc' dir='ltr'><strong>ιν.</strong></span> 
     </span>
    </p>
   </div>
   <div class='ocr_carea' id='block_1_101' title="bbox 1770 5326 3349 5397">
    <p class='ocr_par' dir='ltr' id='par_1_101' title="bbox 1770 5326 3349 5397">
     <span class='ocr_line' id='line_1_103' title="bbox 1770 5326 3349 5397; baseline 0.003 -16"><span class='ocrx_word' id='word_1_711' title='bbox 1770 5326 1837 5381; x_wconf 81' lang='lat' dir='ltr'><strong>In</strong></span> <span class='ocrx_word' id='word_1_712' title='bbox 1868 5327 2182 5397; x_wconf 77' lang='lat' dir='ltr'><strong>Bibliotheca</strong></span> <span class='ocrx_word' id='word_1_713' title='bbox 2210 5331 2580 5397; x_wconf 72' lang='lat' dir='ltr'><strong>ecclesiastica,</strong></span> <span class='ocrx_word' id='word_1_714' title='bbox 2605 5331 2718 5384; x_wconf 82' lang='lat' dir='ltr'><strong>cum</strong></span> <span class='ocrx_word' id='word_1_715' title='bbox 2739 5331 2874 5384; x_wconf 74' lang='lat' dir='ltr'><strong>notia</strong></span> <span class='ocrx_word' id='word_1_716' title='bbox 2898 5331 3114 5386; x_wconf 80' lang='lat' dir='ltr'><strong>editoris</strong></span> <span class='ocrx_word' id='word_1_717' title='bbox 3137 5332 3349 5386; x_wconf 77' lang='lat' dir='ltr'><strong>Aubcrtt</strong></span> 
     </span>
    </p>
   </div>
   <div class='ocr_carea' id='block_1_102' title="bbox 1839 5396 3346 5470">
    <p class='ocr_par' dir='ltr' id='par_1_102' title="bbox 1839 5396 3346 5470">
     <span class='ocr_line' id='line_1_104' title="bbox 1839 5396 3346 5470; baseline 0.004 -20"><span class='ocrx_word' id='word_1_718' title='bbox 1839 5396 2033 5461; x_wconf 66' lang='lat' dir='ltr'><strong>Mirari,</strong></span> <span class='ocrx_word' id='word_1_719' title='bbox 2065 5397 2356 5470; x_wconf 80' lang='lat' dir='ltr'><strong>Hamburgi</strong></span> <span class='ocrx_word' id='word_1_720' title='bbox 2384 5397 2542 5466; x_wconf 79' lang='lat' dir='ltr'><strong>I718,</strong></span> <span class='ocrx_word' id='word_1_721' title='bbox 2570 5401 2705 5454; x_wconf 86' lang='lat' dir='ltr'><strong>inter</strong></span> <span class='ocrx_word' id='word_1_722' title='bbox 2732 5402 3009 5470; x_wconf 73' lang='lat' dir='ltr'><strong>scriptores</strong></span> <span class='ocrx_word' id='word_1_723' title='bbox 3031 5403 3346 5456; x_wconf 69' lang='lat' dir='ltr'><strong>ecclesiasti-</strong></span> 
     </span>
    </p>
   </div>
   <div class='ocr_carea' id='block_1_103' title="bbox 1840 5596 3353 5730">
    <p class='ocr_par' dir='ltr' id='par_1_103' title="bbox 1840 5596 3353 5730">
     <span class='ocr_line' id='line_1_105' title="bbox 1840 5596 3353 5730; baseline 0.005 -77"><span class='ocrx_word' id='word_1_724' title='bbox 1840 5596 2278 5730; x_wconf 43' lang='lat' dir='ltr'><strong>(zlbldeetlthodq</strong></span> <span class='ocrx_word' id='word_1_725' title='bbox 2311 5610 2578 5674; x_wconf 78' lang='lat' dir='ltr'><strong>regnante.</strong></span> <span class='ocrx_word' id='word_1_726' title='bbox 2611 5601 2728 5658; x_wconf 81' lang='lat' dir='ltr'><strong>Non</strong></span> <span class='ocrx_word' id='word_1_727' title='bbox 2771 5601 2935 5657; x_wconf 84' lang='lat' dir='ltr'><strong>habet</strong></span> <span class='ocrx_word' id='word_1_728' title='bbox 2963 5603 3128 5658; x_wconf 83' lang='lat' dir='ltr'><strong>verba</strong></span> <span class='ocrx_word' id='word_1_729' title='bbox 3209 5619 3353 5660; x_wconf 78' lang='lat' dir='ltr'><strong>anno</strong></span> 
     </span>
    </p>
   </div>
  </div>
