3898 6226
508 303 611 361 165

1361 286 1773 347 TESTDIONIA
1807 281 2248 344 SCRIPTORUH
2286 282 2960 342 ECCLESIASTICORUM

3679 278 3787 336 164

575 433 664 472 cos
684 432 717 470 a
741 413 949 473 leam
963 411 1208 470 Fabricio
1227 409 1422 466 relatos
1442 412 1497 463 in
1530 424 1626 463 sua
1652 408 1966 464 Bibliotheca
1992 403 2091 457 Ec-
2118 402 2172 460 Α
2196 396 2615 456 Christiana‘illa
2640 416 2878 472 veraque
2906 398 3242 471 philosophia
3275 401 3432 468 (citra
3465 413 3631 469 quam
3653 415 3784 455 om-

578 486 891 554 clesiastica,
912 500 1036 552 pag.
1068 482 1157 537 b0.

576 597 840 652 Maximus
859 595 1142 666 episcopus
1169 590 1524 649 Taurincnsis
1553 593 1608 648 in
1636 591 1929 661 Scripturis
1952 588 2084 642 divi.

508 688 593 744 nis
613 686 1026 754 eruditissimus,
1048 686 1102 740 in
1130 683 1469 738 declarandis
1496 682 1733 738 bomiliis
1751 680 1818 734 ad
1839 677 2094 749 populum

509 778 639 832 nulli
668 791 770 832 suo
793 784 1038 845 tempore
1065 773 1356 840 secundus,
1386 787 1497 826 non
1524 771 1701 826 solum
1738 768 1983 823 doctrina
2008 766 2094 820 in-

507 867 677 936 signis
696 865 818 932 fuit,
848 865 946 921 sed
969 866 1134 921 etiam
1155 865 1279 918 vike
1305 862 1594 918 sanctitate
1619 859 1948 915 clarissimus
1969 854 2078 912 emi

509 958 642 1012 cuit.
690 955 919 1026 Scripsit
961 954 1131 1009 multa
1171 951 1385 1021 egregia
1437 949 1718 1020 opuscula,
1745 961 1866 1016 quae
1910 951 2096 1000 sancta

509 1055 686 1103 mater
711 1045 949 1102 Ecclesia
985 1060 1109 1100 mm
1136 1056 1328 1111 magna
1355 1039 1682 1096 auctoritate
1722 1036 1950 1106 legenda
1977 1050 2096 1091 sus-

508 1137 674 1209 cepit.
703 1136 748 1191 Ε
774 1137 968 1208 quibus
986 1134 1228 1205 subjecta
1253 1133 1535 1188 feruntur:

581 1229 664 1285 De
691 1227 1095 1300 anngeliorum
1134 1224 1372 1295 capitulis
1398 1223 1490 1277 lib.
1523 1221 1575 1275 1.
1601 1251 1675 1264 -
1703 1217 1771 1273 In
1796 1217 1954 1271 Actus
1977 1231 2097 1286 apo-

512 1321 762 1379 stolorum
788 1318 879 1373 lib.
901 1317 956 1372 Ω.
980 1347 1054 1360 --
1080 1314 1146 1370 In
1175 1315 1381 1368 laudent
1399 1311 1622 1366 Joannis
1651 1309 1898 1379 Baptista
1923 1305 2012 1359 lib.
2037 1303 2092 1356 9..

512 1409 682 1465 —De
704 1411 812 1465 site
851 1405 1064 1463 Eusebii
1102 1404 1444 1460 Vercellensis
1474 1403 1564 1456 lib.
1611 1400 1664 1452 2.
1699 1398 1869 1452 -—De
1911 1407 2094 1451 sancto

514 1499 777 1580 Cypriane
797 1505 1028 1569 martyre
1046 1496 1136 1550 lib.
1160 1493 1216 1550 3.
1245 1526 1315 1537 —-
1338 1492 1418 1547 De
1441 1493 1612 1563 gratia
1644 1488 1896 1560 Baptismi

513 1577 587 1634 —'.
615 1588 818 1664 [cum]
845 1588 925 1642 De
944 1587 1167 1643 auaritia
1193 1586 1283 1640 lib.
1310 1584 1359 1640 l.
1375 1613 1442 1624 —
1458 1581 1535 1635 De
1548 1580 1900 1648 hospitalitate
1926 1578 2014 1631 lib.
2041 1577 2091 1630 l.

500 1707 585 1722 -—-
615 1679 694 1735 De
730 1681 932 1751 defectu
955 1679 1096 1732 luna:
1139 1675 1228 1729 lib.
1265 1674 1314 1728 1.
1341 1705 1411 1718 —-
1439 1673 1520 1726 De
1547 1671 1884 1741 eleemosynie
1911 1669 2000 1723 lib.
2041 1669 2091 1722 1.

2191 491 2292 556 ιιὶει⁴
2317 491 2582 559 sapientia
2609 491 2835 546 stultitia
2864 491 2970 560 est)
3000 489 3332 544 restituenda
3351 531 3367 556 ,
3399 489 3786 560 locupletanda

2191 578 2979 648 defendendaque-sumendum
3001 580 3102 635 sibi
3140 580 3432 635 existimat.
3467 581 3647 650 Atque
3670 581 3782 635 uti-

2192 683 2316 723 nam
2344 683 2411 724 eo
2432 663 2612 724 animo
2631 684 2871 725 essemus
2893 685 3098 735 omnes,
3117 678 3177 725 ut
3195 686 3305 725 non
3327 671 3448 739 plus
3471 669 3786 726 dubitemus

2193 759 2464 830 perditum
2492 760 2547 813 in
2588 759 2664 829 pii
2691 759 2954 828 cujusque
2979 759 3268 815 Christiani
3315 761 3599 829 scriptoris
3629 760 3786 816 lucu—

2191 850 2544 915 brationibus,
2571 865 2731 918 quam
2754 852 2808 904 in
2827 850 2912 904 his
2938 864 3058 918 qum
3084 851 3168 904 vel
3195 849 3422 914 Gracia,
3450 850 3534 904 vel
3565 849 3787 905 Latium

2195 940 2250 995 in
2277 939 2629 1009 scriptoribus
2653 940 2887 995 ethnicis
2912 939 3186 994 desiderat
3213 958 3226 992 :
3259 941 3379 1012 plus
3414 940 3655 1009 denique
3695 941 3786 995 in-

2191 1037 2416 1086 ventum
2441 1030 2514 1087 sit
2558 1029 2704 1101 quod
2732 1030 2988 1100 pietatem
3033 1038 3256 1098 augeat,
3281 1045 3441 1099 quam
3466 1031 3511 1084 si
3537 1031 3789 1086 scientia:

2195 1119 2340 1175 illam
2363 1120 2900 1190 comprehensionem
2920 1119 3232 1188 locupletet,
3260 1119 3328 1174 ab
3355 1120 3576 1175 interitu
3601 1121 3787 1174 vindi-

2195 1213 2513 1268 caverimus.
2541 1211 2745 1280 ltaque,
2771 1211 2974 1280 optime
3013 1209 3289 1274 Damiane,
3321 1225 3428 1265 non
3456 1226 3650 1280 pannn
3687 1211 3789 1266 tibi

2195 1303 2383 1358 deberi
2429 1304 2662 1358 arbitror
2705 1302 2927 1372 verique
2983 1302 3236 1358 studiosis
3292 1304 3541 1358 omnibus
3561 1341 3579 1366 ,
3631 1304 3788 1372 quod

2195 1395 2511 1463 scriptorem
2534 1393 2926 1458 doctissimum,
2947 1407 3048 1447 nec
3067 1393 3246 1448 minus
3272 1393 3646 1462 eloquentem,
3677 1395 3786 1448 mi-

2197 1484 2448 1553 nimeque
2473 1487 2737 1557 νεόφυτον,
2767 1492 2824 1539 et
2853 1483 2935 1555 (ut
2962 1484 3131 1538 semel
3157 1483 3354 1553 dicam)
3395 1483 3636 1539 divinum
3688 1485 3791 1539 ab-

2196 1574 2536 1644 solutumque
2555 1574 2710 1630 nobis
2724 1575 2777 1629 in
2792 1574 3154 1630 studiosorum
3167 1575 3394 1644 gratiam
3407 1573 3787 1631 excudendum

2197 1662 2432 1728 dederis,
2461 1663 2644 1718 divum
2690 1663 2981 1720 Maximum
3020 1664 3336 1734 episcopum
3365 1672 3419 1718 et
3467 1665 3790 1733 theologum

513 1798 584 1812 —
609 1769 692 1825 De
712 1769 878 1825 verbis
921 1768 1088 1823 Isaia:
1114 1767 1205 1822 lib.
1237 1765 1289 1821 1.
1318 1797 1388 1809 --
1417 1764 1495 1819 De
1533 1764 1737 1836 jejunio
1792 1759 2097 1832 Quadrage—
2125 1760 2174 1822 Β
2199 1760 2485 1822 utrumque
2533 1754 2847 1819 maximum,
2868 1768 3033 1824 quem
3076 1754 3125 1809 si
3149 1762 3390 1810 vetustas
3416 1755 3790 1820 commendat,

513 1862 661 1915 sinus
679 1859 770 1915 lib.
795 1857 849 1912 1.
873 1857 955 1912 De
971 1858 1177 1929 jejunio
1201 1871 1466 1911 servorum
1486 1853 1582 1908 Dei
1601 1852 1830 1923 generali
1853 1851 1941 1906 lib.
1962 1851 2096 1903 1.-

513 1950 596 2005 De
611 1949 757 2004 lude
773 1949 1027 2004 traditore
1052 1947 1144 2002 lib.
1170 1947 1222 2000 1.
1244 1976 1318 1988 —-
1345 1944 1424 1998 De
1444 1959 1594 1998 cruce
1614 1941 1828 1998 Domini
1848 1940 1939 1994 lib.
1973 1939 2095 1995 1,-

513 2041 597 2096 De
613 2040 850 2112 sepulcro
867 2038 1084 2094 Domini
1107 2036 1200 2093 lib.
1234 2037 1284 2090 1.
1311 2067 1384 2079 -—
1410 2035 1491 2090 De
1513 2035 1678 2106 oﬁcio
1711 2031 1892 2087 Missa
1917 2030 2007 2086 lib.
2040 2030 2089 2083 1.

512 2163 586 2177 -—
604 2132 683 2187 De
699 2133 1034 2187 accusatione
1078 2127 1290 2185 Domini
1320 2129 1408 2182 lib.
1452 2127 1503 2180 1.
1527 2158 1596 2169 -
1617 2124 1696 2180 De
1722 2123 2096 2179 resurrectione

513 2221 726 2276 Domini
747 2221 977 2277 hostilia
1000 2218 1053 2274 4.
1082 2250 1155 2263 —-
1183 2215 1260 2271 De
1283 2224 1463 2271 sancto
1489 2214 1767 2269 Laurentio
1790 2213 1927 2266 bons.
1947 2211 2001 2264 5.
2023 2241 2098 2253 --

514 2310 599 2366 De
621 2320 801 2366 uncto
822 2310 1095 2379 Stephano
1118 2310 1259 2363 hom.
1290 2307 1339 2360 1.
1362 2305 1524 2361 —De
1561 2305 1796 2360 kalendis
1821 2303 2096 2358 Ianuariis

516 2401 658 2455 born.
693 2399 746 2453 1.
774 2430 848 2443 --
866 2397 948 2452 De
971 2394 1158 2450 Natali
1201 2394 1415 2451 Domini
1436 2395 1573 2448 honr.
1599 2394 1651 2447 5.
1674 2423 1744 2433 -
1765 2391 1845 2447 De
1865 2389 2096 2461 Epipha-

515 2489 608 2542 nia
650 2488 788 2542 hom.
820 2486 875 2541 2.
904 2517 979 2528 --
1005 2484 1083 2538 De
1107 2483 1314 2538 Pascha
1337 2483 1474 2537 hom.
1505 2483 1558 2537 5.
1581 2514 1651 2526 -—-
1687 2480 1766 2534 De
1792 2479 2098 2534 Pentecoste

519 2578 659 2632 hom.
685 2577 737 2630 5.
777 2605 841 2619 -
861 2574 942 2628 De
970 2574 1270 2644 panitentia
1300 2570 1652 2625 Ninivitarum
1687 2571 1823 2622 hom.
1850 2568 1902 2622 1.
1919 2596 1991 2608 —
2017 2567 2096 2621 De

515 2685 619 2723 non
642 2667 883 2721 timendis
903 2665 1134 2720 hostibus
1163 2663 1458 2718 carnalibus
1478 2663 1616 2718 hom.
1646 2662 1693 2716 1.
1716 2692 1786 2706 -—
1813 2661 1894 2716 De
1912 2662 2096 2732 gratiis

515 2766 631 2821 post
653 2755 818 2809 cibum
851 2755 1086 2826 agendis.

585 2845 813 2915 Scripsit
859 2854 914 2899 et
963 2844 1070 2897 alia
1123 2841 1291 2897 multa
1337 2860 1352 2896 :
1405 2855 1682 2896 sermones
1715 2847 1770 2896 et
1813 2847 2094 2902 tractatus,

514 2936 774 3005 epistolas
801 2942 856 2988 et
883 2934 1150 2999 bomilias,
1175 2948 1297 3001 qua:
1318 2931 1384 2986 ad
1406 2931 1651 2985 notitiam
1675 2946 1847 2985 meam
1875 2946 1982 2985 non
2003 2946 2097 2985 ve-

517 3034 731 3080 nerunt.
775 3024 978 3079 Claruit
1001 3024 1099 3078 sub
1142 3022 1373 3077 Arcadio
1401 3031 1458 3076 et
1475 3019 1715 3076 Honorio
1745 3022 2094 3091 principibus,

2199 1843 2251 1897 id
2271 1851 2356 1898 est
2376 1858 2472 1913 per
2496 1851 2575 1898 tot
2595 1858 2861 1899 annorum
2883 1844 3055 1914 spatia
3077 1842 3503 1900 Christianorum
3525 1845 3789 1901 Eoclesim

2198 1933 2516 2002 approbatio
2537 1941 2688 1988 tanto
2717 1934 3001 1988 beatorum
3032 1933 3381 2006 Hieronymo,
3411 1943 3467 1989 et
3495 1934 3789 1991 Ambrosio

2197 2026 2460 2079 minorata
2507 2025 2684 2080 locum
2727 2024 2914 2092 habet,
2945 2034 3149 2094 quanto
3190 2025 3275 2080 bis
3300 2025 3568 2096 posterius
3614 2026 3790 2093 vixit,

2195 2130 2334 2186 quos
2354 2117 2601 2187 proxime
2628 2117 2886 2189 sequitur.
2911 2117 3010 2172 Vir
3039 2117 3156 2172 sine
3183 2119 3551 2174 controversia
3573 2117 3789 2187 dignis-

2198 2209 2365 2265 simus
2392 2209 2482 2278 qui
2506 2209 2772 2264 hactenus
2797 2208 2974 2263 latuit.
2994 2207 3131 2262 Nam
3159 2217 3355 2278 prteter
3390 2211 3658 2265 sermonis
3687 2225 3792 2280 pua

2197 2298 2432 2362 ritatem,
2462 2299 2911 2367 suavitatemque,
2941 2312 3047 2367 qua
3096 2297 3357 2354 lectorem
3399 2314 3512 2363 suo,
3544 2299 3788 2368 quodam

2197 2389 2357 2458 genio
2397 2389 2616 2456 retinet,
2646 2395 2842 2458 pra-ter
2866 2387 3252 2443 sententiarum
3271 2428 3287 2455 ,
3328 2388 3385 2444 in
3411 2388 3606 2458 quibus
3635 2395 3790 2445 totus

2197 2489 2300 2546 est,
2325 2495 2572 2547 acumen,
2605 2479 2988 2548 allegationum
3016 2481 3226 2549 copiam
3247 2487 3304 2534 et
3325 2478 3608 2550 judicium,
3640 2479 3790 2536 vires

2199 2570 2745 2638 argumentationum,
2778 2571 2832 2625 in
2855 2567 3190 2638 objurgando
3218 2570 3582 2636 severitatem,
3611 2571 3670 2626 in
3689 2584 3791 2625 ex-

2194 2659 2471 2717 hortando
2491 2660 2810 2729 gravitatem
2832 2660 3123 2731 peculiaris
3149 2659 3433 2716 thesaurus
3457 2660 3790 2716 confutatio-

2198 2767 2328 2807 num
2354 2760 2457 2817 est,
2489 2759 2545 2805 et
2565 2750 2932 2805 testimonium
2971 2749 3230 2807 adversus
3249 2750 3412 2820 hujus
3432 2751 3611 2807 seculi
3627 2767 3789 2807 erro-

2197 2857 2306 2898 res.
2333 2840 2473 2909 Quid
2514 2840 2583 2896 de
2610 2842 2750 2896 inter
2795 2840 3131 2897 Christianos
3176 2841 3501 2907 concordia,
3533 2842 3790 2900 divorum

2197 2933 2346 2989 cultu
2393 2940 2451 2987 et
2495 2933 2864 2998 veneratione,
2897 2933 3219 2987 auctoritate
3244 2932 3518 2998 Ecclesiae,
3549 2934 3791 2989 eleemo-

2201 3038 2356 3095 syna,
2381 3022 2590 3093 jejunio
2628 3023 2801 3090 magis
2849 3019 2916 3077 ab
2953 3023 3173 3092 optimis
3220 3024 3519 3093 quibusque
3546 3032 3602 3077 et
3628 3023 3792 3080 bona

516 3133 660 3172 anno
688 3116 901 3171 Domini
955 3114 1059 3169 420
1077 3155 1094 3181 ,
1123 3123 1180 3170 et
1223 3114 1322 3168 sub
1355 3112 1660 3167 Theodosio
1709 3110 1930 3166 Juniore
1974 3126 2094 3167 mo-
2121 3103 2170 3167 ϐ
2202 3113 2325 3169 lidei
2344 3113 2653 3170 hominibus
2679 3112 2856 3183 optari
2880 3121 3121 3183 poterat,
3145 3127 3306 3182 quam
3344 3128 3464 3182 qua:
3491 3129 3523 3168 a
3551 3113 3792 3172 Maximo

516 3216 674 3263 ritur.

585 3295 646 3352 ιη
666 3298 802 3351 notis
825 3297 1021 3364 legitur
1051 3313 1064 3348 :
1095 3295 1210 3352 [mo
1247 3292 1489 3350 interfuit
1526 3292 1702 3349 adhuc
1726 3294 1952 3350 concilio
1982 3293 2095 3348 Ro-

516 3400 681 3442 mano
707 3401 850 3442 anno
876 3385 1076 3440 Christi
1103 3383 1230 3438 465.

962 3474 1260 3532 JOANNES
1302 3472 1667 3530 GYMNICUS.

524 3587 790 3660 Religioso
811 3604 874 3660 ac
897 3589 1328 3660 pererudilo‘viro
1350 3585 1979 3660 Damianoﬁscendiensi
2007 3609 2096 3646 or-

590 3656 728 3711 dinis
757 3659 860 3712 divi
888 3656 1149 3711 Benedicti
1176 3656 1408 3713 Coloniw
1435 3658 1575 3715 apud
1603 3658 1856 3714 Sanctum
1892 3661 2097 3715 Panta-

587 3729 792 3781 leonem
816 3744 960 3780 anno
993 3725 1152 3780 1555.

588 3836 811 3892 Initum
838 3838 1130 3892 merebitnr
1147 3838 1288 3909 apud
1309 3855 1452 3895 vera:
1470 3847 1527 3897 et
1545 3839 1863 3898 Christiana:
1883 3843 2098 3913 religio-

2200 3207 2456 3278 episcopo
2477 3205 2699 3260 minime
2734 3205 2947 3270 leviter,
2971 3219 3150 3274 neque
3169 3206 3542 3274 superstitiose
3579 3217 3792 3262 asserta

2198 3307 2257 3354 et
2294 3298 2607 3354 conﬁrmata
2646 3303 2794 3351 sunt.
2824 3294 2934 3351 Sed
2964 3294 3161 3350 frustra
3189 3295 3242 3349 in
3271 3294 3537 3352 laudando
3567 3305 3794 3354 auctore

2200 3403 2405 3453 versor,
2437 3390 2529 3458 qui
2560 3389 2677 3459 ipse
2727 3385 2920 3443 lectori
2957 3387 3051 3457 pio
3079 3386 3152 3441 ita
3177 3402 3236 3441 se
3274 3385 3706 3454 commendabit,
3739 3399 3796 3442 ut

2203 3494 2300 3535 nos
2320 3479 2451 3533 nihil
2471 3478 2589 3549 ejus
2604 3476 2808 3533 dixisse
2827 3476 3127 3532 videamur.
3150 3474 3336 3546 Neque
3355 3476 3515 3531 velim
3537 3477 3793 3547 cuiquam

2201 3566 2422 3623 dubium
2468 3567 2761 3637 quidquam
2791 3567 2846 3622 in
2891 3566 2998 3622 hoc
3023 3565 3197 3622 videri
3220 3567 3646 3638 supposititium,
3671 3585 3795 3624 cum

2201 3659 2255 3713 in
2282 3658 2529 3727 catalogo
2562 3657 2890 3721 Gennadius,
2923 3672 2988 3713 ac
3013 3665 3140 3728 post
3177 3673 3302 3713 eum
3330 3656 3663 3714 Trithemius
3694 3661 3792 3714 ab-

2199 3748 2297 3803 bas
2333 3749 2440 3803 hoc
2466 3764 2602 3819 opus
2639 3748 2780 3803 inter
2805 3748 3012 3818 reliqua
3041 3747 3210 3821 [enix]
3239 3748 3356 3818 ejus
3381 3759 3711 3819 numerent,
3739 3759 3796 3806 et

2199 3841 2380 3895 omnia
2422 3840 2500 3896 sic
2545 3840 2891 3895 consentiunt
2918 3841 3060 3895 inter
3084 3855 3174 3905 se,
3205 3849 3261 3896 et
3302 3856 3424 3897 cum
3454 3842 3539 3897 his
3565 3856 3796 3914 quoque

514 3930 602 3986 nis
629 3929 867 3985 sinceros
895 3931 1131 3986 cultores
1160 3931 1446 3988 laudabilis
1472 3933 1563 3988 illa
1591 3941 1682 3989 tua
1703 3934 1971 4000 voluntas,
2001 3952 2099 4007 0p—
2198 3945 2320 3999 qua:
2364 3929 2729 4000 superioribus
2757 3930 2913 3986 annis
2959 3929 3103 3986 edita
3155 3938 3312 3999 sunt,
3341 3945 3566 4001 quaeque
3613 3933 3797 3989 adhuc

515 4023 648 4077 time
666 4019 785 4074 doct
819 4021 1080 4090 ssimeque
1102 4021 1382 4087 Damiane,
1406 4024 1460 4079 in
1485 4025 1827 4093 exquirendis
1847 4027 2098 4083 exhiben.
2201 4021 2480 4077 nobiscum
2534 4030 2660 4076 sunt
2711 4021 2948 4076 nondum
3005 4037 3204 4078 excusa
3225 4064 3241 4089 ,
3273 4031 3334 4077 ut
3370 4024 3583 4080 tametsi
3636 4027 3795 4082 titulo

513 4110 708 4179 disque
761 4117 1004 4163 veterum
1066 4112 1389 4180 scriptorum
1464 4115 1856 4178 monumentis,
1905 4115 2098 4172 horum
2197 4111 2345 4168 fraus
2381 4111 2667 4168 commissa
2693 4111 2850 4180 foret,
2882 4114 3148 4170 orationis
3175 4115 3403 4185 qualitas
3430 4116 3616 4172 dolum
3648 4119 3793 4174 indi-

517 4198 814 4271 praesertim
836 4200 928 4268 qui
971 4199 1125 4253 malis
1153 4202 1237 4271 (ut
1278 4217 1418 4257 nunc
1463 4217 1551 4258 res
1581 4212 1706 4258 sunt
1750 4204 2097 4262 infelicissimi
2197 4217 2324 4258 care
2351 4203 2541 4273 possit.
2565 4218 2670 4273 qua
2713 4203 2766 4256 in
2807 4218 2867 4258 re
2904 4204 3085 4273 magni
3113 4203 3321 4260 Erasini
3351 4206 3668 4263 testimonio
3695 4225 3794 4265 nos

517 4290 711 4360 status)
743 4291 863 4345 aliis
889 4305 956 4345 ex
984 4291 1101 4345 aliis
1123 4294 1586 4361 procrescentibus
1633 4295 1878 4351 antidota
1924 4313 2098 4368 oppo-
2198 4295 2440 4349 contenti
2460 4309 2663 4357 sumus,
2694 4293 2837 4362 quod
2858 4294 2906 4348 si
2927 4295 3067 4350 nolis
3093 4295 3322 4351 aliorum
3350 4296 3517 4352 oculis
3540 4312 3791 4364 cernere.

521 4397 652 4440 nere
681 4384 904 4454 possint.
935 4383 1125 4451 Magno
1163 4386 1356 4454 plausu
1379 4387 1737 4456 excipiuntur,
1763 4390 1856 4457 qui
1885 4405 1972 4444 res
1999 4405 2096 4445 ex-
2208 4383 2324 4454 ipse
2371 4385 2616 4454 expende
2661 4386 2861 4441 omnia.
2905 4385 3060 4456 Vale,
3089 4387 3344 4444 Damiano
3370 4388 3708 4458 doctissime,
3739 4404 3792 4449 et

519 4475 746 4544 quisitas
792 4483 848 4528 et
891 4490 1074 4539 novas,
1108 4490 1488 4546 nonnunquam
1539 4479 1701 4533 etiam
1747 4481 2092 4549 perniciosas,
2123 4460 2176 4521 Ῑ)
2202 4477 2245 4533 si
2297 4476 2425 4545 quid
2476 4474 2636 4546 hujus
2687 4477 2966 4548 scriptoris
3011 4479 3278 4549 reliquum
3308 4481 3451 4551 apud
3495 4490 3548 4537 te
3575 4493 3686 4550 est,
3725 4487 3789 4540 da

521 4572 613 4617 aut
641 4571 788 4617 certe
817 4579 922 4617 non
949 4565 1171 4617 multum
1203 4566 1360 4621 utiles
1410 4568 1722 4623 inveniunt:
1757 4569 1948 4625 famam
1978 4587 2095 4626 me-
2202 4584 2424 4639 operam
2473 4577 2534 4623 ut
2575 4569 2887 4640 propediem
2937 4570 2989 4625 in
3039 4570 3216 4626 lucem
3241 4573 3442 4627 veniat.
3476 4571 3608 4640 Quis
3643 4577 3790 4630 enim

518 4659 703 4706 rentur
730 4653 867 4720 apud
891 4653 1172 4720 litteratos,
1203 4663 1259 4708 et
1285 4657 1511 4723 gratiam
1539 4673 1772 4727 quoque,
1803 4660 1894 4728 qui
1926 4662 2101 4716 'mstu—
2202 4658 2573 4712 abstrusorum
2602 4656 2840 4714 fructus?
2869 4659 3112 4716 Studiosi
3156 4660 3473 4717 Christiana:
3501 4662 3791 4734 theologia:

518 4743 624 4800 diis
651 4743 890 4815 profanis
910 4755 1171 4801 exercent
1197 4748 1429 4817 ingenia,
1450 4758 1540 4804 aut
1562 4751 1645 4806 his
1675 4753 1945 4809 undelibet
1969 4770 2098 4825 pro-

517 4837 644 4892 sint.
677 4834 808 4901 Quis
827 4836 972 4891 enim
999 4844 1056 4891 et
1082 4837 1298 4906 quidem
1319 4854 1428 4894 non
1459 4841 1698 4911 impense
1725 4841 1871 4899 lavet
1895 4844 1979 4900 his
2005 4846 2097 4916 qui

519 4926 662 4998 quod
707 4927 763 4981 in
808 4926 1092 4996 gentilibus
1137 4929 1485 4999 scriptoribus
1541 4929 1938 5001 desideramus,
1995 4937 2098 4992 etsi

517 5017 836 5075 Christianae
856 5018 1044 5089 pietati
1068 5033 1177 5076 non
1205 5021 1429 5076 multum
1456 5023 1739 5092 conducat,
1766 5026 2098 5095 reperiendis

518 5124 740 5178 operam
779 5110 1030 5164 sumunt?
1056 5108 1126 5164 Et
1170 5125 1300 5166 sane
1337 5112 1389 5165 in
1427 5113 1603 5183 aliqua
1647 5116 1893 5172 homines
1935 5119 2096 5173 situm

520 5198 683 5254 rebus
708 5199 965 5270 publicis,
998 5208 1054 5256 et
1081 5202 1311 5271 posteris
1348 5212 1619 5274 utcunque
1649 5206 1923 5275 prodesse,
1949 5207 2095 5275 quod

518 5293 634 5347 sive
663 5290 814 5347 iam
840 5293 1137 5363 cupiditate
1159 5295 1448 5361 sollicitati,
1468 5298 1582 5352 sive
1601 5298 1848 5354 mercede
1875 5298 2094 5353 adducti

517 5382 776 5448 emciant,
807 5383 971 5438 modo
1001 5387 1305 5440 communis
1330 5387 1534 5442 utilitas
1563 5388 1890 5455 obtineatur,
1914 5388 2094 5444 debita

519 5488 615 5528 sua
645 5473 805 5528 laude
835 5473 1054 5528 minime
1082 5483 1205 5529 sunt
1233 5474 1535 5531 fraudandi.
1565 5477 1631 5530 At
1659 5486 1861 5546 quanto
1894 5478 2098 5542 majore

520 5563 898 5619 benevolentia
926 5579 1115 5618 eorum
1162 5573 1416 5620 conatum
1443 5581 1848 5637 prosequemur,
1879 5583 2095 5624 succes-

522 5656 667 5711 sibus
715 5654 986 5711 liberalius
1031 5656 1447 5722 gratulabimur,
1477 5660 1567 5724 qui
1607 5659 1744 5712 hunc
1773 5659 2011 5713 laborem
2042 5661 2096 5714 in

2205 4747 2431 4800 multum
2453 4762 2512 4802 se
2541 4746 2636 4802 tibi
2663 4747 2862 4804 debere
2892 4747 3299 4806 existimabunt.
3331 4749 3572 4807 Colonia:
3599 4768 3674 4809 ex
3706 4765 3790 4826 ty-

2201 4835 2494 4906 pograpbia
2539 4845 2724 4891 nostra
2765 4853 2910 4893 anno
2938 4853 2968 4892 a
2999 4837 3254 4907 Virginea
3300 4851 3457 4910 partu
3504 4843 3789 4898 millesimo

2202 4927 2632 4997 quingentesimo
2663 4928 2933 4985 tricesimo
2955 4929 3165 4996 quinto.
3198 4929 3376 4985 idibus
3398 4929 3540 4984 Maii.

2680 5039 2924 5096 SIXTUS
2959 5039 3302 5099 SENENSIS.

2201 5129 2267 5185 In
2298 5131 2544 5187 Bibliotlt.
2571 5149 2726 5187 sacra
2753 5131 2854 5187 Pio
2880 5132 3630 5256 “gaianas-dicata
3654 5153 3789 5190 uno

2271 5292 2546 5358 Maximus,
2581 5292 2924 5347 Taurinensis
2951 5291 3207 5348 Ecclesiae
3237 5294 3546 5363 episcopus,
3577 5304 3783 5350 sancta-

2198 5401 2316 5438 rum
2365 5383 2758 5454 Scripturarum
2808 5385 3161 5453 peritissimus
3189 5394 3245 5439 et
3273 5387 3657 5456 extemporalis
3699 5387 3782 5441 de-

2199 5476 2461 5530 clamator
2484 5474 2832 5538 admirabilis,
2858 5475 3072 5542 scripsit
3090 5474 3515 5544 elegantissimas
3543 5475 3784 5533 homilias

2201 5571 2254 5623 in
2302 5569 2479 5623 varios
2528 5567 2802 5635 utriusque
2833 5565 3162 5621 Testamenli
3201 5565 3362 5623 locos.
3421 5566 3648 5624 Moritur
3691 5568 3784 5625 sub

2203 5660 2503 5716 Theodosio
2531 5658 2751 5713 Juniom
2777 5673 2916 5715 anno
2949 5658 3159 5714 Domini
3188 5657 3302 5712 420.
