3898 6226
36 102 76 288 \

76 295 80 309 ..
174 295 245 353 ηε

100 745 106 778 l

254 405 617 465 ROBEBTUS
669 404 1110 466 CARDINALIS
1155 401 1542 458 BELLARMIN
1549 399 1655 457 US.

180 519 235 575 Ds
641 519 1030 591 ecclesiasticis
1055 517 1119 572 ab
1158 533 1304 591 anno
1326 513 1664 591 Domini}!!!
1697 513 1767 566 ad

227 585 396 646 unum
426 589 578 655 500,
611 589 751 644 edit.
799 589 991 645 Venet.
1038 604 1127 642 an.
1171 585 1337 652 1728,
1366 601 1480 638 cum
1519 585 1769 638 disserta-

231 663 350 715 tione
375 659 634 729 Philippi
666 657 895 714 Labbsi.

233 772 446 828 Sanctus
475 771 766 828 Iaximus
791 771 1081 840 episcopus
1113 766 1459 822 Taurinensis
1494 763 1677 820 ﬂoruit
1712 770 1776 820 et

189 863 290 917 obiit
305 861 400 917 sub
412 860 684 916 Honorio
712 868 772 915 et
791 858 1097 914 Theodosio
1118 856 1339 911 Juniore
1359 855 1766 925 imperantibus,

191 960 298 1007 teste
320 948 642 1015 Gennadio,
673 950 731 1008 in
775 949 912 1003 libro
938 948 1004 1002 de
1038 947 1174 1003 Viris
1203 944 1510 1000 illustribus.
1541 944 1771 999 Exstant

190 1044 281 1112 ejus
296 1044 540 1100 humilia
568 1041 764 1097 Bome
783 1041 942 1096 edita:
969 1055 1056 1094 an.
1075 1037 1232 1091 1564.
1265 1034 1677 1106 Subsequuntur
1700 1037 1771 1091 ti-

189 1135 266 1188 tuli
276 1134 625 1188 bomiliamm
636 1130 773 1186 infra
785 1130 1036 1202 ponendi.
1044 1129 1303 1195 Diximus,
1318 1129 1490 1197 inquit
1501 1128 1775 1182 Bellarmi-

183 1239 287 1288 nus,
307 1224 512 1281 multos
532 1236 820 1279 sermones
843 1220 1005 1276 tribui
1026 1219 1183 1292 simul
1201 1227 1260 1274 et
1277 1225 1466 1274 sancto
1486 1217 1770 1274 Ambrosio

182 1324 228 1369 et
250 1322 432 1370 sancto
455 1313 718 1368 Maximo.
751 1311 858 1367 Sed
892 1310 1202 1367 credibilius
1223 1317 1308 1365 est
1336 1309 1510 1364 sancti
1552 1307 1770 1364 Maximi

176 1421 285 1461 esse
310 1407 435 1460 illos
461 1406 636 1461 etiam
677 1404 768 1474 qui
797 1404 1104 1458 tribuuntur
1123 1399 1429 1456 Ambrosio.
1459 1399 1770 1456 Gennadius

179 1499 313 1550 enim
341 1501 636 1550 enumerat
663 1494 775 1548 tere
802 1507 990 1548 omnes
1025 1506 1302 1548 sermones
1328 1490 1502 1546 sancti
1526 1489 1767 1562 Maximi,

172 1595 228 1641 et
271 1586 420 1640 inter
447 1585 577 1642 illos
622 1590 752 1638 sunt
774 1582 937 1652 aliqui
963 1582 1054 1650 qui
1097 1582 1406 1635 tribuuntur
1447 1579 1768 1643 Ambrosio,

171 1676 418 1745 quamvis
462 1689 576 1729 non
605 1688 830 1743 magnus
851 1673 924 1727 sit
948 1687 1122 1739 error,
1167 1686 1291 1728 cum
1319 1679 1550 1740 uterque
1577 1677 1770 1725 auctor

168 1769 240 1821 sit
259 1767 480 1830 doctus,
511 1772 732 1819 sanctus
759 1772 815 1818 et
842 1763 1113 1832 antiquus.

383 1910 734 1951 υιεεειςτλτιο
762 1908 1100 1950 Ρωιοιοςιω
1137 1910 1207 1949 ΕΤ
1247 1909 1521 1949 ιηετοιιω

244 2003 376 2071 Quc
408 2007 464 2060 in
508 2005 822 2060 Bellarmino
856 2004 1071 2061 habetur
1094 2021 1161 2061 ea:
1184 2005 1430 2078 Philippo
1468 2003 1692 2061 Labbeo.

238 2121 478 2177 Sanctus
494 2121 757 2177 luimus
777 2120 1126 2177 Taurinensis
1153 2121 1208 2175 in
1227 2119 1536 2190 Subalpinis
1563 2117 1764 2184 floruit,

174 2211 439 2277 Honorio,
468 2213 564 2282 qui
609 2212 745 2267 obiit
790 2226 879 2266 an.
931 2211 1054 2278 £25,
1086 2219 1143 2266 et
1169 2209 1477 2266 Theodosio
1522 2207 1764 2274 Juniore,

172 2304 264 2373 qui
289 2319 324 2359 e
348 2304 466 2358 vita
510 2304 759 2372 migravit
799 2319 890 2358 an.
922 2301 1046 2370 450,
1078 2303 1484 2373 imperantibus.
1517 2301 1596 2356 De
1649 2301 1767 2370 ejus

174 2411 318 2452 anno
347 2396 498 2450 fatali
525 2411 633 2451 non
659 2395 1006 2452 consentiunt
1031 2395 1172 2450 inter
1193 2409 1252 2449 se
1277 2393 1626 2461 chronologi:
1650 2392 1769 2446 alii-

179 2502 284 2556 que
312 2488 463 2544 enim
484 2494 616 2543 ante
635 2503 723 2542 an.
752 2487 857 2541 495
898 2495 994 2542 aut
1021 2495 1170 2543 certe
1188 2484 1294 2540 450
1320 2486 1522 2541 ohiisse
1561 2485 1767 2550 volunt,

180 2578 322 2647 quod
379 2575 689 2633 Gennadius
745 2592 866 2648 cap.
925 2576 996 2630 ιο
1031 2575 1272 2645 Catalogi
1333 2575 1534 2630 dixerit
1594 2575 1766 2629 Maxi~

184 2683 324 2722 mum
373 2677 642 2724 mortuum
700 2682 823 2723 esse
884 2666 1157 2734 Honorio,
1195 2673 1290 2721 aut
1350 2665 1496 2720 hunc
1555 2663 1766 2720 auferas

184 2759 372 2814 saltem
397 2761 695 2830 imperante
730 2758 1036 2815 Theodosio
1082 2757 1146 2812 ll.
1177 2756 1380 2812 Verum
1432 2754 1760 2820 Gennadius,

186 2861 286 2914 quo
331 2857 492 2914 utor,
548 2864 581 2902 a
643 2847 823 2902 Mineo
886 2846 1098 2913 editus,
1154 2860 1256 2916 pro
1318 2859 1452 2900 voce
1508 2845 1762 2908 moritur,

191 2949 298 3003 quae
327 2937 380 2991 in
415 2936 729 3006 quibusdam
757 2937 877 2991 aliis
905 2937 1228 2991 editionibus
1252 2937 1514 2998 occurrit,
1544 2933 1767 2988 exhibet

192 3025 405 3081 alteram
451 3041 675 3090 vocem,
705 3027 904 3096 floruit,
934 3040 1051 3094 quae
1074 3040 1205 3080 sane
1249 3040 1357 3078 non
1402 3031 1566 3079 nocet
1608 3037 1762 3078 com-

1327 294 1417 349 DE
1452 293 1509 348 S.
1550 289 1818 350 MAXIMO
1854 287 2280 348 TAURINENSI.

3354 291 3460 352 I66

1794 401 1838 462 Α
1868 399 1983 456 fore
2027 413 2278 467 magnum
2323 414 2600 462 errorem.
2638 416 2760 456 cum
2788 410 3014 472 uterque
3053 411 3244 459 auctor
3266 403 3461 462 doctus

1870 492 1958 557 sit,
1989 493 2240 560 antiquus
2266 500 2323 546 et
2358 499 2590 548 sanctus.
2621 491 2758 561 Sed,
2786 493 3017 561 omissis,
3049 494 3458 562 vitiligatoribus

1870 579 1975 635 illis
2002 581 2252 649 inuectis,
2280 580 2351 635 ad
2366 597 2481 637 rem
2499 584 2817 652 promissam
2838 585 3136 641 veniamus.

1942 672 2010 727 In
2043 674 2269 728 adversus
2293 674 2506 729 Domini
2529 675 2759 732 humilia
2783 673 2835 730 2.
2867 709 2940 721 --
2967 677 3046 733 De
3084 679 3263 750 uigilia
3292 679 3456 736 Nati-

1868 765 2044 818 oitatis
2071 760 2209 818 hom.
2243 764 2296 819 1.
2323 796 2396 808 --
2421 763 2491 819 In
2519 763 2711 821 Natali
2731 766 2942 822 Domini
2969 768 3109 824 hom.
3139 769 3193 826 6.
3450 779 3454 784 ’

1938 850 2248 908 Gennadius
2269 855 2430 910 docet
2467 869 2528 910 se
2561 854 2754 923 legisse
2781 856 3030 915 bomilias
3047 861 3114 913 de
3141 858 3328 916 Natali
3348 860 3460 919 Do-

1868 943 2016 1006 mini,
2046 941 2112 997 de
2137 941 2458 1014 Epiphania,
2481 943 2545 998 de
2585 943 2790 998 Pascha
2816 954 2871 999 et
2911 945 3247 1016 Pentecoste,
3293 950 3458 1006 alias-

1868 1048 1976 1103 que
2001 1035 2196 1090 multas
2215 1034 2284 1089 de
2321 1033 2546 1091 diversis
2572 1037 2750 1092 causis
2775 1037 3002 1106 habitas,
3030 1050 3166 1106 quas
3201 1055 3303 1097 nec
3328 1043 3458 1098 reti-

1872 1130 2045 1177 neret.

1940 1213 2070 1280 Quae
2095 1213 2255 1270 tertia
2282 1213 2530 1283 habetur,
2568 1215 2863 1288 incipitque
2899 1218 2954 1273 in
2992 1219 3216 1275 aduentu
3245 1220 3457 1277 Domini

1868 1305 2138 1374 reperitur
2161 1304 2351 1360 ordine
2379 1305 2441 1359 11
2473 1307 2615 1361 inter
2639 1321 2917 1364 sermones
2943 1309 3011 1364 de
3039 1310 3307 1380 Tempore
3327 1327 3456 1367 san-

1868 1394 1943 1450 cti
1979 1394 2281 1464 Augustini,
2309 1411 2419 1450 non
2453 1395 2575 1452 ideo
2603 1403 2782 1451 tamen
2819 1396 3053 1454 Maximo
3081 1398 3456 1468 abjudicanda,

1868 1501 1989 1555 qua:
2016 1493 2100 1540 est
2127 1485 2589 1541 heterodoxorum
2617 1487 2816 1543 insulsa
2843 1491 3225 1564 insono-peris.

1941 1573 2087 1648 [cu]
2120 1575 2186 1628 In
2235 1577 2629 1630 circumcisione
2674 1573 2907 1641 Domini,
2955 1579 3070 1634 sive
3117 1581 3181 1634 de
3226 1582 3457 1640 colendis

1867 1663 2141 1719 Ianuariis
2157 1668 2468 1737 increpatio,
2500 1682 2620 1737 quae
2647 1677 2976 1724 memoratur
3002 1686 3031 1724 a
3060 1668 3359 1729 Gennadio.
3380 1675 3460 1730 De

1799 1765 1848 1827 Β
1873 1751 2189 1824 Epiphania,
2222 1770 2318 1810 seu
2340 1754 2676 1828 Theophania
2696 1756 2910 1813 Domini
2938 1761 3104 1816 nostri
3120 1761 3245 1817 Iesu
3266 1761 3458 1820 Christi

1864 1853 1990 1900 octo
2011 1860 2236 1914 quarum
2265 1846 2516 1915 septima,
2547 1862 2665 1915 quas
2694 1848 2855 1902 etiam
2877 1848 2940 1903 de
2966 1850 3220 1921 baptism
3267 1852 3458 1910 Christi

1865 1933 2101 2004 disserit,
2125 1942 2208 1992 est
2235 1951 2413 1991 sermo
2435 1936 2501 1990 57
2531 1936 2600 1992 de
2620 1936 2886 2009 Tempore
2911 1940 3051 2011 apud
3078 1939 3453 2011 Augustinum.

1935 2026 2016 2080 De
2036 2025 2465 2099 Quadragesima,
2475 2028 2698 2099 jejunio,
2719 2046 2868 2085 cruce
2885 2040 2934 2084 et
2953 2034 3196 2101 passione
3214 2032 3452 2100 Domini,

1865 2119 2083 2184 latrone,
2115 2121 2402 2190 sepultura,
2432 2119 2659 2189 aliisque
2703 2120 2776 2178 ad
2816 2121 2915 2175 ista
2961 2124 3333 2192 spectantibus
3361 2123 3449 2178 17.

1866 2208 1942 2263 Ea
1987 2224 2108 2278 qum
2153 2210 2362 2279 incipit,
2393 2209 2586 2265 Mirum
2632 2213 2859 2282 fortasse
2904 2212 3161 2279 videatur,
3217 2223 3324 2270 etc.
3373 2224 3458 2270 est

1865 2314 2044 2355 sermo
2067 2299 2168 2353 118
2192 2299 2260 2355 de
2281 2299 2570 2370 Tempore,
2593 2316 2713 2356 cum
2738 2308 2919 2357 tamen
2940 2316 3009 2358 ex
3029 2301 3307 2360 Gennadio
3325 2320 3457 2361 eon-

1865 2400 1972 2447 stet
1992 2391 2206 2446 Maximi
2224 2406 2344 2446 esse
2365 2391 2638 2447 homiliam
2650 2391 2728 2448 De
2747 2402 2987 2449 accusata
3003 2394 3296 2467 atjudicato
3315 2396 3456 2467 apud

1866 2481 2100 2536 Pilatum
2128 2481 2375 2536 Domino.

1938 2571 2004 2626 In
2054 2575 2380 2644 solemnitate
2405 2573 2640 2645 paschali
2693 2572 2747 2643 5,
2797 2588 3024 2644 quarum
3069 2590 3190 2646 qua:
3225 2585 3311 2632 est
3363 2592 3456 2633 or-

1865 2664 1990 2719 dine
2031 2655 2346 2720 recensetur
2392 2664 2494 2719 126
2544 2667 2685 2720 inter
2729 2679 3006 2722 sermones
3057 2667 3340 2739 Augustini
3385 2670 3456 2725 de

1865 2751 2156 2823 Tempore.

1936 2841 2004 2896 In
2043 2842 2257 2898 Litaniis
2303 2853 2352 2898 et
2392 2844 2455 2899 de
2492 2845 2709 2916 jejuniis
2738 2844 3113 2911 Ninivitarum,
3158 2865 3279 2919 qua
3314 2850 3451 2908 dioi-

1863 2939 1952 2986 tur
1978 2948 2009 2985 a
2037 2931 2318 2989 Gennadio
2346 2933 2426 2987 De
2459 2934 2766 2989 Paenitentia
2789 2934 3162 2992 Ninivitarum.

1937 3022 2003 3077 In
2022 3026 2348 3078 solemnitate
2366 3026 2599 3096 paschali
2621 3026 2760 3080 hom.
2792 3027 2845 3081 ὅ.

191 3117 330 3172 muni
359 3119 679 3187 certioriqne
724 3117 1006 3172 sententia:
1044 3116 1259 3171 Baronii
1301 3116 1636 3184 aliorumque
1670 3115 1764 3184 qui
1791 3116 1837 3178 C
1944 3113 2011 3168 In
2039 3113 2223 3169 Natali
2250 3116 2418 3168 sancti
2447 3115 2702 3187 Stephani
2729 3133 2856 3185 una,
2884 3132 3002 3188 qua:
3029 3128 3113 3175 est
3157 3121 3339 3191 quinta
3387 3122 3457 3179 de

192 3202 560 3262 liediolanensi
589 3207 794 3277 synodo
831 3207 931 3261 sub
957 3206 1227 3262 Marciano
1262 3207 1588 3276 imperatore
1612 3205 1762 3262 cele—

191 3295 356 3352 brate
405 3308 460 3354 et
521 3298 777 3353 Romanae
822 3314 911 3353 an.
941 3298 1046 3352 465
1096 3297 1401 3354 interfuisse
1447 3298 1757 3367 opinantur,

189 3387 280 3440 sub
330 3387 524 3444 Hilario
560 3404 699 3460 papa
729 3429 745 3456 ,
794 3397 918 3460 post
963 3403 1121 3457 quem
1167 3389 1372 3459 primus
1424 3388 1757 3460 subscripsit.

188 3473 258 3531 De
283 3491 354 3533 eo
379 3477 815 3550 Martyrologium
841 3478 1140 3533 Romanum
1167 3477 1255 3532 die
1282 3475 1352 3529 25
1375 3475 1520 3531 Julii.
1549 3477 1762 3533 Genna-

187 3564 319 3630 dius,
352 3569 441 3636 qui
468 3570 635 3623 citato
659 3568 779 3623 loco
797 3567 966 3622 multa
985 3567 1051 3623 de
1079 3582 1146 3623 eo
1167 3566 1334 3622 refert
1360 3575 1552 3621 notatu
1571 3567 1760 3635 digna;

186 3652 452 3713 Honorius
504 3673 626 3729 cap.
655 3657 750 3724 40,
782 3658 876 3712 lib.
927 3672 975 3724 ι,
1020 3658 1110 3713 ubi
1157 3658 1300 3712 nulla
1351 3656 1494 3712 facta
1540 3656 1764 3714 Honorii

185 3749 457 3805 mentione
484 3750 584 3805 sub
612 3748 917 3804 Theodosio
944 3749 1209 3804 duntaxat
1249 3747 1491 3803 ﬂoruisse
1533 3748 1760 3815 dicitur;

185 3835 416 3894 Joannes
460 3839 816 3905 Trithemius,
846 3841 943 3910 qui
988 3840 1088 3895 sub
1133 3838 1439 3896 Theodosio
1491 3846 1764 3894 mortuum

186 3929 408 3996 asserit;
458 3929 713 3999 Vossius,
763 3931 856 4000 qui
903 3930 1043 4000 apud
1097 3928 1432 3986 Gennadium
1482 3929 1764 3998 legendum

187 4018 473 4074 arbitratur
521 4017 771 4074 Odoacro
823 4028 881 4074 et
919 4018 1256 4075 Tbeodorico
1301 4019 1674 4087 regnantibus,
1705 4025 1767 4074 ut

185 4105 253 4162 de
297 4109 505 4164 ceteris
551 4109 758 4165 sileam.
790 4107 1032 4164 llomilim
1077 4109 1193 4177 ejus
1228 4119 1342 4163 tum
1387 4109 1613 4164 seorsim
1654 4107 1764 4164 Co-

185 4195 364 4267 lonia,
395 4199 582 4256 Romae
609 4207 664 4255 et
691 4200 814 4254 alibi
839 4201 996 4254 edita:
1019 4210 1164 4269 sunt,
1194 4209 1306 4254 tum
1336 4201 1390 4254 in
1421 4199 1766 4257 Bibliotheeis

184 4295 429 4343 veterum
461 4289 696 4344 Patrum.
727 4288 1035 4345 Editionem
1065 4289 1422 4347 Parisiensem
1443 4306 1572 4346 ann.
1606 4290 1765 4362 1625,

185 4373 274 4430 hic
316 4376 431 4443 tibi,
461 4378 658 4447 lector,
684 4378 1102 4450 repraesentabo,
1131 4381 1272 4449 quod
1295 4389 1582 4449 antequam
1610 4396 1767 4437 exse-

1867 3207 2080 3263 Sanctis
2102 3206 2243 3277 apud
2272 3205 2647 3274 Augustinum.

1864 3368 1910 3441 ﬁ
1938 3297 2006 3352 In
2055 3295 2241 3350 Natali
2303 3305 2502 3351 sancte
2561 3298 2775 3362 Agnetis
2837 3299 3051 3370 virginis
3105 3309 3156 3353 et
3210 3302 3459 3373 martyris

1864 3382 1868 3389 ’
1899 3405 2001 3441 om.
2034 3387 2082 3440 1.

1859 3382 2001 3442 hom.
2034 3387 2082 3440 1.

1937 3479 2003 3533 In
2033 3477 2320 3534 Nativitate
2340 3479 2505 3532 sancti
2545 3477 2766 3532 Joannis
2795 3477 3049 3549 Baptista
3074 3480 3215 3534 hom.
3241 3480 3309 3546 ὃς
3334 3496 3453 3536 me-

1863 3570 2020 3624 minit
2046 3567 2379 3625 Gennadius.

1935 3658 2004 3714 In
2057 3658 2337 3715 Natalibus
2365 3659 2718 3732 apostolorum
2763 3660 2913 3714 Petri
2941 3669 2990 3713 et
3018 3659 3178 3713 Pauli
3217 3661 3357 3714 hom.
3399 3659 3454 3714 5.

1865 3750 2066 3820 Pruna,
2093 3767 2212 3822 qua:
2257 3751 2445 3821 incipit
2473 3749 2914 3818 Gloriosissimos,
2941 3758 3075 3818 etc.,
3099 3749 3242 3819 apud
3269 3749 3456 3818 Augu-

1864 3844 2063 3898 stinum
2099 3843 2168 3899 do
2210 3844 2452 3909 Sanctis;
2502 3827 2809 3897 Gennadius
2849 3848 3034 3894 narrat
3082 3841 3456 3911 composuisse

1865 3938 2129 3989 tractatus
2151 3933 2203 3987 in
2223 3933 2435 3988 laudem
2463 3931 2855 4003 apostolorum.

1939 4023 2008 4079 In
2028 4022 2210 4080 Natali
2233 4026 2405 4080 sancti
2427 4024 2697 4080 Laurentii
2715 4023 2959 4095 martyris
2979 4023 3120 4078 hom.
3142 4023 3204 4091 ὃς
3226 4038 3295 4079 ex
3314 4022 3458 4081 Gen-

1867 4115 2051 4170 nadio.

1939 4203 2006 4258 In
2046 4201 2233 4260 Natali
2276 4204 2444 4260 sancti
2496 4202 2711 4260 Eusebii
2747 4203 3093 4258 Vercellansis
3129 4205 3356 4275 episcopi
3407 4216 3458 4261 et

1867 4295 2178 4366 confessoris
2197 4294 2298 4347 cal.
2325 4293 2545 4363 Augusti
2572 4292 2710 4348 hom.
2742 4290 2810 4357 2;
2840 4305 2910 4346 ex
2937 4291 3132 4345 eodem
3151 4289 3456 4348 Gennadio.

1941 4384 2008 4439 In
2039 4383 2228 4438 Natali
2252 4383 2418 4439 sancti
2447 4381 2698 4453 Cypriani
2720 4381 2858 4435 hom.
2879 4379 2947 4448 2;
2978 4381 3221 4437 meminit
3241 4381 3460 4438 Genna—

187 4479 361 4535 quar,
416 4467 771 4523 deridendum
825 4470 1076 4525 omnibus
1121 4469 1392 4526 Gnillclmi
1441 4469 1768 4539 Parkiensis,
1798 4482 1847 4542 Ι)
1869 4474 2008 4530 dius.

189 4554 410 4626 citraque
423 4559 704 4613 simiorum
725 4558 948 4615 Roberti
972 4559 1124 4629 Coei,
1145 4561 1373 4616 Androm
1388 4560 1587 4629 Riveti,
1606 4560 1772 4616 Joan-

191 4644 273 4699 nis
318 4645 534 4703 Henrici
581 4646 842 4717 Ottingeri
863 4691 880 4718 ,
919 4650 1277 4719 similiumque
1313 4651 1771 4706 heterodoxorum

192 4747 511 4803 proponam.
552 4735 842 4792 Sermones
876 4738 944 4793 de
982 4738 1302 4810 Martyribus
1337 4739 1773 4809 Taurinensibus,

194 4837 367 4880 sermo
395 4826 429 4879 5
455 4827 506 4880 iu
559 4825 735 4882 Natali
763 4827 906 4883 Petri
935 4838 990 4883 et
1036 4829 1210 4896 Pauli,
1249 4838 1307 4884 et
1349 4830 1570 4899 quidam
1598 4831 1688 4886 alii
1713 4839 1776 4907 ut

196 4918 356 4983 spurii
382 4919 756 4989 suppositique
782 4927 836 4974 et
863 4920 1056 4976 nullius
1077 4929 1170 4975 aut
1195 4922 1388 4978 saltem
1413 4922 1632 4979 incerta
1648 4921 1776 4976 ﬁdei

200 5007 502 5075 repudiandi
527 5017 670 5064 sunt.
702 5008 841 5076 Quid
885 5011 958 5064 ita
985 5012 1187 5080 porro?
1215 5009 1369 5077 Quod
1397 5013 1466 5066 ab
1512 5011 1775 5081 imperitis

203 5101 631 5167 amanuensibus,
656 5115 721 5155 ac
743 5101 926 5155 sciolis
951 5102 1264 5170 quibusdam
1292 5101 1669 5156 collectoribus
1694 5100 1775 5154 in-

205 5196 280 5241 ter
304 5192 472 5246 sancti
500 5192 793 5260 Ambrosii,
819 5200 984 5260 atque
1004 5192 1281 5261 Augustini
1310 5206 1587 5247 sermones
1615 5206 1775 5261 repe-

205 5276 399 5334 riantur
453 5280 657 5335 inserti.
684 5280 854 5347 Sane,
883 5287 940 5335 et
985 5280 1116 5335 nihil
1160 5281 1373 5349 gravius
1410 5283 1656 5350 eloquar,
1684 5282 1778 5349 qui

206 5371 300 5425 hoc
323 5379 479 5440 pacto
505 5373 900 5429 ratiocinantur
946 5372 999 5427 in
1026 5372 1434 5442 pervolutandis
1469 5388 1598 5427 mss.
1629 5373 1779 5427 codi-

203 5461 347 5516 cibm
396 5463 628 5534 hospites
672 5480 736 5522 se
787 5463 1054 5536 pulsent,
1077 5479 1140 5519 ac
1184 5465 1398 5534 penitus
1443 5464 1776 5534 peregrinos.

204 5549 367 5617 οωι
392 5554 581 5612 rectis
603 5570 729 5613 etim
759 5553 1093 5610 Bellarmino
1129 5554 1406 5617 dixissent,
1431 5554 1641 5612 etiamsi
1669 5553 1782 5608 Au-

207 5647 402 5708 gustino
441 5647 676 5718 quidam,
731 5655 832 5702 aut
877 5642 1166 5700 Ambrosio
1209 5645 1621 5711 vindicarentur,
1674 5659 1786 5700 non

1946 4565 2023 4619 De
2049 4579 2116 4619 eo
2142 4563 2286 4633 quod
2313 4563 2569 4633 scriptum
2589 4570 2672 4616 est
2703 4578 2718 4615 :
2761 4559 2891 4626 Quis
2915 4562 3087 4632 major
3120 4564 3271 4618 estin
3301 4580 3461 4634 regno

1874 4657 2133 4720 calorum,
2155 4661 2211 4710 et
2234 4654 2425 4722 legitur
2447 4654 2502 4707 in
2526 4652 2671 4710 feriis
2698 4653 2867 4707 sancti
2898 4651 3176 4708 Michaelis
3200 4671 3212 4706 :
3237 4650 3457 4709 Genna-

1874 4746 1992 4799 dius
2016 4746 2112 4809 ait,
2133 4744 2201 4800 de
2228 4744 2474 4814 capitulis
2495 4742 2905 4812 Evangeliorum
2926 4749 2982 4797 et
2999 4741 3069 4797 de
3089 4742 3310 4798 Actilms
3327 4758 3460 4815 apo-

1874 4835 2134 4889 stolorum
2161 4833 2327 4886 multa
2352 4833 2683 4902 exposuisse.

1951 4924 2020 4977 In
2045 4921 2234 4977 Natali
2256 4930 2548 4976 sanctorum
2564 4931 2858 4993 martyrum
2880 4919 3275 4977 Tuurinensistm
3298 4923 3458 4977 Octa-

1873 5015 1961 5082 vii,
1985 5014 2219 5067 Adventii
2246 5022 2295 5066 et
2324 5011 2600 5067 Sslutoris.
2624 5011 2741 5066 Non
2771 5013 3013 5067 meminit
3036 5013 3250 5068 disertis
3278 5014 3457 5069 verbis

1875 5103 2201 5169 Gennadius,
2232 5102 2327 5157 sed
2364 5117 2484 5171 quae
2520 5111 2700 5158 tamen
2728 5118 2798 5158 ex
2825 5104 3073 5161 munibus
3099 5102 3312 5159 videtur
3328 5119 3452 5159 esse

1877 5193 2114 5256 Maximi,
2141 5194 2259 5248 hare
2280 5193 2398 5261 ipsa
2426 5200 2532 5248 est.

1953 5284 2019 5339 In
2059 5284 2316 5338 conatui
2362 5281 2688 5353 Hartyrum;
2737 5282 2851 5338 haec
2886 5281 3081 5337 dicitur
3107 5297 3139 5336 a
3174 5279 3457 5338 Gennadio

1881 5374 2147 5444 generalis
2171 5373 2414 5428 omnium
2433 5380 2729 5442 martyrum
2759 5373 2994 5427 homilia.

1955 5465 2022 5519 ln
2051 5463 2326 5519 traditione
2363 5461 2604 5531 symboli,
2638 5477 2735 5517 seu
2778 5462 2858 5516 De
2884 5461 3203 5531 expositione
3228 5458 3460 5527 ejusdem

1884 5555 2022 5610 hom.
2055 5555 2107 5608 1.

1956 5642 2034 5697 Ds
2073 5660 2176 5697 non
2218 5643 2458 5697 timendis
2485 5642 2712 5698 hostibus
2740 5643 3059 5710 carnalibus,
3102 5651 3153 5697 et
3179 5642 3242 5694 dt
3273 5638 3460 5708 gratiis
