3898 6226
557 310 656 367 167

1379 305 1785 361 TESTIMONIA
1821 302 2257 360 SCRIPTOHUM
2298 303 2965 362 ECCLESIASTICORUM

3713 309 3820 361 168

553 432 666 493 post
695 423 861 476 cibum
885 422 991 478 Deo
1021 421 1256 492 agendis,
1287 421 1546 491 ipsissima
1576 429 1698 475 sunt
1723 418 1984 473 Gennadii
2013 432 2133 470 ver—
2169 419 2214 474 A
2245 418 2353 484 ipse
2379 417 2632 486 incidere,
2658 419 2792 473 vela
2821 420 3013 489 quibus
3043 419 3219 474 hausit
3238 418 3552 490 Capreolus,
3587 419 3816 475 Vincen-

555 513 622 567 ba
665 512 744 564 De
789 513 1006 564 avaritia
1053 512 1287 579 vitanda,
1319 520 1365 564 et
1395 512 1458 564 de
1485 528 1543 565 eo
1566 512 1700 582 quod
1731 511 1982 579 scriptum
2010 517 2084 561 est
2117 523 2133 559 :

557 600 726 653 Erant
753 603 826 655 eis
855 604 1026 655 omnia
1055 604 1365 655 communia.
1403 601 1686 670 Reperitur
1729 601 1870 670 apud
1911 601 2137 652 Ambro-

556 693 694 747 sium
724 709 883 747 serm.
906 693 974 745 24
1004 693 1084 747 De
1109 693 1273 747 verbis
1301 694 1562 764 Apostoli;
1593 708 1714 747 esse
1745 701 1920 745 tamen
1950 696 2136 758 genui-

559 799 682 838 nam
712 785 926 840 Maximi
953 786 1226 840 homiliam
1248 785 1501 838 discimus
1528 800 1596 838 ex
1623 781 1919 837 Gennadio.

628 874 874 930 Secunda
903 875 981 929 De
1005 876 1181 929 eodem
1213 884 1534 942 argumento.
1567 873 1644 927 De
1666 872 1999 942 eleemosgnis
2027 871 2136 924 lar-

559 967 758 1038 giendis
787 967 1014 1020 homilia:
1040 966 1101 1031 2;
1149 981 1216 1020 ex
1243 964 1540 1020 Gennadio.
1585 963 1664 1018 De
1696 963 2045 1034 hospitalitate
2073 962 2132 1025 l;

561 1071 629 1110 ex
657 1057 865 1110 eodem.
905 1055 986 1109 De
1023 1056 1224 1130 defectu
1252 1055 1420 1119 lunia;
1459 1070 1526 1110 ex
1553 1053 1763 1109 eodem.
1797 1052 1876 1106 De
1907 1070 1964 1106 eo
2001 1050 2136 1123 quod

561 1148 806 1215 scriptum
834 1155 911 1200 est
938 1147 992 1200 in
1032 1144 1200 1209 Isaia,
1231 1163 1347 1216 cap.
1389 1161 1405 1200 ι
1438 1162 1451 1197 :
1497 1143 1768 1214 Caupones
1811 1142 1886 1194 tui
1922 1143 2137 1194 miscent

560 1253 750 1308 aquam
797 1239 932 1291 vino.
987 1236 1218 1292 Consule
1264 1234 1632 1299 Gennadium,
1693 1235 1781 1302 qui
1829 1234 2135 1300 singulatim

562 1345 699 1400 pene
746 1344 933 1383 omnes
980 1330 1098 1384 illas
1145 1329 1349 1396 legerat
1392 1328 1672 1391 bomilias,
1723 1335 1779 1380 et
1828 1327 2134 1381 criticorum

563 1426 870 1473 nostrorum
897 1417 1126 1472 osbtruit
1165 1432 1246 1482 os,
1276 1415 1663 1484 audaciamque
1701 1414 2026 1482 comprimit.

791 1545 1089 1602 JOANNES
1127 1546 1487 1601 ALBERTUS
1523 1545 1904 1601 FABRICIUS.

634 1637 698 1690 In
731 1637 1046 1692 Bibliotheca
1072 1638 1420 1692 ecclesiastica
1448 1638 1749 1706 Antuerpiaz
1778 1653 1868 1689 an.
1906 1634 2062 1688 1659.

2240 514 2343 565 tius
2371 511 2680 578 Bandellus,
2709 521 2813 565 etc.
2846 511 3115 582 Quidquid
3144 513 3213 565 sit
3241 513 3310 567 de
3339 512 3444 566 loci
3475 513 3618 566 illius
3639 520 3824 566 aucto-

2237 605 2394 657 ritate
2423 613 2515 656 ant
2543 605 2771 657 veritate
2803 604 3184 671 inscriptionis,
3210 604 3276 658 de
3296 604 3492 674 quibus
3509 605 3673 656 nolim
3695 621 3818 658 con-

2236 694 2475 757 tendere,
2509 709 2576 747 ne
2617 694 2760 747 hunc
2796 708 2824 746 a
2864 708 2950 746 me
2999 694 3094 748 sic.
3125 693 3446 763 productum
3488 709 3818 754 sermonem.

2237 783 2458 852 antiquo
2500 783 2625 836 licet
2657 783 2864 846 codice,
2899 784 3070 836 ausim
3099 784 3320 838 omnino
3355 783 3591 837 Maximo
3627 783 3817 837 Tauri-

2237 875 2388 928 nensi
2424 888 2687 928 asserere.

2589 963 2751 1036 [cui]
2789 962 3226 1018 GUILLELMUS
3263 963 3462 1018 CAVE.

2238 1051 2560 1108 Scriptorum
2604 1053 3065 1106 ecclesiasticarum
3120 1052 3359 1106 Historia
3403 1054 3664 1108 litterario
3717 1070 3821 1106 sec.

2313 1073 2354 1106 η
2395 1073 2560 1107 torum
2604 1073 3065 1106 ecclesiasticarum
3120 1073 3359 1106 umoria
3403 1073 3664 1108 mteraria
3717 1073 3751 1106 si

2309 1073 2678 1178 Ngstorianum
2701 1121 2930 1177 Colonite
2951 1122 3284 1194 Allobrogum
3307 1123 3460 1187 i720,
3480 1141 3601 1193 pag.
3626 1123 3751 1175 260.

2310 1232 2590 1296 Maximus,
2627 1232 2766 1286 unde
2791 1232 3068 1296 oriundus,
3102 1234 3384 1296 incertum,
3410 1233 3663 1300 Augusta:
3685 1232 3825 1285 Tau-

2237 1323 2476 1376 rinorum
2508 1323 2559 1374 in
2586 1320 2757 1374 Gallia
2781 1320 3096 1390 Subalpina,
3130 1337 3289 1391 quam
3319 1322 3479 1375 hodie
3521 1320 3824 1375 Pedemon-

2239 1422 2417 1467 tanam
2449 1421 2681 1476 vocant,
2723 1415 3024 1483 episc0pus.
3058 1413 3262 1467 Claruit
3287 1430 3374 1467 an.
3418 1413 3539 1466 422.
3569 1414 3732 1477 Idem,
3769 1425 3825 1465 ut

2239 1504 2465 1567 videtur,
2498 1502 2796 1568 Maximus,
2847 1505 2937 1571 qui
2985 1505 3190 1574 synodo
3232 1503 3571 1558 Arausicanze
3613 1505 3824 1571 (inqua

2237 1607 2473 1646 canones
2494 1593 2698 1661 aliquot
2718 1593 3055 1663 disciplinam
3077 1594 3490 1648 ecclesiasticam
3512 1602 3826 1663 spectantes

2237 1681 2437 1733 conditi
2480 1684 2626 1749 sunt)
2679 1698 2767 1734 an.
2819 1681 2915 1734 441
2952 1682 3221 1747 interfuit;
3255 1684 3509 1736 intererat
3539 1684 3705 1736 etiam
3731 1697 3819 1733 an.

632 1748 859 1804 Sanctus
897 1749 1161 1804 Maximus
1189 1749 1441 1818 Augusta:
1467 1749 1822 1803 Taurinorum
1868 1749 1920 1803 in
1962 1746 2133 1802 Pede-

2255 1768 2338 1821 l5l
2373 1771 2577 1840 synodo
2601 1746 3014 1836 Mediolanensi;
3039 1788 3160 1826 cum
3192 1746 3428 1841 episcopi
3465 1773 3825 1841 provinciales

563 1849 818 1895 montana
856 1843 1077 1908 regione
1113 1841 1417 1910 episcopus,
1462 1840 1842 1910 Martyrologio
1885 1840 2139 1908 vigesima

563 1933 750 2002 quinta
779 1932 921 1985 Junii
944 1932 1225 2001 ascriptus,
1255 1931 1493 1985 interfuit
1521 1931 1728 2002 synodo
1755 1929 2140 1986 Mediolanensi

563 2025 665 2078 sub
691 2023 940 2088 Eusebio,
966 2030 1020 2076 et
1042 2022 1286 2075 Romano
1307 2022 1537 2076 concilio
1565 2021 1632 2074 ab
1661 2020 1863 2074 Hilario
1893 2036 2029 2090 papa
2051 2035 2140 2074 ce-

563 2115 791 2178 lebrato,
833 2113 1090 2168 Basilisco
1133 2121 1187 2167 et
1216 2112 1584 2168 Herminerico
1609 2129 1774 2175 coss.,
1807 2114 1910 2167 hoc
1938 2121 2018 2166 est
2047 2128 2134 2166 an.

563 2204 686 2256 465.
714 2203 991 2257 Labuntur
1015 2216 1142 2270 ergo
1164 2203 1255 2279 qui
1286 2204 1524 2257 scribunt
1552 2203 1724 2272 ipsum
1746 2203 1944 2257 obiisse
1964 2201 2142 2256 Hono-

563 2294 646 2348 rio
676 2301 731 2347 et
757 2292 1059 2347 Theodosio
1087 2291 1308 2346 Juniore
1349 2293 1752 2362 imperantibus.
1784 2292 1915 2344 Nam
1960 2291 2137 2345 Theo-

563 2381 747 2434 dosius
776 2379 965 2438 .Ianior
993 2381 1252 2447 regnabat
1279 2381 1654 2434 Valentiniano
1683 2380 1746 2433 lll
1776 2390 1829 2432 et
1857 2379 2137 2434 Gennadio

567 2469 772 2525 Avieno
793 2471 1117 2534 consulibus,
1143 2480 1277 2525 teste
1298 2470 1618 2524 Cassiodoro
1643 2471 1694 2524 in
1719 2469 2005 2525 Chronico.
2031 2469 2143 2523 Cm-

565 2570 741 2616 terum
773 2560 828 2615 S.
859 2561 1074 2614 Maximi
1103 2562 1334 2614 homilize
1357 2560 1592 2614 Coloniae
1611 2577 1698 2613 an.
1733 2559 1890 2626 1555,
1919 2569 1974 2614 et
2005 2559 2138 2611 1564

567 2651 750 2704 Roma:
780 2649 986 2703 fuerant
1008 2651 1305 2720 publicane.
1332 2649 1408 2702 Ex
1429 2650 1623 2717 quibus
1653 2641 1756 2703 non
1780 2665 1960 2718 paucae
1984 2651 2138 2703 titulo

568 2741 834 2794 Ambrosii
865 2740 996 2794 falso
1025 2749 1148 2794 sunt
1177 2740 1350 2803 edite,
1383 2749 1440 2792 ut
1469 2738 1746 2793 Costerius
1774 2747 1827 2793 et
1856 2739 2137 2793 Bellarmi-

569 2845 668 2884 nus
698 2831 1068 2884 observarunt.

781 2917 1199 2972 FRANCISCUS
1252 2917 1700 2973 COMBEFISIUS
1749 2917 1811 2971 Ο.
1862 2918 1922 2971 Ρ.

676 3009 741 3062 In
765 3008 1076 3062 Bibliotheca
1099 3011 1483 3063 concionatoria
1505 3009 1725 3062 Parisiis
1751 3027 1840 3062 an.
1873 3008 2027 3062 1662.

571 3228 672 3281 pus
711 3210 889 3265 ﬂoruit
917 3209 1152 3264 Honorio
1193 3217 1247 3264 et
1276 3210 1577 3264 Theodosio
1611 3209 1831 3263 Juniore
1863 3211 2139 3275 regnanti-

569 3303 686 3367 bus,
721 3309 940 3355 auctore
981 3299 1278 3365 Gennadio,
1323 3307 1380 3352 ut
1421 3314 1540 3352 eum
1583 3298 1836 3368 produxit
1880 3298 2133 3351 Mirmus:

567 3409 676 3462 quo
703 3391 908 3447 calculo
939 3391 1068 3444 nihil
1099 3397 1243 3443 vetat
1270 3390 1322 3442 in
1344 3405 1515 3442 annos
1543 3397 1687 3442 retro
1719 3389 1916 3458 plures,
1942 3388 2139 3456 produ-

565 3492 657 3539 cto
686 3481 1012 3542 sacerdotio,
1054 3480 1435 3534 Mediolanensi
1485 3480 1692 3550 synodo
1721 3479 1992 3533 Marciano
2036 3479 2136 3531 im-

565 3582 835 3645 peratore,
859 3582 912 3626 et
943 3572 1198 3625 Romana:
1230 3571 1429 3626 Hilario
1458 3587 1593 3640 papa
1622 3570 1872 3631 an,Dom.
1905 3569 2008 3622 465
2030 3570 2137 3639 (cui

565 3674 690 3735 post
719 3665 890 3734 ipsum
919 3665 1232 3732 subscripsit
1261 3664 1433 3718 aetatis
1461 3665 1640 3732 potius
1672 3678 1832 3731 quam
1865 3661 2009 3716 sedis
2029 3663 2138 3730 pri—

563 3757 795 3824 vilegio)
845 3757 1168 3809 interfuisse.
1210 3753 1337 3822 Ejus
1382 3755 1667 3823 plerosque
1717 3769 2018 3816 sermones,
2075 3769 2138 3808 ac

563 3852 832 3913 quotquot
876 3853 1256 3898 succurrerunt
1291 3846 1562 3898 memoria:
1604 3843 1909 3898 Gennadius
1945 3859 2134 3897 recen-

564 3937 704 4000 suit;
733 3951 963 4005 quorum
993 3944 1174 3990 tamen
1213 3936 1373 4004 aliqui
1397 3936 1699 4004 Augustini,
1727 3937 1887 4003 aliqui
1918 3934 2141 3989 Ambro-

563 4027 629 4081 sii
657 4025 998 4080 sermonibus
1022 4025 1296 4078 commixti
1325 4033 1471 4092 sunt,
1498 4041 1633 4093 quos
1661 4027 1772 4079 suis
1801 4025 1933 4078 locis
1957 4024 2134 4077 studui

564 4125 846 4169 annotare.
886 4113 942 4166 ld
980 4129 1108 4167 vero
1146 4129 1209 4167 ea
1250 4113 1446 4167 factum
1477 4117 1706 4181 ratione,
1749 4129 1853 4182 qua
1896 4115 2136 4183 pluribus

564 4208 791 4262 disserui
838 4208 891 4260 in
933 4215 1120 4260 sancto
1159 4205 1322 4261 Petro
1361 4205 1715 4276 Chrysologo,
1761 4205 1903 4274 quod
1934 4207 2136 4260 scilicet

564 4312 790 4365 quaeque
821 4295 1061 4350 Ecclesia
1104 4311 1412 4349 sermonum
1459 4310 1679 4349 suorum
1726 4295 2002 4364 manipulo
2041 4311 2135 4350 eos

562 4387 664 4441 sibi
693 4387 972 4452 deligeret,
1012 4385 1103 4454 qui
1150 4399 1220 4438 ex
1267 4397 1366 4438 usu
1414 4385 1582 4452 magis
1629 4399 1748 4438 esse
1798 4385 2129 4450 viderentur,

562 4477 906 4548 quantumvis
948 4477 1061 4544 ipse
1109 4475 1430 4544 manipulus,
1479 4476 1718 4543 alterius,
1767 4475 1916 4543 cujus
1954 4476 2134 4544 plures

562 4575 764 4631 essent,
796 4576 886 4619 aut
909 4568 1168 4635 potiores,
1196 4581 1392 4619 nomen
1417 4566 1691 4634 praeferret
1715 4583 1726 4616 :
1752 4581 1978 4633 cumque
1999 4567 2132 4620 tanti

561 4659 688 4724 sint,
721 4673 951 4725 quorum
980 4672 1257 4710 sermones
1297 4656 1452 4708 titulo
1483 4655 1712 4721 variant,
1742 4656 1842 4709 viri
1878 4657 2022 4710 docti
2070 4673 2133 4711 ac

560 4746 756 4813 sancti,
787 4760 886 4800 nec
915 4754 1072 4800 :L-tate
1110 4747 1247 4800 adeo
1278 4745 1473 4806 dissiti,
1507 4761 1693 4813 parum
1737 4744 2025 4799 admodum
2066 4761 2132 4800 ex

560 4834 873 4890 confusione
902 4835 984 4888 his
1006 4835 1232 4890 decedit.
1266 4835 1430 4889 Plane
1457 4849 1586 4889 vero
1614 4837 1888 4902 elegantes
1915 4845 2040 4889 sunt
2071 4853 2134 4890 ac

561 4925 690 4978 culti
718 4940 993 4980 sermones
1023 4925 1258 4978 Maximi.
1285 4925 1492 4980 Novum
1513 4925 1684 4994 adjeci
1713 4926 1781 4979 ad
1807 4925 1998 4980 festum
2023 4926 2132 4980 Na-

563 5015 783 5069 tivitatis
819 5025 1016 5070 sancta:
1044 5016 1220 5070 Maria:
1249 5030 1316 5070 ex
1357 5016 1626 5071 codicibus
1657 5016 1842 5072 Sancti
1878 5016 2131 5074 Germani

564 5104 857 5174 Pratensis,
888 5108 1043 5161 titulo
1067 5109 1118 5161 in
1153 5106 1392 5174 ejusdem
1423 5108 1818 5179 Assumptiono,
1852 5125 1974 5163 cum
2017 5126 2138 5178 spe-

563 5206 676 5251 ctet
723 5200 892 5265 magis
946 5197 1012 5252 ad
1064 5199 1256 5252 festum
1309 5199 1775 5268 Aunnntiationis,
1831 5202 1982 5270 cujus
2037 5218 2131 5257 oc-

563 5287 782 5341 casione
824 5302 931 5342 non
968 5289 1109 5342 male
1152 5298 1284 5358 puto
1334 5290 1516 5357 intuli,
1560 5307 1664 5345 non
1701 5292 1818 5346 falsi
1855 5308 2131 5346 arcessen-

562 5377 689 5430 dum
717 5375 1029 5446 Cajetanum
1067 5395 1252 5448 Opusc.
1287 5380 1353 5434 de
1391 5380 1648 5450 Concept.
1691 5393 1887 5437 sancte
1929 5384 2128 5450 Mariw,

561 5470 706 5538 quod
725 5470 902 5526 locum
928 5486 992 5525 ex
1014 5485 1261 5525 somnone
1282 5475 1451 5528 sancti
1473 5472 1689 5528 Maximi
1717 5475 1768 5527 in
1792 5475 2128 5545 Assumptio-

561 5574 684 5613 nent
712 5569 909 5615 sancta:
938 5559 1116 5615 Marias
1148 5561 1351 5628 allerat,
1383 5565 1473 5631 qui
1503 5579 1679 5618 sermo
1713 5565 1865 5618 nobis
1894 5581 1998 5618 non
2031 5581 2126 5618 cx-

559 5658 684 5706 stat.
721 5649 899 5707 Pctuit
942 5656 1084 5711 enim
1116 5657 1164 5710 in
1211 5671 1509 5710 sermonem
1542 5657 1615 5710 sic
1657 5664 2007 5724 praznotatum
2044 5657 2126 5710 vel

2242 1861 2416 1915 coacti
2438 1870 2580 1926 sunt,
2613 1870 2672 1914 ut
2699 1876 2817 1929 qua:
2847 1860 2956 1916 Leo
2981 1877 3116 1932 papa
3145 1862 3210 1915 a;l
3236 1862 3544 1916 Flavianum
3567 1863 3825 1915 adversus

2241 1948 2534 2020 Eutycliem
2575 1952 2882 2019 scripserat,
2914 1954 3180 2005 sententia
3208 1969 3303 2006 sua
3349 1953 3686 2005 roborarcit.
3723 1952 3825 2004 De-

2240 2041 2401 2108 nique
2430 2041 2658 2094 concilio
2684 2039 2929 2094 Romano
2957 2042 3007 2094 in
3040 2042 3205 2094 natali
3227 2041 3411 2094 Hilarii
3435 2057 3584 2110 papze
3605 2059 3692 2094 an.
3722 2041 3825 2091 4⁸15

2241 2131 2537 2192 celebrato,
2569 2131 2622 2184 in
2650 2147 2757 2201 quo
2786 2131 2853 2186 de
2882 2133 3149 2201 episcopis
3173 2148 3512 2186 successores
3533 2148 3662 2185 suos
3685 2132 3821 2184 desi-

2239 2224 2524 2292 gnantibus
2552 2225 2775 2292 aliisque
2796 2225 3169 2293 episcoporum
3194 2226 3368 2279 causis
3389 2223 3662 2291 agebatur.
3691 2222 3824 2275 lluTc

2240 2314 2468 2369 concilio
2511 2317 2685 2383 primo
2715 2316 2836 2370 loco
2879 2323 3000 2383 post
3030 2316 3330 2368 Romanum
3364 2315 3668 2383 pontificem
3698 2314 3821 2367 sub-

2238 2404 2451 2473 scripsit
2479 2403 2740 2459 Maximus
2769 2412 2970 2470 noster,
3014 2405 3171 2473 idque
3201 2420 3265 2458 ex
3296 2413 3473 2458 mente
3507 2405 3722 2458 Baronii
3754 2405 3820 2456 ob

2241 2494 2647 2560 praerogativam
2677 2495 2850 2547 :etatis
2879 2494 2930 2546 in
2955 2495 3267 2562 episcopatu
3291 2495 3516 2561 agentis.
3551 2495 3708 2548 Anno
3737 2509 3816 2546 se-

2239 2585 2423 2650 quenti
2448 2584 2646 2638 obiisse
2668 2584 2880 2638 dicitur.
2905 2584 3057 2650 Quod
3082 2601 3210 2637 vero
3231 2585 3407 2654 plures
3430 2583 3690 2639 Gennadii
3712 2586 3816 2638 edi-

2241 2675 2415 2728 tiones
2435 2675 2635 2728 habent
2650 2716 2662 2738 ,
2684 2675 2912 2728 moritur
2933 2674 3169 2728 Honorio
3199 2684 3253 2728 et
3277 2676 3580 2729 Theodosio
3601 2675 3776 2728 Junioi
3791 2691 3817 2726 θ

2241 2764 2616 2830 regnantibus;
2649 2764 2859 2819 Mirmus
2888 2765 2941 2818 in
2971 2781 3065 2818 sua
3110 2764 3368 2818 chnaniii
3417 2767 3673 2825 editione,
3726 2781 3816 2834 pro

2243 2854 2476 2914 moritur,
2509 2854 2878 2922 reponendum
2915 2855 3104 2917 duxit,
3158 2856 3368 2923 ﬂoruit;
3403 2863 3545 2923 quod
3589 2866 3643 2909 et
3699 2859 3817 2909 ant'c

2241 2940 2475 2996 Mii‘arum
2501 2953 2785 2999 monuerat
2808 2947 3098 3012 Baronius;
3131 2948 3380 3001 mendum
3413 2949 3618 3002 scilicet
3651 2948 3700 3002 in
3726 2965 3814 3002 co-

2131 3086 2154 3099 τ
2244 3032 2362 3088 dice
2392 3033 2692 3104 irrepsisse.

639 3120 868 3175 Sanctus
888 3119 1148 3174 Maximus
1171 3119 1514 3173 Taurinensis
1537 3121 1587 3174 in
1609 3119 1915 3188 Subalpinis
1935 3121 2138 3188 episco—
2162 3118 2206 3180 C

2953 3122 3166 3161 SCRIPTA
3177 3149 3190 3160 .

2774 3197 2823 3250 Η
2830 3199 3019 3253 omilia:
3048 3201 3308 3253 hiemales.

2309 3311 2389 3362 De
2419 3315 2636 3363 adventu
2661 3309 2872 3366 Domini
2903 3313 3038 3366 liam.
3072 3312 3123 3367 2.

2311 3399 2377 3452 In
2399 3400 2589 3471 vigiliis
2619 3399 2833 3456 Natalis
2873 3401 3084 3457 Domini
3133 3405 3373 3471 ltomilia,
3420 3420 3538 3474 qum
3587 3417 3644 3461 et
3687 3409 3814 3461 inter

2238 3490 2622 3547 Ambrosianas
2650 3496 2917 3562 reperitur
2947 3511 3092 3548 num.
3128 3495 3211 3548 15.

2309 3578 2376 3632 1η
2404 3578 2593 3633 Natali
2621 3580 2830 3634 Domini
2859 3582 3085 3635 homiliw
3123 3581 3175 3646 6,
3219 3598 3285 3636 ex
3327 3583 3410 3636 his
3442 3585 3616 3652 prima
3648 3597 3728 3639 est
3757 3584 3811 3635 l3

2238 3669 2377 3724 inter
2395 3669 2796 3736 Ainbrosianas,
2815 3669 2880 3722 14
2900 3671 3038 3725 inter
3059 3672 3338 3739 Augustini
3362 3674 3429 3728 de
3451 3674 3716 3744 Tempore
3739 3683 3810 3726 et

2236 3760 2486 3814 secunda.

2309 3851 2374 3903 In
2401 3854 2790 3907 circumcisione
2817 3852 3029 3907 Domini
3056 3854 3286 3909 homilia.

2310 3939 2371 3992 In
2403 3939 2703 4011 Epiphania
2730 3943 2939 3996 Domini
2968 3944 3108 3997 Itom.
3142 3944 3195 4009 8,
3227 3959 3455 4013 quarum
3483 3953 3713 4017 septima
3734 3956 3808 4002 est

2236 4030 2302 4082 27
2330 4033 2469 4084 inter
2497 4032 2774 4098 Augustini
2801 4033 2866 4087 de
2892 4033 3176 4103 Tempore.

2309 4117 2384 4171 De
2399 4119 2604 4188 jejunio
2631 4118 3054 4192 Quadragesima:
3083 4123 3217 4174 hom.
3252 4123 3304 4174 4.

2308 4213 2371 4265 In
2397 4217 2654 4269 dominica
2687 4218 2739 4269 in
2780 4217 2954 4270 Ramis
2985 4217 3215 4280 Itontilia,
3245 4231 3362 4284 qua:
3387 4228 3468 4272 est
3494 4221 3652 4273 tertia
3683 4222 3807 4273 inlcr

2237 4301 2639 4359 Ambrosianas.

2304 4394 2382 4449 De
2411 4399 2740 4450 accusatione
2781 4397 2990 4451 Domini
3031 4398 3172 4468 apud
3191 4398 3421 4452 Pilatum
3451 4402 3588 4454 liam.
3617 4401 3669 4465 9.,
3692 4416 3804 4468 qua-

2161 4464 2210 4524 Ῑ)
2239 4500 2354 4537 rum
2377 4486 2547 4553 prima
2577 4495 2659 4540 est
2703 4487 2770 4538 49
2800 4489 2941 4542 inter
2971 4464 3354 4542 Am‘brosianas
3379 4529 3392 4552 ,
3436 4500 3490 4543 et
3533 4490 3631 4543 118
3659 4464 3802 4544 inter

2238 4574 2519 4640 Augustini
2541 4575 2606 4629 de
2638 4577 2921 4647 Tempore,
2955 4579 3187 4633 secunda
3217 4589 3298 4634 est
3324 4579 3389 4632 50
3421 4582 3560 4634 inter
3593 4582 3801 4635 Ambro—

2233 4678 2430 4718 sianas.

2308 4752 2385 4807 De
2412 4757 2683 4824 passione,
2716 4775 2883 4821 cruce,
2929 4768 2977 4812 et
3026 4761 3289 4830 sepultura
3336 4760 3548 4815 Domini
3594 4765 3724 4816 hom.
3756 4761 3798 4820 4.

2235 4856 2460 4909 quarum
2481 4845 2651 4912 prima
2675 4855 2758 4899 est
2781 4845 2864 4910 55,
2891 4857 2946 4901 et
2973 4849 3205 4901 secunda
3226 4857 3308 4902 est
3330 4848 3414 4913 56,
3444 4851 3600 4904 tertia
3625 4860 3704 4905 est
3723 4849 3795 4910 57.

2239 4944 2294 4991 et
2317 4945 2467 4990 sexta
2494 4947 2578 4991 est
2607 4937 2672 4991 58
2701 4939 2840 4993 inter
2868 4939 3264 4994 Ambrosianas.

2310 5025 2390 5080 De
2418 5026 2478 5082 S.
2504 5027 2752 5094 Latrone,
2781 5028 2934 5083 Petro
2972 5029 3228 5099 apostolo,
3275 5040 3326 5084 et
3360 5032 3571 5085 Ancilla
3604 5030 3793 5086 ostiaria

2240 5117 2377 5171 hom.
2411 5117 2475 5184 4,
2517 5133 2636 5188 quas
2681 5120 2821 5175 inter
2864 5121 3245 5177 Ambrosianas
3284 5124 3628 5193 reperiuntur
3667 5136 3788 5177 num.

2239 5206 2325 5272 44,
2351 5205 2446 5274 45,
2473 5206 2540 5261 46
2567 5216 2621 5263 et
2648 5208 2718 5262 47

2744 5342 2991 5398 Ηοιηὶιὶω
3018 5345 3290 5399 ωειὶιιαιεε.

2311 5478 2372 5532 In
2403 5479 2724 5532 solemnitate
2753 5477 2997 5533 Paschali
3019 5478 3156 5532 hom.
3188 5477 3252 5544 5,
3283 5491 3510 5545 quarum
3542 5495 3552 5543 ι
3577 5478 3702 5531 ritna
3725 5480 3787 5524 est

2235 5570 2325 5637 51,
2351 5570 2506 5623 tertia
2527 5577 2608 5623 est
2627 5567 2718 5636 49,
2742 5577 2931 5636 quarta
2951 5581 3034 5625 est
3051 5569 3138 5638 55,
3163 5567 3394 5625 secunda
3415 5579 3499 5625 est
3523 5567 3616 5638 52,
3631 5566 3786 5638 quinta

2235 5669 2314 5714 est
2346 5660 2484 5714 inter
2504 5659 2573 5714 54
2602 5659 2996 5714 Ambrosianas.
