3898 6226
123 335 199 391 169

1253 329 1340 387 DE
1377 328 1433 387 S.
1477 326 1745 384 MAXIMO
1784 320 2211 382 TAURINENSI.

3245 324 3342 381 170

175 450 227 505 In
251 450 564 505 solemnitate
604 449 944 505 Pentecostes
990 450 1123 505 hom.
1155 449 1210 517 5,
1251 462 1372 519 quae
1398 452 1667 501 habentur
1693 448 1744 503 Α
1770 440 1906 496 adeo
1932 441 2162 495 difﬁcilis
2187 446 2270 495 est
2298 438 2364 494 de
2391 438 2456 493 iis
2477 437 2807 508 conjectura,
2831 446 2890 495 ut
2916 440 3121 496 auctori
3145 434 3245 496 suo
3273 443 3340 512 (si

118 543 228 596 inter
248 536 622 597 Ambrosianas
652 557 806 594 num.
834 539 922 609 60,
954 539 1013 593 61
1046 547 1100 595 et
1127 538 1209 592 62

580 650 833 705 Homilice
862 650 923 703 de
951 651 1159 703 sanctis.

176 762 228 816 In
251 761 409 815 natali
434 763 541 815 divi
582 761 842 831 Stephani
889 760 1135 823 homilia;
1175 759 1361 826 quinta
1400 764 1485 812 est
1522 758 1662 811 inter

121 854 358 921 Augustini
385 853 640 907 bomilias
666 851 733 906 de
760 852 975 906 sanctis.

174 943 228 996 In
247 944 401 997 natali
431 943 567 997 diem
595 944 808 1013 Agnetis
840 942 1073 995 homilia.

175 1032 229 1086 In
249 1035 507 1086 natu-itote
550 1034 658 1086 divi
678 1033 897 1086 Joannis
923 1031 1171 1101 Baptista:
1198 1030 1335 1084 hom.
1366 1030 1417 1082 5.

175 1121 227 1175 In
254 1123 410 1176 natali
455 1121 566 1176 SS.
607 1121 751 1174 Petri
789 1129 835 1173 et
863 1120 1020 1173 Pauli
1045 1119 1394 1189 apostolorum
1436 1117 1573 1171 hom.
1607 1115 1660 1182 5,

120 1229 302 1281 quarum
324 1214 510 1267 ultima
533 1220 622 1267 est
643 1212 710 1265 27
732 1213 873 1266 inter
891 1210 1170 1280 Augustini
1190 1209 1257 1263 de
1278 1208 1495 1273 sanctis,
1520 1215 1575 1261 et
1597 1205 1664 1258 56

118 1303 230 1356 inter
250 1302 651 1357 Ambrosianas.

176 1392 229 1445 In
252 1392 409 1445 natali
436 1392 543 1445 dici
577 1389 847 1443 Laurentii
874 1388 1123 1458 martyris
1149 1386 1284 1440 hom.
1312 1386 1363 1439 ὅ.

175 1482 231 1536 In
254 1484 409 1537 natali
437 1483 545 1535 divi
581 1478 789 1535 Eusebii
823 1479 1161 1533 Vercellensis
1192 1479 1417 1549 episcopi
1445 1477 1581 1531 Itom.
1607 1474 1662 1538 2,

119 1586 307 1641 quarum
331 1573 609 1643 posterior
629 1578 713 1626 est
732 1570 807 1624 69
835 1571 979 1625 inter
1001 1569 1400 1623 Ambrosianas.

174 1662 229 1717 In
255 1664 411 1717 natali
449 1663 555 1716 divi
595 1662 841 1732 Cypriani
868 1661 1005 1714 hom.
1036 1658 1091 1727 2,
1122 1672 1243 1727 quae
1277 1658 1417 1712 inter
1436 1655 1665 1711 Ambro—

117 1754 265 1807 sianas
287 1762 407 1809 sunt
427 1769 582 1807 num.
616 1750 686 1804 72
711 1759 765 1805 et
793 1750 879 1805 75.

174 1841 230 1895 1η
254 1845 391 1914 [estis
428 1843 533 1897 divi
576 1840 848 1895 Michaelis
873 1881 889 1909 ,
938 1854 1056 1908 qum
1102 1838 1243 1893 inter
1284 1837 1664 1893 Ambrosianas

169 1932 229 1984 il

118 1940 185 1985 est
210 1934 283 1985 10.

590 2000 645 2053 Η
645 2000 837 2055 omiliaz
854 1998 917 2052 de
940 1998 1169 2053 diversis.

176 2108 240 2162 De
261 2112 581 2181 expositione
607 2108 824 2180 symboli
852 2109 1083 2163 homilia.

176 2198 241 2252 De
263 2218 360 2254 non
398 2201 690 2255 metuendis
738 2198 1034 2253 carnalibus
1076 2198 1302 2252 hostibus
1326 2239 1342 2265 ,
1390 2206 1441 2251 et
1484 2198 1665 2267 gratiis

116 2298 209 2356 post
226 2290 378 2344 cibum
401 2291 622 2363 agendis
645 2291 781 2345 hom.
800 2290 856 2357 2,
875 2291 1016 2345 inter
1035 2288 1415 2345 Ambrosianus
1432 2304 1579 2343 num.
1598 2287 1668 2340 42

117 2390 161 2433 et
183 2382 258 2434 15.

176 2469 240 2525 De
266 2473 476 2526 avaritia
503 2472 721 2526 vitanda
748 2437 885 2526 Itoni.
914 2472 968 2525 2.

177 2559 240 2613 De
258 2562 590 2633 eleemosynis
612 2564 899 2634 largiendis
929 2564 1065 2618 hom.
1093 2562 1143 2615 2.

173 2648 240 2701 De
264 2651 611 2722 hospitalitate
643 2652 880 2705 humilia.

174 2738 242 2793 De
264 2742 460 2812 defectu
491 2744 631 2796 lunte
652 2742 789 2795 hom.
826 2741 876 2793 1.

171 2830 326 2902 Super
346 2834 472 2888 illud
495 2834 645 2889 Isaiae
672 2851 685 2885 :
720 2832 990 2903 Caupones
1015 2833 1089 2886 tui
1113 2833 1326 2886 miscent
1345 2847 1530 2898 aquam
1551 2832 1665 2885 vino

116 2922 313 2975 humilia.

174 3011 338 3085 [cun]
377 3012 547 3069 Porro
576 3029 758 3070 sermo
788 3015 933 3069 inter
949 3014 1366 3083 Augustinianos
1390 3014 1456 3068 de
1476 3013 1665 3069 Verbis

115 3098 294 3155 Domini
323 3101 408 3169 l9,
439 3111 495 3158 et
523 3104 668 3157 inter
695 3103 1075 3158 Ambrosianos
1121 3104 1152 3156 7
1175 3144 1191 3171 ,
1232 3111 1291 3158 et
1319 3102 1387 3158 de
1414 3102 1537 3157 Vita
1564 3102 1660 3157 SS.

115 3198 304 3261 martyr.
327 3191 537 3247 Nazarii
556 3202 611 3247 et
623 3193 765 3249 Celsi
789 3194 927 3248 inter
942 3192 1325 3248 Ambrosianos
1346 3192 1433 3260 52,
1449 3194 1667 3247 Maximi

114 3290 212 3331 esse
238 3288 538 3347 censentur,
570 3280 696 3335 licet
722 3282 862 3335 inter
882 3282 1047 3351 ipsius
1074 3296 1239 3351 opera
1284 3297 1393 3336 non
1437 3282 1667 3335 habean-

114 3372 201 3418 tur.
224 3364 537 3423 Prodierunt
563 3368 621 3423 S.
647 3369 863 3424 Maximi
881 3371 1115 3425 homilim
1133 3370 1370 3426 Colonia:
1394 3386 1482 3425 an.
1508 3368 1665 3438 1555,

114 3452 271 3510 Romae
290 3473 373 3511 an.
409 3455 548 3512 1564
579 3475 700 3513 cum
733 3459 949 3529 Leonis,
971 3459 1119 3515 Petri
1140 3460 1455 3532 Chrysologi
1475 3502 1490 3528 ,
1534 3468 1665 3527 etc.,

113 3558 240 3613 0pp.,
284 3546 501 3603 Parisiis
532 3564 619 3602 an.
649 3548 785 3601 16M
812 3559 866 3603 et
896 3548 1066 3617 1625,
1110 3548 1352 3617 Lugduni
1393 3565 1483 3603 an.
1531 3548 1668 3601 1655

110 3649 212 3690 cum
240 3638 472 3694 bomiliis
494 3640 843 3711 Chrysologi,
867 3641 1107 3697 Coloniae
1134 3658 1221 3695 an.
1253 3640 1414 3694 1678.

166 3723 388 3795 Denique
418 3729 474 3783 in
498 3730 833 3784 Bibliotheca
876 3729 977 3783 PP.
1022 3731 1257 3786 homilite
1295 3730 1349 3798 4,
1396 3730 1665 3799 videlicet,

110 3814 176 3869 De
199 3817 425 3873 barbaris
467 3837 573 3874 non
615 3821 852 3874 timendis
898 3823 945 3874 ei
972 3822 1059 3892 qui
1086 3820 1253 3874 Deum
1284 3823 1463 3886 timet;
1509 3830 1559 3874 et
1604 3822 1667 3873 de

112 3902 290 3969 Eliseo;
336 3908 399 3961 de
448 3907 723 3973 Ninivitis,
764 3910 828 3962 de
873 3910 1100 3963 calendis
1148 3908 1410 3977 Januarii,
1468 3909 1531 3963 de
1572 3910 1665 3962 de-

112 3993 226 4060 fectu
264 3998 428 4064 lunte,
472 4007 597 4050 ante
650 3998 827 4052 natale
865 3998 1096 4062 Domini,
1148 3998 1211 4051 de
1256 3998 1419 4052 natali
1456 3997 1668 4053 Domini

116 4080 397 4154 Salvatoris,
425 4088 488 4139 de
518 4089 772 4141 haereticis
798 4099 1005 4158 peccata
1030 4086 1387 4152 vendentibus;
1409 4088 1544 4159 quod
1564 4106 1664 4143 non

112 4170 267 4227 debent
309 4178 481 4229 clerici
529 4178 787 4247 negotiari
810 4217 826 4243 ,
856 4176 919 4228 de
947 4192 1161 4245 corpore
1188 4174 1421 4231 Domini.
1455 4175 1563 4231 Has
1600 4192 1664 4232 ex

110 4266 306 4321 vetustis
328 4267 607 4322 codicibus
628 4268 789 4334 eruit,
812 4275 867 4321 et
886 4266 1120 4321 Maximo
1142 4275 1328 4322 nostro
1346 4267 1665 4335 vindicatas,

111 4352 244 4407 nobis
262 4372 427 4426 nuper
454 4357 701 4411 exhibuit
726 4372 841 4411 rev.
870 4355 930 4410 P.
975 4356 1314 4413 Mabillonius
1353 4357 1491 4412 Mus.
1537 4357 1662 4412 Ital.

110 4448 221 4497 tom.
248 4445 289 4513 1,
318 4456 459 4516 part.
486 4447 543 4513 2,
567 4461 689 4516 pag.
717 4447 770 4514 1,
793 4447 1072 4509 ubi_etiam
1093 4446 1159 4502 de
1187 4448 1305 4503 aliis
1330 4446 1547 4502 Maximi
1575 4448 1668 4502 ho-

111 4533 245 4590 miliis
263 4552 377 4606 qua:
403 4540 507 4593 sub
537 4538 806 4593 Ambrosii
827 4546 883 4593 et
902 4538 1178 4607 Augustini
1202 4528 1419 4595 nomine
1443 4540 1670 4594 circum-

111 4624 326 4682 feruntur
353 4630 497 4697 fuse,
530 4638 589 4684 ut
616 4630 774 4693 solet,
805 4637 860 4684 et
886 4638 1139 4685 accurate
1166 4631 1292 4699 agit.

471 4738 773 4794 JOANNES
808 4737 1281 4795 MABILLONIUS.

109 4842 163 4898 In
188 4846 343 4904 Musei
371 4850 550 4904 Italici
574 4859 698 4904 tom.
734 4849 785 4917 1,
813 4868 931 4921 pag.
967 4850 1030 4917 2,
1066 4850 1290 4905 Parisiis
1328 4867 1467 4906 anno
1508 4850 1665 4905 1687.

167 4937 211 4989 1.
250 4938 489 4994 Alteram
526 4941 752 5008 hujusce
777 4942 1063 4996 voluminis
1089 4950 1296 5011 partem
1330 4942 1671 5011 auspicamur

107 5026 252 5093 (quod
277 5028 511 5083 faustum
537 5028 971 5097 fortunatumque
1018 5029 1109 5100 sit)
1158 5029 1225 5084 ab
1272 5029 1509 5085 homiliis
1546 5031 1669 5100 qui-

106 5114 305 5173 busdam
335 5121 555 5175 ineditis
582 5122 753 5176 sancti
782 5119 997 5175 Maximi
1019 5122 1258 5191 episcopi
1280 5120 1625 5177 Taurinensis
1653 5139 1665 5175 :

106 5208 238 5276 cujus
256 5219 400 5265 tanta
428 5212 695 5279 facundia,
718 5220 925 5265 tantum
949 5212 1183 5267 studium
1204 5213 1257 5267 in
1285 5227 1399 5267 rem
1417 5211 1671 5267 Christia-

110 5310 213 5349 nam
238 5298 351 5364 fuit,
382 5309 445 5354 ut
468 5301 695 5368 vulgatze
719 5300 833 5368 ejus
860 5302 1095 5355 homiliac
1122 5301 1295 5369 dignte
1319 5302 1431 5356 sint
1457 5302 1667 5357 meliori

110 5385 228 5442 luce.
264 5389 341 5445 Ita
388 5393 534 5445 enim
564 5405 693 5445 vero
733 5391 1021 5458 distracta,
1074 5399 1130 5446 et
1171 5392 1359 5447 alienis
1396 5392 1669 5448 coloribus

107 5472 360 5533 infuscata:
396 5488 543 5543 sunt,
574 5488 633 5533 ut
655 5480 776 5548 quis
804 5480 875 5534 sit
919 5495 1111 5535 earum
1141 5480 1410 5548 legitimus
1450 5496 1663 5551 parens,

110 5567 253 5621 etiam
284 5568 428 5640 apud
466 5569 610 5624 viros
649 5570 840 5625 doctos
885 5570 1159 5625 dubitetur
1208 5588 1220 5623 :
1268 5570 1395 5625 dum
1440 5572 1494 5627 bi
1536 5572 1670 5628 alias

112 5652 389 5726 Ambrosio,
421 5658 495 5713 illi
525 5658 657 5715 alias
678 5659 977 5728 Augustino
998 5660 1256 5719 tribuunt.
1282 5659 1465 5731 Neque
1488 5670 1667 5716 tamen

365 5752 637 5814 Ριτιιοι.
685 5753 869 5814 LVII.

1767 530 1928 585 modo
1953 531 2073 598 quis
2101 530 2408 599 diligentem
2437 543 2658 598 operam
2686 528 2978 601 adhibeat)
3010 529 3225 585 tandem
3252 545 3339 585 re-

1768 621 1916 675 stitui
1941 621 2049 675 non
2078 621 2306 690 possint,
2336 620 2567 674 maxime
2594 619 2870 674 Gennadio
2908 620 3047 676 duce
3068 661 3083 688 ,
3128 628 3221 691 qui
3248 637 3339 677 ea-

1763 727 1883 765 rum
1905 716 2236 779 argumenta,
2266 719 2321 765 et
2345 709 2530 765 titulos
2555 722 2746 778 magna
2767 725 2835 765 ex
2852 720 3005 780 parte
3032 713 3233 769 retulit.
3262 713 3341 770 De

1765 801 2013 857 omnibus
2058 800 2162 855 illis
2190 800 2456 865 homiliis,
2495 800 2609 854 sive
2646 814 2766 869 quae
2790 799 2933 870 apud
2975 800 3336 871 Ambrosium,

1764 889 1879 944 sive
1906 904 2026 958 qute
2073 889 2215 960 apud
2257 889 2630 958 Augustinum,
2678 904 2777 943 seu
2819 904 2940 958 qua:
2979 890 3121 959 apud
3164 891 3339 960 ipsum

1768 976 2052 1033 Maximum
2083 986 2317 1043 exstant,
2348 985 2653 1032 accuratam
2690 976 2881 1032 afferre
2925 993 3208 1034 censuram
3230 996 3338 1035 non

1764 1077 1847 1123 est
1867 1069 2037 1123 nostri
2065 1069 2309 1123 instituti.
2356 1067 2482 1123 Haec
2511 1082 2636 1123 cura
2673 1069 2869 1136 partim
2910 1076 3168 1138 occupata
3199 1076 3283 1125 est
3311 1084 3341 1122 a
3434 1108 3441 1116 .

1765 1158 2036 1213 sodalibus
2072 1157 2290 1221 nostris,
2340 1164 2455 1211 tum
2494 1157 2579 1223 iis,
2605 1156 2695 1225 qui
2744 1156 3023 1225 Augustini
3063 1172 3343 1213 sermones

1763 1261 1885 1301 cum
1908 1253 2162 1301 accurato
2189 1246 2398 1301 delectu
2420 1247 2488 1299 ab
2512 1245 2732 1300 intrusis
2761 1253 2821 1299 et
2844 1246 3203 1315 supposititiis
3225 1247 3340 1315 jam

1767 1342 2134 1403 repurgarent,
2167 1342 2280 1388 tum
2323 1334 2391 1388 ab
2431 1332 2567 1400 aliis,
2598 1333 2728 1389 item
2770 1335 2991 1399 nostris,
3022 1335 3114 1403 qui
3145 1349 3337 1390 novam

1767 1424 2036 1477 Ambrosii
2065 1439 2287 1493 operum
2317 1414 2607 1479 editibnem
2638 1424 2901 1479 adornant
2931 1443 2944 1477 :
2985 1440 3086 1480 nos
3110 1432 3338 1491 tantum,

1766 1514 1909 1582 quod
1939 1528 1971 1568 e
1999 1529 2059 1568 re
2086 1523 2269 1569 nostra
2297 1515 2418 1581 erit,
2448 1514 2554 1570 hoc
2573 1515 2695 1570 loco
2723 1529 3090 1585 exsequemur.

1834 1601 1887 1655 2.
1928 1603 2141 1657 Maximi
2170 1603 2419 1658 homilias
2453 1604 2767 1672 plerasque,
2816 1604 2998 1659 sinon
3045 1621 3234 1662 omnes
3258 1608 3342 1662 in-

1770 1690 2014 1746 venimus
2054 1690 2107 1745 in
2151 1691 2321 1745 tribus
2366 1691 2643 1746 codicibus
2688 1692 3063 1761 perantiquis:
3114 1710 3343 1764 quorum

1695 1797 1741 1856 B
1767 1796 1906 1835 unus
1933 1779 2218 1835 Mediolani
2246 1781 2491 1846 habetur,
2523 1781 2577 1834 in
2606 1781 2929 1837 bibliotheca
2958 1782 3339 1853 Ambrosiana;

1767 1874 1901 1928 alter
1926 1873 2129 1934 Romae,
2176 1874 2230 1927 in
2268 1872 2597 1928 monasterio
2622 1873 2835 1928 Sancta:
2858 1873 3062 1941 Crucis,
3093 1878 3239 1946 quod
3286 1880 3343 1933 in

1765 1965 2057 2019 Jerusalem
2080 1964 2409 2034 appellatur;
2440 1965 2630 2018 tertius
2658 1964 2713 2018 in
2740 1964 2956 2019 abbatia
2977 1964 3160 2020 Sancti
3181 1964 3343 2034 Galli",

1766 2053 1904 2123 apud
1929 2053 2232 2115 Helvetios;
2276 2049 2582 2122 postremus
2629 2054 2717 2108 hic
2745 2053 2917 2109 codex
2940 2096 2954 2121 ,
3006 2055 3199 2111 litteris
3227 2074 3344 2113 ma-

1761 2143 1986 2212 iusculis
2015 2145 2082 2199 ab
2120 2143 2275 2197 annis
2320 2142 2467 2197 mille
2495 2150 2642 2197 totus
2668 2151 2937 2210 exaratus,
2979 2147 3219 2201 continet
3244 2147 3345 2203 bo-

1764 2234 1938 2288 milias
1964 2231 2031 2285 97
2057 2233 2155 2287 sub
2180 2233 2287 2287 hoc
2310 2231 2468 2287 titulo
2494 2249 2507 2285 :
2542 2230 2608 2285 In
2638 2229 2831 2286 Christi
2866 2233 3071 2288 nomine
3091 2235 3344 2306 incipiunt

1766 2324 1992 2378 humilia:
2018 2324 2187 2377 sancti
2210 2323 2483 2392 Augustini
2512 2324 2739 2393 episcopi
2767 2330 2816 2376 et
2845 2326 3175 2395 confessoris,
3206 2342 3345 2396 prte-

1765 2415 1928 2469 missa
1967 2415 2349 2484 capitulatione
2378 2413 2719 2487 singularum
2759 2414 3119 2470 homiliarum.
3150 2416 3346 2473 Plora:-

1765 2517 1872 2572 que
1920 2518 1986 2557 ex
2033 2504 2117 2558 his
2161 2502 2396 2558 bomiliis
2422 2504 2651 2572 vulgata:
2692 2511 2817 2557 sunt
2852 2505 2993 2559 inter
3018 2505 3345 2575 opera‘Am-

1766 2582 2259 2662 brosii,Augustini
2280 2601 2335 2648 et
2358 2593 2575 2649 Maximi
2596 2594 2837 2664 praedicti
2866 2612 2879 2647 :
2904 2595 3000 2650 sed
3022 2610 3197 2665 neque
3219 2598 3346 2651 Am-

1766 2685 2024 2748 brosium,
2057 2700 2231 2753 neque
2254 2684 2604 2753 Augustinum
2628 2726 2643 2747 ,
2693 2700 2881 2740 omnes
2903 2701 3051 2750 vero,
3099 2695 3192 2741 alit
3234 2688 3348 2744 fere

1767 2789 1954 2829 omnes
2000 2773 2285 2828 Maximum
2332 2774 2532 2828 habent
2576 2781 2870 2828 auctorem.
2906 2772 3103 2843 Viginti
3132 2784 3189 2830 et
3236 2792 3344 2831 una

1766 2863 1907 2919 inter
1935 2879 2027 2918 eas
2056 2863 2267 2917 ineditze
2296 2870 2421 2917 sunt
2452 2882 2464 2915 :
2496 2878 2629 2931 quas
2652 2872 2841 2931 rogatu
2863 2873 3048 2920 nostro
3068 2865 3348 2936 descripsit

1766 2958 2050 3025 religiosus
2104 2963 2160 3009 et
2213 2955 2403 3009 doctus
2451 2954 2791 3010 Hermannus
2828 2955 3115 3015 Shenkius.
3161 2957 3347 3014 Sancti

1767 3045 1905 3100 Galli
1930 3045 2269 3099 bibliothecae
2296 3043 2595 3113 praefectus.
2945 3064 2957 3071 -

1692 3139 1739 3203 ο
1840 3134 1897 3187 '5.
1937 3133 2322 3188 Ambrosianus
2376 3133 2545 3188 codex
2570 3172 2585 3198 ,
2647 3133 2789 3188 haud
2844 3133 3021 3189 minus
3074 3137 3344 3205 antiquus,

1770 3225 2080 3279 charactere
2126 3224 2530 3291 Longobardico
2582 3232 2830 3279 exaratos
2878 3233 2998 3291 est,
3046 3228 3147 3282 sub
3194 3229 3349 3284 initio

1768 3315 2005 3369 mutilus.
2034 3313 2199 3367 Erant
2228 3315 2279 3367 in
2310 3313 2496 3368 codice
2516 3314 2751 3368 homiliae
2781 3314 2948 3370 ferme
2977 3315 3065 3381 80,
3095 3333 3201 3373 non
3230 3335 3350 3373 om-

1769 3420 1867 3459 nes
1909 3403 2110 3457 eaedem
2151 3411 2312 3471 atque
2340 3403 2393 3456 in
2445 3404 2631 3457 codice
2676 3402 2859 3459 Sancti
2888 3404 3054 3468 Galli;
3103 3407 3347 3476 quaedam

1768 3509 1888 3548 cum
1920 3494 2072 3547 titulo
2105 3511 2117 3545 :
2151 3492 2333 3547 Sancti
2369 3491 2587 3545 Maximi
2619 3477 2954 3548 Taurinensis
2983 3497 3229 3567 episcopi,
3253 3498 3346 3565 qui

1766 3599 1955 3639 revera
1986 3598 2167 3637 earum
2198 3591 2279 3637 est
2308 3582 2577 3650 legitimus
2607 3598 2819 3651 parens.

1837 3673 1889 3726 4.
1930 3673 1988 3727 1η
2012 3672 2196 3727 codice
2217 3673 2459 3726 Romano
2489 3671 2699 3727 Sancta:
2727 3672 2912 3729 Crucis
2940 3676 3032 3744 qui
3071 3676 3173 3731 fuit
3214 3678 3346 3735 olim

1768 3764 2082 3818 monasterii
2110 3762 2523 3817 Nonantulensis
2552 3770 2678 3823 ante
2701 3779 2900 3819 annum
2928 3764 3127 3821 Christi
3171 3770 3349 3822 octin-‘

1767 3854 2123 3921 gentesimum
2163 3854 2453 3921 acquisitus
2493 3853 2560 3906 ab
2609 3852 2864 3908 Anselmo
2909 3855 3132 3921 abbate,
3175 3859 3349 3911 conti-

1770 3952 1966 3999 nentur
1994 3943 2228 4017 homiliae
2278 3944 2364 4007 '75,
2410 3958 2476 3998 ex
2515 3942 2711 4011 quibus
2753 3945 3021 4014 pleraeque
3061 3947 3115 4000 in
3163 3946 3351 4003 Sancti

1768 4034 1906 4089 Galli
1962 4033 2257 4102 exemplari
2327 4034 2689 4089 continentur.
2748 4032 3066 4105 lnscriptum
3130 4045 3247 4090 erat
3294 4039 3348 4091 in

1769 4125 1947 4180 fronte
1976 4124 2175 4179 codicis
2204 4138 2397 4177 nomen
2428 4125 2683 4191 auctoris,
2714 4124 2810 4177 sed
2833 4139 2899 4179 eo
2929 4124 3144 4190 abraso,
3178 4131 3348 4181 sancti

1770 4214 2025 4268 Ambrosii
2065 4228 2265 4267 nomen
2304 4212 2671 4268 substitutum.
2726 4211 2954 4267 Maxima
2997 4229 3121 4284 pars
3166 4225 3348 4272 tamen

1769 4304 1959 4358 barum
1992 4301 2330 4357 homiliarum
2378 4309 2502 4355 sunt
2547 4301 2794 4367 Maximi,
2845 4303 3059 4357 tametsi
3106 4306 3349 4375 quaedam

1770 4394 1887 4449 aliae
1916 4394 2225 4463 Hieronymi
2253 4398 2308 4446 et
2335 4390 2611 4460 Augustini
2656 4393 2755 4447 sub
2796 4407 2983 4448 eorum
3017 4395 3235 4451 nomine
3263 4396 3351 4451 in-

1694 4493 1745 4552 D
1770 4493 1926 4540 serue
1952 4491 2095 4537 sunt.

1846 4573 1896 4627 5.
1938 4572 2018 4626 Ex
2048 4573 2131 4627 his
2160 4572 2329 4626 tribus
2369 4571 2658 4638 codicibus,
2710 4576 3051 4641 quantumvis
3096 4578 3351 4649 antiquis,

1772 4682 1880 4721 non
1912 4665 2120 4719 eruitur
2142 4671 2289 4718 certa
2311 4671 2366 4718 et
2394 4663 2673 4739 explorata
2699 4665 2887 4718 notitia
2911 4667 3148 4721 omnium
3179 4675 3353 4725 sancti

1775 4755 1993 4809 Maximi
2061 4752 2438 4816 homiliarum,
2506 4752 2771 4821 siquidem
2836 4753 3201 4822 Sangallensis
3258 4774 3352 4812 eas

1772 4844 1874 4898 sub
1915 4841 2195 4911 Augustini
2243 4841 2375 4896 falso
2418 4841 2576 4896 titulo
2621 4842 2836 4899 adducit
2868 4862 2880 4897 :
2912 4844 3121 4900 Sancta:
3166 4846 3357 4905 Crucis

1774 4935 1966 5000 codex,
2021 4934 2201 4988 deleto
2250 4948 2378 4988 vero
2428 4935 2666 4988 auctoris
2712 4937 2952 5005 nomine,
3006 4937 3351 4995 Ambrosium

1772 5025 1988 5097 praefert
2019 5043 2032 5077 :
2065 5040 2202 5080 unus
2224 5023 2609 5099 Ambrosianus
2657 5025 2890 5083 Maximo
2931 5028 3189 5097 quasdam
3219 5033 3353 5085 assi-

1711 5111 1723 5123 ’
1770 5124 1921 5185 gnat,
1962 5116 2060 5171 sed
2088 5130 2305 5185 paucas,
2355 5122 2414 5168 ut
2451 5124 2640 5184 postea
2682 5116 2997 5173 videbimus.
3038 5118 3238 5174 Verum
3285 5132 3353 5176 ex

1771 5210 1888 5263 aliis
1908 5208 2139 5276 indiciis,
2168 5207 2402 5261 maxime
2434 5221 2503 5261 ex
2532 5205 2828 5275 Gennadio,
2860 5209 3205 5278 intelligimus
3234 5227 3353 5266 om-

1770 5313 1865 5354 nes
1890 5306 1983 5352 aut
2008 5296 2398 5368 propemodum
2429 5311 2638 5358 omnes,
2669 5299 2968 5365 prtesertim
3013 5314 3132 5367 quae
3172 5300 3227 5355 in
3256 5315 3353 5355 Co-

1770 5390 1889 5445 dice
1916 5388 2098 5445 Sancti
2126 5386 2266 5442 Galli
2294 5386 2635 5450 exhibentUr,
2679 5385 2914 5442 Maximo
2940 5402 3059 5441 esse
3106 5388 3353 5442 tribuen-

1772 5482 1884 5536 das.
1919 5479 1986 5533 Et
2010 5478 2229 5549 quidem
2256 5467 2333 5530 ita
2358 5477 2519 5531 simul
2548 5491 2808 5531 connexa:
2840 5486 2896 5533 et
2920 5478 3179 5545 colligata:
3208 5491 3352 5542 sum,

1772 5572 1900 5627 utsi
1983 5569 2143 5624 unius
2220 5575 2407 5622 auctor
2445 5567 2757 5636 exploratus
2800 5564 3079 5633 habeatur,
3129 5568 3198 5622 de
3238 5569 3355 5626 aliis

1776 5672 2115 5727 consequens
2143 5656 2377 5712 futurum
2407 5656 2476 5710 sit
2498 5655 2778 5724 judicium.
2812 5657 3016 5714 Auctor
3036 5655 3234 5726 quippe
3257 5658 3349 5713 ho-

2906 5752 2944 5808 6
