3898 6226
202 253 283 318 US

1367 253 1452 308 DE
1491 254 1546 310 S.
1590 249 1859 308 MAXIMO
1894 247 2318 308 TAURINENSI.

3390 255 3497 311 «τι

213 377 413 432 debitum
439 373 657 428 caritati
699 381 897 427 uestra
926 370 1165 426 exhibere
1212 382 1501 422 sermonem
1538 365 1802 436 imperitia
1832 366 1878 424 Α
1905 362 2014 418 ulla
2055 363 2166 416 dies
2209 363 2619 433 Septuagesima,
2659 364 2762 418 nisi
2810 364 2946 429 ista;
3004 379 3096 418 nec
3134 364 3498 436 Sexagesima,

216 469 456 538 pudorque
483 472 717 532 reuocet,
746 471 857 519 etc.
893 461 1029 516 Item
1050 461 1113 515 de
1149 468 1333 514 sancto
1377 460 1676 529 confessore
1707 455 1806 508 Eu-

213 561 362 622 sebio,
387 567 434 611 et
458 553 807 610 Machabteis.
833 553 918 606 Ad
944 552 1289 606 celebritatem
1301 549 1450 618 hujus
1467 548 1589 611 diei,
1615 549 1803 618 fratres

222 646 490 708 carissimi,
525 645 670 698 omni
713 660 809 697 nos
839 659 955 695 cum
982 641 1255 694 alacritate
1271 653 1578 693 concurrere
1603 635 1804 690 deuotio

213 738 428 808 gemina
450 734 744 806 festivitatis
764 734 969 798 invitat,
993 739 1098 786 etc.
1145 729 1386 799 Denique
1415 727 1661 796 sequitur
1699 726 1804 779 alia

217 825 434 880 bomilia
483 823 582 878 sub
627 823 734 877 hoc
787 820 1016 876 exordio
1055 838 1068 872 :
1103 816 1434 886 Quanquam,
1482 817 1805 870 dilectissimi

217 919 423 986 fratres,
445 913 583 968 beati
605 914 771 981 patris
793 911 958 965 nostri
983 909 1173 964 summi
1200 907 1486 962 sacerdotis
1517 915 1567 960 et
1602 908 1807 976 confes-

215 1007 344 1062 soris
391 1004 610 1058 Eusebii
655 1003 897 1074 indignus
941 1003 1040 1055 sint
1086 1000 1258 1070 filius,
1307 1007 1358 1052 et
1401 997 1647 1051 minimus
1697 1012 1808 1050 ser-

216 1101 471 1163 us,etc.,
487 1093 580 1147 ubi
603 1092 672 1144 ad
692 1090 984 1158 marginem
1005 1087 1312 1158 appositum
1333 1092 1418 1140 est
1432 1083 1807 1154 antiquissimo

189 1185 528 1241 charactere
551 1199 566 1234 :
599 1179 746 1236 Nota
771 1179 906 1251 quod
940 1176 1266 1232 Vercellium
1293 1183 1371 1229 est
1389 1176 1508 1229 iste.
1533 1172 1631 1228 llic
1651 1173 1808 1227 exhi-

214 1273 375 1329 bendi
395 1279 586 1329 essent
611 1284 735 1326 cum
759 1282 988 1324 censura
1013 1265 1217 1321 indices
1243 1263 1610 1330 bomiliarum,
1639 1261 1731 1330 qui
1753 1261 1807 1315 in

214 1365 487 1437 pradicas
508 1364 679 1418 tribus
700 1360 975 1416 codicibus
998 1358 1368 1414 continentur.
1394 1353 1503 1411 Sed
1532 1353 1640 1409 hoc
1663 1352 1807 1408 aliud

212 1465 428 1525 tempus
456 1452 606 1508 aliud
634 1453 805 1508 otium
832 1451 1077 1519 exigunt.

278 1544 374 1600 45.
391 1544 529 1601 [Rud
551 1552 735 1599 autem
758 1543 812 1597 in
833 1550 1143 1598 transatrsu
1162 1539 1455 1595 observare
1473 1535 1627 1606 juvat
1644 1536 1812 1591 libros

207 1653 305 1694 sex
335 1636 587 1705 vulgatos
617 1633 687 1690 de
713 1633 1090 1700 ammentis,
1123 1631 1220 1701 qui
1244 1629 1530 1684 Ambrosio
1569 1629 1623 1684 in
1649 1626 1812 1683 editis

204 1730 550 1794 trba-um,
577 1725 787 1794 absque
833 1725 1072 1780 sudoris
1086 1722 1318 1778 nomine
1340 1721 1508 1777 inseri
1549 1719 1812 1776 sermoni-
1843 1722 1887 1784 Β

206 1817 318 1871 bus
343 1813 620 1886 pradict'u
641 1813 697 1868 in
722 1812 912 1868 codice
929 1811 1115 1867 Sancti
1140 1810 1303 1878 Galli,
1331 1818 1498 1880 atque
1522 1811 1578 1863 in
1606 1822 1814 1864 sermo—

203 1922 311 1962 nes
335 1913 557 1976 septem
585 1902 835 1958 distriin
875 1902 974 1958 sub
1011 1902 1118 1956 hoc
1142 1900 1303 1955 titulo
1338 1916 1351 1952 :
1407 1899 1600 1969 Incipit

201 1999 328 2052 dies
358 1999 418 2051 in
456 1994 697 2060 Pascha,
725 1992 802 2046 ita
830 1999 889 2045 ut
917 1991 1110 2059 singuli
1137 2005 1234 2045 sex
1261 1990 1383 2045 libri
1429 1989 1670 2058 singulos
1696 2003 1813 2042 ser-

200 2102 403 2144 mones
428 2084 774 2140 constituant
801 2096 901 2151 pro
938 2081 1160 2136 totidem
1209 2079 1566 2135 hebdomadas
1603 2078 1813 2144 diebus,

199 2189 264 2234 et
292 2178 519 2250 quidem
544 2176 808 2246 septimus
824 2175 900 2229 ab
920 2181 1167 2229 extrema
1192 2178 1348 2241 parte
1375 2171 1498 2225 libri
1518 2169 1660 2225 sexti
1684 2169 1817 2223 inci-

198 2270 350 2340 piat,
377 2269 432 2323 id
464 2274 583 2330 est,
615 2265 685 2319 ab
711 2264 798 2319 his
816 2263 1000 2318 verbis
1033 2280 1046 2316 :
1077 2262 1235 2316 Aliud
1259 2260 1595 2315 Psalmrum
1622 2257 1816 2325 Dauid,

196 2362 333 2415 licet
357 2375 496 2414 um
519 2356 723 2410 libellus
747 2358 842 2423 sit,
872 2362 978 2410 etc.
1009 2352 1121 2408 Sed
1149 2353 1288 2408 forte
1314 2350 1536 2420 majoris
1555 2349 1818 2405 momenti

196 2449 339 2516 erit,
367 2446 522 2518 quod
552 2447 609 2500 in
636 2458 890 2500 sermone
925 2442 992 2510 4,
1019 2443 1112 2513 qui
1149 2443 1204 2496 in
1246 2441 1405 2496 editis
1447 2440 1585 2494 liber
1619 2456 1672 2494 π
1712 2448 1817 2506 est,

193 2538 356 2594 idem
384 2552 572 2592 sermo
603 2536 678 2589 ita
705 2535 871 2588 habet
901 2551 914 2586 :
960 2533 1118 2587 Vides
1143 2549 1265 2603 ergo
1304 2547 1461 2603 quam
1489 2531 1818 2601 operatorius

193 2630 274 2683 sit
313 2644 490 2684 seruio
527 2624 746 2681 Christi.
779 2624 919 2696 Ergo
955 2626 1007 2677 si
1043 2631 1193 2677 tanta
1238 2623 1314 2676 vis
1370 2629 1448 2676 est
1475 2623 1532 2675 in
1577 2634 1821 2674 sermone

197 2717 437 2774 Domini
461 2716 615 2781 Iesu,
645 2725 702 2769 ut
739 2716 1030 2784 inciperent
1058 2729 1193 2778 esse,
1223 2728 1342 2783 qua
1381 2720 1533 2766 erant
1576 2728 1593 2764 :
1627 2720 1820 2782 quanto

199 2813 389 2882 magis
425 2806 758 2878 operator-ius
786 2812 887 2872 est,
912 2812 972 2858 ut
1001 2805 1109 2857 sint
1134 2811 1186 2857 et
1221 2805 1276 2856 in
1315 2803 1460 2857 aliud
1501 2810 1820 2856 commuten-

187 2908 329 2965 ωε
347 2912 478 2953 cum
494 2898 555 2951 in
575 2895 807 2964 vulgatis
820 2901 1154 2965 postremum
1170 2892 1472 2948 membrum
1487 2892 1565 2947 sic
1580 2892 1815 2960 legatur:

191 2987 277 3041 Et
322 3001 446 3055 qua!
477 2995 636 3041 erant
666 2988 722 3041 in
750 2985 896 3040 aliud
932 2993 1329 3040 committentur.
1361 2983 1450 3038 Ex
1497 2983 1581 3037 his
1618 2983 1821 3037 duabus

1908 457 2011 508 nisi
2057 470 2274 524 sequens
2324 454 2605 518 dominica,
2649 469 2743 508 nec
2791 452 3259 526 Quinquagesima,
3302 455 3404 510 nisi
3432 456 3500 509 ab

1908 547 2026 600 hinc
2056 546 2228 600 tertia.
2261 543 2327 597 Et
2351 551 2502 600 certe
2527 556 2708 600 sermo
2733 544 2794 598 51
2823 545 2892 599 de
2921 543 3173 614 Tentpore
3198 542 3500 616 Septuage-

1907 635 2101 689 simam
2138 642 2196 689 et
2239 633 2640 702 Sexagesimam
2691 633 2813 689 ideo
2859 648 2970 688 non
3019 633 3279 702 admittit,
3310 643 3372 689 ut
3412 649 3501 689 re-

1908 725 2207 796 prehendat
2234 739 2330 779 eos
2369 724 2462 793 qui
2510 722 3023 793 Quinquagesimam
3066 722 3503 792 Quadragesimae

1909 816 2196 870 addebant.
2226 814 2428 869 Similis
2458 814 2729 884 oppositio
2759 822 2940 869 exstat
2955 814 3104 869 inter
3138 813 3503 869 sermonesiﬁ

1908 916 1968 962 et
1990 906 2077 962 52.
2107 907 2166 961 In
2196 908 2299 963 hoc
2319 909 2462 962 enim
2494 906 2612 962 solo
2641 906 2899 962 dominici
2936 907 3052 961 dies
3081 920 3112 960 a
3135 905 3346 975 jejimio
3363 919 3504 975 qua-

1906 997 2250 1066 dragesima“
2279 998 2650 1066 excipiuntur;
2676 997 2730 1051 in
2761 995 2855 1051 illo
2875 1011 3007 1052 vero
3034 996 3198 1051 etiam
3218 995 3507 1051 sabbatum

1908 1087 1979 1142 ad
1997 1088 2160 1142 ritum
2189 1086 2444 1142 Ecclesiae
2467 1086 2905 1142 Mediolanensis.
2933 1085 3108 1156 Adde,
3149 1085 3302 1157 quod
3329 1087 3386 1140 in
3411 1084 3508 1141 illo

1907 1191 2160 1233 sermone
2184 1175 2255 1231 26
2287 1175 2553 1245 jejunium
2598 1176 2654 1231 in
2693 1175 3113 1246 Quadragesima
3141 1174 3509 1246 prtem-ibitur

1907 1268 2177 1324 duntaxat
2197 1267 2267 1322 ad
2311 1281 2531 1335 nonam,
2569 1266 2715 1336 quod
2736 1273 2823 1322 est
2865 1275 3052 1323 contra
3081 1267 3256 1337 ipsum
3285 1263 3511 1320 Ambro~

1908 1359 2069 1428 siam,
2115 1366 2171 1414 et
2213 1366 2404 1414 contra
2438 1363 2684 1412 veterum
2709 1363 3014 1427 temporum
3062 1356 3425 1428 disciplinam,
3452 1354 3511 1411 in

1910 1451 2105 1518 quibus
2126 1447 2392 1518 jejunium
2411 1446 2882 1516 quadragesimae
2915 1461 3034 1504 non
3059 1454 3190 1504 ante
3217 1458 3511 1517 vespam

1906 1540 2048 1597 solvi
2077 1539 2293 1596 licebat.

2205 1670 2454 1728 LUDOV.
2495 1669 2746 1728 ANTON.
2783 1667 3238 1728 HURATORIIIS

2002 1802 2055 1842 IN
2104 1800 2378 1842 ΒΙΙΙΟΕΕΒ
2427 1801 2474 1842 ⁸.
2532 1800 2723 1840 mnu
2775 1799 3008 1840 ινιιοοιιι
3062 1796 3440 1841 W'

2227 1879 2477 1932 Attecdot.
2507 1883 2636 1931 tam.
2669 1874 2699 1930 1
2715 1875 2776 1936 ν.
2805 1874 2997 1931 Potae.
3038 1874 3204 1929 1715.

1982 1983 2170 2040 Codex
2201 2000 2328 2051 ms.,
2373 1986 2517 2040 unde
2544 1986 2650 2040 bos
2675 1985 2849 2041 senui
2890 1984 3111 2039 Maximi
3154 1982 3508 2040 Taurinensis

1916 2075 2157 2145 episcopi
2198 2090 2478 2131 sermones
2501 2075 2785 2145 descripsi,
2812 2082 2895 2130 est
2938 2075 2994 2128 in
3033 2074 3390 2130 Ambrosiam
3431 2074 3524 2129 bi-

1916 2167 2216 2235 bliotbeca,
2233 2166 2339 2220 litt.
2371 2164 2435 2235 C,
2465 2181 2614 2221 num.
2647 2165 2738 2235 98,
2769 2165 3136 2222 venerandam
3161 2173 3344 2222 autem
3369 2166 3511 2222 anti-

1913 2260 2185 2328 quitatem
2213 2258 2420 2328 spirat;
2471 2257 2672 2328 quippe
2709 2257 2945 2328 scriptus
2983 2257 3116 2313 mihi
3143 2257 3363 2312 videtur
3389 2263 3519 2314 ante

1920 2349 2065 2404 mille
2093 2348 2308 2404 circiter
2335 2362 2526 2403 annos.
2550 2346 2910 2404 Cbaracteres
2948 2348 3019 2403 ad
3043 2347 3515 2418 Longobardicam

1919 2440 2240 2508 scripturam
2267 2438 2490 2492 omnino
2527 2437 2815 2506 accedunt,
2855 2437 3168 2510 similesque
3208 2445 3337 2493 sunt
3379 2437 3448 2494 iis
3485 2452 3519 2494 ο

1921 2530 2116 2601 quibus
2139 2534 2358 2584 constat
2379 2528 2782 2584 vetustissimus
2804 2526 3036 2600 losepbi
3064 2528 3238 2585 codex
3264 2529 3321 2584 in
3345 2527 3517 2602 Egy-

1921 2620 2099 2690 ptiaca
2133 2633 2340 2691 papyro
2366 2625 2641 2686 exaratos,
2671 2624 2726 2673 et
2767 2620 2824 2672 in
2850 2619 3040 2675 eadem
3061 2618 3392 2677 bibliotheca
3416 2634 3519 2676 ve-

1923 2711 2022 2764 luti
2075 2710 2284 2777 insigne
2330 2709 2669 2777 antiquitatis
2718 2717 3128 2765 monumentum
3180 2719 3514 2767 asservstus.

1924 2800 2109 2870 Neque
2137 2800 2294 2855 aliter
2320 2799 2387 2853 de
2413 2799 2581 2868 ipsius
2617 2798 2823 2855 codicis
2849 2808 3119 2857 vetustate
3156 2799 3418 2870 judicavit
3444 2801 3516 2858 cl.

1924 2895 2006 2948 vir
2033 2892 2268 2948 Joannes
2295 2891 2658 2960 Mabillonius,
2696 2900 2830 2948 tom.
2862 2892 2903 2958 l,
2951 2906 3074 2962 pag.
3105 2892 3160 2960 2,
3197 2892 3369 2948 Nasci
3398 2891 3523 2949 Ita-

1925 2984 2032 3049 lici,
2059 2983 2112 3037 in
2137 2981 2454 3052 praefatione
2475 2981 2546 3036 ad
2565 2981 2829 3050 quasdam
2856 2983 3105 3037 bomilias
3126 2983 3374 3052 ejusdem
3391 2998 3525 3041 san-

192 3078 546 3133 lectionibus
572 3091 736 3132 unam
763 3074 1033 3130 conlabat
1061 3073 1416 3142 Berengarius
1444 3088 1475 3127 a
1517 3071 1819 3127 Lanfraneo
1847 3079 1893 3142 (ζ
1922 3073 1996 3128 cti
2026 3072 2242 3126 Maximi
2265 3086 2297 3126 a
2323 3085 2384 3127 se
2407 3071 2644 3141 primum
2660 3071 2856 3136 editas,
2888 3080 2944 3126 et
2972 3072 3168 3142 partim
3189 3087 3257 3128 ex
3277 3073 3528 3146 bocipso

195 3169 423 3223 celatus
451 3169 508 3222 in
532 3168 748 3235 dialogo
776 3174 964 3222 contra
995 3167 1192 3236 ipsum,
1215 3165 1305 3220 ubi
1339 3179 1466 3220 eum
1489 3165 1563 3218 ita
1593 3165 1821 3234 loquen-

91 3255 108 3270 ”
197 3267 323 3314 tem
352 3258 567 3314 inducit
595 3277 609 3310 :
643 3257 750 3312 Per
783 3258 1229 3312 consecrationem
1273 3255 1462 3309 altaris
1499 3256 1638 3324 ﬁant
1670 3256 1822 3325 panis

197 3359 260 3403 st
277 3351 457 3405 simul
479 3357 874 3403 sacramentum
893 3349 1206 3417 religionis“:
1235 3362 1345 3400 non
1369 3345 1689 3398 utdesinant
1711 3360 1823 3398 esse

187 3458 326 3514 φο
345 3448 530 3506 «an;
559 3448 609 3493 et
631 3441 684 3492 in
720 3439 869 3492 aliud
897 3448 1294 3506 committentur,
1324 3437 1463 3507 quod
1485 3436 1615 3489 dicit
1644 3435 1823 3489 beam

197 3530 523 3584 Ambrosius
561 3530 617 3581 in
657 3527 790 3582 libro
819 3528 884 3581 de
913 3525 1291 3582 Sacramentis.
1325 3525 1684 3593 Lanl’ranous,
1723 3540 1820 3579 ex-

197 3621 399 3692 posito
421 3620 530 3674 hoc
558 3619 706 3686 loco,
729 3618 805 3671 ita
834 3627 896 3672 ut
921 3633 952 3672 a
974 3617 1300 3687 Berengario
1319 3615 1698 3686 objiciebatnr,
1724 3615 1821 3682 ait,

203 3713 270 3765 in
310 3708 952 3780 quibusdamcodicibus
974 3708 1250 3778 praefatam
1289 3706 1614 3762 sententiam
1641 3706 1823 3761 verbis

208 3802 339 3856 aliis
382 3801 662 3866 inveniri;
702 3814 901 3870 nempe
942 3798 1131 3855 iisdem
1181 3797 1404 3853 omnino
1449 3797 1653 3864 verbis,
1699 3810 1822 3866 quae

212 3892 386 3948 modo
431 3892 566 3947 editi
593 3891 834 3957 habent;
859 3890 972 3959 jam
999 3906 1132 3946 vero
1161 3904 1260 3960 per
1286 3889 1342 3944 id
1379 3897 1596 3959 tempus
1629 3888 1822 3959 praedi-

211 3992 370 4039 ctum
400 4000 538 4055 opus
565 3985 633 4038 de
671 3982 1031 4039 Sacramentis
1075 3983 1130 4036 in
1157 3998 1254 4037 sex
1282 3982 1450 4037 libros
1475 3981 1820 4036 distributum

214 4084 366 4142 erat,
391 4075 695 4144 eodemque
721 4072 883 4128 modo
910 4088 941 4127 a
969 4071 1273 4127 Lanfranco
1299 4071 1601 4127 adducitur.

292 4166 386 4221 i6.
428 4165 697 4222 Revertor
717 4165 786 4219 ad
809 4165 1120 4233 Maximum,
1147 4163 1300 4232 cujus
1339 4179 1640 4232 sermones,
1661 4173 1825 4233 prout

217 4256 326 4312 sub
349 4257 468 4325 ejus
483 4256 709 4311 nomine
732 4255 936 4323 vulgati
963 4263 1112 4321 sunt,
1142 4254 1382 4325 plerique
1408 4254 1698 4309 Maximum
1721 4271 1819 4309 au-

218 4357 437 4404 ctorem
473 4347 713 4415 habent,
739 4356 907 4416 atque
944 4348 1068 4404 ideo
1103 4347 1281 4404 eidem
1323 4347 1628 4404 vindicandi
1670 4357 1823 4420 quot-

1925 3165 2112 3220 codice
2141 3163 2467 3234 descriptas.
2509 3161 2784 3233 Quidquid
2827 3163 2899 3218 ibi
2939 3163 3283 3220 doctissimus
3319 3163 3411 3220 ille
3428 3170 3531 3223 vir

1925 3256 2066 3312 hanc
2095 3256 2148 3310 in
2187 3270 2302 3311 rem
2339 3254 2622 3310 adnotavit
2649 3253 2871 3322 dignum
2899 3253 3058 3324 plane
3087 3253 3228 3310 foret
3259 3254 3404 3324 quod
3431 3255 3528 3310 hic

1925 3354 2283 3416 repeteretur.
2309 3344 2419 3401 Sed
2449 3346 2576 3401 illuc
2603 3358 2705 3414 ego
2735 3345 2994 3400 lectorem
3020 3343 3321 3412 dimittens,
3371 3350 3521 3418 quod

1926 3451 2106 3491 meum
2135 3436 2259 3502 erit,
2288 3437 2377 3491 hic
2394 3435 2644 3491 breviter
2661 3436 2910 3505 prodam.

1996 3528 2203 3583 Floruit
2231 3526 2494 3581 Maximus
2521 3542 2633 3582 sec.
2659 3525 2980 3581 Christiana:
2998 3539 3120 3580 terte
3143 3543 3193 3581 v.
3217 3524 3352 3580 Eum
3374 3526 3518 3582 ultra

1927 3631 2126 3672 annum
2155 3617 2355 3672 Christi
2381 3615 2488 3670 465
2515 3617 2714 3692 vixisse
2738 3616 2940 3671 eruditi
2970 3633 3076 3672 non
3114 3617 3274 3687 pauci
3295 3623 3515 3688 putant,

1925 3724 2034 3764 non
2059 3709 2193 3766 satis
2235 3707 2503 3763 Gennadii
2524 3706 2808 3762 codicibus
2856 3707 3102 3772 ﬁdentes,
3140 3707 3234 3762 ubi
3270 3716 3522 3763 mortuus

1926 3800 2125 3856 dicitur
2153 3809 2280 3855 ante
2304 3816 2511 3855 aurium
2560 3800 2762 3855 Christi
2808 3799 2933 3853 425.
2979 3799 3255 3868 Leguntur
3280 3800 3522 3855 humilius

1923 3894 2234 3963 complures
2263 3894 2403 3947 inter
2429 3907 2600 3962 opera
2644 3891 2746 3948 SS.
2795 3891 3068 3946 Ambrosii
3112 3900 3167 3947 et
3214 3892 3522 3961 Augustini,

1925 3999 2045 4054 quae
2073 3992 2256 4038 tamen
2305 3990 2555 4038 sanctum
2597 3981 2890 4036 Maximum
2939 3990 3215 4038 auctorem
3258 3983 3518 4039 habuere.

1925 4073 2111 4143 Neque
2138 4089 2270 4129 vero
2293 4074 2515 4128 easdem
2545 4074 2676 4129 satis
2703 4075 2982 4142 hucusque
3028 4074 3388 4129 distinxerunt
3412 4074 3517 4130 coi-

1922 4165 2160 4221 lectores
2186 4180 2413 4236 operum
2439 4165 2614 4220 sancti
2642 4164 2860 4220 Maximi
2910 4184 2923 4218 :
2971 4166 3036 4220 ad
3065 4165 3212 4236 quod
3245 4175 3435 4221 tamen
3464 4174 3523 4222 et

1926 4255 2140 4312 laudata
2165 4257 2461 4312 Mabillonii
2490 4256 2762 4326 praefatio,
2806 4265 2863 4312 et
2889 4271 3017 4311 cura
3058 4257 3173 4313 haec
3199 4265 3385 4312 nostra
3413 4273 3525 4314 non

1924 4366 2113 4420 parum
2142 4351 2416 4405 inserviet.
2446 4349 2723 4419 Siquidem
2752 4363 2864 4404 non
2891 4349 3053 4404 modo
3083 4364 3366 4406 sermones
3393 4351 3529 4406 mul-

220 4447 365 4510 quot
400 4452 468 4492 ex
496 4438 583 4493 bis
625 4435 912 4493 Ambrosio
939 4439 1082 4494 inter
1122 4439 1243 4508 ejus
1271 4438 1469 4512 [ccxxv]
1500 4455 1666 4509 opera
1715 4457 1833 4510 sup-
1857 4447 1910 4506 D
1935 4451 2022 4496 tos
2038 4442 2131 4496 hic
2158 4441 2348 4496 damus
2378 4441 2618 4497 nondum
2646 4442 2949 4511 evulgatos,
2979 4439 3074 4496 sed
3105 4438 3268 4497 etiam
3299 4442 3528 4499 adnota-

223 4538 527 4603 ponuntur,
550 4530 640 4584 ubi
659 4529 819 4600 pauci
837 4530 1122 4585 admodum
1144 4531 1452 4600 Ambrosio,
1472 4533 1634 4599 longe
1648 4531 1830 4602 plures
1931 4548 2068 4596 mus,
2087 4533 2177 4602 qui
2192 4531 2305 4602 jam
2327 4531 2457 4587 editi
2475 4531 2672 4587 fuerint
2696 4534 2836 4588 inter
2849 4548 3018 4603 opera
3035 4533 3211 4588 sancti
3228 4533 3519 4603 Ambrosii,

227 4621 468 4677 Iaximo
495 4621 692 4677 ascribi
719 4621 936 4677 debent.
968 4620 1288 4692 Quanquam
1315 4629 1372 4677 et
1398 4623 1487 4678 alii
1515 4631 1661 4691 sunt,
1690 4639 1827 4694 quos

221 4727 336 4769 nec
362 4712 648 4768 Ambrosio
675 4727 777 4769 nec
823 4712 1062 4769 Maximo
1093 4714 1334 4769 uibuere
1377 4729 1684 4786 possumus,
1730 4717 1826 4771 sed

229 4803 625 4874 posteriuibus
652 4804 1004 4860 auctoribus:
1036 4804 1228 4875 quales
1265 4812 1397 4860 sunt
1441 4807 1714 4862 secundus
1763 4823 1826 4862 ac

231 4893 517 4950 tertimde
537 4894 829 4949 Adventu:
859 4894 1004 4949 inter
1021 4909 1305 4951 sermones
1326 4895 1400 4948 22
1419 4904 1477 4951 et
1508 4895 1601 4965 25,
1626 4899 1700 4952 de
1722 4897 1826 4954 Se-

228 4986 589 5056 pmagesi-a,
639 4993 697 5040 et
734 4985 1106 5055 Sexagesmis,
1151 5001 1272 5057 qua:
1305 4988 1566 5044 vocabula
1607 4989 1825 5044 Maximi

231 5077 432 5132 nedum
457 5078 730 5136 Ambrosii
755 5086 1001 5148 tempore
1024 5080 1211 5148 ignota
1247 5088 1406 5135 erant
1436 5098 1451 5146 ;
1506 5082 1585 5136 uti
1633 5089 1690 5136 et
1728 5097 1826 5136 no-

232 5183 357 5223 men
403 5167 682 5225 Adventus
707 5184 809 5240 pro
852 5176 1010 5224 certo
1050 5169 1145 5224 illo
1183 5170 1392 5225 diem
1422 5185 1650 5227 numero
1689 5187 1828 5242 quos

231 5268 359 5315 ante
406 5257 595 5314 Natale
644 5258 863 5314 Domini
909 5259 1171 5315 me
1221 5275 1340 5316 mos
1376 5270 1479 5317 est.
1528 5260 1646 5316 Non
1697 5276 1827 5330 ergo

232 5351 454 5410 dixisset
480 5351 821 5420 Ambrosius,
845 5359 942 5407 aut
961 5350 1251 5420 Maximus,
1278 5354 1425 5423 quod
1449 5354 1605 5409 initio
1629 5369 1830 5409 sermo-

237 5443 548 5500 ἠιωῶ
576 5445 646 5502 de
668 5443 924 5501 Adventu
952 5443 1186 5512 legitur:
1222 5441 1564 5516 Hoetempus
1594 5461 1698 5499 non
1723 5446 1826 5499 im-

236 5538 410 5592 merito
435 5538 696 5596 Mutus
749 5536 972 5593 Domini
1021 5544 1232 5592 vocatur
1262 5554 1277 5590 :
1307 5553 1486 5608 neque
1519 5539 1604 5596 bis
1647 5537 1827 5592 verbis

232 5631 480 5696 sor-noni;
505 5630 576 5688 22
603 5632 690 5690 usi
731 5628 972 5685 fuissent
1010 5642 1025 5683 τ
1067 5627 1136 5684 In
1179 5637 1285 5683 toto
1315 5647 1454 5686 anno
1484 5649 1587 5685 non
1636 5629 1825 5682 dicitur

1929 4632 2022 4678 aut
2063 4624 2241 4694 ipsius
2287 4624 2462 4678 sancti
2510 4623 2749 4678 Maximi.
2803 4623 2974 4679 Porro
3025 4625 3248 4680 minime
3294 4624 3527 4695 sponde-

1927 4730 2043 4770 rem
2071 4714 2311 4783 singulos
2353 4729 2633 4770 sermones
2677 4714 2770 4783 qui
2809 4715 2867 4769 in
2911 4714 3132 4771 laudato
3168 4715 3359 4773 codice
3399 4716 3530 4772 Am-

1926 4807 2182 4863 brosiam
2205 4807 2458 4876 leguntur
2477 4804 2555 4860 ad
2596 4805 2889 4861 Maximum
2911 4805 3263 4862 Taurinatem
3293 4819 3412 4863 esse
3440 4824 3531 4863 re-

1924 4896 2198 4952 ferendos.
2222 4897 2440 4952 Mutilus
2465 4899 2522 4952 in
2546 4895 2744 4962 Fronte,
2767 4899 2819 4952 in
2848 4898 3020 4966 calce,
3042 4897 3271 4968 aliisque
3299 4898 3354 4954 in
3387 4899 3528 4956 locis

1932 4999 2015 5046 est
2037 4991 2230 5055 codex,
2266 5003 2386 5060 quas
2419 5004 2581 5067 causa
2610 4989 2752 5046 forte
2780 4988 2960 5046 aﬂ'erri
2997 4997 3178 5062 potest
3203 5005 3302 5046 cur
3325 4991 3530 5047 deside-

1932 5089 2120 5136 rentur
2133 5081 2372 5136 clariora
2403 5081 2727 5136 documenta
2748 5079 2819 5136 de
2846 5082 3034 5135 barum
3067 5081 3409 5136 bomillannn
3431 5095 3530 5137 au—

1931 5181 2103 5229 ctore.
2121 5172 2405 5228 ’Prarterea
2431 5181 2558 5227 sunt
2584 5172 2805 5242 quidam
2835 5174 2944 5228 illic
2985 5187 3266 5228 sermones
3295 5173 3390 5243 qui
3427 5187 3528 5229 ex-

1933 5279 2121 5337 prome
2148 5266 2374 5320 nomine
2407 5265 2718 5320 tribuuntur
2761 5274 2941 5317 sancto
2969 5262 3205 5317 Maximo
3257 5262 3529 5318 Tam-inuti

1934 5360 2193 5427 episcopo,
2225 5366 2284 5411 ut
2313 5356 2367 5411 in
2405 5358 2525 5426 ipsa
2553 5355 2791 5411 editione
2835 5353 3154 5426 apparebit;
3195 5369 3260 5412 ac
3300 5355 3531 5426 proinde

1933 5448 2167 5518 suspicio
2195 5448 2479 5516 ingeritur.
2507 5459 2579 5501 ne
2601 5444 2803 5510 ueteri,
2846 5459 3084 5515 quorum
3109 5444 3229 5514 ipse
3255 5461 3366 5501 non
3394 5447 3530 5499 scri-

1933 5538 2078 5592 bitur
2107 5547 2313 5603 auctor,
2348 5534 2417 5592 ad
2448 5536 2584 5594 alios
2629 5544 2882 5591 auctores
2912 5537 3241 5606 pertineant.
3286 5535 3353 5591 Et
3381 5543 3532 5591 certe

1931 5629 2158 5685 eruditis
2196 5645 2304 5685 non
2345 5631 2586 5699 ignotum
2626 5627 2974 5685 consuevisse
3000 5636 3212 5686 veteres
3242 5645 3273 5686 e
3303 5628 3529 5686 diversis
