3898 6226
406 356 513 417 175

935 348 1343 406 TESTIMONIA
1382 341 1816 403 SCRlPTORUM
1855 337 2131 397 ECCLES.
2173 338 2260 392 DE
2296 339 2355 394 S.
2397 334 2666 391 MAXIMO
2702 334 3132 391 TAUMNENSI.

3550 332 3673 395 I76

407 466 760 539 scriptoribus
786 463 1034 520 homilias
1079 463 1133 516 in
1174 475 1339 518 unum
1378 458 1622 514 codicem
1666 464 1979 523 congerere,
2008 450 2057 509 A
2084 450 2253 505 sancti
2284 449 2498 503 Maximi
2525 464 2557 503 a
2578 447 2870 504 Muratorio
2898 448 3161 504 editorum
3190 455 3505 516 contexere,
3534 462 3673 504 cum

410 561 503 629 qui
528 557 870 614 Homiliarius
896 562 1083 626 postea
1124 552 1404 608 dicebatur
1429 558 1486 604 et
1528 547 1595 601 ad
1625 558 1843 600 manum
1866 550 1985 596 erat
2083 540 2195 595 suis
2220 539 2356 595 locis
2386 554 2524 608 quos
2552 540 2604 594 ei
2630 539 2920 594 debeamus
2946 539 3300 594 monebimus.

412 650 591 706 minus
614 650 807 713 doctis,
849 654 943 702 aut
981 645 1272 716 episcopis,
1303 649 1397 696 aut
1442 639 1610 694 sacris
1654 635 1982 697 oratoribus,

414 756 540 797 cum
573 738 643 793 ad
672 738 926 809 populum
951 736 1240 792 conciones
1260 739 1419 786 erant
1464 727 1744 790 habendae,
1776 726 1891 778 sive
1931 730 1984 777 in

416 830 692 901 Evangelii
727 829 1106 899 explicatione,
1149 810 1263 882 sive
1292 826 1344 878 in
1386 829 1695 877 sanctorum
1740 814 1987 871 laudibus

417 919 767 991 exponendis.
793 917 862 971 Et
887 918 1013 971 hinc
1038 916 1199 985 plane
1232 913 1429 967 factum
1471 917 1529 965 ut
1569 908 1772 963 sanctis
1802 906 1986 972 Augu-

417 1012 561 1067 stino
586 1050 602 1076 ,
646 1008 929 1063 Ambrosio
952 1046 968 1071 ,
1014 1005 1420 1075 Chrysostomo,
1463 1001 1689 1068 aliisque
1735 995 1990 1052 Ecclesia:

419 1097 666 1154 Patribus
688 1103 769 1150 tot
797 1094 1010 1148 tributa:
1027 1106 1313 1163 progressu
1341 1088 1600 1159 temporis
1622 1085 1857 1141 homilia:
1871 1084 1990 1137 fue-

421 1189 546 1253 rint,
574 1200 694 1255 quze
724 1192 901 1239 tamen
928 1197 1115 1239 omnes
1142 1181 1210 1235 ab
1234 1180 1363 1250 ipsis
1392 1190 1733 1247 nequaquam
1772 1172 1990 1244 prodie-

418 1283 562 1333 rant.

493 1365 775 1433 Utcunque
804 1362 859 1417 id
897 1361 985 1427 sit,
1016 1376 1129 1416 non
1160 1373 1249 1413 me
1273 1356 1506 1429 poenitet
1534 1356 1651 1411 haec
1676 1352 1860 1409 omnia
1888 1367 1992 1423 pu-

421 1458 545 1513 blici
568 1457 704 1527 juris
730 1455 940 1523 fecisse,
966 1467 1139 1522 eaque
1164 1452 1265 1505 sub
1313 1448 1532 1525 nomine
1576 1447 1747 1502 sancti
1776 1444 1995 1498 Maximi

424 1544 729 1605 Taurinatis
751 1545 1001 1600 universa
1027 1540 1367 1613 produxisse,
1409 1546 1524 1592 tum
1548 1536 1695 1605 quod
1742 1535 1861 1589 aliae
1908 1533 1997 1587 hic

422 1637 655 1693 homilize
680 1631 1176 1701 habentur,quibus
1205 1615 1483 1699 praeﬁxum
1512 1642 1620 1681 non
1650 1625 1752 1680 fuit
1778 1623 1997 1686 Maximi

422 1741 643 1793 nomen,
667 1732 722 1779 et
746 1723 1092 1779 nihilominus
1122 1720 1187 1775 ad
1208 1718 1457 1775 eumdem
1480 1716 1670 1785 procul
1690 1714 1854 1769 dubio
1881 1727 2000 1781 spe-

2405 651 2720 707 LUDOVIC.
2744 651 2983 706 ELLIES
3005 650 3337 707 DUPINIUS.

2087 742 2152 797 In
2178 743 2407 797 secunda
2434 751 2581 814 parte
2618 741 2719 796 III
2731 743 3018 814 _v_olumi_nis
3048 740 3381 814 Bibliotheca:
3420 740 3679 814 ecclesia-

2156 814 2400 867 sticarum
2427 810 2692 882 scriptor.,
2722 811 2969 865 Monte-Il
2980 813 3407 874 annonice,.anno
3433 810 3591 863 1691.

2157 901 2421 957 Maximus
2443 904 2728 972 episcopus
2753 901 3099 955 Taurinensis
3130 898 3314 955 ﬂoruit
3342 899 3583 954 Honorio
3612 905 3677 954 et

2090 989 2396 1046 Theodosio
2419 992 2824 1061 imperantibus.
2849 990 3027 1044 Vitam
3049 990 3158 1057 egit
3185 1004 3355 1057 usque
3380 989 3446 1041 ad
3468 1003 3678 1042 annum

2091 1077 2233 1145 465;
2271 1080 2530 1148 quoniam
2553 1094 2621 1135 eo
2646 1094 2789 1133 anno
2818 1078 3089 1148 reperitur
3118 1076 3427 1131 interfuisse
3464 1076 3678 1130 Roma-

2092 1186 2174 1224 nze
2199 1169 2410 1241 synodo
2430 1169 2529 1224 sub
2556 1168 2759 1222 Hilario
2787 1168 3060 1237 pontiﬁce.
3092 1164 3279 1221 Plures
3313 1172 3529 1221 exstant
3552 1165 3682 1233 ejus

2094 1260 2345 1326 homilize,
2377 1274 2605 1329 quarum
2634 1273 2758 1329 pars
2784 1257 2958 1326 major
2978 1273 3011 1312 a
3035 1255 3315 1311 Gennadio
3334 1264 3678 1311 recensetur.

2094 1350 2171 1404 De
2192 1365 2257 1405 eo
2280 1350 2644 1405 testimonium
2670 1351 2873 1419 praebet
2892 1349 2946 1403 in
2972 1347 3163 1403 divinis
3182 1348 3375 1402 litteris
3402 1354 3683 1402 versatum

2096 1440 2290 1507 fuisse,
2322 1448 2380 1495 et
2421 1440 2652 1496 faciliter
2677 1449 3127 1510 extemporaneas
3155 1439 3447 1494 conciones
3474 1438 3539 1492 ad
3572 1453 3685 1507 po-

2096 1530 2281 1599 pulum
2319 1530 2589 1585 habuisse.
2628 1530 2833 1599 Aliqua:
2860 1537 2986 1584 sunt
3019 1530 3082 1583 de
3112 1528 3298 1583 Natali
3339 1528 3571 1593 Domini,
3615 1531 3687 1582 de

2098 1618 2518 1685 Circumcisione,
2549 1621 2612 1674 de
2638 1619 2958 1691 Epiphania,
2990 1620 3053 1673 de
3083 1619 3363 1686 Paschate,
3396 1621 3460 1673 de
3488 1620 3691 1673 Pente-

2100 1719 2256 1775 caste,
2288 1726 2385 1780 pro
2413 1710 2619 1765 duabus
2643 1710 2926 1765 dominicis
2953 1710 3016 1763 de
3048 1710 3301 1775 Adventu,
3334 1710 3387 1762 in
3418 1709 3502 1762 die
3525 1706 3690 1761 Cine-

421 1827 586 1883 ctant,
615 1791 737 1871 tum
757 1816 924 1871 etiam
952 1813 1097 1884 quod
1134 1826 1251 1867 eam
1279 1810 1337 1864 in
1362 1809 1613 1864 omnibus
1650 1807 1776 1876 styli
1808 1804 2001 1858 simili-
2030 1791 2077 1851 B
2103 1820 2233 1867 rum,
2266 1804 2331 1856 in-
2345 1803 2607 1856 dominica
2634 1801 2957 1867 Palmarmn,
2990 1808 3047 1856 et
3071 1801 3135 1855 de
3160 1800 3415 1855 Passione
3442 1799 3689 1856 Domini.

421 1907 662 1964 tudinem
691 1903 1093 1977 deprehendere
1136 1902 1269 1955 mihi
1295 1901 1443 1956 visus
1486 1913 1630 1967 sum,
1677 1911 1799 1966 quae
1837 1910 2003 1949 unum

421 1998 779 2065 eumdemque
797 1996 1116 2065 scriptorem
1140 1993 1270 2047 satis
1289 1991 1500 2045 deceat.

492 2088 760 2144 Caeterum
784 2100 965 2141 sermo
986 2083 1012 2135 1
1044 2083 1097 2137 in
1122 2082 1295 2137 sancti
1323 2077 1615 2133 Alexandri
1642 2075 1812 2129 multa
1842 2073 2006 2126 habet

422 2177 819 2245 communiaac
840 2173 1107 2230 simillima
1131 2187 1254 2226 cum
1283 2170 1455 2223 altero
1484 2180 1738 2222 sermone
1764 2162 2004 2231 ejusdem

422 2267 724 2336 argumenti
753 2265 894 2319 inter
920 2276 1085 2333 opera
1110 2260 1281 2316 sancti
1310 2256 1597 2325 Augustini
1629 2253 1865 2321 antiquze
1891 2250 2008 2305 edi-

424 2356 605 2412 tionis.
636 2355 811 2409 Antea
834 2367 1051 2423 quoque
1079 2348 1399 2420 prodierunt
1426 2360 1606 2401 sermo
1634 2344 1685 2409 6,
1717 2344 1770 2409 Ἰ,
1810 2340 1866 2407 8,
1889 2338 1923 2391 9
1946 2339 2008 2391 de

423 2453 604 2501 sancta
631 2442 854 2499 Eusebio
883 2449 1111 2511 martyre
1147 2437 1717 2502 Vercelleusi,'nempe
1763 2432 1818 2484 in
1864 2430 2005 2483 libro

428 2540 515 2594 cui
562 2536 748 2593 titulus
773 2555 787 2588 :
822 2535 1163 2603 Antiquorum
1189 2531 1409 2583 Patrum
1453 2539 1711 2580 sermones
1739 2530 1789 2575 et
1817 2520 2011 2590 episto-

424 2630 514 2697 ιω,
544 2629 812 2682 de.sancto
833 2622 1052 2677 Eusebio
1090 2618 1403 2675 Vercellensi
1437 2615 1681 2686 episcopo
1711 2620 1761 2665 et
1783 2618 2011 2679 martyre

426 2718 655 2773 collecta
693 2716 846 2786 jussu
883 2710 1105 2766 Joannis
1149 2707 1424 2761 Francisci
1464 2702 1739 2757 Bonhomii
1779 2698 2007 2768 episcopi

439 2806 796 2871 Vercellensis,
818 2820 880 2857 ac
919 2804 1185 2871 impressa:
1225 2795 1514 2851 Mediolani
1553 2808 1694 2846 anno
1726 2787 1883 2842 1581.
1918 2787 2010 2841 Isti

430 2911 561 2951 vero
599 2906 877 2952 sermones
929 2891 984 2945 in
1031 2896 1215 2944 nostro
1262 2884 1449 2940 codice
1493 2883 1710 2938 recitati
1760 2879 2011 2933 dicuntur

440 2983 707 3053 Vercellis,
731 2990 787 3039 et
822 2986 1113 3051 propterea
1156 2984 1429 3049 auctorem
1469 2972 1774 3039 designant,
1814 2967 1909 3037 qui
1957 2966 2009 3020 in

432 3074 729 3144 aliaquam
772 3072 826 3127 in
864 3067 1197 3125 Vercellensi
1225 3066 1467 3121 Ecclesia
1515 3064 1756 3131 degeret.
1806 3060 2011 3114 Rursus

2104 1892 2247 1945 Alias
2274 1899 2537 1961 przeterea
2564 1891 2633 1945 de
2659 1891 2879 1955 sanctis,
2918 1900 2977 1944 ut
3007 1891 3071 1943 de
3099 1891 3160 1945 S.
3204 1891 3492 1960 Stephano,
3523 1892 3590 1943 de
3618 1890 3689 1944 S.

2102 1979 2309 2033 Joanne
2334 1980 2590 2050 Baptista,
2622 1980 2687 2033 de
2718 1979 2825 2034 SS.
2850 1980 3096 2049 apostolis
3125 1979 3283 2033 Petro
3318 1990 3368 2033 et
3400 1980 3591 2044 Paulo,
3622 1983 3692 2035 de

2106 2068 2166 2122 S.
2202 2067 2499 2131 Laurentio,
2534 2068 2598 2120 de
2626 2066 2687 2121 S.
2720 2064 3003 2137 Cypriane,
3030 2067 3093 2120 de
3126 2067 3183 2121 S.
3219 2066 3443 2121 Eusebio
3476 2068 3695 2121 Vercel-

2107 2160 2255 2225 lensi,
2290 2159 2354 2211 de
2392 2158 2453 2213 S.
2492 2157 2751 2212 Hichaele
2771 2158 3101 2228 archangelo,
3136 2158 3200 2211 de
3233 2156 3339 2211 SS.
3371 2159 3697 2227 martyribus

2109 2250 2529 2336 Taurinensibus.
2578 2249 2693 2304 Una
2722 2258 2807 2304 est
2842 2250 2907 2303 de
2940 2249 3207 2319 Symbolo,
3239 2250 3407 2303 altera
3436 2248 3503 2303 de
3542 2248 3698 2314 Vigi-

2108 2343 2270 2395 lantia
2294 2381 2311 2406 ,
2350 2358 2412 2395 ac
2450 2342 2635 2411 gratiis
2675 2340 2887 2410 agendis
2917 2348 3033 2409 post
3080 2339 3277 2402 cibum;
3322 2339 3439 2392 aliae
3478 2338 3599 2393 dum
3626 2339 3695 2392 de

2107 2428 2495 2500 Eleemosynis;
2516 2445 2623 2483 una
2643 2429 2706 2482 de
2737 2428 2953 2499 Defectu
2982 2429 3136 2491 luna,
3170 2436 3225 2480 et
3252 2428 3464 2481 tandem
3494 2427 3696 2494 legitur

2108 2532 2285 2572 sermo
2313 2532 2475 2587 super
2509 2517 2661 2572 illum
2698 2516 2874 2571 locum
2914 2516 3066 2570 Isaia:
3105 2533 3119 2568 :
3166 2514 3434 2585 Caupones
3474 2516 3549 2568 tui
3593 2516 3697 2567 mi-

2110 2617 2253 2663 scent
2275 2623 2462 2679 aquam
2482 2608 2618 2661 vino.
2650 2606 2789 2661 Sunt
2812 2620 2999 2660 omnes
3025 2606 3108 2658 75.
3128 2602 3317 2659 Plures
3343 2605 3697 2659 inveniuntur

2110 2702 2253 2755 inter
2270 2714 2547 2755 sermones
2569 2697 2849 2765 Augustini
2872 2704 2929 2752 et
2948 2695 3239 2761 Ambrosii,
3264 2710 3383 2764 qua:
3404 2709 3698 2764 perperam

2111 2790 2358 2846 Patribus
2386 2791 2489 2845 illis
2528 2789 2799 2843 attributa:
2843 2786 3097 2851 fuerunt,
3146 2801 3270 2841 cum
3310 2785 3371 2840 S.
3400 2785 3701 2839 Maximum

2111 2891 2390 2954 parentem
2435 2881 2692 2935 habeant.
2724 2878 2858 2933 Nam
2886 2886 2943 2933 et
2970 2879 3038 2933 de
3073 2878 3157 2933 his
3193 2877 3521 2931 mentionem
3564 2874 3701 2929 fecit

2112 2972 2437 3039 Gennadius,
2462 2978 2520 3026 et
2539 2985 2701 3025 unum
2722 2968 3077 3035 eamdemque
3101 2967 3298 3037 stylum
3320 2963 3701 3034 praeferunt.

2111 3062 2252 3117 Fieri
2281 3069 2463 3131 potest
2488 3067 2547 3114 ut
2570 3058 2840 3114 nonnullm
2865 3056 2966 3111 sub
2988 3056 3214 3111 aliorum
3236 3052 3453 3107 Patrum
3475 3052 3703 3107 nomine

434 3131 727 3232 τετοξοω
755 3162 808 3216 in
828 3159 1070 3228 margine
1097 3157 1300 3213 codicis
1326 3164 1410 3210 ter
1449 3154 1767 3208 adnotatum
1795 3151 1863 3204 ad
1891 3163 2013 3232 eose
2039 3131 2085 3194 C
2115 3152 2342 3220 vulgata:
2384 3149 2620 3205 homilize
2666 3146 2725 3202 S.
2783 3146 3017 3201 Maximo
3065 3145 3437 3200 restituantur.
3497 3142 3706 3197 Brevos

433 3258 558 3313 dem
578 3267 857 3310 sermones
884 3251 1217 3319 reperiatur:
1259 3247 1603 3301 Vercellinum
1623 3261 1678 3298 se
1700 3259 1815 3297 esse
1841 3228 2015 3295 Oileu-

433 3346 542 3411 dit;
584 3353 707 3399 nota
745 3341 883 3413 quod
914 3339 1231 3394 Vercellinus
1278 3343 1354 3389 est
1406 3336 1532 3399 iste;
1580 3332 1929 3402 conjecturae.
1956 3327 2015 3382 ﬁt

435 3438 586 3492 locus
608 3435 666 3494 S.
694 3433 1009 3495 Maximum,
1032 3430 1186 3498 cujus
1208 3426 1386 3498 patria
1409 3427 1723 3492 ignoratur,
1753 3420 2017 3475 Vercellis

436 3536 619 3583 natum
650 3526 834 3593 fuisse,
866 3525 911 3578 si
941 3531 1121 3577 tamen
1159 3535 1349 3576 eorum
1371 3525 1605 3589 quatuor
1632 3528 1942 3571 sermonum
1970 3513 2017 3567 is

434 3628 623 3675 auctor
642 3625 745 3672 est.

509 3710 693 3778 Neque
720 3708 835 3761 sine
865 3705 1042 3773 aliqua
1071 3700 1534 3757 animadversione
1572 3690 1879 3753 dimittendi~
1903 3710 2018 3751 ser—

437 3817 625 3859 mones
658 3801 786 3864 duo,
822 3812 1014 3865 nempe
1052 3794 1122 3848 52
1148 3801 1203 3849 et
1230 3806 1346 3859 seq.
1382 3809 1395 3843 :
1428 3788 1508 3844 De
1540 3791 1692 3843 idolis
1721 3786 2017 3858 auferendis

438 3896 502 3949 de
520 3892 742 3964 propriis
766 3884 1192 3957 possessionibus.
1224 3880 1422 3937 Eorum
1458 3896 1560 3949 ope
1590 3879 1859 3933 sententia
1886 3892 2017 3931 con-

440 3985 683 4038 ﬁrmatur
729 3977 1106 4032 arbitrantium
1158 3973 1279 4027 ideo
1332 3971 1432 4025 sub
1478 3970 1667 4040 primis
1725 3969 2018 4037 imperato-

440 4074 587 4128 ribus
626 4068 945 4125 Christianis
969 4065 1214 4119 ethnicos
1234 4076 1565 4132 paganorum
1605 4060 1823 4113 nomine
1856 4056 2018 4111 fuisse

440 4171 677 4229 notatos,
713 4157 857 4228 quod
892 4170 1081 4210 eorum
1126 4152 1439 4221 superstitio
1470 4166 1537 4204 ex
1583 4148 1805 4202 urbibus
1845 4146 2021 4200 elimi-

440 4263 587 4319 nata,
620 4252 931 4320 legibusque
956 4244 1217 4300 Caesareis
1243 4240 1526 4297 interdicta
1545 4282 1559 4306 ,
1592 4254 1651 4294 se
1676 4242 1728 4292 in
1758 4252 1926 4307 pagos
1964 4244 2020 4289 et

441 4346 573 4404 rude
594 4344 913 4398 rusticorum
941 4338 1130 4406 vulgus
1178 4335 1489 4404 recepisset,
1534 4332 1673 4386 unde
1729 4346 1797 4383 ne
1844 4328 2018 4383 sancti

442 4436 657 4492 Maximi
684 4432 899 4501 quidem
934 4437 1093 4484 aetate
1120 4426 1282 4481 evelli
1323 4438 1550 4495 prorsus
1597 4428 1864 4492 potuerat.
1913 4418 2019 4471 lbi-

2117 3250 2243 3298 sunt
2268 3240 2384 3309 ejus
2410 3253 2707 3303 sermones,
2736 3236 2831 3291 sed
2876 3234 3111 3303 languidi
3133 3273 3150 3300 ,
3190 3243 3385 3288 ornatu
3412 3232 3553 3287 enim
3594 3244 3705 3286 ca-

2111 3343 2237 3389 rent
2258 3374 2273 3399 ,
2320 3332 2588 3401 elegantia
2625 3329 2833 3385 scilicet
2860 3335 2917 3382 et
2956 3326 3258 3381 nobilitate.
3301 3324 3533 3378 Primum
3559 3321 3705 3377 editi

2117 3432 2242 3480 sunt
2256 3422 2472 3477 Maximi
2493 3434 2771 3476 sermones
2790 3416 3032 3473 Colonia:
3050 3414 3357 3487 Agrippinae
3370 3429 3510 3471 anno
3532 3411 3704 3478 1555,

2118 3513 2425 3581 Antuerpiae
2450 3524 2591 3565 anno
2629 3506 2769 3561 1618
2792 3546 2807 3571 ,
2850 3506 3035 3561 Romae
3080 3520 3224 3559 anno
3253 3502 3423 3569 1564,
3455 3508 3509 3557 et
3550 3513 3709 3556 anno

2119 3603 2275 3669 1572,
2302 3602 2516 3657 Parisiis
2543 3615 2686 3654 anno
2718 3596 2873 3661 16M,
2899 3605 2955 3651 et
2976 3610 3116 3650 anno
3140 3593 3280 3648 1625
3298 3608 3417 3648 cum
3442 3591 3711 3661 operibus

2119 3696 2177 3751 S.
2199 3693 2398 3749 Leonis
2423 3691 2618 3759 Magni,
2649 3696 2704 3743 et
2732 3689 2785 3741 in
2810 3685 3157 3740 Bibliothecis
3184 3682 3421 3737 Patrum.
3454 3679 3707 3735 Mahillo~

2120 3790 2240 3843 nius
2271 3784 2553 3841 duodecim
2578 3780 2829 3836 homilias
2857 3778 2936 3831 uti
2964 3775 3205 3831 nondum
3237 3773 3479 3841 vulgatas
3505 3769 3703 3836 edidit,

2120 3892 2345 3950 quarum
2368 3885 2549 3930 tamen
2570 3882 2678 3928 tres
2702 3870 2839 3942 apud
2866 3867 3204 3923 Ambrosium
3227 3863 3586 3919 inveniuntur.

2226 3990 2386 4046 EDM.
2416 3982 2813 4044 MARTENIUS
2837 3982 2925 4036 ΕΤ
2961 3979 3161 4035 URSIN
3190 3971 3588 4037 DURANDUS,

2124 4083 2282 4137 Tomo
2308 4079 2390 4134 IX
2418 4075 2731 4133 collectionis
2759 4070 3379 4137 veterumscriptoruprgt
3398 4078 3707 4116 monumen-

2442 4159 2629 4212 torum,
2658 4161 2777 4214 pag.
2812 4140 2932 4204 154,
2965 4135 3191 4192 Parisiis
3221 4135 3382 4201 1755,

2123 4257 2404 4297 οςελδιοκε
2418 4255 2609 4294 ΕΒΕΝΜ
2623 4253 2718 4291 SEX
2732 4249 2909 4288 BOIIL.
2926 4247 2970 4285 S.
2988 4244 3172 4284 ΙΔΠΙΙ
3185 4241 3303 4281 ηερ
3320 4236 3711 4279 ΡΒΕΙῙΤἸἪΝΤ.

2193 4334 2248 4389 1η
2277 4337 2587 4403 pervetusto
2630 4327 2814 4383 codice
2839 4322 3155 4383 monasterii
3183 4317 3365 4373 Sancti
3393 4313 3531 4369 Galli
3559 4315 3714 4383 apud

2124 4425 2398 4481 Helvetios
2425 4423 2493 4476 ab
2537 4420 2693 4473 annis
2721 4418 2935 4473 circiter
2980 4413 3127 4468 mille
3171 4407 3478 4478 majusculis
3507 4405 3716 4460 litteris

443 4528 565 4583 dem
596 4526 771 4579 aJhuc
812 4522 1053 4590 aspicere
1090 4524 1209 4573 erat
1238 4532 1358 4569 aras
1400 4515 1621 4583 ligneas,
1660 4520 1708 4564 el
1738 4510 2010 4563 simulacra

2131 4525 2372 4578 exarato,
2402 4513 2601 4583 reperit
2629 4510 2756 4565 olim
2776 4505 3111 4561 Mabillonius
3138 4501 3237 4557 sub
3265 4498 3481 4554 nomine
3503 4494 3561 4549 S.
3594 4494 3718 4549 Au-

443 4616 685 4688 lapldea,
715 4612 963 4683 pallentes
994 4609 1238 4678 cespites,
1276 4614 1503 4659 mortuos
1543 4602 1815 4667 carbones,
1859 4608 1907 4653 et
1936 4616 2023 4651 sa-

444 4707 659 4776 criﬁcia,
694 4711 749 4758 et
788 4699 1147 4772 lymphaticos
1194 4697 1425 4751 rusticos
1472 4708 1571 4747 suo
1623 4693 1881 4759 sanguine
1922 4689 2025 4744 diis

446 4797 591 4851 falsis
618 4794 775 4857 clam,
809 4800 867 4845 ut
903 4798 1051 4859 puto,
1088 4788 1321 4841 litantes.
1379 4785 1457 4839 Tu
1480 4783 1602 4838 vide
1642 4782 1931 4835 Baronium
1969 4780 2023 4833 in

445 4887 587 4943 notis
628 4885 695 4939 ad
718 4882 996 4952 Martyrol.
1029 4880 1186 4935 Rom.
1236 4879 1323 4933 die
1350 4877 1417 4931 50
1447 4876 1706 4938 Januarii,
1744 4882 1799 4929 et
1827 4872 2029 4927 Gotho-

447 4979 655 5035 fredum
682 4978 736 5031 in
768 4974 910 5029 notis
936 4972 1002 5027 ad
1033 4972 1118 5025 tit.
1144 4970 1211 5023 10
1238 4970 1436 5024 lib.xvr
1462 4968 1583 5023 cod.
1618 4966 1888 5020 Theodos.
1909 4963 2020 5017 Me-

450 5078 692 5123 moratur
716 5063 895 5137 [cuvj
918 5072 1099 5117 autem
1122 5064 1177 5115 in
1199 5059 1403 5115 eisdem
1430 5058 1767 5113 sermonibus
1790 5055 2021 5108 Damne-

448 5161 583 5225 dius,
629 5158 721 5227 qui
742 5155 873 5210 nihil
895 5152 1037 5207 aliud
1065 5160 1183 5207 erat
1209 5166 1460 5205 sermone
1489 5158 1746 5218 corrupto
1773 5147 1913 5200 illius
1955 5160 2029 5198 ze-

452 5258 593 5316 tatis,
617 5265 779 5320 quam
807 5247 1081 5301 Dominus.
1112 5243 1225 5298 Hac
1271 5242 1462 5299 eadem
1489 5257 1622 5296 voce
1648 5256 1775 5295 usus
1804 5247 1889 5293 est
1918 5252 2026 5291 non

450 5361 557 5400 uno
602 5346 655 5398 in
686 5345 805 5397 loco
829 5347 1047 5395 sanctus
1076 5336 1331 5391 Paulinus
1369 5335 1641 5399 Nolanus,
1681 5333 1757 5386 uti
1784 5328 2029 5385 animad~

450 5437 585 5492 verti
613 5434 827 5489 dissert.
859 5432 946 5497 15,
977 5438 1111 5485 tom.
1139 5428 1160 5483 l
1201 5427 1449 5481 Anecdot.
1492 5440 1736 5482 meorum
1757 5462 1774 5488 ,
1815 5437 1925 5491 quo
1951 5420 2026 5476 si-

449 5531 730 5603 gniﬁcaret
766 5534 1014 5583 sanctum
1053 5523 1291 5579 Felicem
1329 5520 1607 5576 dominum
1634 5533 1695 5573 ac
1739 5524 2023 5588 patronum

452 5637 629 5679 suum.

520 5715 989 5787 Supervacaneum
1048 5709 1291 5766 ducimus
1354 5707 1652 5777 catalogum
1715 5714 2026 5759 sermonum

2130 4609 2325 4679 gustini
2353 4604 2603 4659 homilias
2631 4600 2697 4653 97
2726 4598 2782 4653 S.
2827 4594 3044 4650 Maximi
3074 4589 3416 4646 Taurinensis
3444 4586 3720 4656 episcopi,

2134 4678 2299 4769 cujus,
2330 4695 2523 4765 inquit,
2556 4700 2705 4747 tanta
2732 4687 2993 4751 facundia,
3016 4692 3222 4738 tantum
3251 4679 3483 4735 studium
3514 4678 3569 4731 in
3588 4692 3718 4731 rem

2133 4767 2486 4847 Christianam
2520 4784 2639 4845 fuit,
2665 4790 2723 4836 ut
2749 4780 2977 4847 vulgata:
3005 4775 3120 4843 ejus
3146 4772 3381 4827 homilize
3404 4768 3576 4837 dignae
3600 4767 3722 4820 sint

2134 4880 2343 4943 meliori
2371 4879 2508 4931 luce.
2539 4873 2788 4941 Quamvis
2816 4869 2957 4924 enim
2998 4865 3171 4921 codex
3216 4857 3577 4935 Sangallensis
3602 4871 3720 4909 no-

2136 4988 2257 5026 men
2298 4972 2544 5040 pmfcrat
2584 4960 2863 5032 Augustini
2892 4958 3187 5025 legitimum
3216 4951 3559 5007 homiliarum
3587 4946 3721 5000 illa-

2137 5081 2252 5120 rum
2280 5068 2556 5132 parentem
2582 5057 2665 5109 vir
2693 5062 2880 5108 acutus
2900 5050 3083 5105 statim
3111 5046 3335 5111 detexit,
3366 5051 3475 5096 tum
3505 5054 3572 5094 es
3600 5047 3725 5109 sty-

2140 5158 2212 5219 lo,
2244 5162 2355 5206 tum
2385 5165 2452 5204 ex
2478 5146 2755 5202 Gennadio
2778 5184 2791 5208 ,
2824 5141 2914 5212 qui
2943 5154 3131 5195 earum
3158 5134 3341 5206 plures
3380 5143 3724 5187 commemo—

2139 5217 2257 5307 rat;
2289 5239 2383 5296 sed
2428 5237 2659 5291 maxime
2706 5247 2809 5302 ope
2834 5226 3181 5284 vetustissimi
3210 5223 3411 5278 codicis
3456 5217 3723 5273 Mediola-

2139 5306 2318 5388 nensis
2345 5328 2682 5383 bibliotheca:
2729 5319 3093 5375 Ambrosiana:
3121 5308 3539 5382 Longobardicis
3578 5306 3724 5360 litte

2136 5425 2209 5477 ris
2238 5422 2305 5475 ab
2332 5419 2486 5473 annis
2515 5415 2728 5471 circiter
2754 5409 2901 5464 mille
2930 5406 3154 5470 exarati,
3188 5404 3240 5458 in
3270 5415 3379 5470 quo
3407 5398 3463 5453 S.
3496 5395 3724 5450 Maximi

2135 5508 2477 5569 Taurinensis
2500 5503 2741 5575 episcopi
2782 5499 2970 5554 titulus
3014 5496 3226 5566 legitur.
3270 5479 3354 5545 Ex
3401 5489 3506 5545 illis
3534 5494 3724 5575 autem

2134 5603 2364 5663 homiliis
2391 5614 2517 5670 pars
2542 5574 2773 5651 maxima
2797 5591 2909 5660 jam
2938 5590 3114 5644 lucem
3132 5584 3363 5649 viderat,
3387 5588 3482 5635 aut
3508 5576 3570 5631 S.
3598 5574 3730 5670 Am:

2133 5697 2338 5763 brosio,
2367 5662 2457 5747 aut
2474 5691 2533 5747 S.
2566 5684 2884 5757 Augustino,
2914 5688 3005 5737 aut
3024 5676 3260 5749 genuino
3286 5686 3477 5731 eorum
3506 5662 3729 5723 auctori
