  <div class='ocr_page' id='page_1' title='image "/cluster/home/n/w/nwhite01/storage/ocr_20150623/57/uva.x000827099/096.png"; bbox 0 0 3898 6226; ppageno 0'>
   <div class='ocr_carea' id='block_1_1' title="bbox 231 371 340 426">
    <p class='ocr_par' dir='ltr' id='par_1_1' title="bbox 231 371 340 426">
     <span class='ocr_line' id='line_1_1' title="bbox 231 371 340 426; baseline -0.037 0"><span class='ocrx_word' id='word_1_1' title='bbox 231 371 340 426; x_wconf 75' lang='grc' dir='ltr'><strong>ΓΠ</strong></span> 
     </span>
    </p>
   </div>
   <div class='ocr_carea' id='block_1_2' title="bbox 1022 356 3513 421">
    <p class='ocr_par' dir='ltr' id='par_1_2' title="bbox 1022 356 3513 421">
     <span class='ocr_line' id='line_1_2' title="bbox 1022 356 3513 421; baseline -0.004 0"><span class='ocrx_word' id='word_1_2' title='bbox 1022 366 1088 421; x_wconf 99' lang='lat' dir='ltr'><strong>IN</strong></span> <span class='ocrx_word' id='word_1_3' title='bbox 1125 365 1182 420; x_wconf 92' lang='lat' dir='ltr'><strong>S.</strong></span> <span class='ocrx_word' id='word_1_4' title='bbox 1223 359 1551 418; x_wconf 78' lang='lat' dir='ltr'><strong>MAXIMUM</strong></span> <span class='ocrx_word' id='word_1_5' title='bbox 1588 359 1864 416; x_wconf 83' lang='lat' dir='ltr'><strong>NOTITIA</strong></span> <span class='ocrx_word' id='word_1_6' title='bbox 1900 358 2688 418; x_wconf 76' lang='lat' dir='ltr'><strong>I-llSTORIO-LITTEBARIA.</strong></span> <span class='ocrx_word' id='word_1_7' title='bbox 3419 356 3513 413; x_wconf 61' lang='grc' dir='ltr'><strong>τῖε</strong></span> 
     </span>
    </p>
   </div>
   <div class='ocr_carea' id='block_1_3' title="bbox 224 468 3514 545">
    <p class='ocr_par' dir='ltr' id='par_1_3' title="bbox 224 468 3514 545">
     <span class='ocr_line' id='line_1_3' title="bbox 224 468 3514 545; baseline -0.006 0"><span class='ocrx_word' id='word_1_8' title='bbox 224 487 510 545; x_wconf 71' lang='lat' dir='ltr'><strong>attributa.</strong></span> <span class='ocrx_word' id='word_1_9' title='bbox 548 484 790 540; x_wconf 89' lang='lat' dir='ltr'><strong>lneditas</strong></span> <span class='ocrx_word' id='word_1_10' title='bbox 819 488 1002 534; x_wconf 89' lang='lat' dir='ltr'><strong>tamen</strong></span> <span class='ocrx_word' id='word_1_11' title='bbox 1044 477 1099 530; x_wconf 92' lang='lat' dir='ltr'><strong>in</strong></span> <span class='ocrx_word' id='word_1_12' title='bbox 1128 475 1218 530; x_wconf 91' lang='lat' dir='ltr'><strong>illo</strong></span> <span class='ocrx_word' id='word_1_13' title='bbox 1246 473 1430 528; x_wconf 84' lang='lat' dir='ltr'><strong>Sancti</strong></span> <span class='ocrx_word' id='word_1_14' title='bbox 1457 472 1596 526; x_wconf 86' lang='lat' dir='ltr'><strong>Galli</strong></span> <span class='ocrx_word' id='word_1_15' title='bbox 1640 471 1824 528; x_wconf 85' lang='lat' dir='ltr'><strong>codice</strong></span> <span class='ocrx_word' id='word_1_16' title='bbox 1854 477 1901 534; x_wconf 82' lang='grc' dir='ltr'>Α</span> <span class='ocrx_word' id='word_1_17' title='bbox 1929 474 2108 541; x_wconf 66' lang='lat' dir='ltr'><strong>miliae,</strong></span> <span class='ocrx_word' id='word_1_18' title='bbox 2141 473 2270 528; x_wconf 90' lang='lat' dir='ltr'><strong>illud</strong></span> <span class='ocrx_word' id='word_1_19' title='bbox 2297 474 2430 528; x_wconf 87' lang='lat' dir='ltr'><strong>satis</strong></span> <span class='ocrx_word' id='word_1_20' title='bbox 2457 472 2712 539; x_wconf 87' lang='lat' dir='ltr'><strong>insinuat,</strong></span> <span class='ocrx_word' id='word_1_21' title='bbox 2735 468 2880 538; x_wconf 90' lang='lat' dir='ltr'><strong>quod</strong></span> <span class='ocrx_word' id='word_1_22' title='bbox 2907 483 3094 526; x_wconf 89' lang='lat' dir='ltr'><strong>earum</strong></span> <span class='ocrx_word' id='word_1_23' title='bbox 3139 468 3259 524; x_wconf 58' lang='lat' dir='ltr'><strong>alia“</strong></span> <span class='ocrx_word' id='word_1_24' title='bbox 3285 468 3514 524; x_wconf 72' lang='lat' dir='ltr'><strong>Ambro-</strong></span> 
     </span>
    </p>
   </div>
   <div class='ocr_carea' id='block_1_4' title="bbox 224 561 1829 648">
    <p class='ocr_par' dir='ltr' id='par_1_4' title="bbox 224 561 1829 648">
     <span class='ocr_line' id='line_1_4' title="bbox 224 561 1829 648; baseline -0.012 -16"><span class='ocrx_word' id='word_1_25' title='bbox 224 579 294 632; x_wconf 74' lang='grc' dir='ltr'>Ξί</span> <span class='ocrx_word' id='word_1_26' title='bbox 329 576 679 648; x_wconf 82' lang='lat' dir='ltr'><strong>deprehendit</strong></span> <span class='ocrx_word' id='word_1_27' title='bbox 724 569 1100 631; x_wconf 85' lang='lat' dir='ltr'><strong>Mabillonius,</strong></span> <span class='ocrx_word' id='word_1_28' title='bbox 1131 581 1198 620; x_wconf 92' lang='lat' dir='ltr'><strong>ex</strong></span> <span class='ocrx_word' id='word_1_29' title='bbox 1226 565 1418 632; x_wconf 84' lang='lat' dir='ltr'><strong>quibus</strong></span> <span class='ocrx_word' id='word_1_30' title='bbox 1445 562 1728 617; x_wconf 81' lang='lat' dir='ltr'><strong>duodecim</strong></span> <span class='ocrx_word' id='word_1_31' title='bbox 1762 561 1829 614; x_wconf 71' lang='lat'><strong>12</strong></span> 
     </span>
    </p>
   </div>
   <div class='ocr_carea' id='block_1_5' title="bbox 228 652 1827 723">
    <p class='ocr_par' dir='ltr' id='par_1_5' title="bbox 228 652 1827 723">
     <span class='ocr_line' id='line_1_5' title="bbox 228 652 1827 723; baseline -0.01 -2"><span class='ocrx_word' id='word_1_32' title='bbox 228 668 285 720; x_wconf 91' lang='lat' dir='ltr'><strong>in</strong></span> <span class='ocrx_word' id='word_1_33' title='bbox 322 675 453 720; x_wconf 87' lang='lat' dir='ltr'><strong>tom.</strong></span> <span class='ocrx_word' id='word_1_34' title='bbox 484 664 506 717; x_wconf 91' lang='grc' dir='ltr'>Ι</span> <span class='ocrx_word' id='word_1_35' title='bbox 536 663 707 716; x_wconf 83' lang='lat' dir='ltr'><strong>Musei</strong></span> <span class='ocrx_word' id='word_1_36' title='bbox 731 659 860 714; x_wconf 87' lang='lat' dir='ltr'><strong>Ital.</strong></span> <span class='ocrx_word' id='word_1_37' title='bbox 895 655 1181 723; x_wconf 87' lang='lat' dir='ltr'><strong>evulgavit.</strong></span> <span class='ocrx_word' id='word_1_38' title='bbox 1205 653 1314 708; x_wconf 89' lang='lat' dir='ltr'><strong>Sex</strong></span> <span class='ocrx_word' id='word_1_39' title='bbox 1346 660 1556 706; x_wconf 89' lang='lat' dir='ltr'><strong>tantum</strong></span> <span class='ocrx_word' id='word_1_40' title='bbox 1585 653 1637 705; x_wconf 91' lang='lat' dir='ltr'><strong>in</strong></span> <span class='ocrx_word' id='word_1_41' title='bbox 1674 652 1827 706; x_wconf 87' lang='lat' dir='ltr'><strong>sche—</strong></span> 
     </span>
    </p>
   </div>
   <div class='ocr_carea' id='block_1_6' title="bbox 225 744 1830 819">
    <p class='ocr_par' dir='ltr' id='par_1_6' title="bbox 225 744 1830 819">
     <span class='ocr_line' id='line_1_6' title="bbox 225 744 1830 819; baseline -0.009 -8"><span class='ocrx_word' id='word_1_42' title='bbox 225 758 315 812; x_wconf 88' lang='lat' dir='ltr'><strong>dis</strong></span> <span class='ocrx_word' id='word_1_43' title='bbox 346 757 445 812; x_wconf 92' lang='lat' dir='ltr'><strong>viri</strong></span> <span class='ocrx_word' id='word_1_44' title='bbox 469 752 767 809; x_wconf 82' lang='lat' dir='ltr'><strong>doctissimi</strong></span> <span class='ocrx_word' id='word_1_45' title='bbox 792 748 1109 819; x_wconf 88' lang='lat' dir='ltr'><strong>reperimus,</strong></span> <span class='ocrx_word' id='word_1_46' title='bbox 1130 761 1262 816; x_wconf 89' lang='lat' dir='ltr'><strong>quas</strong></span> <span class='ocrx_word' id='word_1_47' title='bbox 1281 744 1369 799; x_wconf 91' lang='lat' dir='ltr'><strong>hic</strong></span> <span class='ocrx_word' id='word_1_48' title='bbox 1388 744 1518 798; x_wconf 88' lang='lat' dir='ltr'><strong>dare</strong></span> <span class='ocrx_word' id='word_1_49' title='bbox 1539 758 1830 813; x_wconf 88' lang='lat' dir='ltr'><strong>peroppor-</strong></span> 
     </span>
    </p>
   </div>
   <div class='ocr_carea' id='block_1_7' title="bbox 232 843 1285 900">
    <p class='ocr_par' dir='ltr' id='par_1_7' title="bbox 232 843 1285 900">
     <span class='ocr_line' id='line_1_7' title="bbox 232 843 1285 900; baseline -0.011 -2"><span class='ocrx_word' id='word_1_50' title='bbox 232 855 431 900; x_wconf 87' lang='lat' dir='ltr'><strong>tunum</strong></span> <span class='ocrx_word' id='word_1_51' title='bbox 461 844 617 898; x_wconf 88' lang='lat' dir='ltr'><strong>nobis</strong></span> <span class='ocrx_word' id='word_1_52' title='bbox 644 843 819 896; x_wconf 90' lang='lat' dir='ltr'><strong>visum</strong></span> <span class='ocrx_word' id='word_1_53' title='bbox 849 847 950 893; x_wconf 90' lang='lat' dir='ltr'><strong>est.</strong></span> <span class='ocrx_word' id='word_1_54' title='bbox 1280 872 1285 877; x_wconf 74' lang='lat'><strong>.</strong></span> 
     </span>
    </p>
   </div>
   <div class='ocr_carea' id='block_1_8' title="bbox 629 924 1431 986">
    <p class='ocr_par' dir='ltr' id='par_1_8' title="bbox 629 924 1431 986">
     <span class='ocr_line' id='line_1_8' title="bbox 629 924 1431 986; baseline -0.009 0"><span class='ocrx_word' id='word_1_55' title='bbox 629 929 948 986; x_wconf 82' lang='lat' dir='ltr'><strong>ANDREAS</strong></span> <span class='ocrx_word' id='word_1_56' title='bbox 981 924 1431 982; x_wconf 75' lang='lat' dir='ltr'><strong>GALLANDiUS.</strong></span> 
     </span>
    </p>
   </div>
   <div class='ocr_carea' id='block_1_9' title="bbox 227 1011 1825 1084">
    <p class='ocr_par' dir='ltr' id='par_1_9' title="bbox 227 1011 1825 1084">
     <span class='ocr_line' id='line_1_9' title="bbox 227 1011 1825 1084; baseline -0.008 -8"><span class='ocrx_word' id='word_1_57' title='bbox 227 1025 380 1077; x_wconf 85' lang='lat' dir='ltr'><strong>Tom.</strong></span> <span class='ocrx_word' id='word_1_58' title='bbox 417 1020 502 1075; x_wconf 83' lang='lat' dir='ltr'><strong>IX</strong></span> <span class='ocrx_word' id='word_1_59' title='bbox 536 1021 782 1076; x_wconf 82' lang='lat' dir='ltr'><strong>Biblioth.</strong></span> <span class='ocrx_word' id='word_1_60' title='bbox 815 1025 911 1072; x_wconf 84' lang='lat' dir='ltr'><strong>vet.</strong></span> <span class='ocrx_word' id='word_1_61' title='bbox 937 1016 1175 1080; x_wconf 80' lang='lat' dir='ltr'><strong>Patrum,</strong></span> <span class='ocrx_word' id='word_1_62' title='bbox 1205 1023 1327 1080; x_wconf 88' lang='lat' dir='ltr'><strong>etc.,</strong></span> <span class='ocrx_word' id='word_1_63' title='bbox 1360 1030 1477 1084; x_wconf 89' lang='lat' dir='ltr'><strong>cap.</strong></span> <span class='ocrx_word' id='word_1_64' title='bbox 1503 1013 1556 1082; x_wconf 89' lang='lat'><strong>9,</strong></span> <span class='ocrx_word' id='word_1_65' title='bbox 1590 1029 1710 1083; x_wconf 89' lang='lat' dir='ltr'><strong>pag.</strong></span> <span class='ocrx_word' id='word_1_66' title='bbox 1736 1011 1825 1078; x_wconf 75' lang='lat'><strong>2],</strong></span> 
     </span>
    </p>
   </div>
   <div class='ocr_carea' id='block_1_10' title="bbox 848 1105 1224 1160">
    <p class='ocr_par' dir='ltr' id='par_1_10' title="bbox 848 1105 1224 1160">
     <span class='ocr_line' id='line_1_10' title="bbox 848 1105 1224 1160; baseline -0.011 0"><span class='ocrx_word' id='word_1_67' title='bbox 848 1107 1027 1160; x_wconf 82' lang='lat' dir='ltr'><strong>Venet.</strong></span> <span class='ocrx_word' id='word_1_68' title='bbox 1065 1105 1224 1157; x_wconf 77' lang='grc'>1775.</span> 
     </span>
    </p>
   </div>
   <div class='ocr_carea' id='block_1_11' title="bbox 305 1192 1830 1270">
    <p class='ocr_par' dir='ltr' id='par_1_11' title="bbox 305 1192 1830 1270">
     <span class='ocr_line' id='line_1_11' title="bbox 305 1192 1830 1270; baseline -0.005 -16"><span class='ocrx_word' id='word_1_69' title='bbox 305 1202 603 1270; x_wconf 83' lang='lat' dir='ltr'><strong>Postquam</strong></span> <span class='ocrx_word' id='word_1_70' title='bbox 646 1199 968 1269; x_wconf 66' lang='lat' dir='ltr'><strong>praemiserit</strong></span> <span class='ocrx_word' id='word_1_71' title='bbox 1002 1194 1313 1249; x_wconf 84' lang='lat' dir='ltr'><strong>Gallandius</strong></span> <span class='ocrx_word' id='word_1_72' title='bbox 1347 1208 1468 1262; x_wconf 63' lang='lat' dir='ltr'><strong>qua:</strong></span> <span class='ocrx_word' id='word_1_73' title='bbox 1505 1193 1608 1261; x_wconf 87' lang='lat' dir='ltr'><strong>ipsi</strong></span> <span class='ocrx_word' id='word_1_74' title='bbox 1642 1192 1830 1247; x_wconf 89' lang='lat' dir='ltr'><strong>viden-</strong></span> 
     </span>
    </p>
   </div>
   <div class='ocr_carea' id='block_1_12' title="bbox 231 1286 1830 1361">
    <p class='ocr_par' dir='ltr' id='par_1_12' title="bbox 231 1286 1830 1361">
     <span class='ocr_line' id='line_1_12' title="bbox 231 1286 1830 1361; baseline -0.005 -16"><span class='ocrx_word' id='word_1_75' title='bbox 231 1301 328 1346; x_wconf 84' lang='lat' dir='ltr'><strong>tur</strong></span> <span class='ocrx_word' id='word_1_76' title='bbox 371 1300 683 1361; x_wconf 89' lang='lat' dir='ltr'><strong>opportuna</strong></span> <span class='ocrx_word' id='word_1_77' title='bbox 730 1290 798 1344; x_wconf 93' lang='lat' dir='ltr'><strong>ad</strong></span> <span class='ocrx_word' id='word_1_78' title='bbox 853 1286 1235 1355; x_wconf 89' lang='lat' dir='ltr'><strong>designandam</strong></span> <span class='ocrx_word' id='word_1_79' title='bbox 1282 1286 1511 1354; x_wconf 88' lang='lat' dir='ltr'><strong>patriam</strong></span> <span class='ocrx_word' id='word_1_80' title='bbox 1558 1295 1613 1339; x_wconf 90' lang='lat' dir='ltr'><strong>et</strong></span> <span class='ocrx_word' id='word_1_81' title='bbox 1652 1291 1830 1338; x_wconf 91' lang='lat' dir='ltr'><strong>ortum</strong></span> 
     </span>
    </p>
   </div>
   <div class='ocr_carea' id='block_1_13' title="bbox 229 1375 1831 1449">
    <p class='ocr_par' dir='ltr' id='par_1_13' title="bbox 229 1375 1831 1449">
     <span class='ocr_line' id='line_1_13' title="bbox 229 1375 1831 1449; baseline -0.004 -15"><span class='ocrx_word' id='word_1_82' title='bbox 229 1381 452 1435; x_wconf 79' lang='lat' dir='ltr'><strong>Maximi</strong></span> <span class='ocrx_word' id='word_1_83' title='bbox 499 1396 568 1435; x_wconf 89' lang='lat' dir='ltr'><strong>ex</strong></span> <span class='ocrx_word' id='word_1_84' title='bbox 610 1380 728 1449; x_wconf 92' lang='lat' dir='ltr'><strong>ejus</strong></span> <span class='ocrx_word' id='word_1_85' title='bbox 765 1377 1101 1433; x_wconf 85' lang='lat' dir='ltr'><strong>sermonibus</strong></span> <span class='ocrx_word' id='word_1_86' title='bbox 1147 1375 1442 1445; x_wconf 74' lang='lat' dir='ltr'><strong>przesertim</strong></span> <span class='ocrx_word' id='word_1_87' title='bbox 1487 1380 1671 1440; x_wconf 89' lang='lat' dir='ltr'><strong>eruta,</strong></span> <span class='ocrx_word' id='word_1_88' title='bbox 1719 1375 1831 1427; x_wconf 69' lang='lat' dir='ltr'><strong>hmc</strong></span> 
     </span>
    </p>
   </div>
   <div class='ocr_carea' id='block_1_14' title="bbox 230 1463 1831 1539">
    <p class='ocr_par' dir='ltr' id='par_1_14' title="bbox 230 1463 1831 1539">
     <span class='ocr_line' id='line_1_14' title="bbox 230 1463 1831 1539; baseline -0.005 -15"><span class='ocrx_word' id='word_1_89' title='bbox 230 1471 303 1525; x_wconf 88' lang='lat' dir='ltr'><strong>de</strong></span> <span class='ocrx_word' id='word_1_90' title='bbox 349 1472 467 1539; x_wconf 86' lang='lat' dir='ltr'><strong>ejus</strong></span> <span class='ocrx_word' id='word_1_91' title='bbox 512 1469 826 1539; x_wconf 87' lang='lat' dir='ltr'><strong>eloquentia</strong></span> <span class='ocrx_word' id='word_1_92' title='bbox 871 1475 928 1523; x_wconf 90' lang='lat' dir='ltr'><strong>et</strong></span> <span class='ocrx_word' id='word_1_93' title='bbox 973 1464 1329 1538; x_wconf 81' lang='lat' dir='ltr'><strong>concipnandi</strong></span> <span class='ocrx_word' id='word_1_94' title='bbox 1375 1465 1687 1536; x_wconf 69' lang='lat' dir='ltr'><strong>pmstantia</strong></span> <span class='ocrx_word' id='word_1_95' title='bbox 1733 1463 1831 1517; x_wconf 89' lang='lat' dir='ltr'><strong>ha-</strong></span> 
     </span>
    </p>
   </div>
   <div class='ocr_carea' id='block_1_15' title="bbox 233 1559 468 1630">
    <p class='ocr_par' dir='ltr' id='par_1_15' title="bbox 233 1559 468 1630">
     <span class='ocr_line' id='line_1_15' title="bbox 233 1559 468 1630; baseline -0.009 -16"><span class='ocrx_word' id='word_1_96' title='bbox 233 1559 468 1630; x_wconf 69' lang='lat' dir='ltr'><strong>bet§4.</strong></span> 
     </span>
    </p>
   </div>
   <div class='ocr_carea' id='block_1_16' title="bbox 308 1644 1832 1714">
    <p class='ocr_par' dir='ltr' id='par_1_16' title="bbox 308 1644 1832 1714">
     <span class='ocr_line' id='line_1_16' title="bbox 308 1644 1832 1714; baseline -0.002 -13"><span class='ocrx_word' id='word_1_97' title='bbox 308 1648 530 1703; x_wconf 88' lang='lat' dir='ltr'><strong>Dicendi</strong></span> <span class='ocrx_word' id='word_1_98' title='bbox 562 1646 820 1702; x_wconf 81' lang='lat' dir='ltr'><strong>facultate</strong></span> <span class='ocrx_word' id='word_1_99' title='bbox 858 1645 1151 1714; x_wconf 89' lang='lat' dir='ltr'><strong>plurimum</strong></span> <span class='ocrx_word' id='word_1_100' title='bbox 1196 1644 1427 1700; x_wconf 89' lang='lat' dir='ltr'><strong>valuisse</strong></span> <span class='ocrx_word' id='word_1_101' title='bbox 1455 1651 1704 1699; x_wconf 88' lang='lat' dir='ltr'><strong>sanctum</strong></span> <span class='ocrx_word' id='word_1_102' title='bbox 1733 1659 1832 1698; x_wconf 85' lang='lat' dir='ltr'><strong>no-</strong></span> 
     </span>
    </p>
   </div>
   <div class='ocr_carea' id='block_1_17' title="bbox 230 1731 1828 1803">
    <p class='ocr_par' dir='ltr' id='par_1_17' title="bbox 230 1731 1828 1803">
     <span class='ocr_line' id='line_1_17' title="bbox 230 1731 1828 1803; baseline -0.003 -13"><span class='ocrx_word' id='word_1_103' title='bbox 230 1745 404 1790; x_wconf 85' lang='lat' dir='ltr'><strong>strum</strong></span> <span class='ocrx_word' id='word_1_104' title='bbox 446 1737 772 1803; x_wconf 86' lang='lat' dir='ltr'><strong>antistitem,</strong></span> <span class='ocrx_word' id='word_1_105' title='bbox 804 1750 926 1788; x_wconf 91' lang='lat' dir='ltr'><strong>cum</strong></span> <span class='ocrx_word' id='word_1_106' title='bbox 962 1748 1030 1788; x_wconf 89' lang='lat' dir='ltr'><strong>ex</strong></span> <span class='ocrx_word' id='word_1_107' title='bbox 1056 1731 1320 1787; x_wconf 87' lang='lat' dir='ltr'><strong>Gennadii</strong></span> <span class='ocrx_word' id='word_1_108' title='bbox 1351 1733 1683 1800; x_wconf 89' lang='lat' dir='ltr'><strong>testimonio,</strong></span> <span class='ocrx_word' id='word_1_109' title='bbox 1714 1739 1828 1786; x_wconf 91' lang='lat' dir='ltr'><strong>tum</strong></span> 
     </span>
    </p>
   </div>
   <div class='ocr_carea' id='block_1_18' title="bbox 232 1825 1904 1896">
    <p class='ocr_par' dir='ltr' id='par_1_18' title="bbox 232 1825 1904 1896">
     <span class='ocr_line' id='line_1_18' title="bbox 232 1825 1904 1896; baseline -0.003 -15"><span class='ocrx_word' id='word_1_110' title='bbox 232 1842 304 1881; x_wconf 87' lang='lat' dir='ltr'><strong>ex</strong></span> <span class='ocrx_word' id='word_1_111' title='bbox 332 1828 502 1896; x_wconf 87' lang='lat' dir='ltr'><strong>ipsius</strong></span> <span class='ocrx_word' id='word_1_112' title='bbox 540 1826 907 1891; x_wconf 85' lang='lat' dir='ltr'><strong>sermonibus,</strong></span> <span class='ocrx_word' id='word_1_113' title='bbox 938 1839 1075 1892; x_wconf 92' lang='lat' dir='ltr'><strong>quos</strong></span> <span class='ocrx_word' id='word_1_114' title='bbox 1110 1839 1303 1892; x_wconf 87' lang='lat' dir='ltr'><strong>magna</strong></span> <span class='ocrx_word' id='word_1_115' title='bbox 1334 1839 1401 1877; x_wconf 88' lang='lat' dir='ltr'><strong>ex</strong></span> <span class='ocrx_word' id='word_1_116' title='bbox 1428 1831 1584 1892; x_wconf 84' lang='lat' dir='ltr'><strong>parte</strong></span> <span class='ocrx_word' id='word_1_117' title='bbox 1622 1838 1828 1877; x_wconf 87' lang='lat' dir='ltr'><strong>memo—</strong></span> <span class='ocrx_word' id='word_1_118' title='bbox 1861 1825 1904 1883; x_wconf 86' lang='grc' dir='ltr'>Β</span> 
     </span>
    </p>
   </div>
   <div class='ocr_carea' id='block_1_19' title="bbox 232 1913 1821 1987">
    <p class='ocr_par' dir='ltr' id='par_1_19' title="bbox 232 1913 1821 1987">
     <span class='ocr_line' id='line_1_19' title="bbox 232 1913 1821 1987; baseline -0.001 -18"><span class='ocrx_word' id='word_1_119' title='bbox 232 1925 318 1969; x_wconf 89' lang='lat' dir='ltr'><strong>rat</strong></span> <span class='ocrx_word' id='word_1_120' title='bbox 345 1917 489 1971; x_wconf 90' lang='lat' dir='ltr'><strong>idem</strong></span> <span class='ocrx_word' id='word_1_121' title='bbox 524 1916 812 1987; x_wconf 86' lang='lat' dir='ltr'><strong>presbyter</strong></span> <span class='ocrx_word' id='word_1_122' title='bbox 847 1913 1194 1977; x_wconf 82' lang='lat' dir='ltr'><strong>Massiliensis</strong></span> <span class='ocrx_word' id='word_1_123' title='bbox 1221 1913 1506 1968; x_wconf 83' lang='lat' dir='ltr'><strong>manifeste</strong></span> <span class='ocrx_word' id='word_1_124' title='bbox 1534 1913 1821 1981; x_wconf 81' lang='lat' dir='ltr'><strong>colligitur.</strong></span> 
     </span>
    </p>
   </div>
   <div class='ocr_carea' id='block_1_20' title="bbox 235 2006 1830 2076">
    <p class='ocr_par' dir='ltr' id='par_1_20' title="bbox 235 2006 1830 2076">
     <span class='ocr_line' id='line_1_20' title="bbox 235 2006 1830 2076; baseline -0.001 -14"><span class='ocrx_word' id='word_1_125' title='bbox 235 2006 445 2073; x_wconf 83' lang='lat' dir='ltr'><strong>Quanto</strong></span> <span class='ocrx_word' id='word_1_126' title='bbox 474 2017 662 2063; x_wconf 84' lang='lat' dir='ltr'><strong>autem</strong></span> <span class='ocrx_word' id='word_1_127' title='bbox 693 2009 749 2061; x_wconf 89' lang='lat' dir='ltr'><strong>in</strong></span> <span class='ocrx_word' id='word_1_128' title='bbox 779 2007 953 2076; x_wconf 88' lang='lat' dir='ltr'><strong>pretio</strong></span> <span class='ocrx_word' id='word_1_129' title='bbox 982 2006 1178 2060; x_wconf 63' lang='lat' dir='ltr'><strong>habita:</strong></span> <span class='ocrx_word' id='word_1_130' title='bbox 1206 2006 1336 2060; x_wconf 90' lang='lat' dir='ltr'><strong>olim</strong></span> <span class='ocrx_word' id='word_1_131' title='bbox 1362 2007 1561 2060; x_wconf 83' lang='lat' dir='ltr'><strong>fuerint</strong></span> <span class='ocrx_word' id='word_1_132' title='bbox 1588 2007 1703 2076; x_wconf 88' lang='lat' dir='ltr'><strong>ejus</strong></span> <span class='ocrx_word' id='word_1_133' title='bbox 1731 2007 1830 2061; x_wconf 86' lang='lat' dir='ltr'><strong>ho-</strong></span> 
     </span>
    </p>
   </div>
   <div class='ocr_carea' id='block_1_21' title="bbox 1930 560 3513 631">
    <p class='ocr_par' dir='ltr' id='par_1_21' title="bbox 1930 560 3513 631">
     <span class='ocr_line' id='line_1_21' title="bbox 1930 560 3513 631; baseline -0.003 -14"><span class='ocrx_word' id='word_1_134' title='bbox 1930 563 2033 630; x_wconf 91' lang='lat' dir='ltr'><strong>sio,</strong></span> <span class='ocrx_word' id='word_1_135' title='bbox 2066 564 2182 617; x_wconf 64' lang='lat' dir='ltr'><strong>alia:</strong></span> <span class='ocrx_word' id='word_1_136' title='bbox 2213 563 2511 631; x_wconf 75' lang='lat' dir='ltr'><strong>Augustino</strong></span> <span class='ocrx_word' id='word_1_137' title='bbox 2539 562 2751 615; x_wconf 70' lang='lat' dir='ltr'><strong>tributa:</strong></span> <span class='ocrx_word' id='word_1_138' title='bbox 2779 560 3186 629; x_wconf 84' lang='lat' dir='ltr'><strong>perhibeantur,</strong></span> <span class='ocrx_word' id='word_1_139' title='bbox 3207 566 3270 613; x_wconf 87' lang='lat' dir='ltr'><strong>ut</strong></span> <span class='ocrx_word' id='word_1_140' title='bbox 3295 574 3363 613; x_wconf 85' lang='lat' dir='ltr'><strong>ex</strong></span> <span class='ocrx_word' id='word_1_141' title='bbox 3387 573 3513 613; x_wconf 86' lang='lat' dir='ltr'><strong>cura</strong></span> 
     </span>
    </p>
   </div>
   <div class='ocr_carea' id='block_1_22' title="bbox 1932 651 3512 719">
    <p class='ocr_par' dir='ltr' id='par_1_22' title="bbox 1932 651 3512 719">
     <span class='ocr_line' id='line_1_22' title="bbox 1932 651 3512 719; baseline -0.003 -11"><span class='ocrx_word' id='word_1_142' title='bbox 1932 663 1988 709; x_wconf 88' lang='lat' dir='ltr'><strong>et</strong></span> <span class='ocrx_word' id='word_1_143' title='bbox 2035 655 2212 709; x_wconf 91' lang='lat' dir='ltr'><strong>studio</strong></span> <span class='ocrx_word' id='word_1_144' title='bbox 2254 656 2342 710; x_wconf 91' lang='lat' dir='ltr'><strong>cll.</strong></span> <span class='ocrx_word' id='word_1_145' title='bbox 2377 654 2846 709; x_wconf 88' lang='lat' dir='ltr'><strong>Benedictinorum</strong></span> <span class='ocrx_word' id='word_1_146' title='bbox 2900 653 3246 719; x_wconf 79' lang='lat' dir='ltr'><strong>intelligimus</strong></span> <span class='ocrx_word' id='word_1_147' title='bbox 3274 694 3287 717; x_wconf 92' lang='lat'><strong>,</strong></span> <span class='ocrx_word' id='word_1_148' title='bbox 3328 652 3419 719; x_wconf 91' lang='lat' dir='ltr'><strong>qui</strong></span> <span class='ocrx_word' id='word_1_149' title='bbox 3461 651 3512 704; x_wconf 92' lang='lat' dir='ltr'><strong>in</strong></span> 
     </span>
    </p>
   </div>
   <div class='ocr_carea' id='block_1_23' title="bbox 1930 738 3515 811">
    <p class='ocr_par' dir='ltr' id='par_1_23' title="bbox 1930 738 3515 811">
     <span class='ocr_line' id='line_1_23' title="bbox 1930 738 3515 811; baseline -0.004 -15"><span class='ocrx_word' id='word_1_150' title='bbox 1930 745 2281 798; x_wconf 76' lang='lat' dir='ltr'><strong>Ambrosiana</strong></span> <span class='ocrx_word' id='word_1_151' title='bbox 2311 751 2367 798; x_wconf 90' lang='lat' dir='ltr'><strong>et</strong></span> <span class='ocrx_word' id='word_1_152' title='bbox 2394 743 2777 810; x_wconf 76' lang='lat' dir='ltr'><strong>Augustiniana</strong></span> <span class='ocrx_word' id='word_1_153' title='bbox 2808 757 2972 811; x_wconf 90' lang='lat' dir='ltr'><strong>opera</strong></span> <span class='ocrx_word' id='word_1_154' title='bbox 3002 742 3102 795; x_wconf 84' lang='lat' dir='ltr'><strong>sub</strong></span> <span class='ocrx_word' id='word_1_155' title='bbox 3135 739 3295 793; x_wconf 81' lang='lat' dir='ltr'><strong>ﬁnem</strong></span> <span class='ocrx_word' id='word_1_156' title='bbox 3333 738 3515 792; x_wconf 74' lang='lat' dir='ltr'><strong>szeculi</strong></span> 
     </span>
    </p>
   </div>
   <div class='ocr_carea' id='block_1_24' title="bbox 1930 827 3525 901">
    <p class='ocr_par' dir='ltr' id='par_1_24' title="bbox 1930 827 3525 901">
     <span class='ocr_line' id='line_1_24' title="bbox 1930 827 3525 901; baseline -0.005 -14"><span class='ocrx_word' id='word_1_157' title='bbox 1930 833 2222 901; x_wconf 89' lang='lat' dir='ltr'><strong>superioris</strong></span> <span class='ocrx_word' id='word_1_158' title='bbox 2250 832 2487 887; x_wconf 90' lang='lat' dir='ltr'><strong>edidere.</strong></span> <span class='ocrx_word' id='word_1_159' title='bbox 2521 831 2723 885; x_wconf 80' lang='lat' dir='ltr'><strong>Verum</strong></span> <span class='ocrx_word' id='word_1_160' title='bbox 2754 839 2811 885; x_wconf 92' lang='lat' dir='ltr'><strong>ut</strong></span> <span class='ocrx_word' id='word_1_161' title='bbox 2839 830 2905 884; x_wconf 91' lang='lat' dir='ltr'><strong>ad</strong></span> <span class='ocrx_word' id='word_1_162' title='bbox 2940 845 3055 884; x_wconf 91' lang='lat' dir='ltr'><strong>rem</strong></span> <span class='ocrx_word' id='word_1_163' title='bbox 3085 829 3243 882; x_wconf 75' lang='lat' dir='ltr'><strong>nobis</strong></span> <span class='ocrx_word' id='word_1_164' title='bbox 3268 827 3525 896; x_wconf 49' lang='lat' dir='ltr'><strong>proposi-r</strong></span> 
     </span>
    </p>
   </div>
   <div class='ocr_carea' id='block_1_25' title="bbox 1931 916 3513 990">
    <p class='ocr_par' dir='ltr' id='par_1_25' title="bbox 1931 916 3513 990">
     <span class='ocr_line' id='line_1_25' title="bbox 1931 916 3513 990; baseline -0.004 -17"><span class='ocrx_word' id='word_1_165' title='bbox 1931 929 2041 974; x_wconf 90' lang='lat' dir='ltr'><strong>tam</strong></span> <span class='ocrx_word' id='word_1_166' title='bbox 2084 921 2304 990; x_wconf 89' lang='lat' dir='ltr'><strong>propius</strong></span> <span class='ocrx_word' id='word_1_167' title='bbox 2347 919 2695 984; x_wconf 87' lang='lat' dir='ltr'><strong>accedamus,</strong></span> <span class='ocrx_word' id='word_1_168' title='bbox 2727 926 2922 988; x_wconf 77' lang='lat' dir='ltr'><strong>przeter</strong></span> <span class='ocrx_word' id='word_1_169' title='bbox 2946 917 3002 972; x_wconf 93' lang='lat' dir='ltr'><strong>S.</strong></span> <span class='ocrx_word' id='word_1_170' title='bbox 3047 916 3267 970; x_wconf 77' lang='lat' dir='ltr'><strong>Maximi</strong></span> <span class='ocrx_word' id='word_1_171' title='bbox 3303 928 3513 968; x_wconf 83' lang='lat' dir='ltr'><strong>semo-</strong></span> 
     </span>
    </p>
   </div>
   <div class='ocr_carea' id='block_1_26' title="bbox 1932 1007 3517 1080">
    <p class='ocr_par' dir='ltr' id='par_1_26' title="bbox 1932 1007 3517 1080">
     <span class='ocr_line' id='line_1_26' title="bbox 1932 1007 3517 1080; baseline -0.003 -16"><span class='ocrx_word' id='word_1_172' title='bbox 1932 1027 2055 1078; x_wconf 81' lang='lat' dir='ltr'><strong>nes,</strong></span> <span class='ocrx_word' id='word_1_173' title='bbox 2098 1011 2191 1080; x_wconf 89' lang='lat' dir='ltr'><strong>qui</strong></span> <span class='ocrx_word' id='word_1_174' title='bbox 2230 1009 2438 1079; x_wconf 87' lang='lat' dir='ltr'><strong>jamdiu</strong></span> <span class='ocrx_word' id='word_1_175' title='bbox 2489 1011 2647 1064; x_wconf 85' lang='lat' dir='ltr'><strong>simul</strong></span> <span class='ocrx_word' id='word_1_176' title='bbox 2690 1010 2865 1078; x_wconf 87' lang='lat' dir='ltr'><strong>juncti</strong></span> <span class='ocrx_word' id='word_1_177' title='bbox 2914 1009 3162 1078; x_wconf 87' lang='lat' dir='ltr'><strong>prodiere</strong></span> <span class='ocrx_word' id='word_1_178' title='bbox 3207 1007 3261 1060; x_wconf 92' lang='lat' dir='ltr'><strong>in</strong></span> <span class='ocrx_word' id='word_1_179' title='bbox 3303 1007 3517 1074; x_wconf 88' lang='lat' dir='ltr'><strong>vulgus,</strong></span> 
     </span>
    </p>
   </div>
   <div class='ocr_carea' id='block_1_27' title="bbox 1929 1098 3513 1172">
    <p class='ocr_par' dir='ltr' id='par_1_27' title="bbox 1929 1098 3513 1172">
     <span class='ocr_line' id='line_1_27' title="bbox 1929 1098 3513 1172; baseline -0.001 -20"><span class='ocrx_word' id='word_1_180' title='bbox 1929 1100 2130 1167; x_wconf 80' lang='lat' dir='ltr'><strong>quique</strong></span> <span class='ocrx_word' id='word_1_181' title='bbox 2155 1106 2347 1168; x_wconf 88' lang='lat' dir='ltr'><strong>postea</strong></span> <span class='ocrx_word' id='word_1_182' title='bbox 2373 1100 2613 1153; x_wconf 90' lang='lat' dir='ltr'><strong>virorum</strong></span> <span class='ocrx_word' id='word_1_183' title='bbox 2642 1098 2976 1153; x_wconf 88' lang='lat' dir='ltr'><strong>eruditorum</strong></span> <span class='ocrx_word' id='word_1_184' title='bbox 3003 1099 3234 1172; x_wconf 81' lang='grc' dir='ltr'><strong>ἀκριβεία</strong></span> <span class='ocrx_word' id='word_1_185' title='bbox 3262 1110 3360 1150; x_wconf 90' lang='lat' dir='ltr'><strong>suo</strong></span> <span class='ocrx_word' id='word_1_186' title='bbox 3389 1110 3513 1150; x_wconf 82' lang='lat' dir='ltr'><strong>auc-</strong></span> 
     </span>
    </p>
   </div>
   <div class='ocr_carea' id='block_1_28' title="bbox 1931 1187 3517 1257">
    <p class='ocr_par' dir='ltr' id='par_1_28' title="bbox 1931 1187 3517 1257">
     <span class='ocr_line' id='line_1_28' title="bbox 1931 1187 3517 1257; baseline 0.001 -15"><span class='ocrx_word' id='word_1_187' title='bbox 1931 1190 2034 1243; x_wconf 91' lang='lat' dir='ltr'><strong>tori</strong></span> <span class='ocrx_word' id='word_1_188' title='bbox 2081 1189 2297 1244; x_wconf 90' lang='lat' dir='ltr'><strong>fuerunt</strong></span> <span class='ocrx_word' id='word_1_189' title='bbox 2337 1191 2607 1257; x_wconf 78' lang='lat' dir='ltr'><strong>restituti,</strong></span> <span class='ocrx_word' id='word_1_190' title='bbox 2665 1190 2800 1243; x_wconf 89' lang='lat' dir='ltr'><strong>alios</strong></span> <span class='ocrx_word' id='word_1_191' title='bbox 2845 1188 3153 1257; x_wconf 86' lang='lat' dir='ltr'><strong>complures</strong></span> <span class='ocrx_word' id='word_1_192' title='bbox 3202 1197 3234 1241; x_wconf 88' lang='lat' dir='ltr'><strong>e</strong></span> <span class='ocrx_word' id='word_1_193' title='bbox 3279 1187 3517 1243; x_wconf 76' lang='lat' dir='ltr'><strong>tenebris</strong></span> 
     </span>
    </p>
   </div>
   <div class='ocr_carea' id='block_1_29' title="bbox 1931 1277 3520 1342">
    <p class='ocr_par' dir='ltr' id='par_1_29' title="bbox 1931 1277 3520 1342">
     <span class='ocr_line' id='line_1_29' title="bbox 1931 1277 3520 1342; baseline 0.001 -11"><span class='ocrx_word' id='word_1_194' title='bbox 1931 1287 2187 1332; x_wconf 89' lang='lat' dir='ltr'><strong>eruerunt</strong></span> <span class='ocrx_word' id='word_1_195' title='bbox 2217 1280 2314 1333; x_wconf 91' lang='lat' dir='ltr'><strong>vir.</strong></span> <span class='ocrx_word' id='word_1_196' title='bbox 2351 1280 2440 1334; x_wconf 91' lang='lat' dir='ltr'><strong>cll.</strong></span> <span class='ocrx_word' id='word_1_197' title='bbox 2476 1279 2846 1342; x_wconf 84' lang='lat' dir='ltr'><strong>Mabillonius,</strong></span> <span class='ocrx_word' id='word_1_198' title='bbox 2879 1277 3200 1332; x_wconf 86' lang='lat' dir='ltr'><strong>Muratorius</strong></span> <span class='ocrx_word' id='word_1_199' title='bbox 3237 1285 3293 1333; x_wconf 90' lang='lat' dir='ltr'><strong>et</strong></span> <span class='ocrx_word' id='word_1_200' title='bbox 3321 1277 3520 1332; x_wconf 81' lang='lat' dir='ltr'><strong>Marte-</strong></span> 
     </span>
    </p>
   </div>
   <div class='ocr_carea' id='block_1_30' title="bbox 1932 1367 2992 1436">
    <p class='ocr_par' dir='ltr' id='par_1_30' title="bbox 1932 1367 2992 1436">
     <span class='ocr_line' id='line_1_30' title="bbox 1932 1367 2992 1436; baseline 0 -17"><span class='ocrx_word' id='word_1_201' title='bbox 1932 1367 2069 1435; x_wconf 89' lang='lat' dir='ltr'><strong>nius,</strong></span> <span class='ocrx_word' id='word_1_202' title='bbox 2102 1383 2238 1436; x_wconf 92' lang='lat' dir='ltr'><strong>quos</strong></span> <span class='ocrx_word' id='word_1_203' title='bbox 2264 1384 2370 1421; x_wconf 92' lang='lat' dir='ltr'><strong>una</strong></span> <span class='ocrx_word' id='word_1_204' title='bbox 2399 1369 2487 1423; x_wconf 90' lang='lat' dir='ltr'><strong>hic</strong></span> <span class='ocrx_word' id='word_1_205' title='bbox 2517 1369 2855 1436; x_wconf 85' lang='lat' dir='ltr'><strong>exhibemus,</strong></span> <span class='ocrx_word' id='word_1_206' title='bbox 2887 1375 2992 1422; x_wconf 89' lang='lat' dir='ltr'><strong>etc.</strong></span> 
     </span>
    </p>
   </div>
   <div class='ocr_carea' id='block_1_31' title="bbox 2133 1476 3309 1536">
    <p class='ocr_par' dir='ltr' id='par_1_31' title="bbox 2133 1476 3309 1536">
     <span class='ocr_line' id='line_1_31' title="bbox 2133 1476 3309 1536; baseline -0.002 -3"><span class='ocrx_word' id='word_1_207' title='bbox 2133 1479 2545 1536; x_wconf 79' lang='lat' dir='ltr'><strong>VINCENTIUS</strong></span> <span class='ocrx_word' id='word_1_208' title='bbox 2574 1477 3127 1534; x_wconf 84' lang='lat' dir='ltr'><strong>BELLOVACENSIS</strong></span> <span class='ocrx_word' id='word_1_209' title='bbox 3154 1476 3216 1532; x_wconf 90' lang='grc' dir='ltr'><strong>Ο.</strong></span> <span class='ocrx_word' id='word_1_210' title='bbox 3248 1476 3309 1531; x_wconf 88' lang='grc' dir='ltr'><strong>Ρ.</strong></span> 
     </span>
    </p>
   </div>
   <div class='ocr_carea' id='block_1_32' title="bbox 1935 1588 3518 1660">
    <p class='ocr_par' dir='ltr' id='par_1_32' title="bbox 1935 1588 3518 1660">
     <span class='ocr_line' id='line_1_32' title="bbox 1935 1588 3518 1660; baseline -0.003 -18"><span class='ocrx_word' id='word_1_211' title='bbox 1935 1589 1998 1643; x_wconf 86' lang='lat' dir='ltr'><strong>In</strong></span> <span class='ocrx_word' id='word_1_212' title='bbox 2019 1609 2172 1660; x_wconf 90' lang='lat' dir='ltr'><strong>opere</strong></span> <span class='ocrx_word' id='word_1_213' title='bbox 2199 1593 2414 1654; x_wconf 87' lang='lat' dir='ltr'><strong>inedito,</strong></span> <span class='ocrx_word' id='word_1_214' title='bbox 2445 1594 2527 1645; x_wconf 86' lang='lat' dir='ltr'><strong>cui</strong></span> <span class='ocrx_word' id='word_1_215' title='bbox 2558 1591 2733 1644; x_wconf 83' lang='lat' dir='ltr'><strong>titulus</strong></span> <span class='ocrx_word' id='word_1_216' title='bbox 2756 1590 2818 1643; x_wconf 86' lang='lat' dir='ltr'><strong>de</strong></span> <span class='ocrx_word' id='word_1_217' title='bbox 2837 1588 3243 1643; x_wconf 86' lang='lat' dir='ltr'><strong>Auctoritatibus</strong></span> <span class='ocrx_word' id='word_1_218' title='bbox 3273 1603 3344 1641; x_wconf 79' lang='lat' dir='ltr'><strong>ss.</strong></span> <span class='ocrx_word' id='word_1_219' title='bbox 3380 1588 3518 1660; x_wconf 74' lang='lat' dir='ltr'><strong>inter</strong></span> 
     </span>
    </p>
   </div>
   <div class='ocr_carea' id='block_1_33' title="bbox 2003 1657 3518 1730">
    <p class='ocr_par' dir='ltr' id='par_1_33' title="bbox 2003 1657 3518 1730">
     <span class='ocr_line' id='line_1_33' title="bbox 2003 1657 3518 1730; baseline -0.004 -17"><span class='ocrx_word' id='word_1_220' title='bbox 2003 1657 2133 1714; x_wconf 88' lang='lat' dir='ltr'><strong>alios</strong></span> <span class='ocrx_word' id='word_1_221' title='bbox 2156 1661 2262 1715; x_wconf 83' lang='lat' dir='ltr'><strong>SS.</strong></span> <span class='ocrx_word' id='word_1_222' title='bbox 2297 1662 2505 1724; x_wconf 83' lang='lat' dir='ltr'><strong>Patres,</strong></span> <span class='ocrx_word' id='word_1_223' title='bbox 2536 1677 2751 1730; x_wconf 82' lang='lat' dir='ltr'><strong>quorum</strong></span> <span class='ocrx_word' id='word_1_224' title='bbox 2781 1660 3049 1712; x_wconf 76' lang='lat' dir='ltr'><strong>sententiis</strong></span> <span class='ocrx_word' id='word_1_225' title='bbox 3076 1660 3236 1710; x_wconf 81' lang='lat' dir='ltr'><strong>utitur</strong></span> <span class='ocrx_word' id='word_1_226' title='bbox 3257 1657 3518 1730; x_wconf 68' lang='lat' dir='ltr'><strong>auctorin</strong></span> 
     </span>
    </p>
   </div>
   <div class='ocr_carea' id='block_1_34' title="bbox 2002 1726 3519 1800">
    <p class='ocr_par' dir='ltr' id='par_1_34' title="bbox 2002 1726 3519 1800">
     <span class='ocr_line' id='line_1_34' title="bbox 2002 1726 3519 1800; baseline -0.005 -17"><span class='ocrx_word' id='word_1_227' title='bbox 2002 1731 2319 1800; x_wconf 72' lang='lat' dir='ltr'><strong>exponendis</strong></span> <span class='ocrx_word' id='word_1_228' title='bbox 2362 1726 2575 1783; x_wconf 74' lang='lat' dir='ltr'><strong>diversis</strong></span> <span class='ocrx_word' id='word_1_229' title='bbox 2622 1730 2963 1800; x_wconf 79' lang='lat' dir='ltr'><strong>argumentis.</strong></span> <span class='ocrx_word' id='word_1_230' title='bbox 3012 1731 3321 1800; x_wconf 54' lang='lat' dir='ltr'><strong>mentionem</strong></span> <span class='ocrx_word' id='word_1_231' title='bbox 3367 1726 3519 1800; x_wconf 78' lang='lat' dir='ltr'><strong>habet</strong></span> 
     </span>
    </p>
   </div>
   <div class='ocr_carea' id='block_1_35' title="bbox 2001 1795 3520 1868">
    <p class='ocr_par' dir='ltr' id='par_1_35' title="bbox 2001 1795 3520 1868">
     <span class='ocr_line' id='line_1_35' title="bbox 2001 1795 3520 1868; baseline -0.003 -17"><span class='ocrx_word' id='word_1_232' title='bbox 2001 1795 2154 1868; x_wconf 43' lang='lat' dir='ltr'><strong>de&#39;S.</strong></span> <span class='ocrx_word' id='word_1_233' title='bbox 2191 1799 2442 1868; x_wconf 74' lang='lat' dir='ltr'><strong>Maximo,</strong></span> <span class='ocrx_word' id='word_1_234' title='bbox 2472 1816 2535 1852; x_wconf 77' lang='lat' dir='ltr'><strong>ex</strong></span> <span class='ocrx_word' id='word_1_235' title='bbox 2565 1816 2662 1868; x_wconf 82' lang='lat' dir='ltr'><strong>quo</strong></span> <span class='ocrx_word' id='word_1_236' title='bbox 2686 1795 2853 1868; x_wconf 58' lang='lat' dir='ltr'><strong>&#39;plura</strong></span> <span class='ocrx_word' id='word_1_237' title='bbox 2884 1798 3187 1868; x_wconf 79' lang='lat' dir='ltr'><strong>desumpsit.</strong></span> <span class='ocrx_word' id='word_1_238' title='bbox 3238 1795 3432 1868; x_wconf 53' lang='grc' dir='ltr'><strong>ἕξεται</strong></span> <span class='ocrx_word' id='word_1_239' title='bbox 3465 1795 3520 1847; x_wconf 77' lang='lat' dir='ltr'><strong>in</strong></span> 
     </span>
    </p>
   </div>
   <div class='ocr_carea' id='block_1_36' title="bbox 2003 1864 3518 1932">
    <p class='ocr_par' dir='ltr' id='par_1_36' title="bbox 2003 1864 3518 1932">
     <span class='ocr_line' id='line_1_36' title="bbox 2003 1864 3518 1932; baseline -0.003 -14"><span class='ocrx_word' id='word_1_240' title='bbox 2003 1867 2308 1920; x_wconf 78' lang='lat' dir='ltr'><strong>bibliotheca</strong></span> <span class='ocrx_word' id='word_1_241' title='bbox 2357 1864 2717 1921; x_wconf 81' lang='lat' dir='ltr'><strong>Laurentianu</strong></span> <span class='ocrx_word' id='word_1_242' title='bbox 2760 1867 2935 1921; x_wconf 80' lang='lat' dir='ltr'><strong>codice</strong></span> <span class='ocrx_word' id='word_1_243' title='bbox 2979 1866 3031 1922; x_wconf 90' lang='lat'><strong>9.</strong></span> <span class='ocrx_word' id='word_1_244' title='bbox 3065 1870 3193 1932; x_wconf 85' lang='lat' dir='ltr'><strong>plut.</strong></span> <span class='ocrx_word' id='word_1_245' title='bbox 3251 1864 3340 1927; x_wconf 76' lang='lat'><strong>56,</strong></span> <span class='ocrx_word' id='word_1_246' title='bbox 3380 1873 3518 1932; x_wconf 87' lang='lat' dir='ltr'><strong>part.</strong></span> 
     </span>
    </p>
   </div>
   <div class='ocr_carea' id='block_1_37' title="bbox 2006 1933 3520 2000">
    <p class='ocr_par' dir='ltr' id='par_1_37' title="bbox 2006 1933 3520 2000">
     <span class='ocr_line' id='line_1_37' title="bbox 2006 1933 3520 2000; baseline -0.005 -10"><span class='ocrx_word' id='word_1_247' title='bbox 2006 1939 2265 2000; x_wconf 74' lang='lat' dir='ltr'><strong>dexterte;</strong></span> <span class='ocrx_word' id='word_1_248' title='bbox 2298 1939 2420 1991; x_wconf 89' lang='lat' dir='ltr'><strong>olim</strong></span> <span class='ocrx_word' id='word_1_249' title='bbox 2452 1936 2575 1991; x_wconf 89' lang='lat' dir='ltr'><strong>bibl.</strong></span> <span class='ocrx_word' id='word_1_250' title='bbox 2611 1938 2824 1991; x_wconf 71' lang='lat' dir='ltr'><strong>Sanctae</strong></span> <span class='ocrx_word' id='word_1_251' title='bbox 2853 1933 3020 1990; x_wconf 83' lang='lat' dir='ltr'><strong>crucis</strong></span> <span class='ocrx_word' id='word_1_252' title='bbox 3050 1936 3174 1988; x_wconf 83' lang='lat' dir='ltr'><strong>min.</strong></span> <span class='ocrx_word' id='word_1_253' title='bbox 3205 1940 3520 1986; x_wconf 72' lang='lat' dir='ltr'><strong>concentud-</strong></span> 
     </span>
    </p>
   </div>
   <div class='ocr_carea' id='block_1_38' title="bbox 2007 2005 2801 2062">
    <p class='ocr_par' dir='ltr' id='par_1_38' title="bbox 2007 2005 2801 2062">
     <span class='ocr_line' id='line_1_38' title="bbox 2007 2005 2801 2062; baseline 0 -1"><span class='ocrx_word' id='word_1_254' title='bbox 2007 2009 2151 2061; x_wconf 85' lang='lat' dir='ltr'><strong>lium.</strong></span> <span class='ocrx_word' id='word_1_255' title='bbox 2184 2006 2393 2060; x_wconf 81' lang='lat' dir='ltr'><strong>Floruit</strong></span> <span class='ocrx_word' id='word_1_256' title='bbox 2413 2007 2601 2060; x_wconf 65' lang='lat' dir='ltr'><strong>saeculo</strong></span> <span class='ocrx_word' id='word_1_257' title='bbox 2628 2005 2801 2062; x_wconf 82' lang='lat' dir='ltr'><strong>XIII.</strong></span> 
     </span>
    </p>
   </div>
   <div class='ocr_carea' id='block_1_39' title="bbox 723 2218 3029 2286">
    <p class='ocr_par' dir='ltr' id='par_1_39' title="bbox 723 2218 3029 2286">
     <span class='ocr_line' id='line_1_39' title="bbox 723 2218 3029 2286; baseline -0.002 -1"><span class='ocrx_word' id='word_1_258' title='bbox 723 2222 1334 2286; x_wconf 86' lang='lat' dir='ltr'><strong>SCHOENEMANNI</strong></span> <span class='ocrx_word' id='word_1_259' title='bbox 1378 2222 1712 2281; x_wconf 83' lang='lat' dir='ltr'><strong>NOTITIA</strong></span> <span class='ocrx_word' id='word_1_260' title='bbox 1759 2220 1840 2281; x_wconf 88' lang='lat' dir='ltr'><strong>IN</strong></span> <span class='ocrx_word' id='word_1_261' title='bbox 1885 2222 1948 2281; x_wconf 92' lang='lat' dir='ltr'><strong>S.</strong></span> <span class='ocrx_word' id='word_1_262' title='bbox 1994 2223 2394 2283; x_wconf 84' lang='lat' dir='ltr'><strong>MAXIMUM</strong></span> <span class='ocrx_word' id='word_1_263' title='bbox 2439 2218 3029 2282; x_wconf 83' lang='lat' dir='ltr'><strong>TAURINENSEM.</strong></span> 
     </span>
    </p>
   </div>
   <div class='ocr_carea' id='block_1_40' title="bbox 1257 2337 2533 2402">
    <p class='ocr_par' dir='ltr' id='par_1_40' title="bbox 1257 2337 2533 2402">
     <span class='ocr_line' id='line_1_40' title="bbox 1257 2337 2533 2402; baseline 0 -15"><span class='ocrx_word' id='word_1_264' title='bbox 1257 2337 1509 2402; x_wconf 79' lang='lat' dir='ltr'><strong>(Biblioth.</strong></span> <span class='ocrx_word' id='word_1_265' title='bbox 1539 2337 1753 2385; x_wconf 72' lang='lat' dir='ltr'><strong>hist-lit.</strong></span> <span class='ocrx_word' id='word_1_266' title='bbox 1780 2341 1901 2388; x_wconf 91' lang='lat' dir='ltr'><strong>vett.</strong></span> <span class='ocrx_word' id='word_1_267' title='bbox 1927 2338 2126 2387; x_wconf 79' lang='lat' dir='ltr'><strong>Patrum</strong></span> <span class='ocrx_word' id='word_1_268' title='bbox 2155 2338 2280 2388; x_wconf 89' lang='lat' dir='ltr'><strong>Latt.</strong></span> <span class='ocrx_word' id='word_1_269' title='bbox 2303 2343 2418 2387; x_wconf 91' lang='lat' dir='ltr'><strong>tom.</strong></span> <span class='ocrx_word' id='word_1_270' title='bbox 2445 2337 2533 2399; x_wconf 85' lang='lat' dir='ltr'><strong>ll.)</strong></span> 
     </span>
    </p>
   </div>
   <div class='ocr_carea' id='block_1_41' title="bbox 906 2470 1152 2532">
    <p class='ocr_par' dir='ltr' id='par_1_41' title="bbox 906 2470 1152 2532">
     <span class='ocr_line' id='line_1_41' title="bbox 906 2470 1152 2532; baseline -0.012 -13"><span class='ocrx_word' id='word_1_271' title='bbox 906 2470 933 2532; x_wconf 86' lang='lat'><strong>§</strong></span> <span class='ocrx_word' id='word_1_272' title='bbox 954 2470 991 2519; x_wconf 87' lang='lat' dir='ltr'><strong>I.</strong></span> <span class='ocrx_word' id='word_1_273' title='bbox 1023 2470 1152 2519; x_wconf 82' lang='lat' dir='ltr'><strong>Vita.</strong></span> 
     </span>
    </p>
   </div>
   <div class='ocr_carea' id='block_1_42' title="bbox 302 2556 1831 2628">
    <p class='ocr_par' dir='ltr' id='par_1_42' title="bbox 302 2556 1831 2628">
     <span class='ocr_line' id='line_1_42' title="bbox 302 2556 1831 2628; baseline -0.006 -11"><span class='ocrx_word' id='word_1_274' title='bbox 302 2562 361 2617; x_wconf 89' lang='lat' dir='ltr'><strong>Si</strong></span> <span class='ocrx_word' id='word_1_275' title='bbox 402 2568 610 2616; x_wconf 86' lang='lat' dir='ltr'><strong>tantum</strong></span> <span class='ocrx_word' id='word_1_276' title='bbox 660 2574 840 2614; x_wconf 88' lang='lat' dir='ltr'><strong>rerum</strong></span> <span class='ocrx_word' id='word_1_277' title='bbox 882 2567 1154 2628; x_wconf 89' lang='lat' dir='ltr'><strong>gestarum</strong></span> <span class='ocrx_word' id='word_1_278' title='bbox 1181 2556 1547 2625; x_wconf 82' lang='lat' dir='ltr'><strong>magnitudine</strong></span> <span class='ocrx_word' id='word_1_279' title='bbox 1574 2564 1831 2624; x_wconf 89' lang='lat' dir='ltr'><strong>quantum</strong></span> 
     </span>
    </p>
   </div>
   <div class='ocr_carea' id='block_1_43' title="bbox 235 2646 1836 2721">
    <p class='ocr_par' dir='ltr' id='par_1_43' title="bbox 235 2646 1836 2721">
     <span class='ocr_line' id='line_1_43' title="bbox 235 2646 1836 2721; baseline -0.004 -15"><span class='ocrx_word' id='word_1_280' title='bbox 235 2650 563 2721; x_wconf 59' lang='lat' dir='ltr'><strong>pradicandi</strong></span> <span class='ocrx_word' id='word_1_281' title='bbox 592 2649 853 2703; x_wconf 79' lang='lat' dir='ltr'><strong>facultate</strong></span> <span class='ocrx_word' id='word_1_282' title='bbox 879 2649 1158 2702; x_wconf 88' lang='lat' dir='ltr'><strong>claruisset</strong></span> <span class='ocrx_word' id='word_1_283' title='bbox 1202 2646 1490 2709; x_wconf 83' lang='lat' dir='ltr'><strong>Maximus,</strong></span> <span class='ocrx_word' id='word_1_284' title='bbox 1525 2654 1836 2716; x_wconf 85' lang='lat' dir='ltr'><strong>tantumque</strong></span> 
     </span>
    </p>
   </div>
   <div class='ocr_carea' id='block_1_44' title="bbox 235 2736 1834 2809">
    <p class='ocr_par' dir='ltr' id='par_1_44' title="bbox 235 2736 1834 2809">
     <span class='ocr_line' id='line_1_44' title="bbox 235 2736 1834 2809; baseline -0.004 -15"><span class='ocrx_word' id='word_1_285' title='bbox 235 2741 394 2794; x_wconf 88' lang='lat' dir='ltr'><strong>nobis</strong></span> <span class='ocrx_word' id='word_1_286' title='bbox 421 2740 600 2809; x_wconf 82' lang='lat' dir='ltr'><strong>prisca</strong></span> <span class='ocrx_word' id='word_1_287' title='bbox 629 2739 891 2792; x_wconf 87' lang='lat' dir='ltr'><strong>memoria</strong></span> <span class='ocrx_word' id='word_1_288' title='bbox 934 2738 1001 2792; x_wconf 91' lang='lat' dir='ltr'><strong>de</strong></span> <span class='ocrx_word' id='word_1_289' title='bbox 1031 2738 1139 2792; x_wconf 89' lang='lat' dir='ltr'><strong>vita</strong></span> <span class='ocrx_word' id='word_1_290' title='bbox 1168 2737 1284 2804; x_wconf 90' lang='lat' dir='ltr'><strong>ejus</strong></span> <span class='ocrx_word' id='word_1_291' title='bbox 1312 2736 1617 2799; x_wconf 87' lang='lat' dir='ltr'><strong>tribuisset,</strong></span> <span class='ocrx_word' id='word_1_292' title='bbox 1659 2751 1834 2803; x_wconf 85' lang='lat' dir='ltr'><strong>quan-</strong></span> 
     </span>
    </p>
   </div>
   <div class='ocr_carea' id='block_1_45' title="bbox 239 2824 1835 2896">
    <p class='ocr_par' dir='ltr' id='par_1_45' title="bbox 239 2824 1835 2896">
     <span class='ocr_line' id='line_1_45' title="bbox 239 2824 1835 2896; baseline -0.001 -17"><span class='ocrx_word' id='word_1_293' title='bbox 239 2837 352 2882; x_wconf 86' lang='lat' dir='ltr'><strong>tum</strong></span> <span class='ocrx_word' id='word_1_294' title='bbox 384 2828 501 2896; x_wconf 88' lang='lat' dir='ltr'><strong>ipse</strong></span> <span class='ocrx_word' id='word_1_295' title='bbox 528 2827 582 2879; x_wconf 92' lang='lat' dir='ltr'><strong>in</strong></span> <span class='ocrx_word' id='word_1_296' title='bbox 604 2826 822 2894; x_wconf 90' lang='lat' dir='ltr'><strong>scriptis</strong></span> <span class='ocrx_word' id='word_1_297' title='bbox 850 2827 961 2880; x_wconf 85' lang='lat' dir='ltr'><strong>suis</strong></span> <span class='ocrx_word' id='word_1_298' title='bbox 990 2825 1055 2879; x_wconf 90' lang='lat' dir='ltr'><strong>ad</strong></span> <span class='ocrx_word' id='word_1_299' title='bbox 1086 2825 1284 2892; x_wconf 89' lang='lat' dir='ltr'><strong>ingenii</strong></span> <span class='ocrx_word' id='word_1_300' title='bbox 1304 2840 1622 2892; x_wconf 89' lang='lat' dir='ltr'><strong>morumque</strong></span> <span class='ocrx_word' id='word_1_301' title='bbox 1648 2824 1835 2892; x_wconf 86' lang='lat' dir='ltr'><strong>imagi-</strong></span> 
     </span>
    </p>
   </div>
   <div class='ocr_carea' id='block_1_46' title="bbox 237 2914 1833 2984">
    <p class='ocr_par' dir='ltr' id='par_1_46' title="bbox 237 2914 1833 2984">
     <span class='ocr_line' id='line_1_46' title="bbox 237 2914 1833 2984; baseline -0.001 -14"><span class='ocrx_word' id='word_1_302' title='bbox 237 2931 365 2971; x_wconf 88' lang='lat' dir='ltr'><strong>nem</strong></span> <span class='ocrx_word' id='word_1_303' title='bbox 422 2914 793 2983; x_wconf 84' lang='lat' dir='ltr'><strong>reﬁngendam</strong></span> <span class='ocrx_word' id='word_1_304' title='bbox 839 2917 1079 2968; x_wconf 70' lang='lat' dir='ltr'><strong>materiae</strong></span> <span class='ocrx_word' id='word_1_305' title='bbox 1126 2915 1371 2984; x_wconf 87' lang='lat' dir='ltr'><strong>reliquit,</strong></span> <span class='ocrx_word' id='word_1_306' title='bbox 1421 2914 1664 2984; x_wconf 83' lang='lat' dir='ltr'><strong>profecto</strong></span> <span class='ocrx_word' id='word_1_307' title='bbox 1725 2929 1833 2968; x_wconf 92' lang='lat' dir='ltr'><strong>non</strong></span> 
     </span>
    </p>
   </div>
   <div class='ocr_carea' id='block_1_47' title="bbox 236 3006 1836 3076">
    <p class='ocr_par' dir='ltr' id='par_1_47' title="bbox 236 3006 1836 3076">
     <span class='ocr_line' id='line_1_47' title="bbox 236 3006 1836 3076; baseline 0 -16"><span class='ocrx_word' id='word_1_308' title='bbox 236 3007 551 3062; x_wconf 86' lang='lat' dir='ltr'><strong>accusanda</strong></span> <span class='ocrx_word' id='word_1_309' title='bbox 580 3006 721 3061; x_wconf 89' lang='lat' dir='ltr'><strong>foret</strong></span> <span class='ocrx_word' id='word_1_310' title='bbox 749 3007 804 3060; x_wconf 92' lang='lat' dir='ltr'><strong>in</strong></span> <span class='ocrx_word' id='word_1_311' title='bbox 834 3007 1084 3076; x_wconf 57' lang='lat' dir='ltr'><strong>praesenti</strong></span> <span class='ocrx_word' id='word_1_312' title='bbox 1112 3007 1461 3062; x_wconf 87' lang='lat' dir='ltr'><strong>dicendorum</strong></span> <span class='ocrx_word' id='word_1_313' title='bbox 1493 3008 1692 3076; x_wconf 87' lang='lat' dir='ltr'><strong>inopia,</strong></span> <span class='ocrx_word' id='word_1_314' title='bbox 1715 3021 1836 3074; x_wconf 65' lang='lat' dir='ltr'><strong>quae</strong></span> 
     </span>
    </p>
   </div>
   <div class='ocr_carea' id='block_1_48' title="bbox 236 3096 1833 3166">
    <p class='ocr_par' dir='ltr' id='par_1_48' title="bbox 236 3096 1833 3166">
     <span class='ocr_line' id='line_1_48' title="bbox 236 3096 1833 3166; baseline 0.001 -17"><span class='ocrx_word' id='word_1_315' title='bbox 236 3097 382 3151; x_wconf 89' lang='lat' dir='ltr'><strong>adeo</strong></span> <span class='ocrx_word' id='word_1_316' title='bbox 411 3096 479 3151; x_wconf 92' lang='lat' dir='ltr'><strong>de</strong></span> <span class='ocrx_word' id='word_1_317' title='bbox 509 3104 758 3150; x_wconf 87' lang='lat' dir='ltr'><strong>accurata</strong></span> <span class='ocrx_word' id='word_1_318' title='bbox 789 3098 1045 3165; x_wconf 91' lang='lat' dir='ltr'><strong>temporis</strong></span> <span class='ocrx_word' id='word_1_319' title='bbox 1071 3097 1215 3166; x_wconf 85' lang='lat' dir='ltr'><strong>quod</strong></span> <span class='ocrx_word' id='word_1_320' title='bbox 1240 3097 1292 3150; x_wconf 92' lang='lat' dir='ltr'><strong>in</strong></span> <span class='ocrx_word' id='word_1_321' title='bbox 1320 3098 1429 3151; x_wconf 90' lang='lat' dir='ltr'><strong>vita</strong></span> <span class='ocrx_word' id='word_1_322' title='bbox 1461 3098 1717 3164; x_wconf 84' lang='lat' dir='ltr'><strong>transegit</strong></span> <span class='ocrx_word' id='word_1_323' title='bbox 1737 3097 1833 3150; x_wconf 84' lang='lat' dir='ltr'><strong>de—</strong></span> 
     </span>
    </p>
   </div>
   <div class='ocr_carea' id='block_1_49' title="bbox 240 3183 1836 3254">
    <p class='ocr_par' dir='ltr' id='par_1_49' title="bbox 240 3183 1836 3254">
     <span class='ocr_line' id='line_1_49' title="bbox 240 3183 1836 3254; baseline 0.003 -19"><span class='ocrx_word' id='word_1_324' title='bbox 240 3183 496 3238; x_wconf 80' lang='lat' dir='ltr'><strong>ﬁnitione</strong></span> <span class='ocrx_word' id='word_1_325' title='bbox 543 3184 791 3238; x_wconf 89' lang='lat' dir='ltr'><strong>laborare</strong></span> <span class='ocrx_word' id='word_1_326' title='bbox 839 3200 936 3238; x_wconf 93' lang='lat' dir='ltr'><strong>nos</strong></span> <span class='ocrx_word' id='word_1_327' title='bbox 963 3185 1108 3239; x_wconf 89' lang='lat' dir='ltr'><strong>facit.</strong></span> <span class='ocrx_word' id='word_1_328' title='bbox 1150 3184 1352 3254; x_wconf 88' lang='lat' dir='ltr'><strong>Nempe</strong></span> <span class='ocrx_word' id='word_1_329' title='bbox 1397 3184 1452 3238; x_wconf 93' lang='lat' dir='ltr'><strong>id</strong></span> <span class='ocrx_word' id='word_1_330' title='bbox 1495 3201 1655 3238; x_wconf 92' lang='lat' dir='ltr'><strong>unum</strong></span> <span class='ocrx_word' id='word_1_331' title='bbox 1686 3193 1836 3239; x_wconf 88' lang='lat' dir='ltr'><strong>certo</strong></span> 
     </span>
    </p>
   </div>
   <div class='ocr_carea' id='block_1_50' title="bbox 1935 2461 3527 2532">
    <p class='ocr_par' dir='ltr' id='par_1_50' title="bbox 1935 2461 3527 2532">
     <span class='ocr_line' id='line_1_50' title="bbox 1935 2461 3527 2532; baseline -0.002 -13"><span class='ocrx_word' id='word_1_332' title='bbox 1935 2481 2043 2520; x_wconf 91' lang='lat' dir='ltr'><strong>non</strong></span> <span class='ocrx_word' id='word_1_333' title='bbox 2074 2465 2368 2522; x_wconf 87' lang='lat' dir='ltr'><strong>habebunt.</strong></span> <span class='ocrx_word' id='word_1_334' title='bbox 2413 2465 2551 2532; x_wconf 87' lang='lat' dir='ltr'><strong>Quin</strong></span> <span class='ocrx_word' id='word_1_335' title='bbox 2583 2479 2683 2520; x_wconf 90' lang='lat' dir='ltr'><strong>nec</strong></span> <span class='ocrx_word' id='word_1_336' title='bbox 2711 2464 2940 2523; x_wconf 83' lang='lat' dir='ltr'><strong>alterum</strong></span> <span class='ocrx_word' id='word_1_337' title='bbox 2960 2461 3347 2527; x_wconf 73' lang='lat' dir='ltr'><strong>concedimus,</strong></span> <span class='ocrx_word' id='word_1_338' title='bbox 3379 2461 3527 2530; x_wconf 87' lang='lat' dir='ltr'><strong>quod</strong></span> 
     </span>
    </p>
   </div>
   <div class='ocr_carea' id='block_1_51' title="bbox 1937 2551 3525 2626">
    <p class='ocr_par' dir='ltr' id='par_1_51' title="bbox 1937 2551 3525 2626">
     <span class='ocr_line' id='line_1_51' title="bbox 1937 2551 3525 2626; baseline -0.003 -16"><span class='ocrx_word' id='word_1_339' title='bbox 1937 2571 2003 2610; x_wconf 88' lang='lat' dir='ltr'><strong>ex</strong></span> <span class='ocrx_word' id='word_1_340' title='bbox 2028 2556 2266 2611; x_wconf 86' lang='lat' dir='ltr'><strong>secundo</strong></span> <span class='ocrx_word' id='word_1_341' title='bbox 2297 2556 2364 2609; x_wconf 89' lang='lat' dir='ltr'><strong>de</strong></span> <span class='ocrx_word' id='word_1_342' title='bbox 2390 2555 2582 2616; x_wconf 89' lang='lat' dir='ltr'><strong>iisdem</strong></span> <span class='ocrx_word' id='word_1_343' title='bbox 2602 2554 2927 2626; x_wconf 83' lang='lat' dir='ltr'><strong>martyribus</strong></span> <span class='ocrx_word' id='word_1_344' title='bbox 2954 2568 3205 2612; x_wconf 89' lang='lat' dir='ltr'><strong>sermone</strong></span> <span class='ocrx_word' id='word_1_345' title='bbox 3233 2568 3300 2607; x_wconf 85' lang='lat' dir='ltr'><strong>ex</strong></span> <span class='ocrx_word' id='word_1_346' title='bbox 3329 2551 3525 2621; x_wconf 84' lang='lat' dir='ltr'><strong>injecta</strong></span> 
     </span>
    </p>
   </div>
   <div class='ocr_carea' id='block_1_52' title="bbox 1938 2642 3526 2714">
    <p class='ocr_par' dir='ltr' id='par_1_52' title="bbox 1938 2642 3526 2714">
     <span class='ocr_line' id='line_1_52' title="bbox 1938 2642 3526 2714; baseline -0.003 -15"><span class='ocrx_word' id='word_1_347' title='bbox 1938 2647 2227 2714; x_wconf 90' lang='lat' dir='ltr'><strong>imperialis</strong></span> <span class='ocrx_word' id='word_1_348' title='bbox 2256 2645 2414 2700; x_wconf 89' lang='lat' dir='ltr'><strong>edicti</strong></span> <span class='ocrx_word' id='word_1_349' title='bbox 2450 2645 2520 2699; x_wconf 85' lang='lat' dir='ltr'><strong>de</strong></span> <span class='ocrx_word' id='word_1_350' title='bbox 2558 2644 2828 2700; x_wconf 91' lang='lat' dir='ltr'><strong>idolorum</strong></span> <span class='ocrx_word' id='word_1_351' title='bbox 2856 2645 2993 2699; x_wconf 82' lang='lat' dir='ltr'><strong>fanis</strong></span> <span class='ocrx_word' id='word_1_352' title='bbox 3019 2642 3342 2698; x_wconf 90' lang='lat' dir='ltr'><strong>subruendis</strong></span> <span class='ocrx_word' id='word_1_353' title='bbox 3369 2657 3526 2695; x_wconf 87' lang='lat' dir='ltr'><strong>men-</strong></span> 
     </span>
    </p>
   </div>
   <div class='ocr_carea' id='block_1_53' title="bbox 1938 2730 3530 2804">
    <p class='ocr_par' dir='ltr' id='par_1_53' title="bbox 1938 2730 3530 2804">
     <span class='ocr_line' id='line_1_53' title="bbox 1938 2730 3530 2804; baseline 0 -15"><span class='ocrx_word' id='word_1_354' title='bbox 1938 2737 2084 2790; x_wconf 89' lang='lat' dir='ltr'><strong>tione</strong></span> <span class='ocrx_word' id='word_1_355' title='bbox 2123 2736 2194 2789; x_wconf 91' lang='lat' dir='ltr'><strong>ad</strong></span> <span class='ocrx_word' id='word_1_356' title='bbox 2234 2735 2692 2791; x_wconf 89' lang='lat' dir='ltr'><strong>corroborandam</strong></span> <span class='ocrx_word' id='word_1_357' title='bbox 2734 2735 2971 2804; x_wconf 87' lang='lat' dir='ltr'><strong>priorem</strong></span> <span class='ocrx_word' id='word_1_358' title='bbox 3001 2733 3368 2802; x_wconf 89' lang='lat' dir='ltr'><strong>conjecturam</strong></span> <span class='ocrx_word' id='word_1_359' title='bbox 3398 2730 3530 2789; x_wconf 72' lang='lat' dir='ltr'><strong>affe-</strong></span> 
     </span>
    </p>
   </div>
   <div class='ocr_carea' id='block_1_54' title="bbox 1939 2825 3528 2896">
    <p class='ocr_par' dir='ltr' id='par_1_54' title="bbox 1939 2825 3528 2896">
     <span class='ocr_line' id='line_1_54' title="bbox 1939 2825 3528 2896; baseline -0.001 -14"><span class='ocrx_word' id='word_1_360' title='bbox 1939 2835 2082 2893; x_wconf 88' lang='lat' dir='ltr'><strong>runt,</strong></span> <span class='ocrx_word' id='word_1_361' title='bbox 2107 2844 2212 2895; x_wconf 90' lang='lat' dir='ltr'><strong>qua</strong></span> <span class='ocrx_word' id='word_1_362' title='bbox 2233 2828 2522 2882; x_wconf 89' lang='lat' dir='ltr'><strong>Maximum</strong></span> <span class='ocrx_word' id='word_1_363' title='bbox 2546 2828 2776 2896; x_wconf 90' lang='lat' dir='ltr'><strong>junioris</strong></span> <span class='ocrx_word' id='word_1_364' title='bbox 2801 2827 3162 2882; x_wconf 83' lang='lat' dir='ltr'><strong>Valentiniani</strong></span> <span class='ocrx_word' id='word_1_365' title='bbox 3184 2825 3528 2885; x_wconf 47' lang='lat' dir='ltr'><strong>constitutio:</strong></span> 
     </span>
    </p>
   </div>
   <div class='ocr_carea' id='block_1_55' title="bbox 1940 2919 3526 2989">
    <p class='ocr_par' dir='ltr' id='par_1_55' title="bbox 1940 2919 3526 2989">
     <span class='ocr_line' id='line_1_55' title="bbox 1940 2919 3526 2989; baseline -0.003 -15"><span class='ocrx_word' id='word_1_366' title='bbox 1940 2935 2061 2974; x_wconf 90' lang='lat' dir='ltr'><strong>nem</strong></span> <span class='ocrx_word' id='word_1_367' title='bbox 2087 2919 2265 2972; x_wconf 87' lang='lat' dir='ltr'><strong>datam</strong></span> <span class='ocrx_word' id='word_1_368' title='bbox 2289 2937 2344 2973; x_wconf 85' lang='grc' dir='ltr'>ιιι</span> <span class='ocrx_word' id='word_1_369' title='bbox 2364 2921 2467 2973; x_wconf 89' lang='lat' dir='ltr'><strong>cal.</strong></span> <span class='ocrx_word' id='word_1_370' title='bbox 2495 2919 2652 2973; x_wconf 88' lang='lat' dir='ltr'><strong>Mart.</strong></span> <span class='ocrx_word' id='word_1_371' title='bbox 2678 2919 2907 2973; x_wconf 88' lang='lat' dir='ltr'><strong>Tatiano</strong></span> <span class='ocrx_word' id='word_1_372' title='bbox 2937 2928 2992 2973; x_wconf 90' lang='lat' dir='ltr'><strong>et</strong></span> <span class='ocrx_word' id='word_1_373' title='bbox 3013 2919 3337 2989; x_wconf 88' lang='lat' dir='ltr'><strong>Symmacho</strong></span> <span class='ocrx_word' id='word_1_374' title='bbox 3359 2931 3526 2981; x_wconf 90' lang='lat' dir='ltr'><strong>coss.,</strong></span> 
     </span>
    </p>
   </div>
   <div class='ocr_carea' id='block_1_56' title="bbox 1940 3005 3532 3077">
    <p class='ocr_par' dir='ltr' id='par_1_56' title="bbox 1940 3005 3532 3077">
     <span class='ocr_line' id='line_1_56' title="bbox 1940 3005 3532 3077; baseline -0.003 -15"><span class='ocrx_word' id='word_1_375' title='bbox 1940 3008 1997 3062; x_wconf 90' lang='lat' dir='ltr'><strong>id</strong></span> <span class='ocrx_word' id='word_1_376' title='bbox 2026 3015 2108 3062; x_wconf 89' lang='lat' dir='ltr'><strong>est</strong></span> <span class='ocrx_word' id='word_1_377' title='bbox 2136 3023 2277 3063; x_wconf 91' lang='lat' dir='ltr'><strong>anno</strong></span> <span class='ocrx_word' id='word_1_378' title='bbox 2306 3006 2428 3073; x_wconf 80' lang='grc'><strong>591,</strong></span> <span class='ocrx_word' id='word_1_379' title='bbox 2459 3010 2761 3076; x_wconf 79' lang='lat' dir='ltr'><strong>respexisse</strong></span> <span class='ocrx_word' id='word_1_380' title='bbox 2791 3009 3103 3062; x_wconf 89' lang='lat' dir='ltr'><strong>existimant</strong></span> <span class='ocrx_word' id='word_1_381' title='bbox 3133 3007 3227 3077; x_wconf 80' lang='grc' dir='ltr'><strong>(ο).</strong></span> <span class='ocrx_word' id='word_1_382' title='bbox 3259 3005 3417 3072; x_wconf 85' lang='lat' dir='ltr'><strong>Quod</strong></span> <span class='ocrx_word' id='word_1_383' title='bbox 3437 3005 3532 3074; x_wconf 91' lang='lat' dir='ltr'><strong>qui</strong></span> 
     </span>
    </p>
   </div>
   <div class='ocr_carea' id='block_1_57' title="bbox 1942 3094 3531 3164">
    <p class='ocr_par' dir='ltr' id='par_1_57' title="bbox 1942 3094 3531 3164">
     <span class='ocr_line' id='line_1_57' title="bbox 1942 3094 3531 3164; baseline -0.001 -15"><span class='ocrx_word' id='word_1_384' title='bbox 1942 3096 2366 3164; x_wconf 87' lang='lat' dir='ltr'><strong>amplectuntur,</strong></span> <span class='ocrx_word' id='word_1_385' title='bbox 2415 3096 2601 3149; x_wconf 86' lang='lat' dir='ltr'><strong>volunt</strong></span> <span class='ocrx_word' id='word_1_386' title='bbox 2644 3110 2711 3150; x_wconf 93' lang='lat' dir='ltr'><strong>eo</strong></span> <span class='ocrx_word' id='word_1_387' title='bbox 2759 3105 3006 3164; x_wconf 88' lang='lat' dir='ltr'><strong>tempore</strong></span> <span class='ocrx_word' id='word_1_388' title='bbox 3057 3109 3166 3163; x_wconf 92' lang='lat' dir='ltr'><strong>quo</strong></span> <span class='ocrx_word' id='word_1_389' title='bbox 3212 3094 3350 3149; x_wconf 92' lang='lat' dir='ltr'><strong>duos</strong></span> <span class='ocrx_word' id='word_1_390' title='bbox 3397 3094 3531 3148; x_wconf 88' lang='lat' dir='ltr'><strong>istos</strong></span> 
     </span>
    </p>
   </div>
   <div class='ocr_carea' id='block_1_58' title="bbox 1941 3183 3530 3256">
    <p class='ocr_par' dir='ltr' id='par_1_58' title="bbox 1941 3183 3530 3256">
     <span class='ocr_line' id='line_1_58' title="bbox 1941 3183 3530 3256; baseline -0.002 -16"><span class='ocrx_word' id='word_1_391' title='bbox 1941 3200 2218 3240; x_wconf 88' lang='lat' dir='ltr'><strong>sermones</strong></span> <span class='ocrx_word' id='word_1_392' title='bbox 2273 3186 2581 3251; x_wconf 88' lang='lat' dir='ltr'><strong>habuisset,</strong></span> <span class='ocrx_word' id='word_1_393' title='bbox 2628 3185 2953 3256; x_wconf 86' lang='lat' dir='ltr'><strong>presbyterii</strong></span> <span class='ocrx_word' id='word_1_394' title='bbox 2999 3185 3172 3254; x_wconf 89' lang='lat' dir='ltr'><strong>gradu</strong></span> <span class='ocrx_word' id='word_1_395' title='bbox 3217 3183 3530 3252; x_wconf 89' lang='lat' dir='ltr'><strong>insignitum</strong></span> 
     </span>
    </p>
   </div>
   <div class='ocr_carea' id='block_1_59' title="bbox 234 3258 3533 3344">
    <p class='ocr_par' dir='ltr' id='par_1_59' title="bbox 234 3258 3533 3344">
     <span class='ocr_line' id='line_1_59' title="bbox 234 3258 3533 3344; baseline 0 -17"><span class='ocrx_word' id='word_1_396' title='bbox 234 3274 464 3332; x_wconf 85' lang='lat' dir='ltr'><strong>scimus,</strong></span> <span class='ocrx_word' id='word_1_397' title='bbox 491 3272 781 3326; x_wconf 82' lang='lat' dir='ltr'><strong>Maximum</strong></span> <span class='ocrx_word' id='word_1_398' title='bbox 805 3273 1114 3342; x_wconf 90' lang='lat' dir='ltr'><strong>episcopum</strong></span> <span class='ocrx_word' id='word_1_399' title='bbox 1136 3273 1436 3328; x_wconf 88' lang='lat' dir='ltr'><strong>Taurinatis</strong></span> <span class='ocrx_word' id='word_1_400' title='bbox 1457 3274 1835 3341; x_wconf 68' lang='lat' dir='ltr'><strong>subscripsisse</strong></span> <span class='ocrx_word' id='word_1_401' title='bbox 1863 3278 1907 3339; x_wconf 85' lang='lat' dir='ltr'>C</span> <span class='ocrx_word' id='word_1_402' title='bbox 1939 3292 2063 3331; x_wconf 88' lang='lat' dir='ltr'><strong>eum</strong></span> <span class='ocrx_word' id='word_1_403' title='bbox 2091 3275 2274 3342; x_wconf 87' lang='lat' dir='ltr'><strong>fuisse,</strong></span> <span class='ocrx_word' id='word_1_404' title='bbox 2298 3292 2367 3330; x_wconf 91' lang='lat' dir='ltr'><strong>ne</strong></span> <span class='ocrx_word' id='word_1_405' title='bbox 2396 3258 2602 3331; x_wconf 86' lang='lat' dir='ltr'><strong>scilicet</strong></span> <span class='ocrx_word' id='word_1_406' title='bbox 2629 3277 2768 3329; x_wconf 90' lang='lat' dir='ltr'><strong>ultra</strong></span> <span class='ocrx_word' id='word_1_407' title='bbox 2793 3275 3018 3330; x_wconf 90' lang='lat' dir='ltr'><strong>modum</strong></span> <span class='ocrx_word' id='word_1_408' title='bbox 3047 3278 3175 3330; x_wconf 87' lang='lat' dir='ltr'><strong>anni</strong></span> <span class='ocrx_word' id='word_1_409' title='bbox 3203 3275 3320 3344; x_wconf 89' lang='lat' dir='ltr'><strong>ejus</strong></span> <span class='ocrx_word' id='word_1_410' title='bbox 3342 3284 3533 3329; x_wconf 83' lang='lat' dir='ltr'><strong>exten-</strong></span> 
     </span>
    </p>
   </div>
   <div class='ocr_carea' id='block_1_60' title="bbox 237 3364 1835 3435">
    <p class='ocr_par' dir='ltr' id='par_1_60' title="bbox 237 3364 1835 3435">
     <span class='ocr_line' id='line_1_60' title="bbox 237 3364 1835 3435; baseline -0.001 -16"><span class='ocrx_word' id='word_1_411' title='bbox 237 3381 391 3419; x_wconf 87' lang='lat' dir='ltr'><strong>anno</strong></span> <span class='ocrx_word' id='word_1_412' title='bbox 420 3364 518 3417; x_wconf 72' lang='grc'><strong>451</strong></span> <span class='ocrx_word' id='word_1_413' title='bbox 554 3365 795 3433; x_wconf 68' lang='lat' dir='ltr'><strong>epistola:</strong></span> <span class='ocrx_word' id='word_1_414' title='bbox 821 3365 1092 3435; x_wconf 72' lang='lat' dir='ltr'><strong>synodica:</strong></span> <span class='ocrx_word' id='word_1_415' title='bbox 1120 3364 1334 3419; x_wconf 85' lang='lat' dir='ltr'><strong>Eusebii</strong></span> <span class='ocrx_word' id='word_1_416' title='bbox 1363 3365 1600 3433; x_wconf 89' lang='lat' dir='ltr'><strong>episcopi</strong></span> <span class='ocrx_word' id='word_1_417' title='bbox 1627 3364 1835 3418; x_wconf 82' lang='lat' dir='ltr'><strong>Medio-</strong></span> 
     </span>
    </p>
   </div>
   <div class='ocr_carea' id='block_1_61' title="bbox 239 3452 1835 3522">
    <p class='ocr_par' dir='ltr' id='par_1_61' title="bbox 239 3452 1835 3522">
     <span class='ocr_line' id='line_1_61' title="bbox 239 3452 1835 3522; baseline -0.001 -14"><span class='ocrx_word' id='word_1_418' title='bbox 239 3455 488 3508; x_wconf 88' lang='lat' dir='ltr'><strong>lanensis</strong></span> <span class='ocrx_word' id='word_1_419' title='bbox 527 3454 595 3508; x_wconf 88' lang='lat' dir='ltr'><strong>ad</strong></span> <span class='ocrx_word' id='word_1_420' title='bbox 637 3453 873 3508; x_wconf 88' lang='lat' dir='ltr'><strong>Leonem</strong></span> <span class='ocrx_word' id='word_1_421' title='bbox 896 3455 1163 3522; x_wconf 85' lang='lat' dir='ltr'><strong>Magnum,</strong></span> <span class='ocrx_word' id='word_1_422' title='bbox 1188 3453 1544 3522; x_wconf 88' lang='lat' dir='ltr'><strong>eumdemque</strong></span> <span class='ocrx_word' id='word_1_423' title='bbox 1567 3469 1710 3507; x_wconf 91' lang='lat' dir='ltr'><strong>anno</strong></span> <span class='ocrx_word' id='word_1_424' title='bbox 1731 3452 1835 3506; x_wconf 77' lang='grc'><strong>465</strong></span> 
     </span>
    </p>
   </div>
   <div class='ocr_carea' id='block_1_62' title="bbox 239 3541 1834 3597">
    <p class='ocr_par' dir='ltr' id='par_1_62' title="bbox 239 3541 1834 3597">
     <span class='ocr_line' id='line_1_62' title="bbox 239 3541 1834 3597; baseline 0 -1"><span class='ocrx_word' id='word_1_425' title='bbox 239 3542 556 3597; x_wconf 85' lang='lat' dir='ltr'><strong>interfuisse</strong></span> <span class='ocrx_word' id='word_1_426' title='bbox 586 3543 816 3597; x_wconf 90' lang='lat' dir='ltr'><strong>concilio</strong></span> <span class='ocrx_word' id='word_1_427' title='bbox 847 3541 1090 3597; x_wconf 82' lang='lat' dir='ltr'><strong>Romano</strong></span> <span class='ocrx_word' id='word_1_428' title='bbox 1115 3543 1214 3597; x_wconf 89' lang='lat' dir='ltr'><strong>sub</strong></span> <span class='ocrx_word' id='word_1_429' title='bbox 1243 3542 1445 3596; x_wconf 83' lang='lat' dir='ltr'><strong>Hilario</strong></span> <span class='ocrx_word' id='word_1_430' title='bbox 1487 3542 1682 3596; x_wconf 88' lang='lat' dir='ltr'><strong>Leonis</strong></span> <span class='ocrx_word' id='word_1_431' title='bbox 1710 3557 1834 3596; x_wconf 92' lang='lat' dir='ltr'><strong>suc-</strong></span> 
     </span>
    </p>
   </div>
   <div class='ocr_carea' id='block_1_63' title="bbox 237 3631 1836 3701">
    <p class='ocr_par' dir='ltr' id='par_1_63' title="bbox 237 3631 1836 3701">
     <span class='ocr_line' id='line_1_63' title="bbox 237 3631 1836 3701; baseline -0.002 -14"><span class='ocrx_word' id='word_1_432' title='bbox 237 3646 466 3687; x_wconf 84' lang='lat' dir='ltr'><strong>cessore</strong></span> <span class='ocrx_word' id='word_1_433' title='bbox 495 3642 705 3695; x_wconf 85' lang='lat' dir='ltr'><strong>coacto,</strong></span> <span class='ocrx_word' id='word_1_434' title='bbox 729 3631 951 3701; x_wconf 90' lang='lat' dir='ltr'><strong>ejusque</strong></span> <span class='ocrx_word' id='word_1_435' title='bbox 980 3632 1113 3686; x_wconf 89' lang='lat' dir='ltr'><strong>actis</strong></span> <span class='ocrx_word' id='word_1_436' title='bbox 1137 3633 1310 3700; x_wconf 86' lang='lat' dir='ltr'><strong>primo</strong></span> <span class='ocrx_word' id='word_1_437' title='bbox 1338 3632 1460 3686; x_wconf 91' lang='lat' dir='ltr'><strong>loco</strong></span> <span class='ocrx_word' id='word_1_438' title='bbox 1487 3641 1610 3700; x_wconf 91' lang='lat' dir='ltr'><strong>post</strong></span> <span class='ocrx_word' id='word_1_439' title='bbox 1639 3631 1836 3686; x_wconf 85' lang='lat' dir='ltr'><strong>Roma-</strong></span> 
     </span>
    </p>
   </div>
   <div class='ocr_carea' id='block_1_64' title="bbox 239 3721 1834 3790">
    <p class='ocr_par' dir='ltr' id='par_1_64' title="bbox 239 3721 1834 3790">
     <span class='ocr_line' id='line_1_64' title="bbox 239 3721 1834 3790; baseline 0.001 -15"><span class='ocrx_word' id='word_1_440' title='bbox 239 3738 380 3775; x_wconf 89' lang='lat' dir='ltr'><strong>num</strong></span> <span class='ocrx_word' id='word_1_441' title='bbox 411 3723 722 3790; x_wconf 84' lang='lat' dir='ltr'><strong>episcopum</strong></span> <span class='ocrx_word' id='word_1_442' title='bbox 752 3729 912 3789; x_wconf 89' lang='lat' dir='ltr'><strong>atque</strong></span> <span class='ocrx_word' id='word_1_443' title='bbox 939 3729 1065 3775; x_wconf 90' lang='lat' dir='ltr'><strong>ante</strong></span> <span class='ocrx_word' id='word_1_444' title='bbox 1087 3722 1458 3790; x_wconf 86' lang='lat' dir='ltr'><strong>metropolitas</strong></span> <span class='ocrx_word' id='word_1_445' title='bbox 1479 3721 1834 3776; x_wconf 86' lang='lat' dir='ltr'><strong>Ebrodunen-</strong></span> 
     </span>
    </p>
   </div>
   <div class='ocr_carea' id='block_1_65' title="bbox 241 3811 1838 3883">
    <p class='ocr_par' dir='ltr' id='par_1_65' title="bbox 241 3811 1838 3883">
     <span class='ocr_line' id='line_1_65' title="bbox 241 3811 1838 3883; baseline 0.001 -17"><span class='ocrx_word' id='word_1_446' title='bbox 241 3827 365 3866; x_wconf 88' lang='lat' dir='ltr'><strong>sem</strong></span> <span class='ocrx_word' id='word_1_447' title='bbox 399 3820 453 3866; x_wconf 89' lang='lat' dir='ltr'><strong>et</strong></span> <span class='ocrx_word' id='word_1_448' title='bbox 480 3811 932 3868; x_wconf 84' lang='lat' dir='ltr'><strong>Mcdiolanensem</strong></span> <span class='ocrx_word' id='word_1_449' title='bbox 987 3813 1364 3883; x_wconf 85' lang='lat' dir='ltr'><strong>subscripsisse</strong></span> <span class='ocrx_word' id='word_1_450' title='bbox 1408 3831 1420 3865; x_wconf 91' lang='lat'><strong>:</strong></span> <span class='ocrx_word' id='word_1_451' title='bbox 1471 3812 1526 3866; x_wconf 92' lang='lat' dir='ltr'><strong>id</strong></span> <span class='ocrx_word' id='word_1_452' title='bbox 1553 3813 1700 3881; x_wconf 91' lang='lat' dir='ltr'><strong>quod</strong></span> <span class='ocrx_word' id='word_1_453' title='bbox 1730 3830 1838 3868; x_wconf 92' lang='lat' dir='ltr'><strong>non</strong></span> 
     </span>
    </p>
   </div>
   <div class='ocr_carea' id='block_1_66' title="bbox 243 3902 1837 3974">
    <p class='ocr_par' dir='ltr' id='par_1_66' title="bbox 243 3902 1837 3974">
     <span class='ocr_line' id='line_1_66' title="bbox 243 3902 1837 3974; baseline 0.001 -17"><span class='ocrx_word' id='word_1_454' title='bbox 243 3903 430 3967; x_wconf 88' lang='lat' dir='ltr'><strong>sedis,</strong></span> <span class='ocrx_word' id='word_1_455' title='bbox 459 3902 555 3957; x_wconf 91' lang='lat' dir='ltr'><strong>sed</strong></span> <span class='ocrx_word' id='word_1_456' title='bbox 583 3904 758 3958; x_wconf 71' lang='lat' dir='ltr'><strong>mtatis</strong></span> <span class='ocrx_word' id='word_1_457' title='bbox 782 3904 1032 3973; x_wconf 56' lang='lat' dir='ltr'><strong>longaeva:</strong></span> <span class='ocrx_word' id='word_1_458' title='bbox 1059 3905 1424 3974; x_wconf 68' lang='lat' dir='ltr'><strong>prterogativm</strong></span> <span class='ocrx_word' id='word_1_459' title='bbox 1446 3943 1461 3970; x_wconf 93' lang='lat'><strong>,</strong></span> <span class='ocrx_word' id='word_1_460' title='bbox 1493 3911 1552 3958; x_wconf 92' lang='lat' dir='ltr'><strong>ut</strong></span> <span class='ocrx_word' id='word_1_461' title='bbox 1593 3905 1683 3972; x_wconf 91' lang='lat' dir='ltr'><strong>qui</strong></span> <span class='ocrx_word' id='word_1_462' title='bbox 1711 3906 1837 3959; x_wconf 87' lang='lat' dir='ltr'><strong>reli-</strong></span> 
     </span>
    </p>
   </div>
   <div class='ocr_carea' id='block_1_67' title="bbox 240 3994 1839 4065">
    <p class='ocr_par' dir='ltr' id='par_1_67' title="bbox 240 3994 1839 4065">
     <span class='ocr_line' id='line_1_67' title="bbox 240 3994 1839 4065; baseline 0.003 -19"><span class='ocrx_word' id='word_1_463' title='bbox 240 3995 372 4064; x_wconf 79' lang='lat' dir='ltr'><strong>quis</strong></span> <span class='ocrx_word' id='word_1_464' title='bbox 403 3994 456 4047; x_wconf 92' lang='lat' dir='ltr'><strong>in</strong></span> <span class='ocrx_word' id='word_1_465' title='bbox 477 3995 684 4064; x_wconf 80' lang='lat' dir='ltr'><strong>synodo</strong></span> <span class='ocrx_word' id='word_1_466' title='bbox 713 3997 1065 4065; x_wconf 83' lang='lat' dir='ltr'><strong>praesentibus</strong></span> <span class='ocrx_word' id='word_1_467' title='bbox 1090 3996 1357 4065; x_wconf 91' lang='lat' dir='ltr'><strong>episcopis</strong></span> <span class='ocrx_word' id='word_1_468' title='bbox 1383 3997 1533 4065; x_wconf 91' lang='lat' dir='ltr'><strong>prior</strong></span> <span class='ocrx_word' id='word_1_469' title='bbox 1560 3996 1839 4052; x_wconf 91' lang='lat' dir='ltr'><strong>ordinatus</strong></span> 
     </span>
    </p>
   </div>
   <div class='ocr_carea' id='block_1_68' title="bbox 242 4085 1840 4156">
    <p class='ocr_par' dir='ltr' id='par_1_68' title="bbox 242 4085 1840 4156">
     <span class='ocr_line' id='line_1_68' title="bbox 242 4085 1840 4156; baseline 0.003 -18"><span class='ocrx_word' id='word_1_470' title='bbox 242 4085 463 4150; x_wconf 87' lang='lat' dir='ltr'><strong>fuisset,</strong></span> <span class='ocrx_word' id='word_1_471' title='bbox 498 4086 845 4141; x_wconf 89' lang='lat' dir='ltr'><strong>tribuendum</strong></span> <span class='ocrx_word' id='word_1_472' title='bbox 874 4103 984 4142; x_wconf 92' lang='lat' dir='ltr'><strong>non</strong></span> <span class='ocrx_word' id='word_1_473' title='bbox 1013 4087 1204 4156; x_wconf 88' lang='lat' dir='ltr'><strong>injuria</strong></span> <span class='ocrx_word' id='word_1_474' title='bbox 1251 4088 1579 4142; x_wconf 86' lang='lat' dir='ltr'><strong>existimant.</strong></span> <span class='ocrx_word' id='word_1_475' title='bbox 1629 4087 1708 4142; x_wconf 88' lang='lat' dir='ltr'><strong>Ab</strong></span> <span class='ocrx_word' id='word_1_476' title='bbox 1737 4088 1840 4142; x_wconf 90' lang='lat' dir='ltr'><strong>hac</strong></span> 
     </span>
    </p>
   </div>
   <div class='ocr_carea' id='block_1_69' title="bbox 243 4177 1840 4246">
    <p class='ocr_par' dir='ltr' id='par_1_69' title="bbox 243 4177 1840 4246">
     <span class='ocr_line' id='line_1_69' title="bbox 243 4177 1840 4246; baseline 0.003 -18"><span class='ocrx_word' id='word_1_477' title='bbox 243 4192 388 4230; x_wconf 77' lang='lat' dir='ltr'><strong>vero</strong></span> <span class='ocrx_word' id='word_1_478' title='bbox 413 4177 585 4230; x_wconf 76' lang='lat' dir='ltr'><strong>aztatis</strong></span> <span class='ocrx_word' id='word_1_479' title='bbox 611 4178 902 4246; x_wconf 68' lang='lat' dir='ltr'><strong>exploratas</strong></span> <span class='ocrx_word' id='word_1_480' title='bbox 940 4187 1068 4232; x_wconf 90' lang='lat' dir='ltr'><strong>nota</strong></span> <span class='ocrx_word' id='word_1_481' title='bbox 1113 4177 1485 4246; x_wconf 88' lang='lat' dir='ltr'><strong>retrogradum</strong></span> <span class='ocrx_word' id='word_1_482' title='bbox 1527 4177 1727 4232; x_wconf 84' lang='lat' dir='ltr'><strong>faciunt</strong></span> <span class='ocrx_word' id='word_1_483' title='bbox 1770 4178 1840 4232; x_wconf 89' lang='lat' dir='ltr'><strong>ad</strong></span> 
     </span>
    </p>
   </div>
   <div class='ocr_carea' id='block_1_70' title="bbox 244 4265 1842 4335">
    <p class='ocr_par' dir='ltr' id='par_1_70' title="bbox 244 4265 1842 4335">
     <span class='ocr_line' id='line_1_70' title="bbox 244 4265 1842 4335; baseline 0.003 -17"><span class='ocrx_word' id='word_1_484' title='bbox 244 4265 525 4318; x_wconf 82' lang='lat' dir='ltr'><strong>anteriora</strong></span> <span class='ocrx_word' id='word_1_485' title='bbox 557 4265 677 4319; x_wconf 61' lang='lat' dir='ltr'><strong>vitae</strong></span> <span class='ocrx_word' id='word_1_486' title='bbox 706 4265 821 4334; x_wconf 90' lang='lat' dir='ltr'><strong>ejus</strong></span> <span class='ocrx_word' id='word_1_487' title='bbox 859 4275 1098 4335; x_wconf 90' lang='lat' dir='ltr'><strong>tempora</strong></span> <span class='ocrx_word' id='word_1_488' title='bbox 1122 4308 1137 4332; x_wconf 93' lang='lat'><strong>,</strong></span> <span class='ocrx_word' id='word_1_489' title='bbox 1192 4268 1284 4334; x_wconf 91' lang='lat' dir='ltr'><strong>qui</strong></span> <span class='ocrx_word' id='word_1_490' title='bbox 1323 4266 1531 4320; x_wconf 86' lang='lat' dir='ltr'><strong>indiciis</strong></span> <span class='ocrx_word' id='word_1_491' title='bbox 1569 4268 1842 4335; x_wconf 85' lang='lat' dir='ltr'><strong>qualibus-</strong></span> 
     </span>
    </p>
   </div>
   <div class='ocr_carea' id='block_1_71' title="bbox 245 4356 1842 4426">
    <p class='ocr_par' dir='ltr' id='par_1_71' title="bbox 245 4356 1842 4426">
     <span class='ocr_line' id='line_1_71' title="bbox 245 4356 1842 4426; baseline 0.004 -16"><span class='ocrx_word' id='word_1_492' title='bbox 245 4369 486 4422; x_wconf 84' lang='lat' dir='ltr'><strong>cumque</strong></span> <span class='ocrx_word' id='word_1_493' title='bbox 507 4357 561 4409; x_wconf 94' lang='lat' dir='ltr'><strong>in</strong></span> <span class='ocrx_word' id='word_1_494' title='bbox 581 4357 920 4412; x_wconf 87' lang='lat' dir='ltr'><strong>sermonibus</strong></span> <span class='ocrx_word' id='word_1_495' title='bbox 943 4357 1060 4426; x_wconf 91' lang='lat' dir='ltr'><strong>ejus</strong></span> <span class='ocrx_word' id='word_1_496' title='bbox 1086 4359 1256 4413; x_wconf 79' lang='lat' dir='ltr'><strong>obviis</strong></span> <span class='ocrx_word' id='word_1_497' title='bbox 1283 4356 1581 4413; x_wconf 88' lang='lat' dir='ltr'><strong>conﬁdunt.</strong></span> <span class='ocrx_word' id='word_1_498' title='bbox 1614 4359 1842 4425; x_wconf 89' lang='lat' dir='ltr'><strong>Quibus-</strong></span> 
     </span>
    </p>
   </div>
   <div class='ocr_carea' id='block_1_72' title="bbox 244 4444 1873 4516">
    <p class='ocr_par' dir='ltr' id='par_1_72' title="bbox 244 4444 1873 4516">
     <span class='ocr_line' id='line_1_72' title="bbox 244 4444 1873 4516; baseline 0.007 -18"><span class='ocrx_word' id='word_1_499' title='bbox 244 4459 380 4498; x_wconf 86' lang='lat' dir='ltr'><strong>cum</strong></span> <span class='ocrx_word' id='word_1_500' title='bbox 421 4460 526 4498; x_wconf 90' lang='lat' dir='ltr'><strong>non</strong></span> <span class='ocrx_word' id='word_1_501' title='bbox 556 4444 896 4509; x_wconf 90' lang='lat' dir='ltr'><strong>luctabimur,</strong></span> <span class='ocrx_word' id='word_1_502' title='bbox 945 4448 990 4500; x_wconf 90' lang='lat' dir='ltr'><strong>si</strong></span> <span class='ocrx_word' id='word_1_503' title='bbox 1034 4462 1100 4501; x_wconf 89' lang='lat' dir='ltr'><strong>ex</strong></span> <span class='ocrx_word' id='word_1_504' title='bbox 1129 4447 1318 4516; x_wconf 88' lang='lat' dir='ltr'><strong>elogiis</strong></span> <span class='ocrx_word' id='word_1_505' title='bbox 1346 4449 1462 4515; x_wconf 90' lang='lat' dir='ltr'><strong>ejus</strong></span> <span class='ocrx_word' id='word_1_506' title='bbox 1502 4448 1558 4502; x_wconf 91' lang='lat' dir='ltr'><strong>in</strong></span> <span class='ocrx_word' id='word_1_507' title='bbox 1586 4447 1640 4503; x_wconf 91' lang='lat' dir='ltr'><strong>S.</strong></span> <span class='ocrx_word' id='word_1_508' title='bbox 1670 4448 1840 4505; x_wconf 85' lang='lat' dir='ltr'><strong>Euse-</strong></span> <span class='ocrx_word' id='word_1_509' title='bbox 1869 4506 1873 4509; x_wconf 88' lang='lat'><strong>.</strong></span> 
     </span>
    </p>
   </div>
   <div class='ocr_carea' id='block_1_73' title="bbox 245 4533 1842 4599">
    <p class='ocr_par' dir='ltr' id='par_1_73' title="bbox 245 4533 1842 4599">
     <span class='ocr_line' id='line_1_73' title="bbox 245 4533 1842 4599; baseline 0.005 -11"><span class='ocrx_word' id='word_1_510' title='bbox 245 4534 406 4588; x_wconf 85' lang='lat' dir='ltr'><strong>bium</strong></span> <span class='ocrx_word' id='word_1_511' title='bbox 436 4533 852 4599; x_wconf 81' lang='lat' dir='ltr'><strong>Vercellensem,</strong></span> <span class='ocrx_word' id='word_1_512' title='bbox 885 4537 1144 4594; x_wconf 77' lang='lat' dir='ltr'><strong>Vercellis</strong></span> <span class='ocrx_word' id='word_1_513' title='bbox 1171 4554 1293 4593; x_wconf 90' lang='lat' dir='ltr'><strong>eum</strong></span> <span class='ocrx_word' id='word_1_514' title='bbox 1318 4548 1502 4594; x_wconf 89' lang='lat' dir='ltr'><strong>natum</strong></span> <span class='ocrx_word' id='word_1_515' title='bbox 1529 4541 1842 4596; x_wconf 89' lang='lat' dir='ltr'><strong>educatum-</strong></span> 
     </span>
    </p>
   </div>
   <div class='ocr_carea' id='block_1_74' title="bbox 1940 3363 3535 3434">
    <p class='ocr_par' dir='ltr' id='par_1_74' title="bbox 1940 3363 3535 3434">
     <span class='ocr_line' id='line_1_74' title="bbox 1940 3363 3535 3434; baseline -0.002 -14"><span class='ocrx_word' id='word_1_516' title='bbox 1940 3366 2154 3430; x_wconf 86' lang='lat' dir='ltr'><strong>dantur,</strong></span> <span class='ocrx_word' id='word_1_517' title='bbox 2187 3367 2232 3420; x_wconf 93' lang='lat' dir='ltr'><strong>si</strong></span> <span class='ocrx_word' id='word_1_518' title='bbox 2255 3365 2367 3434; x_wconf 89' lang='lat' dir='ltr'><strong>jam</strong></span> <span class='ocrx_word' id='word_1_519' title='bbox 2398 3381 2486 3418; x_wconf 91' lang='lat' dir='ltr'><strong>an.</strong></span> <span class='ocrx_word' id='word_1_520' title='bbox 2533 3363 2638 3418; x_wconf 76' lang='lat'><strong>397</strong></span> <span class='ocrx_word' id='word_1_521' title='bbox 2679 3365 2973 3434; x_wconf 90' lang='lat' dir='ltr'><strong>episcopali</strong></span> <span class='ocrx_word' id='word_1_522' title='bbox 3012 3365 3275 3431; x_wconf 87' lang='lat' dir='ltr'><strong>dignitate</strong></span> <span class='ocrx_word' id='word_1_523' title='bbox 3314 3363 3535 3432; x_wconf 85' lang='lat' dir='ltr'><strong>conspi-</strong></span> 
     </span>
    </p>
   </div>
   <div class='ocr_carea' id='block_1_75' title="bbox 1938 3452 3536 3524">
    <p class='ocr_par' dir='ltr' id='par_1_75' title="bbox 1938 3452 3536 3524">
     <span class='ocr_line' id='line_1_75' title="bbox 1938 3452 3536 3524; baseline -0.002 -12"><span class='ocrx_word' id='word_1_524' title='bbox 1938 3473 2097 3512; x_wconf 92' lang='lat' dir='ltr'><strong>cuum</strong></span> <span class='ocrx_word' id='word_1_525' title='bbox 2125 3456 2383 3520; x_wconf 85' lang='lat' dir='ltr'><strong>facerent,</strong></span> <span class='ocrx_word' id='word_1_526' title='bbox 2408 3472 2570 3524; x_wconf 88' lang='lat' dir='ltr'><strong>quem</strong></span> <span class='ocrx_word' id='word_1_527' title='bbox 2595 3471 2737 3510; x_wconf 91' lang='lat' dir='ltr'><strong>anno</strong></span> <span class='ocrx_word' id='word_1_528' title='bbox 2763 3455 2871 3508; x_wconf 71' lang='grc'><strong>465</strong></span> <span class='ocrx_word' id='word_1_529' title='bbox 2909 3456 2962 3509; x_wconf 90' lang='lat' dir='ltr'><strong>in</strong></span> <span class='ocrx_word' id='word_1_530' title='bbox 3004 3456 3140 3510; x_wconf 81' lang='lat' dir='ltr'><strong>vivis</strong></span> <span class='ocrx_word' id='word_1_531' title='bbox 3168 3452 3346 3509; x_wconf 90' lang='lat' dir='ltr'><strong>adhuc</strong></span> <span class='ocrx_word' id='word_1_532' title='bbox 3367 3453 3536 3509; x_wconf 82' lang='lat' dir='ltr'><strong>fuisse</strong></span> 
     </span>
    </p>
   </div>
   <div class='ocr_carea' id='block_1_76' title="bbox 1938 3544 3532 3616">
    <p class='ocr_par' dir='ltr' id='par_1_76' title="bbox 1938 3544 3532 3616">
     <span class='ocr_line' id='line_1_76' title="bbox 1938 3544 3532 3616; baseline -0.003 -15"><span class='ocrx_word' id='word_1_533' title='bbox 1938 3555 2274 3616; x_wconf 88' lang='lat' dir='ltr'><strong>compertum</strong></span> <span class='ocrx_word' id='word_1_534' title='bbox 2301 3552 2402 3600; x_wconf 89' lang='lat' dir='ltr'><strong>est.</strong></span> <span class='ocrx_word' id='word_1_535' title='bbox 2435 3544 2544 3600; x_wconf 90' lang='lat' dir='ltr'><strong>Sed</strong></span> <span class='ocrx_word' id='word_1_536' title='bbox 2583 3547 2718 3599; x_wconf 90' lang='lat' dir='ltr'><strong>mihi</strong></span> <span class='ocrx_word' id='word_1_537' title='bbox 2755 3552 2903 3601; x_wconf 87' lang='lat' dir='ltr'><strong>vetat</strong></span> <span class='ocrx_word' id='word_1_538' title='bbox 2958 3545 3244 3614; x_wconf 83' lang='lat' dir='ltr'><strong>quominus</strong></span> <span class='ocrx_word' id='word_1_539' title='bbox 3290 3559 3356 3598; x_wconf 86' lang='lat' dir='ltr'><strong>ea</strong></span> <span class='ocrx_word' id='word_1_540' title='bbox 3410 3558 3532 3613; x_wconf 60' lang='lat' dir='ltr'><strong>quas</strong></span> 
     </span>
    </p>
   </div>
   <div class='ocr_carea' id='block_1_77' title="bbox 1939 3636 3535 3706">
    <p class='ocr_par' dir='ltr' id='par_1_77' title="bbox 1939 3636 3535 3706">
     <span class='ocr_line' id='line_1_77' title="bbox 1939 3636 3535 3706; baseline -0.003 -16"><span class='ocrx_word' id='word_1_541' title='bbox 1939 3637 2096 3691; x_wconf 90' lang='lat' dir='ltr'><strong>dictis</strong></span> <span class='ocrx_word' id='word_1_542' title='bbox 2135 3637 2268 3691; x_wconf 91' lang='lat' dir='ltr'><strong>locis</strong></span> <span class='ocrx_word' id='word_1_543' title='bbox 2297 3637 2490 3690; x_wconf 86' lang='lat' dir='ltr'><strong>recitat</strong></span> <span class='ocrx_word' id='word_1_544' title='bbox 2523 3643 2648 3706; x_wconf 92' lang='lat' dir='ltr'><strong>post</strong></span> <span class='ocrx_word' id='word_1_545' title='bbox 2675 3637 2862 3704; x_wconf 89' lang='lat' dir='ltr'><strong>viginti</strong></span> <span class='ocrx_word' id='word_1_546' title='bbox 2901 3644 2956 3689; x_wconf 91' lang='lat' dir='ltr'><strong>et</strong></span> <span class='ocrx_word' id='word_1_547' title='bbox 2997 3636 3232 3705; x_wconf 90' lang='lat' dir='ltr'><strong>plurium</strong></span> <span class='ocrx_word' id='word_1_548' title='bbox 3269 3647 3535 3688; x_wconf 89' lang='lat' dir='ltr'><strong>annorum</strong></span> 
     </span>
    </p>
   </div>
   <div class='ocr_carea' id='block_1_78' title="bbox 1940 3728 3534 3798">
    <p class='ocr_par' dir='ltr' id='par_1_78' title="bbox 1940 3728 3534 3798">
     <span class='ocr_line' id='line_1_78' title="bbox 1940 3728 3534 3798; baseline 0 -17"><span class='ocrx_word' id='word_1_549' title='bbox 1940 3728 2281 3784; x_wconf 86' lang='lat' dir='ltr'><strong>intervallum</strong></span> <span class='ocrx_word' id='word_1_550' title='bbox 2310 3737 2564 3797; x_wconf 88' lang='lat' dir='ltr'><strong>tanquam</strong></span> <span class='ocrx_word' id='word_1_551' title='bbox 2589 3731 2699 3782; x_wconf 81' lang='lat' dir='ltr'><strong>suis</strong></span> <span class='ocrx_word' id='word_1_552' title='bbox 2745 3729 3060 3798; x_wconf 81' lang='lat' dir='ltr'><strong>temporibus</strong></span> <span class='ocrx_word' id='word_1_553' title='bbox 3090 3734 3144 3782; x_wconf 91' lang='lat' dir='ltr'><strong>et</strong></span> <span class='ocrx_word' id='word_1_554' title='bbox 3173 3743 3337 3795; x_wconf 84' lang='lat' dir='ltr'><strong>nuper</strong></span> <span class='ocrx_word' id='word_1_555' title='bbox 3381 3733 3534 3794; x_wconf 78' lang='lat' dir='ltr'><strong>gesta</strong></span> 
     </span>
    </p>
   </div>
   <div class='ocr_carea' id='block_1_79' title="bbox 1940 3815 3536 3887">
    <p class='ocr_par' dir='ltr' id='par_1_79' title="bbox 1940 3815 3536 3887">
     <span class='ocr_line' id='line_1_79' title="bbox 1940 3815 3536 3887; baseline -0.001 -15"><span class='ocrx_word' id='word_1_556' title='bbox 1940 3833 2366 3872; x_wconf 89' lang='lat' dir='ltr'><strong>commemorare</strong></span> <span class='ocrx_word' id='word_1_557' title='bbox 2406 3819 2660 3887; x_wconf 89' lang='lat' dir='ltr'><strong>potuerit.</strong></span> <span class='ocrx_word' id='word_1_558' title='bbox 2694 3817 3162 3883; x_wconf 87' lang='lat' dir='ltr'><strong>Quemadmodum</strong></span> <span class='ocrx_word' id='word_1_559' title='bbox 3193 3831 3261 3870; x_wconf 84' lang='lat' dir='ltr'><strong>ex</strong></span> <span class='ocrx_word' id='word_1_560' title='bbox 3289 3824 3355 3870; x_wconf 83' lang='lat' dir='ltr'><strong>eo</strong></span> <span class='ocrx_word' id='word_1_561' title='bbox 3389 3815 3536 3884; x_wconf 87' lang='lat' dir='ltr'><strong>quod</strong></span> 
     </span>
    </p>
   </div>
   <div class='ocr_carea' id='block_1_80' title="bbox 1943 3908 3534 3975">
    <p class='ocr_par' dir='ltr' id='par_1_80' title="bbox 1943 3908 3534 3975">
     <span class='ocr_line' id='line_1_80' title="bbox 1943 3908 3534 3975; baseline 0.001 -13"><span class='ocrx_word' id='word_1_562' title='bbox 1943 3909 1996 3962; x_wconf 93' lang='lat' dir='ltr'><strong>in</strong></span> <span class='ocrx_word' id='word_1_563' title='bbox 2027 3925 2276 3963; x_wconf 90' lang='lat' dir='ltr'><strong>sermone</strong></span> <span class='ocrx_word' id='word_1_564' title='bbox 2305 3909 2356 3974; x_wconf 72' lang='grc'><strong>4,</strong></span> <span class='ocrx_word' id='word_1_565' title='bbox 2401 3910 2463 3962; x_wconf 87' lang='lat' dir='ltr'><strong>de</strong></span> <span class='ocrx_word' id='word_1_566' title='bbox 2501 3909 2807 3975; x_wconf 85' lang='lat' dir='ltr'><strong>Nativitate,</strong></span> <span class='ocrx_word' id='word_1_567' title='bbox 2838 3911 2913 3963; x_wconf 91' lang='lat' dir='ltr'><strong>ait</strong></span> <span class='ocrx_word' id='word_1_568' title='bbox 2938 3928 2950 3963; x_wconf 93' lang='lat'>:</span> <span class='ocrx_word' id='word_1_569' title='bbox 2977 3908 3234 3963; x_wconf 69' lang='lat' dir='ltr'><strong>eresim</strong></span> <span class='ocrx_word' id='word_1_570' title='bbox 3262 3908 3534 3963; x_wconf 75' lang='lat' dir='ltr'><strong>Jov’niaut</strong></span> 
     </span>
    </p>
   </div>
   <div class='ocr_carea' id='block_1_81' title="bbox 1941 3997 3534 4069">
    <p class='ocr_par' dir='ltr' id='par_1_81' title="bbox 1941 3997 3534 4069">
     <span class='ocr_line' id='line_1_81' title="bbox 1941 3997 3534 4069; baseline 0 -17"><span class='ocrx_word' id='word_1_571' title='bbox 1941 3999 2206 4069; x_wconf 79' lang='lat' dir='ltr'><strong>synodalis</strong></span> <span class='ocrx_word' id='word_1_572' title='bbox 2227 4008 2401 4052; x_wconf 85' lang='lat' dir='ltr'><strong>noster</strong></span> <span class='ocrx_word' id='word_1_573' title='bbox 2429 4015 2530 4053; x_wconf 87' lang='lat' dir='ltr'><strong>uno</strong></span> <span class='ocrx_word' id='word_1_574' title='bbox 2557 4016 2645 4053; x_wconf 89' lang='lat' dir='ltr'><strong>ore</strong></span> <span class='ocrx_word' id='word_1_575' title='bbox 2670 3999 2936 4052; x_wconf 86' lang='lat' dir='ltr'><strong>damnavit</strong></span> <span class='ocrx_word' id='word_1_576' title='bbox 2956 4006 3252 4065; x_wconf 82' lang='lat' dir='ltr'><strong>conventus,</strong></span> <span class='ocrx_word' id='word_1_577' title='bbox 3276 3997 3410 4054; x_wconf 74' lang='lat' dir='ltr'><strong>falso</strong></span> <span class='ocrx_word' id='word_1_578' title='bbox 3431 3997 3534 4052; x_wconf 80' lang='lat' dir='ltr'><strong>ali-</strong></span> 
     </span>
    </p>
   </div>
   <div class='ocr_carea' id='block_1_82' title="bbox 1941 4089 3537 4164">
    <p class='ocr_par' dir='ltr' id='par_1_82' title="bbox 1941 4089 3537 4164">
     <span class='ocr_line' id='line_1_82' title="bbox 1941 4089 3537 4164; baseline 0.001 -22"><span class='ocrx_word' id='word_1_579' title='bbox 1941 4090 2061 4156; x_wconf 90' lang='lat' dir='ltr'><strong>quis</strong></span> <span class='ocrx_word' id='word_1_580' title='bbox 2084 4090 2360 4157; x_wconf 77' lang='lat' dir='ltr'><strong>colligeret</strong></span> <span class='ocrx_word' id='word_1_581' title='bbox 2394 4105 2515 4144; x_wconf 91' lang='lat' dir='ltr'><strong>eum</strong></span> <span class='ocrx_word' id='word_1_582' title='bbox 2547 4091 2688 4144; x_wconf 90' lang='lat' dir='ltr'><strong>inter</strong></span> <span class='ocrx_word' id='word_1_583' title='bbox 2714 4089 2903 4146; x_wconf 88' lang='lat' dir='ltr'><strong>Patres</strong></span> <span class='ocrx_word' id='word_1_584' title='bbox 2924 4090 3250 4156; x_wconf 83' lang='lat' dir='ltr'><strong>consedisse,</strong></span> <span class='ocrx_word' id='word_1_585' title='bbox 3277 4090 3370 4164; x_wconf 91' lang='lat' dir='ltr'><strong>qui</strong></span> <span class='ocrx_word' id='word_1_586' title='bbox 3391 4105 3537 4152; x_wconf 85' lang='lat' dir='ltr'><strong>anno</strong></span> 
     </span>
    </p>
   </div>
   <div class='ocr_carea' id='block_1_83' title="bbox 1944 4179 3537 4237">
    <p class='ocr_par' dir='ltr' id='par_1_83' title="bbox 1944 4179 3537 4237">
     <span class='ocr_line' id='line_1_83' title="bbox 1944 4179 3537 4237; baseline 0.001 -5"><span class='ocrx_word' id='word_1_587' title='bbox 1944 4179 2050 4233; x_wconf 83' lang='grc'><strong>589</strong></span> <span class='ocrx_word' id='word_1_588' title='bbox 2079 4181 2130 4233; x_wconf 93' lang='lat' dir='ltr'><strong>in</strong></span> <span class='ocrx_word' id='word_1_589' title='bbox 2169 4182 2398 4236; x_wconf 90' lang='lat' dir='ltr'><strong>concilio</strong></span> <span class='ocrx_word' id='word_1_590' title='bbox 2427 4181 2815 4236; x_wconf 79' lang='lat' dir='ltr'><strong>Mediolanensi</strong></span> <span class='ocrx_word' id='word_1_591' title='bbox 2845 4181 2991 4235; x_wconf 81' lang='lat' dir='ltr'><strong>illam</strong></span> <span class='ocrx_word' id='word_1_592' title='bbox 3032 4181 3278 4237; x_wconf 68' lang='lat' dir='ltr'><strong>haeresim</strong></span> <span class='ocrx_word' id='word_1_593' title='bbox 3310 4181 3537 4234; x_wconf 84' lang='lat' dir='ltr'><strong>damna-</strong></span> 
     </span>
    </p>
   </div>
   <div class='ocr_carea' id='block_1_84' title="bbox 1943 4268 3537 4340">
    <p class='ocr_par' dir='ltr' id='par_1_84' title="bbox 1943 4268 3537 4340">
     <span class='ocr_line' id='line_1_84' title="bbox 1943 4268 3537 4340; baseline 0.004 -18"><span class='ocrx_word' id='word_1_594' title='bbox 1943 4277 2084 4322; x_wconf 90' lang='lat' dir='ltr'><strong>runt.</strong></span> <span class='ocrx_word' id='word_1_595' title='bbox 2128 4268 2237 4324; x_wconf 90' lang='lat' dir='ltr'><strong>Sed</strong></span> <span class='ocrx_word' id='word_1_596' title='bbox 2265 4271 2311 4324; x_wconf 92' lang='lat' dir='ltr'><strong>si</strong></span> <span class='ocrx_word' id='word_1_597' title='bbox 2347 4271 2463 4325; x_wconf 90' lang='lat' dir='ltr'><strong>istis</strong></span> <span class='ocrx_word' id='word_1_598' title='bbox 2491 4271 2729 4325; x_wconf 89' lang='lat' dir='ltr'><strong>virorum</strong></span> <span class='ocrx_word' id='word_1_599' title='bbox 2758 4270 3043 4326; x_wconf 84' lang='lat' dir='ltr'><strong>doctorum</strong></span> <span class='ocrx_word' id='word_1_600' title='bbox 3071 4272 3402 4340; x_wconf 84' lang='lat' dir='ltr'><strong>argumentis</strong></span> <span class='ocrx_word' id='word_1_601' title='bbox 3427 4287 3537 4328; x_wconf 91' lang='lat' dir='ltr'><strong>non</strong></span> 
     </span>
    </p>
   </div>
   <div class='ocr_carea' id='block_1_85' title="bbox 1946 4358 3537 4432">
    <p class='ocr_par' dir='ltr' id='par_1_85' title="bbox 1946 4358 3537 4432">
     <span class='ocr_line' id='line_1_85' title="bbox 1946 4358 3537 4432; baseline 0.004 -21"><span class='ocrx_word' id='word_1_602' title='bbox 1946 4366 2151 4412; x_wconf 91' lang='lat' dir='ltr'><strong>tantum</strong></span> <span class='ocrx_word' id='word_1_603' title='bbox 2184 4358 2436 4414; x_wconf 75' lang='lat' dir='ltr'><strong>efﬁcacia:</strong></span> <span class='ocrx_word' id='word_1_604' title='bbox 2468 4361 2780 4427; x_wconf 85' lang='lat' dir='ltr'><strong>tribuimus,</strong></span> <span class='ocrx_word' id='word_1_605' title='bbox 2811 4369 3072 4430; x_wconf 87' lang='lat' dir='ltr'><strong>quantum</strong></span> <span class='ocrx_word' id='word_1_606' title='bbox 3100 4362 3200 4431; x_wconf 89' lang='lat' dir='ltr'><strong>ipsi</strong></span> <span class='ocrx_word' id='word_1_607' title='bbox 3230 4362 3407 4419; x_wconf 82' lang='lat' dir='ltr'><strong>inesse</strong></span> <span class='ocrx_word' id='word_1_608' title='bbox 3435 4369 3537 4432; x_wconf 81' lang='lat' dir='ltr'><strong>pu-</strong></span> 
     </span>
    </p>
   </div>
   <div class='ocr_carea' id='block_1_86' title="bbox 1944 4450 3538 4521">
    <p class='ocr_par' dir='ltr' id='par_1_86' title="bbox 1944 4450 3538 4521">
     <span class='ocr_line' id='line_1_86' title="bbox 1944 4450 3538 4521; baseline 0.004 -20"><span class='ocrx_word' id='word_1_609' title='bbox 1944 4455 2060 4501; x_wconf 90' lang='lat' dir='ltr'><strong>tant</strong></span> <span class='ocrx_word' id='word_1_610' title='bbox 2087 4457 2142 4503; x_wconf 91' lang='lat' dir='ltr'><strong>et</strong></span> <span class='ocrx_word' id='word_1_611' title='bbox 2169 4450 2236 4503; x_wconf 92' lang='lat' dir='ltr'><strong>ab</strong></span> <span class='ocrx_word' id='word_1_612' title='bbox 2266 4451 2383 4504; x_wconf 88' lang='lat' dir='ltr'><strong>aliis</strong></span> <span class='ocrx_word' id='word_1_613' title='bbox 2404 4451 2620 4519; x_wconf 84' lang='lat' dir='ltr'><strong>agnosci</strong></span> <span class='ocrx_word' id='word_1_614' title='bbox 2640 4452 2860 4516; x_wconf 90' lang='lat' dir='ltr'><strong>volunt,</strong></span> <span class='ocrx_word' id='word_1_615' title='bbox 2892 4452 2995 4521; x_wconf 91' lang='lat' dir='ltr'><strong>ipsi</strong></span> <span class='ocrx_word' id='word_1_616' title='bbox 3018 4460 3201 4510; x_wconf 87' lang='lat' dir='ltr'><strong>tamen</strong></span> <span class='ocrx_word' id='word_1_617' title='bbox 3222 4468 3330 4507; x_wconf 93' lang='lat' dir='ltr'><strong>non</strong></span> <span class='ocrx_word' id='word_1_618' title='bbox 3370 4467 3538 4521; x_wconf 83' lang='lat' dir='ltr'><strong>nega-</strong></span> 
     </span>
    </p>
   </div>
   <div class='ocr_carea' id='block_1_87' title="bbox 1945 4541 3541 4614">
    <p class='ocr_par' dir='ltr' id='par_1_87' title="bbox 1945 4541 3541 4614">
     <span class='ocr_line' id='line_1_87' title="bbox 1945 4541 3541 4614; baseline 0.004 -20"><span class='ocrx_word' id='word_1_619' title='bbox 1945 4557 2064 4596; x_wconf 88' lang='lat' dir='ltr'><strong>mus</strong></span> <span class='ocrx_word' id='word_1_620' title='bbox 2100 4543 2322 4597; x_wconf 89' lang='lat' dir='ltr'><strong>subesse</strong></span> <span class='ocrx_word' id='word_1_621' title='bbox 2360 4543 2425 4597; x_wconf 92' lang='lat' dir='ltr'><strong>iis</strong></span> <span class='ocrx_word' id='word_1_622' title='bbox 2471 4541 2706 4612; x_wconf 71' lang='lat' dir='ltr'><strong>aliqu‘am</strong></span> <span class='ocrx_word' id='word_1_623' title='bbox 2746 4543 2857 4598; x_wconf 92' lang='lat' dir='ltr'><strong>veri</strong></span> <span class='ocrx_word' id='word_1_624' title='bbox 2901 4545 3136 4614; x_wconf 85' lang='lat' dir='ltr'><strong>speciem</strong></span> <span class='ocrx_word' id='word_1_625' title='bbox 3165 4545 3446 4611; x_wconf 86' lang='lat' dir='ltr'><strong>hactenus,</strong></span> <span class='ocrx_word' id='word_1_626' title='bbox 3480 4553 3541 4601; x_wconf 90' lang='lat' dir='ltr'><strong>ut</strong></span> 
     </span>
    </p>
   </div>
   <div class='ocr_carea' id='block_1_88' title="bbox 245 4621 3541 4704">
    <p class='ocr_par' dir='ltr' id='par_1_88' title="bbox 245 4621 3541 4704">
     <span class='ocr_line' id='line_1_88' title="bbox 245 4621 3541 4704; baseline 0.005 -29"><span class='ocrx_word' id='word_1_627' title='bbox 245 4636 387 4691; x_wconf 89' lang='lat' dir='ltr'><strong>que,</strong></span> <span class='ocrx_word' id='word_1_628' title='bbox 411 4621 536 4675; x_wconf 86' lang='lat' dir='ltr'><strong>item</strong></span> <span class='ocrx_word' id='word_1_629' title='bbox 565 4622 870 4678; x_wconf 91' lang='lat' dir='ltr'><strong>sacerdotio</strong></span> <span class='ocrx_word' id='word_1_630' title='bbox 893 4625 1160 4680; x_wconf 86' lang='lat' dir='ltr'><strong>initiatum</strong></span> <span class='ocrx_word' id='word_1_631' title='bbox 1188 4635 1242 4681; x_wconf 91' lang='lat' dir='ltr'><strong>et</strong></span> <span class='ocrx_word' id='word_1_632' title='bbox 1261 4628 1592 4697; x_wconf 71' lang='lat' dir='ltr'><strong>praedicandi</strong></span> <span class='ocrx_word' id='word_1_633' title='bbox 1621 4645 1842 4686; x_wconf 90' lang='lat' dir='ltr'><strong>munere</strong></span> <span class='ocrx_word' id='word_1_634' title='bbox 1870 4634 1919 4694; x_wconf 84' lang='grc' dir='ltr'>ι)</span> <span class='ocrx_word' id='word_1_635' title='bbox 1944 4630 2208 4686; x_wconf 89' lang='lat' dir='ltr'><strong>Maximus</strong></span> <span class='ocrx_word' id='word_1_636' title='bbox 2235 4633 2452 4686; x_wconf 78' lang='lat' dir='ltr'><strong>inelmte</strong></span> <span class='ocrx_word' id='word_1_637' title='bbox 2476 4633 2672 4687; x_wconf 60' lang='lat' dir='ltr'><strong>saeculo</strong></span> <span class='ocrx_word' id='word_1_638' title='bbox 2692 4650 2725 4687; x_wconf 85' lang='lat' dir='ltr'><strong>v</strong></span> <span class='ocrx_word' id='word_1_639' title='bbox 2746 4633 2829 4686; x_wconf 85' lang='lat' dir='ltr'><strong>vel</strong></span> <span class='ocrx_word' id='word_1_640' title='bbox 2851 4634 3014 4703; x_wconf 85' lang='lat' dir='ltr'><strong>paulo</strong></span> <span class='ocrx_word' id='word_1_641' title='bbox 3041 4641 3166 4704; x_wconf 88' lang='lat' dir='ltr'><strong>post</strong></span> <span class='ocrx_word' id='word_1_642' title='bbox 3189 4636 3401 4690; x_wconf 90' lang='lat' dir='ltr'><strong>initium</strong></span> <span class='ocrx_word' id='word_1_643' title='bbox 3424 4634 3541 4704; x_wconf 91' lang='lat' dir='ltr'><strong>ejus</strong></span> 
     </span>
    </p>
   </div>
   <div class='ocr_carea' id='block_1_89' title="bbox 245 4712 1838 4791">
    <p class='ocr_par' dir='ltr' id='par_1_89' title="bbox 245 4712 1838 4791">
     <span class='ocr_line' id='line_1_89' title="bbox 245 4712 1838 4791; baseline 0.008 -28"><span class='ocrx_word' id='word_1_644' title='bbox 245 4712 490 4781; x_wconf 85' lang='lat' dir='ltr'><strong>primum</strong></span> <span class='ocrx_word' id='word_1_645' title='bbox 516 4712 566 4765; x_wconf 92' lang='lat' dir='ltr'><strong>in</strong></span> <span class='ocrx_word' id='word_1_646' title='bbox 591 4713 780 4767; x_wconf 89' lang='lat' dir='ltr'><strong>eadem</strong></span> <span class='ocrx_word' id='word_1_647' title='bbox 803 4714 934 4769; x_wconf 92' lang='lat' dir='ltr'><strong>urbe</strong></span> <span class='ocrx_word' id='word_1_648' title='bbox 961 4715 1295 4784; x_wconf 88' lang='lat' dir='ltr'><strong>perfunctum</strong></span> <span class='ocrx_word' id='word_1_649' title='bbox 1321 4733 1440 4773; x_wconf 85' lang='lat' dir='ltr'><strong>esse</strong></span> <span class='ocrx_word' id='word_1_650' title='bbox 1467 4720 1718 4787; x_wconf 87' lang='lat' dir='ltr'><strong>colligant</strong></span> <span class='ocrx_word' id='word_1_651' title='bbox 1740 4721 1838 4791; x_wconf 90' lang='lat' dir='ltr'><strong>(a).</strong></span> 
     </span>
    </p>
   </div>
   <div class='ocr_carea' id='block_1_90' title="bbox 246 4799 1844 4881">
    <p class='ocr_par' dir='ltr' id='par_1_90' title="bbox 246 4799 1844 4881">
     <span class='ocr_line' id='line_1_90' title="bbox 246 4799 1844 4881; baseline 0.008 -26"><span class='ocrx_word' id='word_1_652' title='bbox 246 4799 368 4855; x_wconf 86' lang='lat' dir='ltr'><strong>Sed</strong></span> <span class='ocrx_word' id='word_1_653' title='bbox 398 4803 440 4854; x_wconf 90' lang='lat' dir='ltr'><strong>si</strong></span> <span class='ocrx_word' id='word_1_654' title='bbox 469 4817 537 4856; x_wconf 91' lang='lat' dir='ltr'><strong>ex</strong></span> <span class='ocrx_word' id='word_1_655' title='bbox 565 4803 630 4856; x_wconf 92' lang='lat' dir='ltr'><strong>iis</strong></span> <span class='ocrx_word' id='word_1_656' title='bbox 658 4818 778 4872; x_wconf 68' lang='lat' dir='ltr'><strong>qua:</strong></span> <span class='ocrx_word' id='word_1_657' title='bbox 807 4804 862 4858; x_wconf 93' lang='lat' dir='ltr'><strong>in</strong></span> <span class='ocrx_word' id='word_1_658' title='bbox 897 4819 1146 4861; x_wconf 88' lang='lat' dir='ltr'><strong>sermone</strong></span> <span class='ocrx_word' id='word_1_659' title='bbox 1175 4806 1244 4863; x_wconf 90' lang='lat' dir='ltr'><strong>de</strong></span> <span class='ocrx_word' id='word_1_660' title='bbox 1283 4807 1495 4864; x_wconf 91' lang='lat' dir='ltr'><strong>Sanctis</strong></span> <span class='ocrx_word' id='word_1_661' title='bbox 1523 4809 1844 4881; x_wconf 86' lang='lat' dir='ltr'><strong>Martyribus</strong></span> 
     </span>
    </p>
   </div>
   <div class='ocr_carea' id='block_1_91' title="bbox 246 4891 1840 4965">
    <p class='ocr_par' dir='ltr' id='par_1_91' title="bbox 246 4891 1840 4965">
     <span class='ocr_line' id='line_1_91' title="bbox 246 4891 1840 4965; baseline 0.008 -22"><span class='ocrx_word' id='word_1_662' title='bbox 246 4891 710 4958; x_wconf 83' lang='lat' dir='ltr'><strong>Anaunieusibus,</strong></span> <span class='ocrx_word' id='word_1_663' title='bbox 756 4895 1089 4965; x_wconf 89' lang='lat' dir='ltr'><strong>interemptis</strong></span> <span class='ocrx_word' id='word_1_664' title='bbox 1125 4911 1214 4950; x_wconf 92' lang='lat' dir='ltr'><strong>an.</strong></span> <span class='ocrx_word' id='word_1_665' title='bbox 1257 4897 1381 4965; x_wconf 78' lang='lat'><strong>597,</strong></span> <span class='ocrx_word' id='word_1_666' title='bbox 1416 4898 1486 4953; x_wconf 91' lang='lat' dir='ltr'><strong>ad</strong></span> <span class='ocrx_word' id='word_1_667' title='bbox 1525 4903 1840 4956; x_wconf 87' lang='lat' dir='ltr'><strong>memoriam</strong></span> 
     </span>
    </p>
   </div>
   <div class='ocr_carea' id='block_1_92' title="bbox 245 4985 1841 5057">
    <p class='ocr_par' dir='ltr' id='par_1_92' title="bbox 245 4985 1841 5057">
     <span class='ocr_line' id='line_1_92' title="bbox 245 4985 1841 5057; baseline 0.008 -21"><span class='ocrx_word' id='word_1_668' title='bbox 245 4998 447 5037; x_wconf 85' lang='lat' dir='ltr'><strong>eorum</strong></span> <span class='ocrx_word' id='word_1_669' title='bbox 495 4985 977 5041; x_wconf 87' lang='lat' dir='ltr'><strong>commendandam</strong></span> <span class='ocrx_word' id='word_1_670' title='bbox 1031 4988 1269 5057; x_wconf 92' lang='lat' dir='ltr'><strong>loquitur</strong></span> <span class='ocrx_word' id='word_1_671' title='bbox 1325 4993 1632 5047; x_wconf 90' lang='lat' dir='ltr'><strong>necessario</strong></span> <span class='ocrx_word' id='word_1_672' title='bbox 1701 4992 1841 5049; x_wconf 83' lang='lat' dir='ltr'><strong>efﬁci</strong></span> 
     </span>
    </p>
   </div>
   <div class='ocr_carea' id='block_1_93' title="bbox 245 5074 1841 5139">
    <p class='ocr_par' dir='ltr' id='par_1_93' title="bbox 245 5074 1841 5139">
     <span class='ocr_line' id='line_1_93' title="bbox 245 5074 1841 5139; baseline 0.006 -11"><span class='ocrx_word' id='word_1_673' title='bbox 245 5074 568 5128; x_wconf 86' lang='lat' dir='ltr'><strong>existimant</strong></span> <span class='ocrx_word' id='word_1_674' title='bbox 621 5091 930 5131; x_wconf 91' lang='lat' dir='ltr'><strong>sermonem</strong></span> <span class='ocrx_word' id='word_1_675' title='bbox 978 5078 1126 5132; x_wconf 91' lang='lat' dir='ltr'><strong>illum</strong></span> <span class='ocrx_word' id='word_1_676' title='bbox 1167 5087 1260 5134; x_wconf 87' lang='lat' dir='ltr'><strong>aut</strong></span> <span class='ocrx_word' id='word_1_677' title='bbox 1323 5080 1518 5136; x_wconf 90' lang='lat' dir='ltr'><strong>eodem</strong></span> <span class='ocrx_word' id='word_1_678' title='bbox 1564 5098 1707 5139; x_wconf 89' lang='lat' dir='ltr'><strong>anno</strong></span> <span class='ocrx_word' id='word_1_679' title='bbox 1749 5093 1841 5138; x_wconf 90' lang='lat' dir='ltr'><strong>aut</strong></span> 
     </span>
    </p>
   </div>
   <div class='ocr_carea' id='block_1_94' title="bbox 248 5162 1840 5242">
    <p class='ocr_par' dir='ltr' id='par_1_94' title="bbox 248 5162 1840 5242">
     <span class='ocr_line' id='line_1_94' title="bbox 248 5162 1840 5242; baseline 0.009 -26"><span class='ocrx_word' id='word_1_680' title='bbox 248 5162 418 5233; x_wconf 88' lang='lat' dir='ltr'><strong>paulo</strong></span> <span class='ocrx_word' id='word_1_681' title='bbox 444 5173 567 5234; x_wconf 90' lang='lat' dir='ltr'><strong>post</strong></span> <span class='ocrx_word' id='word_1_682' title='bbox 589 5166 658 5220; x_wconf 91' lang='lat' dir='ltr'><strong>ab</strong></span> <span class='ocrx_word' id='word_1_683' title='bbox 688 5180 754 5220; x_wconf 92' lang='lat' dir='ltr'><strong>eo</strong></span> <span class='ocrx_word' id='word_1_684' title='bbox 777 5167 941 5222; x_wconf 88' lang='lat' dir='ltr'><strong>fuisse</strong></span> <span class='ocrx_word' id='word_1_685' title='bbox 967 5167 1206 5223; x_wconf 88' lang='lat' dir='ltr'><strong>habitum</strong></span> <span class='ocrx_word' id='word_1_686' title='bbox 1239 5168 1335 5242; x_wconf 80' lang='grc' dir='ltr'><strong>(ὁ),</strong></span> <span class='ocrx_word' id='word_1_687' title='bbox 1365 5186 1465 5226; x_wconf 90' lang='lat' dir='ltr'><strong>nos</strong></span> <span class='ocrx_word' id='word_1_688' title='bbox 1485 5174 1840 5230; x_wconf 86' lang='lat' dir='ltr'><strong>assentientes</strong></span> 
     </span>
    </p>
   </div>
   <div class='ocr_carea' id='block_1_95' title="bbox 325 5359 1836 5449">
    <p class='ocr_par' dir='ltr' id='par_1_95' title="bbox 325 5359 1836 5449">
     <span class='ocr_line' id='line_1_95' title="bbox 325 5359 1836 5449; baseline 0.012 -37"><span class='ocrx_word' id='word_1_689' title='bbox 325 5360 413 5449; x_wconf 51' lang='lat' dir='ltr'><strong>(al</strong></span> <span class='ocrx_word' id='word_1_690' title='bbox 433 5359 966 5449; x_wconf 8' lang='lat' dir='ltr'><strong>Yﬂegsermonemj,</strong></span> <span class='ocrx_word' id='word_1_691' title='bbox 991 5365 1101 5449; x_wconf 79' lang='lat' dir='ltr'><strong>8_e_t</strong></span> <span class='ocrx_word' id='word_1_692' title='bbox 1125 5366 1179 5449; x_wconf 42' lang='lat'><strong>9.,</strong></span> <span class='ocrx_word' id='word_1_693' title='bbox 1201 5367 1271 5449; x_wconf 71' lang='lat' dir='ltr'><strong>de</strong></span> <span class='ocrx_word' id='word_1_694' title='bbox 1375 5370 1628 5449; x_wconf 76' lang='lat' dir='ltr'><strong>Eusebio,</strong></span> <span class='ocrx_word' id='word_1_695' title='bbox 1645 5381 1700 5429; x_wconf 92' lang='lat' dir='ltr'><strong>et</strong></span> <span class='ocrx_word' id='word_1_696' title='bbox 1719 5389 1836 5445; x_wconf 83' lang='lat' dir='ltr'><strong>quae</strong></span> 
     </span>
    </p>
   </div>
   <div class='ocr_carea' id='block_1_96' title="bbox 245 5430 1598 5496">
    <p class='ocr_par' dir='ltr' id='par_1_96' title="bbox 245 5430 1598 5496">
     <span class='ocr_line' id='line_1_96' title="bbox 245 5430 1598 5496; baseline 0.008 -11"><span class='ocrx_word' id='word_1_697' title='bbox 245 5447 318 5490; x_wconf 86' lang='lat' dir='ltr'><strong>ex</strong></span> <span class='ocrx_word' id='word_1_698' title='bbox 355 5430 418 5484; x_wconf 89' lang='lat' dir='ltr'><strong>iis</strong></span> <span class='ocrx_word' id='word_1_699' title='bbox 445 5430 662 5486; x_wconf 88' lang='lat' dir='ltr'><strong>adducit</strong></span> <span class='ocrx_word' id='word_1_700' title='bbox 688 5432 1002 5489; x_wconf 89' lang='lat' dir='ltr'><strong>Gallandius</strong></span> <span class='ocrx_word' id='word_1_701' title='bbox 1029 5436 1120 5491; x_wconf 89' lang='lat' dir='ltr'><strong>lib.</strong></span> <span class='ocrx_word' id='word_1_702' title='bbox 1153 5430 1286 5492; x_wconf 87' lang='lat' dir='ltr'><strong>infra</strong></span> <span class='ocrx_word' id='word_1_703' title='bbox 1314 5440 1598 5496; x_wconf 90' lang='lat' dir='ltr'><strong>laudando.</strong></span> 
     </span>
    </p>
   </div>
   <div class='ocr_carea' id='block_1_97' title="bbox 252 5498 1836 5641">
    <p class='ocr_par' dir='ltr' id='par_1_97' title="bbox 252 5498 1836 5641">
     <span class='ocr_line' id='line_1_97' title="bbox 317 5498 1836 5632; baseline 0.008 -79"><span class='ocrx_word' id='word_1_704' title='bbox 317 5498 404 5632; x_wconf 50' lang='grc' dir='ltr'><strong>ἕν)</strong></span> <span class='ocrx_word' id='word_1_705' title='bbox 436 5499 768 5584; x_wconf 73' lang='lat' dir='ltr'><strong>Gallandiin</strong></span> <span class='ocrx_word' id='word_1_706' title='bbox 798 5501 1044 5572; x_wconf 85' lang='lat' dir='ltr'><strong>Prolegg.</strong></span> <span class='ocrx_word' id='word_1_707' title='bbox 1078 5507 1144 5560; x_wconf 90' lang='lat' dir='ltr'><strong>ad</strong></span> <span class='ocrx_word' id='word_1_708' title='bbox 1186 5515 1224 5560; x_wconf 91' lang='lat' dir='ltr'><strong>t.</strong></span> <span class='ocrx_word' id='word_1_709' title='bbox 1264 5507 1336 5562; x_wconf 81' lang='lat' dir='ltr'><strong>IX</strong></span> <span class='ocrx_word' id='word_1_710' title='bbox 1371 5510 1504 5564; x_wconf 92' lang='lat' dir='ltr'><strong>Bibl.</strong></span> <span class='ocrx_word' id='word_1_711' title='bbox 1537 5509 1665 5577; x_wconf 87' lang='lat' dir='ltr'><strong>PP.,</strong></span> <span class='ocrx_word' id='word_1_712' title='bbox 1696 5529 1743 5568; x_wconf 90' lang='lat' dir='ltr'><strong>c.</strong></span> <span class='ocrx_word' id='word_1_713' title='bbox 1783 5512 1836 5575; x_wconf 88' lang='lat'><strong>9,</strong></span> 
     </span>
     <span class='ocr_line' id='line_1_98' title="bbox 252 5570 1836 5641; baseline 0.009 -19"><span class='ocrx_word' id='word_1_714' title='bbox 252 5571 282 5641; x_wconf 63' lang='grc' dir='ltr'>ᾗ</span> <span class='ocrx_word' id='word_1_715' title='bbox 406 5570 510 5624; x_wconf 89' lang='lat' dir='ltr'><strong>hoc</strong></span> <span class='ocrx_word' id='word_1_716' title='bbox 538 5586 802 5640; x_wconf 74' lang='lat' dir='ltr'><strong>imprimis</strong></span> <span class='ocrx_word' id='word_1_717' title='bbox 832 5583 986 5641; x_wconf 88' lang='lat' dir='ltr'><strong>urget</strong></span> <span class='ocrx_word' id='word_1_718' title='bbox 1013 5589 1044 5628; x_wconf 89' lang='lat' dir='ltr'><strong>a</strong></span> <span class='ocrx_word' id='word_1_719' title='bbox 1071 5591 1130 5632; x_wconf 90' lang='lat' dir='ltr'><strong>se</strong></span> <span class='ocrx_word' id='word_1_720' title='bbox 1157 5591 1346 5634; x_wconf 89' lang='lat' dir='ltr'><strong>recens</strong></span> <span class='ocrx_word' id='word_1_721' title='bbox 1375 5588 1650 5641; x_wconf 89' lang='lat' dir='ltr'><strong>repertum</strong></span> <span class='ocrx_word' id='word_1_722' title='bbox 1679 5597 1836 5641; x_wconf 78' lang='lat' dir='ltr'><strong>argu-</strong></span> 
     </span>
    </p>
   </div>
   <div class='ocr_carea' id='block_1_98' title="bbox 251 5569 1840 5693">
    <p class='ocr_par' dir='ltr' id='par_1_98' title="bbox 251 5569 1840 5693">
     <span class='ocr_line' id='line_1_99' title="bbox 251 5569 1840 5693; baseline 0.009 -71"><span class='ocrx_word' id='word_1_723' title='bbox 251 5569 510 5693; x_wconf 54' lang='grc' dir='ltr'><strong>Ξέηὲῗηο</strong></span> <span class='ocrx_word' id='word_1_724' title='bbox 538 5569 802 5640; x_wconf 88' lang='lat' dir='ltr'><strong>imprimis</strong></span> <span class='ocrx_word' id='word_1_725' title='bbox 832 5569 986 5642; x_wconf 79' lang='lat' dir='ltr'><strong>urget</strong></span> <span class='ocrx_word' id='word_1_726' title='bbox 1004 5569 1044 5628; x_wconf 45' lang='lat' dir='ltr'><strong>&#39;a</strong></span> <span class='ocrx_word' id='word_1_727' title='bbox 1071 5591 1130 5632; x_wconf 90' lang='lat' dir='ltr'><strong>se</strong></span> <span class='ocrx_word' id='word_1_728' title='bbox 1157 5591 1346 5634; x_wconf 89' lang='lat' dir='ltr'><strong>recens</strong></span> <span class='ocrx_word' id='word_1_729' title='bbox 1375 5569 1840 5651; x_wconf 52' lang='lat' dir='ltr'><strong>repertum&#39;argu;</strong></span> 
     </span>
    </p>
   </div>
   <div class='ocr_carea' id='block_1_99' title="bbox 327 5707 1846 5784">
    <p class='ocr_par' dir='ltr' id='par_1_99' title="bbox 327 5707 1846 5784">
     <span class='ocr_line' id='line_1_100' title="bbox 327 5707 1846 5784; baseline 0.009 -24"><span class='ocrx_word' id='word_1_730' title='bbox 327 5708 399 5778; x_wconf 75' lang='grc' dir='ltr'><strong>(ε)</strong></span> <span class='ocrx_word' id='word_1_731' title='bbox 429 5707 597 5777; x_wconf 84' lang='lat' dir='ltr'><strong>Idem,</strong></span> <span class='ocrx_word' id='word_1_732' title='bbox 631 5711 657 5784; x_wconf 83' lang='lat'><strong>§</strong></span> <span class='ocrx_word' id='word_1_733' title='bbox 690 5710 743 5765; x_wconf 72' lang='grc' dir='ltr'><strong>ὃ.</strong></span> <span class='ocrx_word' id='word_1_734' title='bbox 779 5709 909 5779; x_wconf 64' lang='lat' dir='ltr'><strong>Quae</strong></span> <span class='ocrx_word' id='word_1_735' title='bbox 938 5721 1123 5770; x_wconf 87' lang='lat' dir='ltr'><strong>contra</strong></span> <span class='ocrx_word' id='word_1_736' title='bbox 1151 5714 1357 5773; x_wconf 88' lang='lat' dir='ltr'><strong>Brunus</strong></span> <span class='ocrx_word' id='word_1_737' title='bbox 1391 5718 1444 5774; x_wconf 91' lang='lat' dir='ltr'><strong>in</strong></span> <span class='ocrx_word' id='word_1_738' title='bbox 1478 5719 1597 5776; x_wconf 82' lang='lat' dir='ltr'><strong>Vita</strong></span> <span class='ocrx_word' id='word_1_739' title='bbox 1625 5720 1846 5775; x_wconf 76' lang='lat' dir='ltr'><strong>Maximi</strong></span> 
     </span>
    </p>
   </div>
   <div class='ocr_carea' id='block_1_100' title="bbox 1947 4724 3541 4796">
    <p class='ocr_par' dir='ltr' id='par_1_100' title="bbox 1947 4724 3541 4796">
     <span class='ocr_line' id='line_1_101' title="bbox 1947 4724 3541 4796; baseline 0.004 -20"><span class='ocrx_word' id='word_1_740' title='bbox 1947 4725 2258 4778; x_wconf 89' lang='lat' dir='ltr'><strong>muneribus</strong></span> <span class='ocrx_word' id='word_1_741' title='bbox 2279 4725 2655 4779; x_wconf 86' lang='lat' dir='ltr'><strong>ecclesiasticis</strong></span> <span class='ocrx_word' id='word_1_742' title='bbox 2676 4724 2824 4793; x_wconf 77' lang='lat' dir='ltr'><strong>hmgi</strong></span> <span class='ocrx_word' id='word_1_743' title='bbox 2841 4726 3070 4796; x_wconf 73' lang='lat' dir='ltr'><strong>cmpisse</strong></span> <span class='ocrx_word' id='word_1_744' title='bbox 3089 4726 3359 4796; x_wconf 90' lang='lat' dir='ltr'><strong>videatur,</strong></span> <span class='ocrx_word' id='word_1_745' title='bbox 3374 4725 3541 4782; x_wconf 79' lang='lat' dir='ltr'><strong>adeo-</strong></span> 
     </span>
    </p>
   </div>
   <div class='ocr_carea' id='block_1_101' title="bbox 1946 4811 3540 4885">
    <p class='ocr_par' dir='ltr' id='par_1_101' title="bbox 1946 4811 3540 4885">
     <span class='ocr_line' id='line_1_102' title="bbox 1946 4811 3540 4885; baseline 0.004 -19"><span class='ocrx_word' id='word_1_746' title='bbox 1946 4827 2051 4881; x_wconf 93' lang='lat' dir='ltr'><strong>que</strong></span> <span class='ocrx_word' id='word_1_747' title='bbox 2079 4827 2266 4868; x_wconf 89' lang='lat' dir='ltr'><strong>versus</strong></span> <span class='ocrx_word' id='word_1_748' title='bbox 2294 4811 2454 4868; x_wconf 88' lang='lat' dir='ltr'><strong>finem</strong></span> <span class='ocrx_word' id='word_1_749' title='bbox 2482 4815 2662 4868; x_wconf 68' lang='lat' dir='ltr'><strong>saaculi</strong></span> <span class='ocrx_word' id='word_1_750' title='bbox 2691 4832 2743 4868; x_wconf 82' lang='lat' dir='ltr'><strong>iv</strong></span> <span class='ocrx_word' id='word_1_751' title='bbox 2771 4825 2926 4873; x_wconf 90' lang='lat' dir='ltr'><strong>natus</strong></span> <span class='ocrx_word' id='word_1_752' title='bbox 2948 4815 3128 4885; x_wconf 88' lang='lat' dir='ltr'><strong>fuerit,</strong></span> <span class='ocrx_word' id='word_1_753' title='bbox 3146 4824 3201 4872; x_wconf 91' lang='lat' dir='ltr'><strong>et</strong></span> <span class='ocrx_word' id='word_1_754' title='bbox 3226 4817 3366 4873; x_wconf 91' lang='lat' dir='ltr'><strong>forte</strong></span> <span class='ocrx_word' id='word_1_755' title='bbox 3387 4826 3540 4873; x_wconf 88' lang='lat' dir='ltr'><strong>octo-</strong></span> 
     </span>
    </p>
   </div>
   <div class='ocr_carea' id='block_1_102' title="bbox 1945 4903 3536 4980">
    <p class='ocr_par' dir='ltr' id='par_1_102' title="bbox 1945 4903 3536 4980">
     <span class='ocr_line' id='line_1_103' title="bbox 1945 4903 3536 4980; baseline 0.006 -25"><span class='ocrx_word' id='word_1_756' title='bbox 1945 4903 2194 4970; x_wconf 87' lang='lat' dir='ltr'><strong>genarius</strong></span> <span class='ocrx_word' id='word_1_757' title='bbox 2234 4903 2320 4958; x_wconf 86' lang='lat' dir='ltr'><strong>vel</strong></span> <span class='ocrx_word' id='word_1_758' title='bbox 2374 4906 2767 4972; x_wconf 86' lang='lat' dir='ltr'><strong>nonagenarius</strong></span> <span class='ocrx_word' id='word_1_759' title='bbox 2795 4907 2978 4972; x_wconf 80' lang='lat' dir='ltr'><strong>etiam,</strong></span> <span class='ocrx_word' id='word_1_760' title='bbox 3013 4908 3158 4963; x_wconf 90' lang='lat' dir='ltr'><strong>diem</strong></span> <span class='ocrx_word' id='word_1_761' title='bbox 3206 4925 3536 4980; x_wconf 90' lang='lat' dir='ltr'><strong>supremum,</strong></span> 
     </span>
    </p>
   </div>
   <div class='ocr_carea' id='block_1_103' title="bbox 1946 4995 3054 5067">
    <p class='ocr_par' dir='ltr' id='par_1_103' title="bbox 1946 4995 3054 5067">
     <span class='ocr_line' id='line_1_104' title="bbox 1946 4995 3054 5067; baseline 0.006 -21"><span class='ocrx_word' id='word_1_762' title='bbox 1946 5006 2097 5060; x_wconf 70' lang='lat' dir='ltr'><strong>aeque</strong></span> <span class='ocrx_word' id='word_1_763' title='bbox 2121 5007 2186 5048; x_wconf 87' lang='lat' dir='ltr'><strong>ac</strong></span> <span class='ocrx_word' id='word_1_764' title='bbox 2212 5002 2406 5048; x_wconf 65' lang='lat' dir='ltr'><strong>caetera</strong></span> <span class='ocrx_word' id='word_1_765' title='bbox 2436 4995 2674 5064; x_wconf 88' lang='lat' dir='ltr'><strong>ignotum</strong></span> <span class='ocrx_word' id='word_1_766' title='bbox 2706 4997 2806 5067; x_wconf 79' lang='grc' dir='ltr'><strong>(ά),</strong></span> <span class='ocrx_word' id='word_1_767' title='bbox 2838 4998 3054 5054; x_wconf 90' lang='lat' dir='ltr'><strong>obierit.</strong></span> 
     </span>
    </p>
   </div>
   <div class='ocr_carea' id='block_1_104' title="bbox 2527 5091 2913 5148">
    <p class='ocr_par' dir='ltr' id='par_1_104' title="bbox 2527 5091 2913 5148">
     <span class='ocr_line' id='line_1_105' title="bbox 2527 5091 2913 5148; baseline 0 0"><span class='ocrx_word' id='word_1_768' title='bbox 2527 5091 2540 5104; x_wconf 85' lang='grc'><em>’</em></span> <span class='ocrx_word' id='word_1_769' title='bbox 2564 5095 2672 5148; x_wconf 83' lang='lat' dir='ltr'><strong>§II.</strong></span> <span class='ocrx_word' id='word_1_770' title='bbox 2698 5097 2913 5148; x_wconf 73' lang='lat' dir='ltr'><strong>Scripta.</strong></span> 
     </span>
    </p>
   </div>
   <div class='ocr_carea' id='block_1_105' title="bbox 2017 5096 3538 5254">
    <p class='ocr_par' dir='ltr' id='par_1_105' title="bbox 2017 5096 3538 5254">
     <span class='ocr_line' id='line_1_106' title="bbox 2527 5096 2913 5148; baseline 0.008 -4"><span class='ocrx_word' id='word_1_771' title='bbox 2527 5096 2540 5104; x_wconf 87' lang='lat'>&#39;</span> <span class='ocrx_word' id='word_1_772' title='bbox 2606 5096 2672 5146; x_wconf 92' lang='lat' dir='ltr'><strong>II.</strong></span> <span class='ocrx_word' id='word_1_773' title='bbox 2698 5097 2814 5148; x_wconf 76' lang='lat' dir='ltr'><strong>Sari</strong></span> <span class='ocrx_word' id='word_1_774' title='bbox 2901 5136 2913 5147; x_wconf 95' lang='lat'><strong>.</strong></span> 
     </span>
     <span class='ocr_line' id='line_1_107' title="bbox 2017 5096 3538 5254; baseline 0.003 -24"><span class='ocrx_word' id='word_1_775' title='bbox 2017 5175 2281 5233; x_wconf 87' lang='lat' dir='ltr'><strong>Maximus</strong></span> <span class='ocrx_word' id='word_1_776' title='bbox 2320 5096 2668 5236; x_wconf 53' lang='lat' dir='ltr'><strong>Taurineﬁsis</strong></span> <span class='ocrx_word' id='word_1_777' title='bbox 2704 5106 2957 5237; x_wconf 47' lang='lat' dir='ltr'><strong>Ecclisaite</strong></span> <span class='ocrx_word' id='word_1_778' title='bbox 2998 5184 3312 5254; x_wconf 89' lang='lat' dir='ltr'><strong>episcopus,</strong></span> <span class='ocrx_word' id='word_1_779' title='bbox 3361 5181 3538 5251; x_wconf 89' lang='lat' dir='ltr'><strong>inquit</strong></span> 
     </span>
    </p>
   </div>
   <div class='ocr_carea' id='block_1_106' title="bbox 1945 5377 3536 5499">
    <p class='ocr_par' dir='ltr' id='par_1_106' title="bbox 1945 5377 3536 5499">
     <span class='ocr_line' id='line_1_108' title="bbox 1945 5377 3536 5499; baseline 0.007 -69"><span class='ocrx_word' id='word_1_780' title='bbox 1945 5377 2089 5499; x_wconf 42' lang='lat' dir='ltr'><strong>apag.</strong></span> <span class='ocrx_word' id='word_1_781' title='bbox 2110 5377 2236 5448; x_wconf 76' lang='grc'><strong>158)</strong></span> <span class='ocrx_word' id='word_1_782' title='bbox 2256 5387 2460 5445; x_wconf 88' lang='lat' dir='ltr'><strong>monet,</strong></span> <span class='ocrx_word' id='word_1_783' title='bbox 2483 5382 2722 5450; x_wconf 77' lang='lat' dir='ltr'><strong>potuisse</strong></span> <span class='ocrx_word' id='word_1_784' title='bbox 2745 5396 2867 5435; x_wconf 92' lang='lat' dir='ltr'><strong>eum</strong></span> <span class='ocrx_word' id='word_1_785' title='bbox 2891 5382 3051 5436; x_wconf 89' lang='lat' dir='ltr'><strong>etiam</strong></span> <span class='ocrx_word' id='word_1_786' title='bbox 3073 5383 3342 5451; x_wconf 90' lang='lat' dir='ltr'><strong>respicere</strong></span> <span class='ocrx_word' id='word_1_787' title='bbox 3363 5384 3536 5451; x_wconf 88' lang='lat' dir='ltr'><strong>legem</strong></span> 
     </span>
     <span class='ocr_line' id='line_1_109' title="bbox 1992 5447 3530 5499; baseline 0 0"><span class='ocrx_word' id='word_1_788' title='bbox 1992 5447 2234 5499; x_wconf 90' lang='lat' dir='ltr'><strong>heodosii</strong></span> <span class='ocrx_word' id='word_1_789' title='bbox 2257 5447 2495 5499; x_wconf 78' lang='lat' dir='ltr'><strong>Junioris</strong></span> <span class='ocrx_word' id='word_1_790' title='bbox 2519 5459 2575 5499; x_wconf 88' lang='lat' dir='ltr'><strong>et</strong></span> <span class='ocrx_word' id='word_1_791' title='bbox 2596 5451 2954 5499; x_wconf 81' lang='lat' dir='ltr'><strong>Valentiniani</strong></span> <span class='ocrx_word' id='word_1_792' title='bbox 2975 5451 3062 5499; x_wconf 82' lang='lat' dir='ltr'><strong>III-</strong></span> <span class='ocrx_word' id='word_1_793' title='bbox 3089 5454 3267 5499; x_wconf 85' lang='lat' dir='ltr'><strong>datam</strong></span> <span class='ocrx_word' id='word_1_794' title='bbox 3293 5469 3381 5499; x_wconf 83' lang='lat' dir='ltr'><strong>nn-</strong></span> <span class='ocrx_word' id='word_1_795' title='bbox 3408 5453 3530 5499; x_wconf 66' lang='lat'><strong>19.6-</strong></span> 
     </span>
    </p>
   </div>
   <div class='ocr_carea' id='block_1_107' title="bbox 1992 5447 3532 5520">
    <p class='ocr_par' dir='ltr' id='par_1_107' title="bbox 1992 5447 3532 5520">
     <span class='ocr_line' id='line_1_110' title="bbox 1992 5447 3532 5520; baseline 0.005 -21"><span class='ocrx_word' id='word_1_796' title='bbox 1992 5447 2234 5520; x_wconf 64' lang='lat' dir='ltr'><strong>heodosii</strong></span> <span class='ocrx_word' id='word_1_797' title='bbox 2257 5447 2501 5520; x_wconf 71' lang='lat' dir='ltr'><strong>Iunioris</strong></span> <span class='ocrx_word' id='word_1_798' title='bbox 2519 5459 2575 5504; x_wconf 92' lang='lat' dir='ltr'><strong>et</strong></span> <span class='ocrx_word' id='word_1_799' title='bbox 2596 5451 2954 5505; x_wconf 85' lang='lat' dir='ltr'><strong>Valentiniani</strong></span> <span class='ocrx_word' id='word_1_800' title='bbox 2975 5451 3062 5516; x_wconf 88' lang='lat' dir='ltr'><strong>III,</strong></span> <span class='ocrx_word' id='word_1_801' title='bbox 3089 5447 3267 5506; x_wconf 78' lang='lat' dir='ltr'><strong>datam</strong></span> <span class='ocrx_word' id='word_1_802' title='bbox 3293 5469 3381 5506; x_wconf 86' lang='lat' dir='ltr'><strong>an.</strong></span> <span class='ocrx_word' id='word_1_803' title='bbox 3408 5447 3532 5520; x_wconf 67' lang='lat' dir='ltr'><strong>I26,</strong></span> 
     </span>
    </p>
   </div>
   <div class='ocr_carea' id='block_1_108' title="bbox 1947 5515 3306 5576">
    <p class='ocr_par' dir='ltr' id='par_1_108' title="bbox 1947 5515 3306 5576">
     <span class='ocr_line' id='line_1_111' title="bbox 1947 5515 3306 5576; baseline 0.003 -7"><span class='ocrx_word' id='word_1_804' title='bbox 1947 5515 2134 5570; x_wconf 89' lang='lat' dir='ltr'><strong>iisdem</strong></span> <span class='ocrx_word' id='word_1_805' title='bbox 2166 5517 2467 5573; x_wconf 91' lang='lat' dir='ltr'><strong>Theodosio</strong></span> <span class='ocrx_word' id='word_1_806' title='bbox 2499 5537 2570 5574; x_wconf 83' lang='lat' dir='ltr'><strong>xu</strong></span> <span class='ocrx_word' id='word_1_807' title='bbox 2599 5529 2654 5575; x_wconf 92' lang='lat' dir='ltr'><strong>et</strong></span> <span class='ocrx_word' id='word_1_808' title='bbox 2681 5515 3062 5575; x_wconf 84' lang='lat' dir='ltr'><strong>Valentiniano</strong></span> <span class='ocrx_word' id='word_1_809' title='bbox 3088 5538 3140 5576; x_wconf 79' lang='lat' dir='ltr'><strong>iv</strong></span> <span class='ocrx_word' id='word_1_810' title='bbox 3167 5536 3306 5576; x_wconf 89' lang='lat' dir='ltr'><strong>coss.</strong></span> 
     </span>
    </p>
   </div>
   <div class='ocr_carea' id='block_1_109' title="bbox 2021 5584 3535 5668">
    <p class='ocr_par' dir='ltr' id='par_1_109' title="bbox 2021 5584 3535 5668">
     <span class='ocr_line' id='line_1_112' title="bbox 2021 5584 3535 5668; baseline 0.006 -29"><span class='ocrx_word' id='word_1_811' title='bbox 2021 5585 2098 5668; x_wconf 52' lang='lat' dir='ltr'><strong>td)</strong></span> <span class='ocrx_word' id='word_1_812' title='bbox 2128 5584 2389 5668; x_wconf 63' lang='lat' dir='ltr'><strong>Gennadii</strong></span> <span class='ocrx_word' id='word_1_813' title='bbox 2435 5604 2597 5668; x_wconf 75' lang='lat' dir='ltr'><strong>super</strong></span> <span class='ocrx_word' id='word_1_814' title='bbox 2641 5591 2746 5668; x_wconf 78' lang='lat' dir='ltr'><strong>hoc</strong></span> <span class='ocrx_word' id='word_1_815' title='bbox 2794 5604 3034 5668; x_wconf 72' lang='lat' dir='ltr'><strong>errorem</strong></span> <span class='ocrx_word' id='word_1_816' title='bbox 3075 5599 3167 5668; x_wconf 72' lang='lat' dir='ltr'><strong>aut</strong></span> <span class='ocrx_word' id='word_1_817' title='bbox 3196 5591 3535 5668; x_wconf 76' lang='lat' dir='ltr'><strong>librariorum</strong></span> 
     </span>
    </p>
   </div>
   <div class='ocr_carea' id='block_1_110' title="bbox 1950 5656 3553 5778">
    <p class='ocr_par' dir='ltr' id='par_1_110' title="bbox 1950 5656 3553 5778">
     <span class='ocr_line' id='line_1_113' title="bbox 1950 5656 3553 5778; baseline 0.004 -70"><span class='ocrx_word' id='word_1_818' title='bbox 1950 5656 2142 5778; x_wconf 56' lang='grc' dir='ltr'><strong>ιᾶοῑὶιιςι</strong></span> <span class='ocrx_word' id='word_1_819' title='bbox 2158 5656 2210 5712; x_wconf 88' lang='lat' dir='ltr'><strong>in</strong></span> <span class='ocrx_word' id='word_1_820' title='bbox 2238 5672 2303 5713; x_wconf 88' lang='lat' dir='ltr'><strong>eo</strong></span> <span class='ocrx_word' id='word_1_821' title='bbox 2327 5656 2445 5713; x_wconf 88' lang='lat' dir='ltr'><strong>loco</strong></span> <span class='ocrx_word' id='word_1_822' title='bbox 2469 5656 2808 5714; x_wconf 68' lang='lat' dir='ltr'><strong>oScitantiam</strong></span> <span class='ocrx_word' id='word_1_823' title='bbox 2832 5658 3039 5729; x_wconf 88' lang='lat' dir='ltr'><strong>pridem</strong></span> <span class='ocrx_word' id='word_1_824' title='bbox 3068 5659 3164 5715; x_wconf 86' lang='lat' dir='ltr'><strong>viri</strong></span> <span class='ocrx_word' id='word_1_825' title='bbox 3187 5659 3332 5714; x_wconf 86' lang='lat' dir='ltr'><strong>docti</strong></span> <span class='ocrx_word' id='word_1_826' title='bbox 3353 5675 3553 5716; x_wconf 40' lang='lat' dir='ltr'><strong>cuneus.</strong></span> 
     </span>
     <span class='ocr_line' id='line_1_114' title="bbox 1989 5740 2159 5778; baseline 0 0"><span class='ocrx_word' id='word_1_827' title='bbox 1989 5740 2118 5778; x_wconf 88' lang='lat' dir='ltr'><strong>arun</strong></span> <span class='ocrx_word' id='word_1_828' title='bbox 2147 5763 2159 5778; x_wconf 90' lang='lat'><strong>.</strong></span> 
     </span>
    </p>
   </div>
   <div class='ocr_carea' id='block_1_111' title="bbox 1989 5740 2159 5779">
    <p class='ocr_par' dir='ltr' id='par_1_111' title="bbox 1989 5740 2159 5779">
     <span class='ocr_line' id='line_1_115' title="bbox 1989 5740 2159 5779; baseline 0 -1"><span class='ocrx_word' id='word_1_829' title='bbox 1989 5740 2159 5779; x_wconf 87' lang='lat' dir='ltr'><strong>arum.</strong></span> 
     </span>
    </p>
   </div>
  </div>
