3898 6226
510 451 617 509 Πῢ

1623 447 1692 502 lN
1726 445 1786 503 S.
1811 445 2141 503 MAXIMUM
2179 443 2661 503 τΑυειιΝεκεΕι

3654 441 3746 498 ilo

509 561 822 624 Gennadius
846 562 904 619 in
928 561 1125 619 divinis
1162 559 1454 632 Scripturis
1495 559 1628 615 satis
1670 558 1910 616 intentas
1936 566 1994 616 et
2019 559 2091 615 ad
2116 561 2166 622 Α
2191 559 2463 629 Ducangio
2488 557 2590 631 (ι),
2631 572 2696 614 ea
2726 572 2826 614 nec
2852 558 2907 614 in
2948 555 3300 614 Maximianos
3338 558 3631 628 quadram,
3657 574 3747 616 nec

508 650 809 711 docendam
836 666 906 707 ex
932 659 1176 722 tempore
1200 650 1413 721 plebem
1452 648 1724 706 solliciens
1739 689 1757 718 ,
1786 650 2091 724 composuit

507 745 566 801 In
593 743 809 799 laudem
834 743 1203 813 apostolorum
1224 749 1483 797 tractatus
1508 750 1565 797 et
1584 742 1638 796 in
1656 740 1876 798 Joannis
1903 742 2087 812 Bapti-

509 840 625 898 stae,
650 840 707 887 et
728 831 1037 900 generalem
1072 831 1314 886 omnium
1334 839 1630 901 martyrum
1655 830 1950 885 homiliam.
1980 830 2090 886 Sed

509 930 564 977 et
584 921 656 976 de
683 919 930 992 capitulis
955 919 1366 988 Evangelion
1384 926 1442 975 et
1461 919 1688 975 Actuum
1709 918 2087 989 Apostolorum

507 1011 675 1067 multa
721 1011 994 1080 sapienter
1037 1009 1306 1079 exposuit.
1350 1007 1503 1064 Fecit
1548 1008 1624 1063 et'
1646 1007 1785 1064 duos
1823 1007 1894 1062 de
1919 1007 2089 1063 sancti

508 1096 726 1153 Eusebii
753 1097 1111 1153 Vcrcellensis
1133 1097 1374 1168 episcopi
1408 1105 1466 1154 et
1489 1097 1812 1154 confessoris
1839 1097 1946 1152 vita
1974 1105 2088 1151 tra-

507 1196 716 1253 ctatus,
747 1194 803 1242 et
828 1187 900 1242 de
925 1187 1096 1243 sancti
1121 1186 1405 1258 Cypriani;
1433 1187 1721 1257 specialem
1747 1185 1817 1241 de
1839 1186 2083 1256 baptisnu'

507 1278 682 1346 gratia
707 1277 907 1332 librum
946 1276 1137 1333 edidit.
1167 1277 1396 1347 Scripsit
1423 1277 1492 1333 de
1520 1279 1772 1344 avaritia;
1801 1277 1872 1333 de
1903 1278 2082 1347 hospi-

508 1369 747 1434 talitate;
795 1368 865 1424 de
911 1356 1129 1424 defectu
1168 1369 1341 1435 im;
1389 1368 1461 1424 de
1504 1369 1886 1441 eleemosynis;
1913 1369 1983 1425 de
2023 1386 2090 1426 eo

508 1459 656 1527 quod
699 1459 958 1529 scriptum
1001 1467 1087 1515 est
1130 1460 1185 1514 in
1228 1459 1409 1516 Isaia:
1440 1459 1711 1530 Caupones
1758 1462 1834 1514 tui
1877 1461 2091 1516 miscent

509 1565 696 1619 aquam
715 1550 862 1613 vino;
883 1549 953 1604 de
972 1549 1223 1619 passione
1243 1549 1484 1615 Domini;
1507 1549 1577 1605 de
1591 1549 1797 1618 jejunio
1813 1565 2089 1604 servorum

509 1633 634 1700 Dei;
666 1635 735 1690 de
756 1635 964 1705 jejunio
990 1634 1214 1706 speciali
1241 1636 1691 1706 Quadragesimaa,
1715 1645 1773 1692 ct
1798 1636 1943 1706 quod
1979 1651 2086 1691 non

509 1727 580 1785 sit
605 1728 663 1782 in
700 1743 768 1784 eo
807 1727 1132 1797 jocandum,
1177 1728 1250 1783 de
1293 1727 1433 1784 Juda
1479 1727 1770 1794 traditore;
1817 1726 1889 1782 de
1929 1742 2091 1783 cruce

509 1816 740 1884 Domini,
764 1816 836 1874 de
858 1818 1108 1888 sepulcro
1136 1819 1271 1888 ejus,
1293 1825 1350 1874 et
1376 1817 1448 1873 de
1473 1817 1868 1874 resmrectione
1895 1817 2086 1886 ipsius;

2189 652 2406 706 omnino
2432 650 2521 706 hic
2539 649 2949 720 expetebantur.
2992 647 3195 719 Nempe
3213 663 3324 704 non
3342 655 3454 704 tam
3481 650 3745 718 φαιδιμ-

2188 748 2276 795 tur
2300 754 2419 810 qua:
2443 753 2636 794 vocum
2671 739 2740 793 sit
2766 737 2978 793 illarum
3000 738 3336 808 signiﬁcatio,
3366 752 3528 806 quam
3554 738 3746 807 potius,

2187 844 2295 898 quo
2313 828 2458 898 jure,
2480 829 2743 898 quibusve
2763 827 2973 884 indiciis
2993 829 3227 897 singulas
3246 828 3522 884 orationes
3547 827 3600 880 in
3620 827 3750 882 hanc

2188 917 2399 972 illumve
2443 917 2816 973 collectionem
2861 916 3148 986 adlegerit,
3179 918 3473 988 praesertim
3510 930 3631 972 cum
3667 917 3749 969 vix

2189 1006 2443 1061 credibile
2470 1006 2540 1060 sit
2568 1006 2735 1062 libros
2774 1022 2904 1061 mss.
2953 1006 3007 1060 in
3054 1007 3159 1061 hoc
3193 1007 3325 1062 satis
3374 1010 3678 1062 constantes
3705 1003 3749 1058 ei

2187 1095 2350 1151 duces
2370 1092 2555 1151 fuisse.
2587 1095 2697 1152 Sed
2723 1096 2907 1166 accipe
2934 1094 3182 1150 indicem.

2813 1202 2852 1245 1ο
2884 1201 3134 1244 ιιοιιιιι.

2799 1274 2880 1328 De
2905 1284 3147 1343 tempore.

2257 1361 2299 1416 I.
2329 1364 2462 1417 Ante
2488 1360 2683 1417 Natale
2708 1363 2942 1418 Domini.

2258 1452 2320 1508 II.
2353 1451 2420 1507 In
2440 1454 2672 1509 Adventu
2692 1454 2979 1521 dominico,
3000 1463 3052 1508 et
3077 1455 3143 1508 ds
3165 1471 3226 1509 eo
3256 1453 3391 1526 quod
3415 1453 3664 1523 scripturn
3683 1461 3752 1505 est

2188 1540 2320 1595 Luc.
2343 1558 2470 1596 xm.

2256 1629 2343 1684 III.
2377 1630 2548 1700 Super
2573 1632 2752 1686 eadem
2778 1632 2928 1688 verba
2956 1631 3248 1705 Evangelii.

2255 1719 2346 1784 IV,
2376 1719 2439 1774 V.
2471 1722 2604 1775 Ante
2624 1720 2818 1777 Natale
2845 1722 3072 1778 Domini.

2257 1807 2473 1864 VI-XV.
2496 1809 2576 1865 De
2595 1809 2885 1867 Natioitate
2901 1812 3134 1879 Domini,
3162 1811 3283 1867 I-X.
3307 1811 3383 1869 Ex
3412 1812 3497 1868 his
3534 1821 3756 1882 quatuor

509 1904 580 1961 de
606 1914 858 1963 accusato
886 1915 942 1962 et
977 1906 1236 1963 damnato
1282 1907 1512 1964 Domino
1548 1907 1693 1978 apud
1734 1905 1991 1973 Pilatum;
2022 1907 2093 1963 de
2121 1908 2168 1968 Β
2193 1900 2400 1970 priores
2426 1917 2568 1958 nunc
2593 1903 2824 1972 primum
2850 1911 2975 1959 sunt
2999 1904 3176 1960 editae.

511 1994 751 2049 calendis
773 1993 1060 2050 Ianuariis.
1109 1994 1336 2065 Scripsit
1363 1995 1527 2050 etiam
1554 1995 1802 2051 homilias
1827 1994 1898 2050 de
1926 1995 2088 2049 natali

379 2115 387 2122 -
506 2082 755 2151 Domini;
780 2084 1030 2141 bomilias
1053 2084 1122 2141 de
1141 2084 1512 2157 Theophanis,
1533 2093 1589 2141 et
1610 2084 1679 2141 de
1698 2083 1923 2148 Pascha,
1946 2084 2090 2143 etde

506 2171 828 2230 Pentecoste
849 2175 1074 2242 multas;
1093 2175 1162 2231 de
1181 2175 1427 2231 hostibus
1445 2175 1748 2231 carnalibus
1765 2191 1873 2232 non
1896 2176 2087 2231 timen-

506 2262 588 2318 dis
613 2269 670 2318 et
696 2261 767 2318 de
792 2264 982 2332 gratiis
1021 2271 1148 2335 post
1183 2265 1362 2319 cibum
1387 2264 1499 2320 Deo
1540 2264 1794 2334 agendis;
1826 2264 1894 2320 de
1917 2264 2088 2334 pinni-

509 2352 678 2408 tentia
719 2351 1091 2421 Ninivitarum,
1113 2361 1170 2409 et
1206 2355 1406 2412 multas
1445 2355 1579 2412 alias
1605 2354 1722 2425 ejus
1747 2355 1996 2411 bomilias
2022 2355 2091 2411 de

503 2443 740 2498 diversis
775 2443 910 2514 legi,
940 2459 1080 2513 quas
1112 2445 1322 2502 retineo
1349 2443 1564 2520 [forsan
1587 2444 1842 2517 reticeo].
1885 2445 2090 2502 Eadem

506 2531 690 2586 omnia
717 2531 1018 2602 eodemque
1044 2547 1184 2603 pene
1206 2532 1399 2588 ordine
1418 2541 1473 2588 et
1504 2533 1874 2602 designatione
1901 2536 2092 2590 recitat

506 2618 837 2678 'I'rithemius
856 2622 955 2694 (a),
976 2631 1242 2694 praterea
1260 2639 1392 2679 vero
1415 2623 1486 2680 de
1505 2623 1681 2680 oillcio
1701 2623 1874 2680 Missa:
1894 2625 2089 2680 librum

506 2725 547 2771 ι,
588 2709 658 2766 de
675 2719 866 2767 sancto
887 2710 1178 2770 Laurentio
1197 2713 1344 2769 hom.
1369 2714 1422 2780 5,
1445 2713 1590 2770 etde
1607 2722 1796 2771 sancto
1814 2713 2089 2786 Stephano

504 2803 652 2857 hom.
694 2800 746 2868 l,
790 2802 986 2871 quibus
1011 2802 1261 2859 omnibus
1285 2804 1613 2861 enumeratis
1639 2803 1829 2859 addit:
1865 2804 2091 2875 Scripsit

503 2899 555 2946 et
582 2891 691 2948 alia
717 2890 919 2945 multa:
944 2907 1208 2946 sermones
1225 2901 1276 2945 et
1299 2900 1570 2959 tractatus,
1591 2893 1837 2963 epistolas
1853 2903 1905 2948 et
1923 2894 2089 2950 [tonsi-

504 2980 629 3047 κω,
653 2995 770 3053 ipse
809 2979 881 3034 ad
925 2981 1165 3036 notitiam
1204 2998 1373 3036 means
1414 2999 1521 3037 non
1559 2991 1913 3052 pervenerunt.
1953 2983 2090 3040 IIuic

504 3084 636 3127 vero
681 3077 958 3141 postremo
1002 3070 1283 3140 utriusque
1317 3070 1419 3126 viri
1466 3080 1676 3127 asserto
1711 3079 1925 3129 veteres
1966 3072 2086 3128 libri

504 3177 638 3218 mss.
659 3161 824 3231 plane
851 3161 1236 3227 assentiuntur,
1267 3176 1338 3216 ex
1362 3162 1557 3231 quibus
1583 3163 1741 3232 longe
1766 3162 1948 3232 plures
1973 3176 2088 3218 ser-

506 3264 697 3306 mones
746 3263 911 3319 quam
947 3249 1018 3305 ab
1055 3248 1162 3304 illis
1188 3249 1388 3305 diserte
1433 3249 1639 3304 laudati
1681 3261 1855 3317 erant,
1885 3251 2090 3306 iteratis
2115 3251 2160 3314 C

504 3341 742 3400 virorum
766 3341 1052 3399 doctorum
1075 3341 1414 3411 studiis,jam
1436 3343 1642 3413 pridem
1665 3351 1792 3397 sunt
1809 3344 1966 3408 eruti,
1990 3360 2090 3398 nu-

502 3447 605 3504 per
628 3446 760 3487 vero
787 3438 844 3488 et
875 3432 978 3487 iste
1003 3444 1262 3487 numerus
1285 3431 1429 3486 ultra
1454 3430 1737 3487 dimidium
1765 3431 1818 3485 in
1847 3430 2088 3487 Romana

505 3523 746 3580 editione
771 3522 1035 3580 adauctus
1073 3528 1180 3589 est,
1208 3523 1499 3592 omniaque
1522 3522 2006 3578 vetustissimam
2033 3532 2090 3578 et

503 3613 831 3685 optimarum
847 3611 1282 3668 membranarum
1302 3611 1622 3668 testimoniis
1647 3611 1724 3666 ita
1749 3619 1874 3667 sunt
1893 3612 2088 3668 contir-

504 3711 672 3769 mata,
707 3709 769 3757 ut
793 3700 864 3757 de
889 3701 1199 3756 sinceritate
1224 3715 1413 3757 eorum
1452 3707 1778 3756 tractatuum
1803 3701 1894 3770 qui
1921 3700 2090 3756 Maxi-

505 3808 598 3849 mo
619 3792 708 3848 hic
738 3798 1051 3846 asseruntur
1075 3789 1296 3846 dubium
1317 3803 1603 3861 superesse
1626 3805 1734 3846 non
1755 3791 1941 3861 possit.
1970 3789 2088 3845 lam

504 3895 636 3952 ergo
665 3881 970 3937 novissima:
1006 3879 1166 3949 hujus
1204 3878 1455 3934 editionis
1489 3879 1722 3935 indicem
1748 3888 1805 3934 et
1831 3878 2086 3934 distribu-

506 3976 710 4030 tionem
749 3972 1042 4028 videamus.
1085 3968 1403 4026 Constitutae
1442 3979 1568 4026 sunt
1611 3970 1680 4025 ab
1726 3971 1936 4027 editors
1980 3979 2090 4027 tres

504 4064 706 4120 classes
741 4075 840 4117 seu
882 4061 1252 4126 collectiones,
1277 4060 1612 4114 Itontiliornm
1635 4061 1859 4126 scilicet,
1887 4077 2087 4115 sermo-

503 4169 629 4208 nant
647 4158 704 4208 et
722 4158 1054 4217 tractatuum,
1077 4150 1272 4218 quibus
1294 4148 1502 4219 adjecta
1528 4156 1654 4205 sunt
1677 4148 1832 4204 dubia
1858 4155 1951 4204 aut
1969 4164 2090 4218 qua

500 4241 739 4299 Iaximo
765 4240 925 4310 plane
949 4237 1274 4295 videbantur
1296 4238 1517 4309 indigna
1535 4280 1550 4305 ,
1595 4239 1738 4294 inter
1777 4253 1898 4308 quae
1923 4240 2088 4295 etiam

498 4331 735 4403 epistola:
768 4328 905 4383 dua.
933 4325 1178 4382 Homilise
1203 4342 1368 4398 porro
1408 4334 1467 4382 et
1509 4341 1788 4383 sermones
1827 4324 2088 4383 trifariam

498 4421 685 4478 divisa:
710 4426 838 4476 sunt
862 4425 923 4474 et
944 4417 1213 4487 inscriptae
1235 4417 1300 4471 de
1328 4415 1593 4487 Tempore,
1618 4416 1684 4471 de
1710 4414 1920 4472 Sanctis
1943 4423 1999 4471 et
2025 4415 2089 4471 de

500 4509 732 4567 Diversis
770 4525 792 4564 :
836 4508 1032 4579 quibus
1078 4506 1386 4563 nominibus
1441 4505 1755 4576 plerumque
1798 4503 2085 4574 signiﬁcari

2263 1988 2397 2045 XVI.
2428 1991 2509 2046 De
2523 1993 2750 2047 colendis
2767 1992 3053 2048 Ianuariis.

2263 2080 2652 2137 xvn—xxvm.
2670 2078 2750 2137 De
2761 2082 3057 2154 Epiphania
3314 2083 3474 2147 1-111,
3491 2083 3760 2154 exquibus

2189 2169 2230 2238 I,
2263 2170 2325 2235 II,
2355 2169 2439 2235 III,
2468 2170 2537 2224 IV
2561 2179 2614 2226 et
2644 2172 2711 2226 VI
2737 2188 2768 2227 a
2795 2173 2974 2229 Bruno
3002 2175 3232 2243 primum
3271 2182 3396 2230 sunt
3436 2181 3688 2245 repetite.

2262 2257 2666 2314 XXIX-XXXV.
2683 2260 2765 2315 De
2783 2259 3032 2333 baptismo
3047 2260 3256 2330 Christi,
3271 2262 3436 2330 I-VII,
3457 2278 3684 2334 quarum
3699 2261 3757 2327 ll,

2189 2349 2284 2415 IIl,
2313 2350 2377 2405 IV
2403 2358 2460 2406 et
2485 2350 2530 2404 V
2559 2359 2715 2405 antea
2743 2359 2897 2406 erant
2924 2353 3158 2408 inedita.

2260 2439 2487 2496 XXXVI.
2520 2440 2588 2497 In
2615 2442 2700 2497 die
2718 2441 2974 2497 Cinerttnt.

2259 2531 2515 2587 XXXVII.
2547 2532 2628 2586 De
2647 2535 2848 2604 jejunio
2870 2533 3310 2607 Qnadragesitnte.

2260 2620 2749 2678 XXXVIII.-XLIV.
2775 2623 2856 2678 De
2875 2621 3304 2695 Quadragesinta,
3332 2619 3545 2680 II-VIII.

2259 2711 2414 2767 XLV.
2445 2711 2720 2769 Dominico
2737 2714 2794 2767 in
2812 2716 2971 2769 ramis
2995 2713 3314 2768 Palinurum.

2259 2800 2438 2856 XLVI.
2452 2801 2532 2856 De
2549 2810 2790 2858 accusata
2809 2813 2858 2858 et
2869 2805 3105 2875 indicato
3115 2804 3340 2860 Domino
3353 2805 3493 2874 apud
3513 2802 3760 2860 Pilatum.

2258 2889 2459 2947 XLVII.
2489 2893 2572 2948 De
2601 2894 2776 2949 eodent
2793 2895 3018 2965 judicio.

2260 2981 2481 3038 XLVIII.
2511 2983 2592 3039 De
2616 2984 2754 3039 ludo
2779 2986 3062 3059 proditore.

2257 3070 2434 3128 XLIX.
2466 3073 2544 3128 De
2571 3076 2814 3145 passione
2831 3083 2881 3128 et
2900 3091 3050 3130 cruce
3065 3073 3298 3140 Domini,
3321 3074 3363 3129 I.

2258 3163 2320 3219 L.
2351 3164 2429 3219 De
2447 3181 2596 3220 cruce
2615 3163 2846 3232 Domini,
2875 3165 2940 3220 II.

2259 3253 2344 3320 LI,
2374 3253 2481 3309 LII.
2514 3253 2593 3310 De
2613 3265 2793 3310 sancto
2817 3251 3126 3320 Latrone,l,
3154 3253 3222 3312 II.

2259 3344 2388 3398 LIII.
2420 3344 2500 3398 De
2519 3347 2815 3415 pteniteMia
2835 3344 2982 3400 Petri
2998 3353 3048 3398 et
3065 3345 3283 3400 ostiaria
3301 3342 3519 3398 ancilla.

2258 3434 2390 3490 LIV.
2424 3434 2502 3489 De
2520 3435 2696 3490 eodem
2715 3434 2873 3490 Petro
2895 3435 3147 3506 apostolo.

2259 3524 2368 3579 LV.
2399 3525 2480 3579 De
2500 3527 2630 3597 {esto
2658 3525 2897 3592 Pascha,
2924 3524 2964 3578 I.

2258 3612 2386 3667 LVI.
2407 3613 2482 3668 De
2497 3613 2672 3668 lania
2683 3613 2996 3687 Hagdalena
3010 3621 3060 3668 et
3074 3614 3443 3669 resurrectione
3453 3612 3698 3680 Domini,
3711 3611 3749 3666 ll
3758 3648 3773 3663 .

2260 3702 2554 3757 LVII-LIX.
2583 3703 2664 3758 De
2679 3704 2863 3758 eadem
2894 3703 3113 3760 Pascite
3131 3704 3478 3768 «lemnitate,
3503 3701 3650 3758 III-V

2258 3790 2369 3844 LX.
2409 3791 2488 3846 De
2513 3791 2825 3849 Ascensione
2851 3792 3082 3847 Domini.

2256 3878 2370 3934 LXI
2386 3878 2581 3935 -LXIlI.
2637 3880 2716 3936 De
2766 3882 3091 3936 solemnitate
3143 3889 3344 3936 sancte
3400 3879 3760 3945 Pentecostes,

2186 3970 2324 4026 I-lII.

2814 4061 2896 4117 De
2922 4063 3134 4119 sanctis.

2258 4149 2436 4206 LXIV.
2477 4149 2547 4205 In
2589 4151 2755 4207 natali
2794 4151 2858 4208 S.
2897 4151 3154 4223 Stephani
3180 4154 3345 4209 let-ius
3379 4165 3431 4208 et
3475 4164 3766 4226 protomar-

2194 4241 2340 4311 me.

2256 4327 2626 4386 LXV-LXVII.
2658 4329 2727 4387 In
2745 4330 2831 4386 die
2852 4331 3139 4388 natiuitatis
3171 4331 3235 4391 S.
3249 4332 3480 4390 Joannis
3501 4333 3772 4405 Baptista,

2257 4510 2720 4570 LXVIII-LXXIII.
2775 4512 2846 4568 In
2871 4515 3036 4570 natali
3086 4514 3193 4572 SS.
3236 4515 3603 4587 apostolorum
3630 4515 3775 4571 Petri

497 4599 677 4656 solent
701 4596 974 4653 orationes
998 4595 1287 4650 mobilibus
1311 4594 1505 4649 diebus
1529 4593 1709 4659 festis,
1741 4593 1810 4649 de
1835 4593 2082 4650 laudibus
2106 4597 2157 4658 D
2180 4609 2232 4656 et
2266 4599 2444 4668 Pasti,
2491 4600 2629 4668 I-Vl,
2676 4617 2901 4673 quarum
2956 4602 3145 4660 enim
3181 4603 3446 4660 magna;
3473 4603 3662 4661 {nam
3689 4604 3769 4659 in-

497 4694 830 4752 sanctorum,
857 4692 1150 4757 martyrum
1178 4692 1236 4742 et
1260 4682 1627 4740 confessorum
1655 4682 1711 4737 in
1735 4682 1962 4740 solemni
1981 4698 2080 4739 eo-

497 4777 812 4835 rumnatali
850 4774 939 4832 die
983 4775 1206 4841 habitis;
1253 4781 1311 4830 et
1352 4788 1474 4844 qum
1517 4772 1588 4828 ad
1630 4773 1810 4829 locum
1849 4772 2081 4844 aliquem

497 4882 774 4924 sacrarum
812 4865 1210 4937 Scripturarum
1249 4864 1620 4921 illustrandum
1657 4864 1964 4934 pertinent,
1989 4871 2084 4920 aut

499 4957 829 5014 solemnibus
853 4955 1171 5028 quibusdam
1194 4952 1566 5010 occasionibus
1588 4953 1803 5009 fuerunt
1819 4953 2077 5012 recitata.

501 5046 630 5105 Bac
652 5047 958 5103 distributio
985 5042 1312 5102 editionibus
1339 5042 1703 5114 superioribus
1733 5052 1818 5100 est
1843 5058 2081 5101 consona

498 5148 556 5195 et
581 5137 807 5193 debetur
842 5135 1168 5191 lectionarii‘s
1212 5135 1470 5204 antiquis,
1517 5149 1584 5189 ex
1625 5134 1821 5204 quibus
1847 5135 2079 5205 prhum

500 5227 719 5281 Maximi
766 5237 1044 5281 sermones
1069 5225 1222 5292 seligi
1248 5233 1544 5296 cmperunt.
1575 5223 1778 5290 Quibus
1804 5232 1984 5280 autem
2012 5225 2081 5280 de

499 5317 676 5374 causis
702 5317 938 5387 priorem
966 5315 1244 5384 amplexus
1267 5316 1354 5381 sit,
1384 5327 1486 5371 nec
1525 5315 1639 5385 ipse
1667 5314 1931 5385 explicat,
1979 5330 2079 5370 nec

500 5406 640 5462 alius
663 5408 945 5476 quisquam
971 5404 1127 5461 facile
1155 5405 1389 5474 detegat.
1428 5404 1565 5460 Nam
1588 5419 1708 5474 qua:
1747 5402 1817 5459 ab
1855 5419 1922 5460 eo
1948 5403 2078 5460 aﬂ'e-

499 5503 694 5555 runlur
721 5495 792 5553 de
816 5495 1157 5556 humiliantur
1201 5503 1260 5552 et
1304 5510 1608 5552 sermonum
1653 5495 1965 5554 discrimine
2007 5511 2074 5553 ex

577 5627 656 5697 (α)
697 5626 1167 5697 Quemahnodum
1195 5629 1345 5684 enim
1376 5627 1696 5688 Gennadius
1722 5630 1860 5686 alios
1887 5639 2093 5687 tracta-

505 5695 616 5768 tus,
639 5695 781 5768 alias
804 5695 1064 5768 Ioniilias
1087 5698 1345 5768 appellat,
1373 5699 1455 5754 sic
1479 5698 1814 5755 Trithemius
1839 5699 1893 5755 in
1922 5702 2091 5756 libros

504 5774 558 5821 ot
583 5766 839 5822 homilias
863 5766 1135 5835 dispescit
1150 5766 1202 5823 et
1229 5775 1462 5840 utroque
1487 5771 1707 5826 nomine
1733 5771 1951 5828 eosdem
1980 5770 2094 5827 fere

2184 4689 2717 4836 edIIXXIV-LXXVI.
2764 4780 2832 4838 In
2868 4783 3037 4838 natali
3085 4782 3151 4840 S.
3191 4780 3462 4838 Laurentii
3511 4784 3686 4842 lenita
3726 4793 3775 4841 et

2183 4871 2448 4941 martyris,
2476 4870 2612 4925 I—III.
2983 4914 2985 4916 .

2814 4958 2882 5016 In
2912 4961 3077 5018 natali
3101 4959 3161 5018 S.
3183 4960 3398 5018 Eusebii
3429 4962 3771 5022 γῆκααώ

2252 5063 2432 5102 iscum.
2489 5087 2504 5102 .
2594 5087 2608 5101 .

2185 5062 2730 5200 ‘PKX'I’Xi’LIXXX.
2764 5138 2828 5193 In
2881 5139 3048 5200 natali
3078 5140 3140 5197 S.
3169 5138 3418 5211 Cypriani
3444 5143 3686 5214 episcopi
3726 5151 3774 5197 et

2544 5319 2607 5373 II.
2667 5317 2733 5373 In
2785 5321 2951 5374 natali
2993 5319 3097 5379 SS.
3145 5330 3433 5394 mat-tyrant
3480 5323 3768 5380 Taurina-

2180 5411 2313 5464 siunt
2345 5407 2565 5474 Octacii,
2596 5410 2832 5463 Adventii
2855 5421 2907 5464 et
2934 5409 3208 5468 Solntoris.

2251 5497 2502 5556 LXXXII.
2535 5497 2617 5553 De
2638 5499 2830 5554 sanctis
2846 5507 3062 5570 martyr.

2179 5650 2315 5705 quos
2342 5636 2432 5691 ille
2449 5634 2729 5705 designat.

2252 5706 2326 5779 (b)
2356 5705 2412 5762 ['n
2441 5701 2655 5778 Ρητῑε
2686 5703 2773 5773 ss,
2803 5717 2921 5775 pag.
2953 5701 3034 5760 δι
