3924 6232
551 315 654 370 183

614 425 793 491 CXIII,
817 422 996 480 CXIV.
1030 422 1111 478 De
1131 421 1454 489 Pentecoste,
1483 421 1593 488 VII,
1620 420 1752 478 VIII.

622 513 776 580 CXV,
805 512 986 569 CXVI.
1013 512 1078 567 In
1103 511 1321 566 adventu
1348 512 1578 578 divitum,
1604 511 1646 577 I,
1676 511 1738 578 Il,
1770 517 1893 566 post
1920 518 2122 565 tracta-

547 617 630 662 tus
651 605 922 661 collocati.

1110 709 1184 748 III.
1229 708 1558 747 ’πωλεῖ-ηυξ.

617 828 751 882 I-III.
777 828 856 882 De
876 829 1148 897 baptismo,
1170 827 1212 892 I,
1254 827 1319 891 lI,
1344 826 1430 880 III.

614 918 700 973 IV.
733 917 925 972 Contra
952 934 1204 987 paganos,
1233 925 1391 971 antea
1415 918 1658 970 ineditus.

615 1008 678 1062 V.
723 1007 917 1061 Contra
944 1008 1174 1072 Iudaeos,
1205 1017 1358 1062 antea
1384 1008 1586 1076 pariter
1623 1007 1873 1061 ineditus.

614 1099 702 1153 VI.
735 1099 1103 1169 Expositiones
1132 1100 1194 1152 de
1231 1099 1472 1169 capitulis
1509 1098 1939 1169 Evangeliorum,
1963 1111 2124 1165 quem

543 1201 688 1242 nunc
713 1188 946 1257 primum
975 1188 1116 1242 eruit
1143 1187 1373 1254 Brunus,
1402 1187 1648 1242 eumdem
1684 1202 1804 1242 esse
1835 1186 2124 1242 arbitratus

545 1277 639 1349 qui
667 1294 700 1333 a
729 1278 1012 1335 Gennadio
1040 1286 1391 1333 memoratur.

917 1429 982 1485 In
1013 1431 1346 1502 appendicem
1372 1431 1590 1490 coniecti
1617 1441 1754 1484 sunt.

616 1581 906 1638 Sermones
932 1601 943 1634 :
967 1581 1008 1648 l,
1028 1582 1091 1636 11.
1122 1582 1202 1637 De
1232 1583 1451 1636 adventu
1480 1582 1708 1647 Domini,
1729 1591 1882 1637 antea
1912 1583 2116 1638 inetﬁti.

545 1673 630 1729 lII.
658 1672 735 1727 De
770 1675 1149 1743 praeparatione
1179 1673 1249 1727 ad
1275 1672 1487 1726 Domini
1531 1671 1886 1727 Nativitatem.
1921 1673 2006 1728 IV.
2044 1675 2121 1727 De

545 1760 734 1816 Natali
771 1761 1002 1827 Domini,
1051 1769 1209 1815 antea
1247 1761 1498 1816 ineditus.
1532 1762 1617 1816 V.’
1639 1762 1807 1832 Super
1837 1763 1930 1816 illa
1973 1763 2123 1816 verba
2153 1759 2200 1819 Β

542 1851 737 1906 Matth.
770 1868 816 1906 c.
861 1869 899 1908 n
933 1871 943 1904 :
977 1851 1240 1906 Defuncto
1281 1851 1493 1907 Herode
1533 1854 1781 1922 apparuit
1824 1854 1877 1907 in
1921 1857 2121 1910 somnis

545 1942 747 2012 Ioseph
778 1944 832 1996 in
863 1942 1118 2013 Egypto,
1144 1950 1271 2006 etc.,
1295 1950 1451 1995 antea
1471 1942 1723 1996 ineditus.
1749 1942 1833 1996 VI.
1868 1942 1934 1996 In
1950 1945 2121 2014 vigilia

542 2034 780 2089 Bacchae.
803 2034 914 2088 VII.
947 2033 1026 2086 De
1044 2034 1127 2086 die
1146 2033 1419 2087 dominica:
1444 2033 1790 2098 Ascensionis,
1823 2044 1978 2087 antea
2009 2036 2122 2090 ine-

541 2123 703 2179 ditiis.
728 2123 861 2177 VIII.
891 2123 970 2176 De
995 2123 1312 2176 Pentecoste.
1336 2121 1428 2188 IX,
1454 2121 1521 2177 X.
1555 2122 1632 2177 De
1669 2123 1727 2177 S.
1753 2124 1955 2178 Joanne
1984 2125 2122 2194 Bap-

545 2217 687 2279 tista,
705 2229 930 2282 quorum
951 2213 971 2267 1
992 2221 1148 2267 antea
1169 2212 1397 2267 ineditus
1419 2213 1534 2268 fuit.
1560 2212 1650 2279 XI,
1674 2212 1785 2266 XII.
1811 2213 1889 2267 De
1908 2216 2120 2267 Assum-

542 2305 721 2373 ptione
745 2303 906 2356 beatis
927 2302 1116 2356 Mariae
1159 2302 1405 2373 Virginis,
1437 2302 1477 2367 I,
1510 2303 1572 2367 Il,
1599 2319 1824 2370 quorum
1857 2306 2122 2373 posterior

547 2394 805 2448 incditus.
838 2393 954 2446 XIII
984 2403 1037 2446 et
1066 2393 1202 2448 XIV.
1238 2392 1303 2445 In
1337 2394 1503 2446 natali
1532 2391 1638 2447 SS.
1685 2403 1966 2464 martyrum
2006 2393 2121 2448 Na-

543 2485 677 2536 zarii
724 2491 775 2536 et
821 2482 973 2546 Celsi,
1023 2481 1063 2545 I,
1089 2481 1151 2534 II.
1197 2480 1313 2535 XV.
1345 2481 1424 2534 De
1469 2480 1531 2536 8.
1571 2481 1839 2536 Vincentio
1867 2490 2115 2553 martyre.

542 2570 683 2625 XVI.
714 2570 780 2624 In
823 2571 990 2624 natali
1039 2571 1097 2626 S.
1137 2570 1422 2635 Laurentii,
1469 2579 1624 2624 antea
1666 2572 1911 2626 ineditus.
1959 2572 2117 2626 XVII.

542 2659 624 2715 De
651 2661 949 2715 Salomone.
987 2658 1169 2722 XVIII,
1202 2658 1344 2714 XIX.
1379 2659 1446 2712 In
1487 2659 1807 2713 dedicatione
1848 2659 2116 2725 Ecclesiae,

543 2750 581 2816 I,
614 2750 676 2804 II.
710 2749 834 2818 XX,
877 2750 1013 2803 XXI.
1065 2750 1139 2803 De
1187 2749 1248 2804 8.
1280 2747 1501 2803 Eusebio
1525 2752 1759 2819 episcopo
1799 2758 1847 2803 et
1896 2762 2121 2821 martyre

549 2841 884 2906 Vercellensi,
925 2841 967 2905 I,
999 2840 1062 2894 II.
1094 2839 1254 2904 XXII,
1289 2839 1471 2893 XXIII.
1504 2839 1582 2893 De
1609 2840 1668 2894 S.
1699 2840 1921 2894 Eusebio
1963 2851 2012 2894 et
2059 2842 2122 2894 de

542 2931 878 2986 Machaban's.
903 2930 986 2984 III.
1013 2929 1099 2984 IV.
1124 2929 1309 2983 XXIV.
1335 2928 1415 2982 De
1450 2931 1616 2982 natali
1636 2931 1788 2983 unius
1809 2932 2121 3001 confessoris

542 3022 821 3092 pontiﬁcis.
856 3019 1019 3073 XXV.
1055 3018 1120 3072 ln
1150 3020 1474 3073 dedicatione
1516 3019 1783 3084 Ecclesia,
1815 3023 1969 3073 antea
1999 3020 2117 3074 ine—

542 3112 702 3166 ditus.
729 3110 914 3164 XXVI.
944 3111 1018 3165 De
1031 3112 1271 3180 primitiis
1291 3121 1338 3164 et
1359 3111 1584 3165 decimis.
1605 3111 1814 3166 XXVII.
1835 3112 1912 3165 De
1931 3114 2121 3166 honore
2147 3106 2189 3166 C

542 3213 593 3256 et
614 3202 678 3255 de
705 3203 976 3255 dilectione
1000 3219 1121 3272 erga
1148 3210 1384 3271 parentes
1404 3210 1453 3255 et
1481 3201 1544 3253 de
1563 3201 1792 3266 decimis,
1818 3210 1972 3255 antea
2000 3203 2116 3256 ine-

543 3292 705 3346 ditus.
732 3290 963 3345 XXVIII.
994 3290 1073 3345 De
1104 3301 1282 3345 sancta
1302 3290 1492 3345 Christi
1514 3294 1902 3346 resurrectione.
1925 3292 2114 3347 XXIX.

546 3382 625 3439 De
677 3384 950 3455 festivitate
996 3382 1055 3437 S.
1092 3381 1341 3452 Stephani
1378 3386 1789 3454 protomartyris.
1837 3383 2000 3437 XXX.
2050 3384 2117 3439 In

545 3476 676 3544 festo
699 3474 1038 3527 dedicationis
1066 3471 1333 3526 Ecclesiaz.
1376 3471 1564 3526 XXXI.
1591 3473 1657 3526 In
1697 3483 1875 3527 octava
1901 3473 1964 3529 S.
1995 3473 2116 3529 Ste-

544 3565 725 3634 phani,
742 3580 929 3619 omnes
956 3579 1216 3631 nusquam
1242 3572 1400 3618 antea
1422 3565 1638 3632 vulgati.

613 3653 888 3708 IIomiIiaa:
914 3655 954 3708 1.
985 3654 1250 3708 Dominica
1272 3655 1304 3707 5
1325 3655 1599 3718 Adventus,
1614 3672 1765 3725 super
1785 3655 2116 3727 Evangelium

544 3745 818 3800 secundum
850 3744 1152 3798 Matt/neum
1181 3761 1234 3798 ιι.
1268 3743 1330 3796 11.
1363 3743 1530 3815 Super
1567 3745 1768 3816 Evang.
1805 3745 1865 3800 8.
1895 3745 2116 3800 Joannis

543 3850 600 3888 II.
633 3833 718 3886 III.
767 3833 938 3902 Super
989 3833 1190 3895 Evanq.
1244 3834 1520 3886 secundum
1569 3834 1756 3887 Matth.
1801 3850 1855 3899 ιι,
1907 3836 2117 3890 inedita:

544 3933 720 3979 antea.

614 4016 866 4087 Epistula:
898 4034 909 4068 :
942 4015 980 4068 I.
1007 4016 1090 4069 Ad
1125 4018 1346 4069 amicum
1392 4027 1657 4088 aegrotum.
1689 4016 1750 4070 II.
1791 4017 1870 4070 Ad
1898 4019 2117 4073 amicum
2167 4023 2169 4025 ’

542 4117 789 4182 tcgrotum
810 4108 872 4160 de
891 4109 996 4161 viro
1025 4110 1266 4178 perfecto.

610 4198 804 4252 Multas
825 4196 1038 4249 Maximi
1068 4197 1315 4250 bomilias
1328 4202 1488 4263 atque
1507 4199 2118 4254 sermonesintercidisse

541 4304 606 4343 ex
636 4287 921 4342 luculentis
951 4285 1160 4340 indiciis
1197 4285 1414 4354 conjicit
1445 4286 1622 4340 editor
1650 4286 1936 4341 Romanus.

609 4378 1098 4444 Benedictinorum,
1115 4377 1204 4445 qui
1222 4376 1485 4431 Ambrosii
1507 4378 1757 4447 operibus
1781 4378 2111 4444 insudarunt,

540 4482 658 4527 erat
703 4473 1032 4540 conjectura,
1083 4470 1248 4524 libros
1291 4468 1356 4523 de
1403 4468 1788 4535 Sacramentis,
1827 4472 1916 4538 qui
1957 4471 2115 4540 vulgo

539 4561 809 4617 Ambrosii
862 4575 1057 4615 nomen
1111 4559 1310 4624 ferunt,
1360 4559 1540 4615 forsan
1586 4577 1694 4616 non
1740 4562 1902 4614 alium
1955 4578 2114 4630 quam

538 4653 826 4707 Maximum
857 4661 1131 4706 auctorem
1174 4650 1440 4705 habuisse.
1473 4652 1569 4706 Cui
1617 4653 1792 4706 locum
1831 4653 2117 4721 prmbuisse

537 4745 749 4799 videtur
776 4743 852 4807 id,
881 4742 1025 4811 quod
1061 4742 1397 4798 Mabillonius
1432 4743 1593 4811 paulo
1628 4750 1754 4797 ante
1793 4744 2114 4797 observave-

537 4844 639 4896 rat.
671 4849 865 4903 nempe
895 4834 1028 4888 istos
1047 4833 1210 4888 libros
1239 4833 1690 4898 tleSacramentis,
1717 4834 1808 4902 qui
1837 4833 2115 4886 Ambrosio

536 4926 589 4979 in
620 4924 777 4979 editis
805 4924 1141 4988 tribuuntur,
1187 4923 1387 4993 absque
1422 4924 1655 4978 auctoris
1701 4923 1916 4976 nomine
1955 4924 2116 4978 inseri

534 5012 871 5068 sermonibus
900 5011 956 5066 S.
990 5011 1206 5067 Maximi
1256 5013 1307 5066 in
1351 5013 1534 5066 codice
1564 5010 1926 5080 Sangallensi,
1957 5023 2116 5078 atque

537 5102 589 5156 in
619 5116 895 5157 sermones
932 5109 1137 5172 septem
1186 5102 1428 5156 distribui
1458 5101 1557 5156 sub
1587 5103 1689 5156 hoc
1716 5101 1890 5164 titulo,
1925 5101 2117 5171 Incipit

535 5194 704 5262 prima
734 5192 816 5245 die
844 5196 896 5244 in
923 5192 1156 5257 Pascha;
1183 5193 1255 5246 ita
1288 5201 1345 5246 ut
1376 5194 1566 5260 singuli
1594 5211 1689 5248 sex
1731 5195 1850 5249 libri
1879 5196 2116 5264 singulos

535 5298 816 5339 sermones
855 5285 1184 5338 constituant
1213 5300 1310 5354 pro
1341 5285 1558 5339 totidem
1607 5287 1957 5341 bebdomadm
2000 5287 2114 5341 dic—

531 5372 667 5438 bus;
699 5382 756 5427 et
783 5373 997 5441 quidem
1022 5375 1279 5443 septimus
1301 5375 1369 5430 ab
1398 5385 1636 5431 extrema
1664 5386 1816 5446 parte
1838 5378 1957 5430 libri
1978 5379 2115 5431 sexui

536 5467 755 5535 incipiat
782 5466 849 5520 ab
879 5467 960 5521 bis
985 5467 1160 5523 verbis
1187 5487 1198 5521 :
1241 5469 1396 5522 Aliud
1437 5468 1762 5522 Psalmorum
1806 5470 1975 5523 Dat-id
2001 5471 2117 5522 [iret

536 5574 673 5612 nunc
694 5557 894 5612 libellus
924 5560 1009 5624 sit,
1042 5568 1142 5614 etc.
1171 5560 1274 5616 Sed
1304 5561 1622 5618 novissimus
1643 5562 1816 5616 editor
1839 5562 1901 5617 ad
1927 5579 1986 5615 ca
2012 5565 2116 5615 ani-

537 5665 683 5704 mum
710 5666 814 5706 non
846 5650 1096 5709 advertit.

1629 309 1695 364 IN
1733 310 1789 364 S.
1836 306 2160 363 MAXIMUM
2204 305 2689 362 TAUBINENSEM

2156 424 2206 481 Α

3712 311 3829 366 184

2784 441 2811 504 ς
2834 440 2918 490 111.
2948 441 3200 494 Editienes.

2296 528 2539 584 Homilize
2565 537 2621 583 et
2667 544 2942 586 sermones
2971 531 3066 587 SS.
3116 531 3331 586 Patrum
3374 538 3645 592 communi
3697 538 3830 591 fere

2223 621 2325 675 hac
2379 629 2600 674 utuntur
2645 620 2878 687 fortuna,
2932 630 2987 676 ut
3040 623 3106 677 de
3153 625 3457 680 auctoribus
3496 641 3686 681 earum
3718 638 3829 682 aut

2223 715 2382 784 plane
2430 714 2592 778 nulla,
2624 722 2717 767 aut
2745 714 2970 770 obscura
2998 716 3188 770 saltem
3237 725 3292 770 et
3319 719 3521 772 incerta
3567 719 3713 772 fama
3743 720 3826 771 ad

2225 819 2324 857 nos
2351 803 2526 858 delata
2556 805 2652 869 sit,
2685 804 3076 872 doctorumque
3103 807 3379 862 hominum
3403 803 3602 878 judicia
3630 811 3826 866 divisa

2226 891 2514 946 identidem
2539 891 2738 946 fuerint
2764 901 2925 961 atque
2974 895 3116 949 inter
3143 911 3201 950 se
3230 896 3605 968 discrepantia.
3637 899 3825 969 Cujus

2224 980 2302 1034 rei
2322 995 2480 1034 causa
2507 981 2736 1035 maxime
2757 981 2872 1035 hmc
2884 981 3001 1046 fuit,
3023 983 3164 1052 quod
3187 985 3374 1040 barum
3394 987 3823 1043 meditationum

2225 1087 2333 1126 non
2362 1086 2424 1125 ea
2453 1085 2580 1125 cura
2600 1072 2668 1126 ab
2688 1072 2817 1141 ipsis
2845 1073 3153 1128 auctoribus
3180 1076 3250 1128 sit
3274 1077 3476 1142 habita,
3496 1093 3600 1146 qua
3642 1086 3822 1132 caete-

2225 1162 2299 1216 ris
2327 1161 2436 1216 suis
2464 1162 2615 1216 libris
2655 1171 3068 1232 prospexerunt,
3095 1180 3231 1233 quos
3249 1173 3304 1220 et
3330 1183 3451 1221 cmn
3479 1168 3668 1222 amicis
3697 1169 3822 1223 suis

2231 1251 2649 1308 communicasse
2689 1260 2743 1307 et
2788 1252 3096 1322 frequenter
3141 1255 3524 1312 describendos
3568 1252 3820 1323 dedisse,

2225 1341 2537 1396 emendasse
2559 1343 2708 1407 item,
2736 1351 2898 1412 atque
2925 1343 3108 1409 etiam,
3141 1346 3184 1398 si
3214 1346 3404 1414 aliquis
3430 1363 3690 1402 numerus
3718 1364 3820 1403 es-

2222 1435 2324 1493 set,
2357 1429 2410 1483 in
2439 1445 2599 1483 unum
2629 1431 2908 1499 collegisse
2954 1433 3219 1487 novimus.
3250 1433 3318 1487 At
3345 1451 3639 1502 sermones,
3671 1451 3821 1505 quos

2224 1536 2292 1576 ex
2332 1529 2574 1592 tempore
2599 1522 2711 1577 fere
2738 1523 2987 1578 meditari
3035 1525 3310 1591 solebant,
3341 1529 3554 1582 nonnisi
3596 1529 3668 1584 ab
3708 1544 3819 1582 au-

2225 1608 2496 1665 dientibus
2536 1612 2942 1680 excipiebantur
2983 1621 3038 1668 et
3067 1615 3156 1668 vix
3202 1631 3437 1685 unquam
3475 1619 3574 1673 sub
3618 1620 3822 1677 oculos

2225 1707 2502 1754 auctorum
2530 1716 2748 1755 suorum
2772 1701 3035 1757 redibant.
3053 1702 3132 1757 Ex
3162 1703 3422 1771 ejusmodi
3450 1714 3628 1760 autem
3659 1723 3821 1762 com.

2228 1789 2525 1854 mentariis,
2557 1789 2609 1842 in
2637 1804 2774 1857 quos
2794 1789 2932 1844 forte
2958 1807 3064 1846 non
3094 1793 3251 1847 unius
3279 1792 3517 1849 doctoris
3545 1803 3822 1850 tractatus

2223 1876 2572 1944 colligebant,
2604 1877 3023 1949 conﬁciebantur
3058 1880 3252 1936 deinde
3287 1883 3549 1938 breviaria
3584 1899 3684 1939 seu
3735 1885 3820 1939 ιε,

2222 1966 2483 2021 ctionaria
2531 1963 2858 2022 diversarum
2916 1969 3260 2023 ecclesiarum
3281 2011 3295 2035 ,
3349 1972 3559 2027 delectu
3581 2013 3596 2037 ,
3648 1984 3822 2043 prout

2221 2055 2455 2110 maxime
2476 2055 2780 2113 conducere
2812 2057 3119 2111 viderentur
3137 2098 3152 2123 ,
3184 2061 3268 2113 vel
3296 2061 3590 2116 secundum
3617 2063 3818 2131 singu-

2221 2143 2300 2197 las
2325 2143 2643 2211 dominicas,
2673 2146 2759 2199 vel
2788 2145 2905 2200 dies
2942 2147 3108 2203 festos
3136 2151 3360 2206 mobiles
3397 2160 3816 2218 sanctorunive,

2221 2231 2423 2286 habito.
2457 2231 2696 2298 Quorum
2744 2241 2802 2287 ut
2829 2235 2932 2288 alia
2962 2237 3080 2291 aliis
3109 2248 3262 2291 erant
3289 2239 3674 2308 locupletiora,
3707 2242 3814 2306 sic,

2223 2330 2280 2375 ut
2309 2325 2519 2380 occasio
2557 2325 2781 2391 ferebat,
2825 2334 2917 2379 aut
2960 2343 3146 2382 eorum
3189 2331 3281 2398 qui
3321 2331 3637 2399 colligerent
3675 2347 3812 2386 cura

2222 2414 2534 2468 socordiavc
2587 2416 2801 2469 nomina
2848 2426 3125 2471 auctorum
3174 2419 3339 2473 modo
3376 2421 3812 2485 ascribebantur,

2223 2502 2385 2558 modo
2415 2505 2609 2558 amissa
2654 2503 2900 2570 fuerunt;
2933 2508 3059 2561 alibi
3088 2524 3280 2562 nomen
3311 2511 3558 2578 potioris,
3601 2511 3657 2565 id
3699 2520 3812 2574 est,

2223 2591 2374 2659 cujus
2400 2592 2485 2645 vel
2512 2593 2755 2660 plurimm
2786 2594 3019 2648 bomiliaa
3047 2595 3301 2661 inessent,
3335 2607 3425 2652 aut
3453 2602 3688 2655 maxime
3719 2602 3811 2655 in-

2220 2680 2415 2747 signes,
2448 2681 2706 2734 volumini
2749 2682 3174 2750 praetigebantur.
3206 2685 3480 2741 Interdum
3509 2697 3691 2744 tamen
3717 2706 3811 2745 ac-

2221 2769 2350 2824 cidit
2385 2779 2443 2824 ut
2471 2772 2689 2840 integrze
2717 2775 2879 2828 etiam
2916 2775 3137 2844 insignis
3181 2777 3404 2846 alicujus
3430 2782 3663 2835 oratoris
3691 2797 3810 2836 ser.

2221 2876 2439 2916 monum
2461 2863 2810 2920 collectiones
2822 2866 2906 2919 vel
2928 2866 2983 2919 in
3005 2867 3350 2921 ecclesiarum
3367 2869 3452 2923 vel
3472 2870 3811 2938 privatorum

2221 2976 2375 3014 usum
2405 2960 2787 3016 conderentur.
2820 2961 2928 3016 Sed
2975 2963 3170 3030 partim
3200 2963 3406 3029 fraude,
3435 2965 3631 3033 partim
3673 2966 3810 3020 Ievi~

2221 3060 2333 3106 tate
2361 3050 2778 3106 describentium
2833 3053 2891 3106 in
2932 3052 3014 3106 bis
3059 3053 3320 3121 imprimis
3372 3055 3641 3108 turbatum
3679 3054 3806 3110 fuit.

2223 3142 2337 3197 Prm
2358 3143 2565 3196 caeteris
2579 3143 2813 3199 confusa:
2833 3152 2957 3199 sunt
2979 3152 3032 3199 et
3059 3144 3112 3199 in
3139 3161 3300 3199 unum
3319 3147 3509 3215 saepius
3536 3158 3812 3216 congesta:

2221 3231 2453 3285 bomiliae
2478 3231 2779 3299 Augustini,
2803 3231 3090 3298 Ambrosii,
3113 3233 3330 3287 Maximi
3359 3243 3414 3288 et
3433 3235 3666 3299 Cresarii,
3695 3253 3810 3293 non

2219 3321 2393 3377 solum
2435 3321 2582 3390 quod
2617 3324 3064 3378 numerosissimae
3088 3331 3243 3378 erant
3260 3364 3275 3389 ,
3299 3325 3396 3379 sed
3424 3327 3581 3380 etiam
3614 3342 3715 3396 per
3735 3329 3811 3382 si-

2218 3410 2576 3465 militudinem
2595 3411 2884 3478 quamdam
2904 3428 3022 3481 qua:
3046 3413 3096 3466 in
3112 3412 3325 3467 dicendi
3346 3415 3555 3469 ratione
3582 3417 3812 3472 alterius

2219 3515 2341 3554 cum
2387 3501 2582 3566 altero,
2631 3499 2779 3555 velut
2816 3499 3033 3556 Cazsarii
3077 3517 3198 3557 eum
3227 3502 3555 3570 Augustino,
3583 3504 3806 3560 Maximi

2218 3604 2338 3644 cum
2355 3588 2641 3646 Ambrosio
2667 3591 2828 3644 etiam
2846 3607 2987 3646 nunc
3009 3593 3349 3656 observatur,
3374 3607 3473 3646 nec
3494 3607 3655 3647 merae
3676 3595 3800 3663 cpi-

2219 3680 2396 3736 nionis
2441 3697 2529 3736 res
2558 3689 2660 3747 est,
2688 3681 2782 3736 sed
2813 3689 2870 3735 ut
2899 3683 3165 3736 Ambrosii
3205 3683 3442 3736 editores
3466 3682 3803 3739 Benedictini

2219 3767 2288 3824 de
2335 3769 2568 3825 Maximo
2615 3770 2987 3836 ostenderunt,
3018 3786 3087 3826 ex
3116 3772 3414 3825 imitatione
3460 3779 3514 3824 et
3568 3773 3806 3840 quadam

2219 3859 2380 3913 veluti
2424 3861 2762 3915 aemulatione
2791 3868 2874 3916 est
2921 3862 3180 3930 profecta.
3235 3860 3519 3916 Praesentis
3561 3864 3723 3930 igitur
3751 3875 3807 3921 et

2219 3952 2513 4019 superioris
2562 3953 2741 4006 saeculi
2772 3953 3019 4006 exeuntis
3049 3953 3385 4022 potissimum
3423 3956 3669 4008 meritum
3698 3956 3807 4011 hoc

2218 4039 2333 4105 fuit,
2366 4049 2422 4093 ut
2453 4041 2555 4094 ista
2585 4042 2652 4094 ab
2674 4042 2900 4095 invicem
2941 4040 3374 4096 discernerentur
3397 4051 3452 4096 et
3495 4045 3802 4114 cuicunque

2217 4129 2419 4183 homini
2435 4130 2546 4183 veri
2569 4145 2631 4184 ac
2657 4130 2874 4198 genuini
2901 4129 3038 4184 fetus
3057 4132 3142 4185 sui
3163 4139 3546 4194 assererentur,
3569 4133 3715 4201 quod
3747 4136 3800 4191 in

2217 4217 2448 4272 Cmsario
2469 4219 2715 4288 praestitit
2761 4218 2946 4288 Steph.
2978 4219 3252 4285 Baluzius,
3285 4221 3338 4273 in
3369 4219 3664 4288 Augustino
3692 4222 3799 4278 Be-

2217 4307 2469 4361 ncdictini
2489 4349 2502 4373 ,
2535 4308 2800 4376 iidemque
2843 4310 2896 4362 in
2925 4309 3209 4364 Ambrosio
3231 4351 3244 4374 ,
3277 4325 3440 4379 porro
3487 4313 3539 4365 in
3585 4313 3803 4368 Zenone

2219 4404 2272 4448 et
2311 4394 2490 4450 Leone
2530 4394 2600 4448 M.
2628 4395 2897 4450 Ballerinii
2921 4396 3130 4462 fratres,
3171 4397 3224 4450 in
3268 4397 3504 4453 Maximo
3545 4399 3798 4469 denique,

2217 4493 2339 4539 nost
2361 4501 2468 4541 non
2492 4486 2881 4540 contemnenda
2905 4487 3130 4541 aliorum
3152 4488 3454 4554 conamina,
3479 4504 3597 4556 quae
3619 4494 3801 4558 paucis

2218 4594 2360 4634 nunc
2401 4579 2662 4646 attingere
2706 4579 2900 4648 placet,
2941 4578 3123 4632 Bruno
3170 4578 3399 4633 Brunus.
3439 4580 3639 4650 Nempe
3664 4585 3800 4652 typis

2217 4671 2447 4738 primum
2472 4671 2705 4727 exscribi
2729 4681 2915 4740 emptae
2940 4679 3064 4726 sunt
3097 4669 3313 4724 Maximi
3343 4671 3571 4723 homiliaa
3613 4672 3662 4723 in
3694 4670 3800 4726 Ho-

2218 4760 2446 4815 miliario
2469 4762 2774 4826 doctorum,
2804 4761 2949 4829 quod
2992 4762 3120 4816 olim
3159 4762 3310 4830 jussu
3339 4760 3516 4814 Caroli
3541 4761 3608 4812 Μ.
3643 4761 3798 4815 ador-

2219 4864 2373 4903 nasse
2395 4851 2630 4906 creditur
2651 4851 2850 4905 Paulus
2871 4851 3148 4914 diaconus,
3173 4851 3332 4916 vulgo
3355 4850 3626 4911 Alcuinus.
3652 4852 3798 4919 cujus

2221 4940 2590 5006 antiquissima
2605 4941 2769 4996 editio
2791 4941 3168 5011 prodiitSpira:
3185 4941 3321 4993 I489.
3336 4956 3430 5009 per
3447 4940 3588 4994 Petr.
3608 4941 3794 5007 Dracb,

2221 5029 2530 5093 novissima,
2555 5029 2600 5082 si
2621 5030 2758 5083 bene
2781 5030 3021 5093 memini,
3049 5030 3284 5084 Colonim
3313 5030 3452 5098 apud
3474 5029 3638 5083 EIICII.
3674 5030 3798 5085 Cer-

2221 5119 2514 5172 vicornium
2540 5134 2628 5172 an.
2655 5118 2808 5173 1550.
2838 5119 2905 5172 At
2933 5121 2985 5172 in
3010 5119 3197 5174 eadem
3222 5120 3351 5173 urbe
3392 5135 3478 5172 an.
3517 5119 3652 5173 1555
3682 5137 3798 5190 scp-

2225 5209 2462 5277 tuaginta
2509 5218 2739 5276 quatuor
2781 5210 3030 5263 bomilias
3073 5211 3186 5278 ejus
3230 5226 3259 5262 a
3308 5210 3563 5263 Damiano
3605 5215 3796 5265 Ascen-

2219 5299 2393 5351 diensi
2418 5300 2478 5350 D.
2517 5299 2790 5353 Benedicti
2831 5300 3068 5354 Colonia:
3108 5300 3247 5368 apud
3290 5300 3344 5353 S.
3380 5299 3793 5354 Panthaleonem

2218 5388 2409 5441 abbate
2438 5397 2686 5457 acceptas
2709 5391 2998 5457 separatim
3024 5391 3215 5443 excudi
3247 5389 3368 5443 fecit
3389 5388 3624 5442 Joannes
3650 5389 3795 5459 Gym-

2223 5479 2386 5540 nicus,
2436 5479 2625 5546 srcpius
2663 5479 2918 5547 deinceps
2964 5480 3123 5532 variis
3163 5481 3214 5532 in
3266 5479 3493 5533 oflicinis
3517 5488 3571 5532 et
3594 5479 3794 5533 diverso

2222 5568 2402 5620 habitu
2452 5567 2690 5620 iteratus.
2717 5568 2846 5620 Nam
2872 5583 2958 5621 an.
2989 5567 3126 5621 155ςὶ
3173 5569 3355 5622 Retine
3398 5568 3542 5637 apud
3586 5569 3794 5622 I’aulum

2226 5657 2514 5711 Manutium
2563 5657 2613 5711 in
2666 5658 2829 5712 choro
2875 5660 3194 5726 scriptorum
3245 5659 3733 5714 ccclesiasticormn
3767 5674 3791 5711 a
