3924 6232
86 385 174 441 185

84 494 226 546 Petro
240 485 505 542 Galesinio
527 483 809 539 editorum
829 485 1129 548 proximum
1144 487 1174 525 a
1189 471 1439 526 Salviano
1462 468 1638 522 locum
1664 468 1714 525 Α

79 581 429 639 obtinuerunt;
454 589 606 629 anno
631 571 772 626 1579
799 567 1035 625 Coloniae
1055 564 1355 634 Agrippina:
1396 561 1638 630 repetita:

78 677 206 733 sunt,
229 666 448 733 adjectis
489 663 642 717 Petri
672 656 988 730 Chrysologi
1010 654 1374 718 sermonibus;
1405 652 1472 705 ab
1497 665 1636 704 anno

77 775 190 814 vero
211 742 351 810 1613'
366 770 489 810 cum
512 752 702 808 Leone
724 751 795 803 M.
815 756 870 805 et
893 749 1009 802 aliis
1028 745 1394 815 scriptoribus,
1407 752 1635 811 quorum

85 847 302 902 collectio
323 860 419 914 per
443 843 692 911 Theoph.
725 836 1076 910 Raynaudum
1108 851 1197 889 an.
1232 834 1368 888 1655
1396 833 1638 898 aliosque

84 937 305 1005 deinceps
328 934 428 988 fuit
457 921 714 998 adaucta,
749 929 968 984 Parisiis
1010 934 1066 981 et
1101 924 1343 994 Lugduni
1384 921 1635 990 frequen-

87 1029 272 1090 tissime,
303 1025 598 1093 aliquoties
626 1023 790 1077 etiam
819 1021 873 1075 in
907 1018 1010 1071 PP.
1038 1016 1382 1072 Bibliothecis
1409 1014 1637 1082 impres-

86 1135 138 1175 sa
154 1126 284 1175 sunt.
310 1117 531 1172 Interea
556 1130 644 1168 au.
678 1111 814 1166 1684
836 1111 1085 1166 monachi
1107 1105 1434 1162 Benedictini
1459 1122 1488 1157 e
1511 1119 1640 1158 con-

90 1224 201 1278 greg.
223 1208 408 1262 Sancti
438 1205 616 1259 Mauri
638 1203 856 1256 Parisiis
884 1202 937 1255 in
967 1209 1114 1254 tomo
1143 1198 1187 1252 V
1211 1212 1336 1265 opp.
1363 1193 1418 1249 8.
1454 1193 1634 1259 Augu-

90 1299 184 1354 stini
207 1297 468 1367 plurimos
511 1308 790 1349 sermones
825 1293 984 1359 vulgo
1033 1289 1332 1357 Augustino
1379 1284 1637 1352 ascriptus

89 1389 279 1442 Maximo
323 1388 712 1447 restituerunt,
762 1381 1110 1450 ejusdemque
1160 1391 1413 1445 congreg.
1463 1375 1638 1429 socius

90 1477 425 1533 celeberrimus
454 1476 620 1530 Joau.
651 1472 986 1527 Mabillonius
1007 1486 1074 1524 ex
1097 1469 1370 1524 codicibus
1387 1481 1514 1520 mss.
1542 1479 1640 1533 op-

92 1569 198 1619 timzc
237 1575 376 1619 nota:
426 1565 484 1618 in
529 1563 685 1617 Italia
731 1569 787 1618 et
808 1560 1049 1615 Helvetia
1073 1558 1323 1628 repertis,
1351 1554 1638 1610 duodecim

92 1655 266 1709 liaximi
293 1669 605 1719 sermones,
637 1666 825 1706 omnes
846 1650 959 1706 fere
997 1649 1233 1704 ineditos
1278 1655 1455 1713 antea,
1489 1646 1640 1700 evul-

92 1747 267 1814 gavitin
294 1744 480 1799 Iluseo
513 1743 728 1810 Italico,
753 1742 912 1810 1687,
945 1740 1098 1810 cujus
1132 1725 1532 1794 contubernalis
1556 1735 1639 1790 sui

1151 359 1419 416 NOTITIA
1461 352 2283 411 HlSTORICO-LITTERARIA.

3213 350 3314 403 186

1810 554 2046 620 Basileae,
2079 568 2176 622 per
2201 552 2315 606 Nic.
2354 551 2585 617 Kessler,
2615 549 2790 605 iri-fol.
2829 548 2887 604 S.
2920 548 3137 604 Maximi
3167 548 3312 603 Tau-

1738 646 1968 699 ri—nensis
2014 645 2216 712 aliquot
2262 642 2523 706 homilize;
2575 639 2631 695 in
2684 638 2998 695 Homiliario
3045 640 3310 693 doctorum

1738 735 1915 790 Caroli
1943 735 2013 789 M.
2046 734 2285 803 repetita:
2314 724 2584 787 editionis.

2363 822 2490 876 Sine
2521 837 2678 875 anno.

1809 912 2068 977 Colonia,
2099 927 2197 982 per
2232 909 2395 965 Conr.
2432 910 2501 964 de
2527 909 2851 973 Homborch,
2885 907 3059 963 iri-fol.
3091 905 3311 960 Maximi

1740 1005 1977 1073 episcopi
2005 1003 2235 1057 humilius
2261 1003 2484 1069 aliquot,
2521 1003 2574 1054 in
2595 1000 2786 1055 eodem
2814 999 3128 1055 Homiliario
3143 1016 3161 1064 ;
3191 1013 3310 1068 qua

1738 1096 1904 1152 editio
1932 1096 2070 1150 inter
2092 1092 2478 1162 Augustiniana
2508 1100 2589 1145 est
2616 1099 2822 1145 notata,

2347 1198 2559 1238 θεουιο
2587 1198 2694 1236 XVI.

2443 1270 2602 1325 1516.

1810 1363 2092 1434 Lugduni,
2130 1378 2228 1433 per
2267 1362 2392 1417 Joh.
2438 1360 2610 1417 Clein.
2661 1361 3009 1416 Alemannum
3034 1399 3050 1424 ,
3103 1357 3315 1414 in-t‘ol.

1736 1453 1891 1508 Beati
1919 1453 2133 1509 Maximi
2163 1453 2400 1524 episcopi
2436 1467 2744 1518 sermones;
2775 1453 2828 1505 in
2865 1451 3179 1505 Homiliario
3219 1456 3313 1504 do-

1740 1554 1959 1599 clarum.

2448 1629 2605 1683 1520.

1810 1723 2036 1790 Ibidem,
2057 1737 2155 1792 per
2178 1721 2426 1776 eumdem
2444 1758 2460 1784 ,
2490 1718 2665 1772 in-fol.
2696 1717 2755 1770 Β.
2784 1716 3007 1770 Maximi
3039 1729 3316 1770 sermones

92 1803 281 1903 irestigiis
322 1836 667 1900 insistentes,
714 1803 1054 1899 'aljorm’nqu'e
1093 1845 1224 1884 mss,
1270 1826 1417 1882 haud
1456 1839 1638 1879 rarum
1671 1809 1718 1870 Β
1743 1812 1798 1868 in
1834 1811 2028 1868 eadem
2068 1811 2387 1866 collectione
2441 1805 2789 1863 Homilian
2824 1803 3003 1859 denuo
3031 1803 3310 1873 impressa.

94 1939 213 1978 omen
234 1925 396 1979 secuti
420 1922 702 1978 Ambrosii
724 1920 962 1975 editores
982 1935 1071 1973 an.
1101 1917 1239 1971 1690
1264 1916 1454 1984 insigni
1477 1914 1642 1968 Maxi-

94 2028 201 2066 mum
225 2014 571 2068 homiliarum
595 2012 771 2081 copia,
802 2010 1084 2064 Ambrosio
1127 2009 1263 2076 iure,
1311 2014 1370 2060 ut
1398 2005 1500 2060 sibi
1540 2004 1641 2058 visi

97 2114 203 2170 sunt,
225 2106 488 2176 adempta,
520 2103 940 2172 locupletarunt.
984 2099 1188 2154 Horum
1217 2098 1496 2153 conatibus
1518 2112 1641 2151 sue-

96 2197 216 2249 cessit
235 2195 360 2249 Lud.
389 2195 525 2249 Ant.
559 2193 916 2258 Muratorius,
954 2206 1185 2245 excusso
1218 2189 1399 2243 denuo
1428 2187 1638 2251 codice,

97 2298 214 2352 quem
253 2284 604 2340 Mabillonius
648 2284 855 2351 primus
882 2285 1228 2340 tractaverat,
1263 2275 1639 2340 Ambrosiano,

99 2381 134 2424 et
151 2376 410 2442 propositis
433 2390 505 2428 ex
530 2389 602 2428 eo
622 2372 768 2427 haud
804 2371 990 2441 paucis
1012 2367 1224 2423 ineditis
1264 2369 1316 2419 in
1351 2365 1642 2418 Anecdoto—

100 2479 178 2515 rum
217 2474 355 2519 tomo
402 2463 474 2517 IV
505 2479 599 2516 an.
651 2461 812 2527 1713,
855 2461 995 2513 sicut
1035 2473 1103 2510 ex
1148 2457 1314 2525 ipsius
1352 2452 1643 2507 Mabillonii

99 2553 263 2607 sdiedis
287 2554 515 2622 paucula
547 2551 728 2605 adhuc
769 2549 1068 2604 elicuerunt
1108 2545 1241 2600 socii
1279 2544 1443 2613 ipsius
1466 2557 1641 2611 quon»

101 2639 190 2694 dam
212 2641 520 2697 Edmundus
542 2641 790 2694 Martene
812 2648 866 2693 et
902 2637 1162 2691 Martinus
1183 2635 1425 2698 Durand,
1451 2634 1504 2686 in
1529 2633 1642 2686 col-

102 2731 283 2786 lectione
309 2732 645 2802 amplissirna
676 2744 767 2783 an.
794 2727 936 2780 1733
963 2728 1195 2796 prolata.
1222 2726 1379 2778 Anno
1424 2721 1554 2775 1741
1589 2729 1644 2776 et

102 2820 201 2875 1748
234 2823 441 2877 Maximi
491 2821 736 2877 humilia:
785 2819 979 2873 iterum
1026 2817 1268 2872 Venetiis
1289 2831 1500 2870 excusa:
1521 2821 1645 2868 sunt

102 2927 188 2964 cum
209 2912 390 2968 Leonis
415 2913 486 2966 M.
515 2910 797 2982 operibus,
830 2909 885 2962 in
926 2907 1120 2977 quibus
1147 2906 1355 2960 duabus
1384 2903 1642 2958 editioni—

102 2999 173 3054 bus
190 3001 395 3057 fortasse
417 3001 701 3069 antiquior
729 2999 830 3052 ista
854 2997 1104 3052 collectio
1129 3010 1249 3049 cum
1289 2995 1435 3047 hisce
1457 3008 1644 3046 recen-

2449 1895 2606 1951 1525.

1809 1991 2017 2047 Ibidem
2038 2031 2054 2056 ,
2105 2005 2203 2059 per
2255 1990 2577 2044 honoratum
2629 1986 2803 2042 virum
2835 1985 3315 2054 chalcographum

1739 2079 2002 2136 Joannem
2026 2078 2258 2146 Crespin
2275 2118 2290 2142 ,
2321 2077 2523 2131 in-l'ol.
2561 2076 2849 2131 Sermones
2875 2075 3007 2128 varii
3035 2075 3177 2129 beati
3204 2073 3312 2127 Ma.

1744 2170 1872 2224 ximi
1900 2169 2169 2238 episcopi,
2216 2169 2358 2222 inter
2384 2166 2603 2222 easdem
2650 2164 2902 2221 Homilies
2937 2164 3202 2220 doctorum
3233 2181 3312 2219 ec-

1743 2260 2163 2323 clesiasticarum,
2192 2265 2300 2311 etc.

2447 2345 2469 2396 1
2482 2344 2604 2398 550.

1811 2439 2078 2504 Colonias,
2120 2452 2188 2492 ex
2221 2436 2433 2492 ofﬁcina
2475 2435 2726 2490 Eucharii
2762 2432 3106 2499 Cervicorni,
3138 2431 3314 2486 in-l'ol.

1741 2529 2028 2584 Sermones
2057 2527 2185 2580 varii
2206 2526 2351 2580 beati
2379 2524 2593 2578 Maximi
2616 2524 2885 2593 episcopi;
2918 2523 3058 2577 inter
3079 2521 3315 2577 liomilias

1741 2609 2294 2686 praestantissimorum
2315 2612 2563 2666 Ecclesia:
2589 2613 2886 2674 doctorum,
2925 2627 3044 2680 quae
3072 2612 3126 2665 in
3161 2610 3316 2666 titulo

1741 2724 1878 2760 nunc
1915 2724 1979 2760 ea:
2007 2705 2361 2759 vetustissimis
2399 2703 2656 2757 codicibus
2687 2705 2975 2774 integritati
3003 2705 3250 2758 restituta
3269 2712 3319 2756 et

1742 2799 2037 2854 aliis.antea
2063 2798 2326 2864 impressis
2349 2804 2514 2848 aucta:
2541 2794 2814 2849 dicuntur.

2446 2885 2604 2939 1555.

1812 2983 2079 3048 Coloniae,
2132 2981 2274 3051 apud
2318 2981 2580 3035 Joannem
2624 2975 2964 3048 Gymnicum,
2997 2973 3135 3028 in-8.
3173 2972 3322 3044 Opus

103 3092 284 3146 tioribus
304 3062 656 3148 incrementis
686 3083 770 3144 est
802 3088 1110 3156 conjuncta.
1135 3085 1344 3140 Etenim
1369 3100 1399 3137 a
1425 3083 1642 3137 Gallan-
1674 3142 1713 3156 η
1742 3075 1950 3141 insigne
1985 3073 2323 3127 homiliarum
2350 3071 2658 3125 hiemalium
2684 3075 2739 3122 et
2766 3065 3086 3120 aestivalium
3111 3071 3224 3118 tam
3252 3062 3323 3119 de

102 3142 822 3238 4;;1."1§{.5{,'ﬁ{§..‘..,.
846 3142 939 3233 fari.
967 3178 1125 3243 1775,
1150 3176 1365 3232 nonnisi
1420 3191 1482 3229 ea
1524 3190 1641 3244 qua;
1667 3142 1714 3205 (ἶ
1745 3171 1987 3232 tempore
2014 3177 2172 3230 quam
2204 3161 2273 3217 de
2300 3161 2499 3216 sanctis
2528 3159 2636 3213 divi
2663 3157 2884 3211 Maximi
2911 3155 3152 3225 episcOpi
3177 3154 3323 3208 Tau-

103 3271 418 3340 ilabillonius,
444 3273 778 3327 Muratorius
807 3279 968 3341 atque
999 3268 1292 3323 Martenius
1313 3267 1644 3334 collegerunt

102 3363 297 3417 exhibita
323 3373 463 3418 sunt.
498 3361 746 3416 Tandem
777 3362 891 3415 haec
934 3359 1115 3414 omnia
1141 3364 1305 3426 atque
1345 3357 1448 3410 alia
1475 3356 1644 3410 multa

102 3452 302 3507 nondum
332 3463 487 3508 antea
517 3453 635 3507 visa
677 3466 746 3505 ex
788 3449 1060 3505 codicibus
1086 3462 1214 3502 mss.
1247 3447 1359 3502 fere
1396 3446 1644 3500 innume-

100 3540 158 3592 ris
180 3539 338 3596 denuo
358 3542 566 3606 eduxit,
601 3554 744 3594 nova
763 3538 976 3592 ratione
994 3536 1281 3606 disposuit,
1307 3534 1647 3589 animadver-

101 3630 227 3684 sione
266 3631 473 3697 critica,
507 3629 873 3698 argumentis,
918 3626 1381 3684 admonitionibus,
1409 3632 1464 3679 et
1506 3625 1647 3679 notis

101 3720 344 3776 uberrimis
363 3722 620 3776 instruxit
637 3720 822 3774 Bruno
844 3718 1054 3772 Brunus
1089 3715 1385 3781 Romanus,
1417 3713 1646 3769 clericus

102 3821 192 3875 reg.
214 3812 501 3866 scholarum
548 3811 782 3881 piarum,
810 3810 864 3862 in
906 3807 1142 3861 editione
1178 3821 1298 3875 quae
1339 3815 1528 3874 nuper,
1554 3818 1642 3857 an.

105 3898 232 3965 178-1,
264 3902 437 3957 Roma:
455 3904 610 3972 jussu
634 3901 716 3955 Pii
739 3900 807 3954 VI
829 3899 891 3953 Ρ.
914 3899 985 3952 M.
1009 3907 1093 3953 est
1118 3898 1398 3962 adornata,
1424 3909 1648 3965 qumque

108 3997 275 4046 tantum
290 3995 351 4048 ab
374 3994 600 4049 editoris
615 3991 882 4046 industria
907 3996 1063 4044 nacta
1085 3996 1169 4043 est
1185 3988 1470 4050 honorem,
1484 4001 1650 4055 quan-

106 4090 191 4134 tum
229 4086 394 4152 specie
422 4101 486 4140 ac
527 4082 823 4153 splendore
868 4078 1123 4151 pontiﬁce
1149 4093 1360 4132 summo
1390 4091 1454 4131 ac
1498 4089 1646 4143 rege,

108 4172 170 4224 cui
196 4175 355 4228 dicata
379 4185 481 4238 est,
509 4175 679 4242 digno
708 4173 851 4227 inter
872 4187 1059 4227 omnes
1083 4169 1306 4224 Patrum
1332 4169 1649 4223 Latinorum

110 4260 471 4329 lulgentissimas
501 4265 775 4321 editiones
799 4263 1032 4318 excellit.
1061 4260 1220 4315 Plura
1243 4260 1312 4315 de
1332 4260 1438 4325 his,
1466 4259 1512 4314 si
1556 4273 1649 4312 cu-

111 4351 184 4416 Ρίέν
205 4355 375 4409 evolve
397 4356 542 4410 hunc
569 4353 906 4421 singularum
928 4350 1226 4406 editionum
1250 4347 1500 4403 indicem.

691 4500 907 4541 ΒΑΕ-013ιο
935 4499 1022 4537 ιγ.

775 4592 930 4646 1482.

167 4704 325 4772 Spirae,
360 4724 454 4776 per
489 4707 711 4760 Petrum
745 4703 954 4767 Drach,
1000 4699 1174 4755 in—l'ol.
1203 4698 1260 4753 S.
1292 4697 1510 4752 Maximi
1537 4695 1651 4766 epi-

118 4796 467 4863 scopihomilim
495 4795 684 4865 (varia:
709 4793 772 4846 de
803 4790 1103 4861 Tempore);
1134 4790 1188 4843 in
1218 4787 1532 4843 Homiliario
1553 4786 1652 4865 do-

119 4891 270 4937 dorum
299 4860 545 4939 editionis
563 4924 577 4948 ,
627 4881 781 4950 cujus
804 4860 932 4949 jam
954 4879 1019 4933 ad
1049 4878 1401 4948 Augustinum
1428 4884 1484 4930 et
1511 4860 1651 4930 Leo-

121 4986 210 5024 nem
235 4972 357 5028 facta
383 4982 466 5029 est
495 4973 726 5028 mentio.

789 5058 946 5113 1495.

174 5150 359 5208 Basileu:
382 5170 479 5224 per
503 5155 622 5208 Nic.
675 5151 909 5215 Kessler,
953 5149 1127 5205 in-lol.
1166 5149 1227 5203 S.
1266 5147 1483 5203 Maximi
1511 5146 1653 5218 epis-

123 5243 210 5307 copi
234 5243 479 5310 homiliae;
514 5247 570 5298 in
601 5241 796 5298 eodem
822 5240 1155 5293 llomiliario.

784 5347 940 5402 1494.

179 5437 521 5512 Norimbergaz,
554 5457 656 5512 per
685 5440 846 5493 Anth.
871 5437 1163 5504 Koburger,
1188 5435 1328 5490 ἰη-4.
1360 5433 1416 5488 8.
1440 5431 1655 5486 Maximi

129 5526 341 5597 bomihm;
387 5536 438 5588 in
479 5531 742 5586 Homeliis
779 5530 1004 5583 omnium
1042 5529 1306 5582 doctorum
1343 5526 1408 5578 de
1441 5525 1654 5589 sanctis,

131 5631 219 5757 tua
252 5636 372 5676 nova
418 5632 494 5677 cst
545 5631 601 5677 et
651 5639 678 5674 ει
735 5617 1058 5688 pt‘mcedenti
1104 5617 1257 5687 plane
1305 5614 1515 5670 diversa
1542 5613 1655 5669 col-

169 5708 271 5757 (tio.

169 5708 271 5764 vtio.

1743 3252 1989 3318 rinensis,
2020 3252 2112 3321 qui
2139 3259 2194 3304 et
2221 3252 2280 3304 in
2303 3249 2536 3305 homiliis
2563 3245 2935 3302 declamandis
2962 3244 3033 3298 ad
3062 3244 3324 3315 populum

1744 3344 1843 3399 fuit
1877 3359 2004 3398 vere
2041 3343 2325 3398 maximus.
2366 3340 2573 3396 Addita:
2611 3346 2736 3395 sunt
2763 3337 2967 3406 aliquot
2993 3335 3230 3390 humilia:
3258 3334 3322 3388 υ.

1735 3432 1965 3488 Joannis
2004 3430 2371 3503 Chrysostouii
2407 3428 2780 3484 eruditissime
2813 3431 2870 3481 et
2898 3440 3066 3496 prope
3105 3423 3322 3488 divinae,

1745 3526 1975 3580 antehac
2001 3539 2107 3579 non
2136 3538 2368 3578 excussa.
2398 3520 2533 3575 Cum
2562 3518 2758 3574 indice.

1816 3615 2092 3684 Inscripsit
2119 3613 2295 3668 editor
2321 3612 2636 3687 opusculum
2657 3610 2828 3664 hocce
2849 3607 3111 3661 Damiano
3133 3608 3324 3662 Ascen-

1747 3706 1913 3761 diensi
1941 3704 2140 3758 ordinis
2167 3702 2236 3756 D.
2268 3699 2534 3756 Benedicti
2573 3690 2804 3752 Colonia:
2828 3695 2969 3767 apud
2997 3693 3059 3750 S.
3085 3693 3325 3747 Panthu-

1747 3798 1963 3859 leonem,
1984 3793 2179 3858 eidem,
2211 3792 2298 3846 cui
2327 3795 2495 3846 totum
2526 3795 2806 3856 acceptum
2830 3785 3116 3848 referebat,
3139 3799 3326 3853 quem-

1746 3901 1852 3956 que
1879 3898 2072 3951 magna
2101 3897 2219 3937 cum
2248 3880 2607 3950 gratulatione
2648 3878 2718 3932 ob
2745 3877 2885 3930 hanc
2911 3873 3223 3943 praeclaram
3257 3872 3326 3926 de

1746 3977 1939 4032 studiis
1959 3973 2275 4040 theologicis
2307 3972 2446 4025 bene
2485 3966 2730 4024 metendi
2755 3965 3094 4021 occasionem
3121 3962 3327 4016 adhor-

1752 4075 1891 4121 tatus
1919 4072 2027 4130 est,
2060 4071 2120 4118 ut
2158 4062 2202 4116 si
2230 4059 2359 4130 quid
2388 4058 2545 4127 hujus
2577 4055 2854 4126 scriptoris
2890 4053 3155 4122 reliquum
3185 4049 3327 4119 apud

1751 4160 1923 4228 ipsum
1958 4162 2128 4218 esset,
2184 4160 2413 4221 operam
2433 4148 2589 4202 daret
2620 4153 2681 4200 ut
2717 4146 2770 4199 in
2807 4145 2985 4198 lucem
3011 4140 3327 4211 propediem

1748 4248 1975 4303 veniret.
2015 4244 2167 4298 Hanc
2193 4241 2415 4296 Joannis
2439 4237 2682 4309 Gymnici
2725 4235 2792 4289 ad
2819 4234 3113 4303 religiosum
3140 4240 3188 4284 et
3214 4248 3328 4284 eru-

1743 4337 1913 4392 ditum
1960 4337 2123 4390 virum
2161 4333 2476 4386 Damianum
2512 4321 2799 4396 epistolam
2842 4326 3106 4392 integram
3136 4324 3329 4378 iterum

1751 4424 2157 4482 exscribendam
2201 4420 2353 4475 dedit
2394 4419 2574 4473 Bruuo
2614 4417 2825 4470 Brunus
2866 4416 2919 4468 in
2949 4413 3190 4468 editione
3224 4411 3334 4465 Ro-

1669 4492 1723 4552 D
1748 4532 1925 4581 mana,
1957 4528 2077 4584 pag.
2112 4511 2234 4565 158.
2267 4509 2528 4577 Quocirca
2557 4509 2740 4563 nescio
2766 4506 2859 4574 qui
2900 4506 3100 4559 factum
3141 4504 3242 4565 sit,
3275 4510 3333 4559 ut

1669 4611 1679 4623 ‘
1748 4607 1894 4661 idem
1924 4603 2268 4659 doctissimus
2297 4608 2352 4655 et
2379 4598 2819 4667 diligentissimus
2851 4595 2929 4648 vir
2951 4595 3004 4647 in
3025 4592 3175 4663 praef.
3207 4607 3331 4661 pag.

1749 4695 1841 4759 14,
1873 4700 2139 4758 asseruit,
2185 4690 2429 4744 Damiani
2471 4690 2611 4743 hanc
2655 4687 2712 4741 S.
2745 4684 2963 4739 Maximi
2990 4683 3337 4738 homiliarum

1751 4787 2126 4844 collectionem
2154 4778 2279 4838 ideo
2320 4782 2537 4836 demum
2579 4795 2610 4834 a
2649 4779 2856 4833 Joanne
2885 4775 3148 4847 Gymnico
3175 4773 3338 4828 Colo-

1749 4879 1857 4932 nia:
1890 4892 1988 4931 an.
2031 4871 2170 4928 1555
2211 4872 2412 4927 editam
2455 4870 2646 4934 fuisse,
2684 4868 2831 4937 quod
2858 4868 2971 4936 ipse
3000 4873 3173 4918 morte
3200 4879 3339 4933 prie~

1749 4978 1939 5038 ereptus
1985 4979 2104 5020 eam
2151 4965 2205 5019 in
2252 4964 2428 5018 lucem
2473 4962 2720 5015 emittere
2768 4958 3113 5025 nequivisset.
3153 4955 3341 5010 Insunt

1756 5069 1936 5115 autem
1964 5059 2127 5129 partis
2150 5055 2385 5109 hiemalis
2414 5054 2476 5107 de
2497 5061 2724 5122 tempore
2750 5049 2982 5104 homilim
3020 5055 3338 5115 sequentes:

1757 5150 1837 5204 De
1857 5149 2092 5202 Adventu
2126 5145 2359 5208 Dbminl,
2384 5143 2423 5207 I,
2455 5143 2518 5195 II.
2557 5141 2621 5194 In
2647 5141 2833 5209 vigiliis
2871 5136 3082 5190 Natalis
3106 5135 3341 5198 Domini,

1756 5242 1796 5296 I.
1830 5241 1898 5294 In
1929 5238 2112 5293 Natali
2142 5237 2373 5300 Domini,
2406 5234 2540 5287 I—VI.
2583 5232 2648 5285 In
2675 5231 3078 5285 Circumcisione
3108 5228 3342 5292 Domim,

1762 5334 1867 5386 sive
1894 5331 1956 5385 de
1978 5329 2210 5382 calendis
2231 5327 2474 5380 Januarii
2503 5325 2808 5393 increpatio,
2839 5321 2878 5374 I.
2912 5320 2976 5374 In
3007 5321 3344 5390 TheOphania

1765 5426 1997 5488 Domini,
2030 5422 2208 5476 I-Vlll.
2256 5421 2321 5474 In
2352 5422 2433 5474 die
2455 5421 2713 5481 Cinerum,
2746 5417 2788 5470 I.
2847 5416 2924 5469 De
2963 5417 3165 5486 jejunio
3204 5414 3344 5477 Qua-

1766 5518 2086 5587 dragesimaz,
2113 5512 2253 5566 I-IV.
2290 5511 2566 5564 Dominica
2611 5511 2668 5562 in
2720 5506 2900 5561 Ramis
2929 5506 3255 5568 Palmarum,
3294 5508 3345 5559 in

1769 5609 1898 5663 illud
1918 5607 2104 5677 psalmi
2130 5621 2145 5659 :
2193 5604 2363 5668 Deus,
2403 5602 2543 5656 Deus
2571 5615 2721 5657 meus
2741 5638 2755 5663 ,
2786 5599 2994 5666 respice
3029 5609 3134 5658 me,
3165 5595 3206 5646 l.
3271 5594 3347 5646 De

1773 5700 2098 5756 accusatione
2127 5696 2336 5752 Domini
2361 5694 2498 5762 apud
2525 5693 2773 5755 Pilatum,
2805 5687 2847 5754 l,
2879 5686 2940 5740 ll.
2993 5685 3069 5739 De
3089 5683 3226 5737 Juda
3249 5691 3358 5735 tra-
