3924 6232
601 319 701 375 191

1697 313 1765 371 IN
1800 315 1856 370 S.
1897 314 2221 372 MAXIMUM
2264 313 2740 370 TAURINENSEM

3784 318 3896 367 191

599 442 704 498 pro
731 425 913 498 spurio
939 425 1154 480 habitus
1180 431 1236 480 et
1263 440 1293 478 a
1321 423 1561 479 Beuedd.
1591 424 1822 494 primum
1853 440 1908 478 in
1935 439 2062 494 app.
2093 439 2182 479 re-
2207 428 2261 486 Α
2287 425 2608 494 proferimus
2629 443 2698 482 ex
2721 425 2976 495 subjectis
3005 426 3470 482 observationibus
3507 427 3692 496 quivis
3722 427 3892 482 facile

603 517 763 585 latus,
794 531 1021 581 excusus
1049 517 1210 570 etiam
1232 515 1372 569 inter
1399 514 1666 569 Ambrosii
1696 521 1752 568 et
1779 514 1942 584 ipsius
1971 513 2184 580 Maximi

602 623 876 664 sermones
923 615 1130 661 mutato
1179 607 1439 660 duntaxat
1485 607 1656 660 initio.
1708 604 1801 659 10⁸
1846 605 2036 660 Sermo
2082 603 2188 657 202

601 698 655 750 in
702 695 889 750 Natali
936 695 1287 765 apostolorum
1337 695 1484 749 Petri
1527 706 1574 750 et
1622 695 1801 762 Pauli,
1850 693 1916 761 ll,
1966 695 2092 748 olim
2122 695 2186 747 de

605 786 813 840 Sanctis
842 785 932 852 27,
961 793 1016 839 et
1042 795 1167 855 post
1194 787 1248 839 in
1274 802 1398 856 app.
1452 785 1519 839 79
1541 824 1555 848 ,
1589 785 1640 839 in
1671 785 1882 839 excusis
1910 787 2071 838 etiam
2099 785 2184 838 in-

605 883 687 928 ter
732 874 1114 930 Ambrosiauos
1162 882 1218 928 et
1263 875 1615 928 Maximianos
1661 875 1838 928 locum
1877 873 2100 939 habens,
2132 873 2185 926 in

605 981 732 1019 mss.
760 967 954 1034 partim
988 965 1319 1034 Augustino,
1364 967 1560 1034 partim
1601 965 1916 1029 Ambrosio,
1947 964 2044 1019 sed
2071 965 2186 1034 ple-

602 1074 831 1126 rumque
861 1057 1094 1111 Maximo
1141 1063 1474 1124 assignatus,
1523 1057 1672 1124 cujus
1706 1057 1922 1111 nomine
1949 1057 2109 1109 etiam
2133 1056 2186 1111 in

605 1147 879 1201 Breviario
909 1147 1154 1201 Romano
1180 1147 1267 1200 die
1297 1147 1330 1200 5
1370 1146 1492 1199 Julii
1542 1162 1663 1200 eum
1708 1145 1928 1216 reperiri
1959 1143 2188 1198 Benedi-

604 1238 734 1291 ctini
769 1244 1006 1290 monent.
1051 1235 1147 1290 ll”
1181 1234 1370 1289 Sermo
1400 1235 1498 1287 937
1536 1237 1589 1288 in
1629 1234 1812 1287 Natali
1854 1235 2017 1288 sancti
2048 1232 2188 1285 Lauo

604 1327 774 1390 rentii,
799 1325 863 1392 ΙΙ,
896 1326 1028 1378 alias
1059 1325 1122 1377 de
1151 1325 1362 1380 Sanctis
1383 1323 1474 1387 52,
1505 1339 1534 1377 a
1558 1324 1791 1378 Benedd.
1817 1324 2070 1392 primum,
2093 1322 2188 1376 sed

604 1431 670 1470 ex
691 1425 844 1484 parte
873 1416 1159 1484 posteriori
1187 1415 1470 1479 duntaxat,
1502 1415 1551 1468 in
1583 1431 1708 1483 app.
1740 1414 1939 1467 relatus
1958 1455 1974 1479 ,
2005 1428 2035 1466 a
2065 1427 2188 1466 ver-

605 1506 686 1558 bis
715 1520 908 1574 nempe
939 1504 1184 1574 Sufﬁcere
1205 1505 1349 1558 nobis
1381 1504 1578 1569 debent,
1615 1514 1717 1559 etc.
1749 1504 1807 1558 ln
1836 1507 2006 1558 classe
2034 1519 2189 1573 quar-

605 1602 660 1647 ta
690 1595 753 1647 de
781 1593 1027 1646 Diversis.
1082 1593 1171 1646 12⁸
1198 1593 1388 1647 Sermo
1417 1593 1521 1646 248
1555 1594 1616 1646 de
1645 1593 1922 1662 Sepultura
1951 1593 2185 1659 Domini,

606 1685 738 1738 alias
767 1686 828 1738 de
854 1685 1098 1754 Tempore
1125 1685 1247 1752 155,
1276 1700 1307 1737 a
1331 1683 1532 1738 Lovan.
1566 1685 1702 1736 inter
1729 1683 1918 1737 dubios
1947 1684 2184 1750 relictus,

2288 517 2715 572 animadvertere
2762 518 2977 588 poterit.
3017 536 3036 569 ι
3069 516 3316 584 Singulas
3345 515 3538 570 dehinc
3582 529 3892 586 percenset

2286 618 2342 662 et
2382 609 2550 662 multo
2579 624 2700 663 cum
2737 609 2980 663 acumine
3008 608 3153 661 elicit
3182 608 3329 673 signa
3365 620 3482 674 qua:
3515 606 3567 660 in
3597 622 3700 660 eas
3743 623 3886 674 qua-

2285 715 2402 752 rum
2433 706 2743 765 argumenta
2772 697 3084 752 Gennadius
3126 697 3368 766 protulit,
3400 699 3758 761 conveniant,
3790 696 3886 749 ad-

2286 787 2471 856 ditque
2500 795 2774 855 postremo
2804 787 2944 849 loco,
2977 801 3085 839 non
3121 786 3294 839 solum
3335 786 3622 854 plerosque
3661 801 3884 839 sermo-

2287 893 2413 931 num
2463 878 2555 945 qui
2594 879 2692 931 sub
2738 877 2953 930 Maximi
2997 877 3211 929 nomine
3251 876 3302 928 in
3345 875 3502 929 editis
3530 875 3746 942 vulgati
3778 876 3883 928 sint

2285 968 2582 1022 Maximum
2621 977 2895 1022 auctorem
2939 968 3158 1029 habere,
3190 967 3284 1021 sed
3311 965 3486 1020 eidem
3517 966 3664 1020 adeo
3696 966 3882 1018 vindi-

2285 1057 2486 1113 candos
2540 1073 2659 1112 esse
2701 1065 2965 1126 quotquot
3004 1072 3071 1110 ex
3123 1057 3188 1110 iis
3235 1054 3518 1109 Ambrosio
3561 1055 3717 1109 inter
3767 1054 3884 1121 ejus

2286 1163 2449 1216 opera
2486 1156 2881 1216 supponantur;
2920 1161 3146 1215 quorum
3181 1161 3382 1215 paucos
3414 1145 3720 1199 admodum
3755 1146 3880 1198 Am-

2285 1237 2485 1303 brosio,
2517 1237 2674 1304 longe
2719 1237 2899 1305 plures
2927 1236 3158 1289 Maximo
3187 1235 3380 1289 ascribi
3421 1234 3620 1288 debere
3652 1243 3878 1296 censet;

2285 1329 2418 1383 alios
2461 1343 2564 1382 nec
2605 1327 2839 1382 Maximo
2886 1343 2988 1382 nec
3034 1327 3318 1381 Ambrosio
3353 1326 3509 1380 tribui
3547 1341 3742 1395 posse,
3788 1324 3879 1379 sed

2286 1421 2644 1490 posteriorum
2673 1428 2949 1474 auctorum
2987 1435 3106 1474 esse
3145 1419 3429 1474 luculentis
3456 1418 3670 1485 aliquot
3695 1431 3881 1470 exem«

2286 1511 2389 1580 plis
2409 1509 2762 1566 demonstrat.

2992 1599 3148 1654 {690.

2361 1688 2597 1754 Parisiis,
2621 1691 2761 1760 typis
2789 1698 2844 1744 et
2869 1692 3168 1760 sumptibus
3189 1690 3364 1745 viduas
3384 1689 3536 1744 Joan.
3565 1690 3734 1758 Bapt.
3765 1688 3882 1742 Coi.

606 1790 637 1827 a
668 1774 905 1828 Beuedd.
955 1783 1133 1828 autem
1184 1783 1304 1844 post
1340 1774 1540 1828 Verlini
1573 1782 1627 1827 et
1654 1773 1901 1841 Vindingi
1933 1787 2186 1828 censuras
2218 1771 2260 1832 Β
2288 1779 2457 1847 guard
2485 1787 2538 1834 et
2558 1779 2713 1834 Joan.
2746 1779 2899 1850 Bapt.
2929 1780 3199 1848 Coignard
3223 1779 3336 1843 lilii,
3365 1779 3541 1834 in-fol.
3570 1779 3632 1834 S.
3661 1779 3881 1832 Maximi

607 1864 661 1918 in
685 1878 806 1932 app.
833 1865 1053 1918 relatus.
1111 1863 1454 1932 Compositus
1485 1871 1568 1917 est
1595 1878 1786 1932 nempe
1816 1878 1882 1917 ex
1911 1872 2062 1932 parte
2091 1877 2188 1932 po-

605 1961 804 2007 strema
835 1953 1099 2007 sermonis
1129 1942 1269 2022 apud
1293 1953 1630 2006 Ambrosium
1661 1952 1731 2004 52
1760 1952 1821 2004 de
1848 1951 2009 2004 Cruce
2037 1959 2091 2004 et
2119 1965 2188 2003 ex

607 2042 818 2110 integro
866 2057 1114 2098 sermone
1154 2041 1294 2110 apud
1342 2041 1589 2095 eumdem
1619 2039 1686 2094 55
1716 2041 1777 2093 de
1807 2039 2053 2110 Sepulcro
2078 2039 2186 2094 Do-

606 2131 753 2195 mini,
786 2130 877 2198 qui
906 2128 1012 2183 duo
1041 2130 1202 2183 etiam
1231 2129 1454 2183 Maximi
1485 2130 1699 2184 nomine
1731 2130 1928 2197 vulgati
1957 2137 2098 2184 sunt.

1309 2219 1466 2273 1687.

677 2309 902 2363 Lutetiae
943 2309 1290 2372 Parisiorum,
1322 2310 1464 2379 apud
1492 2311 1705 2365 viduam
1749 2311 2015 2369 Edmundi
2043 2311 2186 2365 Mar-

609 2399 705 2463 tin,
737 2398 891 2451 Joan.
925 2398 1140 2452 Boudot
1167 2409 1221 2454 et
1241 2399 1426 2468 Steph.
1454 2400 1690 2466 Martin.,
1723 2401 1856 2455 in4.
1889 2401 1943 2455 S.
1971 2401 2188 2455 Maximi

606 2489 844 2556 episcopi
862 2487 1204 2543 Taurinensis
1227 2489 1459 2542 homilize
1480 2489 1789 2552 duodecim,
1813 2506 1881 2545 ex
1910 2491 2188 2545 codicibus

609 2595 736 2632 mss.
782 2580 1012 2648 primum
1040 2588 1205 2633 erute
1233 2595 1264 2632 a
1290 2579 1497 2634 Joanne
1539 2580 1810 2636 Mabillon.
1861 2581 2105 2635 Eduntur
2133 2581 2188 2635 in

607 2666 790 2722 Musca
821 2668 1006 2721 Italico
1036 2669 1298 2736 ejusdem,
1327 2678 1479 2738 parte
1505 2671 1693 2736 altera,
1716 2688 1805 2740 pp.
1840 2672 1992 2725 1-51.

679 2757 838 2812 Tituli
869 2772 1055 2812 eorum
1081 2766 1206 2812 sunt
1242 2777 1254 2811 :
1285 2758 1326 2811 Ι.
1358 2759 1438 2812 De
1483 2759 1717 2814 barbaris
1747 2779 1846 2814 non
1879 2761 2115 2814 timendis
2143 2761 2190 2814 ei

607 2849 694 2918 qui
734 2847 898 2901 Deum
925 2850 1083 2912 timet,
1118 2858 1166 2902 et
1193 2849 1254 2902 de
1281 2859 1459 2905 sancto
1484 2850 1695 2906 Eliswo.
1724 2853 1786 2906 ll.
1822 2854 1848 2906 Ι
1856 2864 1953 2906 tem
1972 2871 2190 2924 sequen-

607 2939 700 3001 tia,
728 2938 763 2990 i.
788 2952 865 3004 e.,
891 2937 959 2990 de
981 2937 1174 2991 eodem
1203 2937 1258 2992 S.
1292 2938 1484 2994 Elisaao
1509 2941 1605 3008 (a).
1639 2941 1724 2994 ΙΙΙ.
1750 2941 1778 2994 1
1785 2951 1884 2994 tem
1905 2943 2188 3010 sequentia,

611 3030 646 3083 i.
678 3045 753 3096 e.,
784 3029 852 3083 de
881 3030 1122 3083 hostibus
1151 3046 1260 3084 non
1291 3031 1563 3084 timendis.
1593 3031 1679 3085 ιν.
1719 3031 1798 3084 De
1822 3031 2089 3087 Ninivitis.
2121 3033 2188 3087 V.

2290 1871 2633 1925 Taurinensis
2661 1885 2937 1925 sermones
2963 1871 3102 1924 inter
3130 1869 3511 1924 Ambrosianos
3540 1869 3880 1939 reperiundi,

2290 1961 2343 2014 in
2386 1967 2532 2014 tomo
2577 1959 2618 2012 ll
2658 1977 2784 2030 opp.
2817 1960 3104 2027 Ambrosii,
3138 1959 3225 2014 ed.
3258 1959 3763 2024 Benedictinorum,
3793 1974 3882 2026 ap-

2289 2051 2454 2120 pend.
2481 2066 2509 2103 a
2537 2064 2654 2119 pag.
2686 2049 2808 2104 591.

2360 2137 2532 2206 Major
2559 2138 2775 2208 quidem
2817 2153 2942 2208 pars
2982 2153 3292 2193 sermonum
3331 2138 3575 2200 istorum,
3611 2137 3710 2204 qui
3757 2135 3879 2187 Am-

2289 2228 2456 2283 brosii
2485 2244 2681 2282 nomen
2711 2229 2765 2282 in
2794 2244 2920 2284 mss.
2954 2229 3105 2283 libris
3149 2235 3343 2296 gerunt
3379 2235 3433 2281 et
3471 2242 3595 2281 cum
3628 2226 3880 2294 operibus

2289 2319 2431 2372 illius
2451 2319 2633 2372 exeusi
2657 2327 2800 2383 sunt,
2833 2332 3168 2386 quorumque
3197 2317 3435 2371 omnium
3466 2315 3675 2368 nullum
3708 2315 3877 2368 omni-

2289 2424 2361 2462 no
2389 2409 2456 2464 ad
2485 2407 2828 2463 Ambrosium
2857 2410 3128 2478 pertinere
3155 2415 3479 2462 censuerunt
3518 2405 3872 2466 Benedictini,

2290 2500 2579 2554 Maximum
2608 2500 2992 2554 Taurinensem
3030 2507 3305 2552 auctorem
3333 2497 3598 2564 agnoscit.
3633 2494 3875 2561 Plerique

2290 2593 2451 2646 etiam
2481 2606 2548 2644 ex
2583 2591 2647 2644 iis
2675 2591 2800 2643 alibi
2827 2590 2926 2643 sub
2956 2587 3170 2640 Maximi
3208 2588 3426 2641 nomine
3472 2586 3728 2654 impressi
3769 2585 3872 2636 lui»

2290 2689 2434 2735 runt.
2460 2680 2746 2734 Enimvero
2767 2694 2799 2732 a
2820 2678 3076 2732 Romanis
3104 2676 3368 2730 Ambrosii
3398 2675 3722 2738 editoribus,
3747 2690 3870 2742 quo-

2291 2785 2409 2824 rum
2437 2784 2600 2838 opera
2629 2784 2726 2838 per
2752 2776 2966 2824 centum
2989 2775 3045 2821 et
3065 2766 3292 2834 amplius
3316 2780 3486 2819 annos
3506 2765 3623 2820 sola
3647 2765 3870 2819 exscrihi

2292 2859 2589 2920 consuevit,
2620 2857 2812 2911 horum
2841 2856 2984 2910 nulla
3009 2855 3171 2924 plane
3196 2855 3334 2908 ratio
3361 2855 3544 2908 habita
3572 2862 3714 2919 erat,
3732 2854 3871 2923 quip-

2291 2964 2362 3017 pe
2389 2948 2579 3017 quibus
2607 2947 2776 3013 magis
2803 2945 2957 3000 cordi
2987 2944 3085 2998 fuit
3120 2958 3401 2998 numerum
3429 2943 3703 2997 Ambrosii
3749 2943 3870 2996 scri-

2293 3046 2508 3106 ptorum
2532 3050 2850 3106 quocunque
2886 3035 3050 3088 modo
3071 3047 3286 3101 augere,
3315 3047 3475 3100 quam
3505 3033 3681 3086 critici
3704 3031 3869 3086 ollicio

617 3118 690 3170 De
710 3117 939 3170 calendis
968 3117 1257 3172 .Ianuariis.
1293 3118 1378 3171 Vl.
1413 3119 1490 3171 De
1518 3121 1717 3190 defectu
1741 3122 1895 3175 tante.
1928 3121 2035 3174 VII.
2061 3123 2194 3175 Ante
2220 3116 2263 3173 C
2298 3126 2444 3192 fungi
2472 3134 2527 3178 et
2552 3125 2684 3193 pati,
2714 3132 2772 3177 ut
2800 3122 3056 3178 notandis
3084 3122 3276 3192 spuriis
3316 3122 3406 3175 ille
3451 3123 3866 3174 imminueretur.

612 3209 809 3264 Natale
847 3210 1077 3263 Domini.
1116 3209 1248 3262 Vlll.
1305 3208 1383 3262 De
1422 3209 1609 3263 Natali
1656 3210 1888 3265 Domini.
1932 3211 2022 3264 IX.
2064 3211 2194 3266 Post

615 3297 861 3352 Natalem
889 3299 1111 3353 Domini.
1140 3299 1206 3351 X.
1241 3300 1317 3353 De
1339 3301 1589 3354 haereticis
1610 3312 1818 3370 peccata
1840 3301 2190 3356 vendentibus.

615 3387 701 3440 XI.
732 3385 882 3450 Quod
903 3405 1006 3441 non
1028 3388 1211 3442 debent
1231 3389 1405 3442 clerici
1436 3392 1708 3460 negotiari.
1734 3390 1846 3442 ΧΠ.
1874 3390 1952 3443 De
1981 3408 2196 3461 corpore

614 3479 847 3532 Domini.
885 3479 1099 3533 Hausta:
1138 3480 1240 3533 illa:
1280 3488 1404 3532 sunt
1444 3481 1702 3534 extribus
1745 3481 2022 3536 codicibus
2061 3496 2188 3535 mss.

615 3570 971 3638 perantiquis,
1015 3584 1122 3623 uno
1168 3568 1555 3623 Mediolanensi
1593 3569 1930 3625 bibliotheae
1967 3570 2195 3624 Ambro-

613 3661 807 3722 siame,
857 3658 1096 3712 secundo
1150 3658 1394 3713 Romano
1441 3660 1754 3713 monasterii
1802 3660 1861 3714 S.
1907 3660 2104 3715 Crucis‘
2141 3660 2192 3713 in

615 3750 799 3803 Jerusa
832 3765 934 3814 em,
949 3750 1107 3803 tertio
1127 3747 1403 3802 Helvetico
1418 3763 1484 3801 ex
1500 3750 1710 3802 abbatia
1728 3749 1785 3804 S.
1801 3748 1955 3803 Galli.
1979 3769 1996 3800 ‹
2018 3749 2094 3803 Ex
2113 3751 2194 3805 his

613 3841 783 3894 tribus
814 3838 1091 3894 codicibus
1115 3838 1518 3908 (Mabillonius),
1538 3840 1726 3906 inquit,
1751 3843 2090 3908 quantumvis
2107 3857 2196 3895 an-

614 3933 792 4000 tiquis,
819 3949 925 3987 non
952 3932 1158 3986 eruitur
1169 3938 1316 3986 certa
1328 3940 1382 3987 et
1397 3934 1674 4002 explorata
1696 3935 1933 4002 cognitio
1955 3935 2194 3988 omnium

615 4022 782 4078 sancti
807 4019 1022 4074 Maximi
1045 4021 1407 4095 homiliarum,
1431 4023 1695 4089 siquidem
1709 4023 2080 4092 Sangallensis
2102 4038 2196 4078 eas

608 4111 707 4165 sub
743 4110 1022 4178 Augustini
1069 4109 1203 4164 l‘also
1262 4112 1417 4165 titulo
1467 4111 1722 4176 adducit;
1767 4111 1975 4166 Sancta:
2007 4111 2197 4167 Crucis

607 4200 805 4266 codex,
831 4200 1012 4255 deleto
1038 4201 1150 4254 veri
1177 4202 1414 4255 auctoris
1436 4202 1674 4266 nomine,
1706 4202 2043 4256 Ambrosium
2065 4217 2198 4272 prae-

608 4290 747 4357 fert;
793 4306 930 4344 unus
958 4289 1340 4347 Ambrosianus
1367 4290 1603 4344 Maximo
1641 4291 1904 4360 quasdam
1936 4292 2189 4358 assignat,

605 4383 704 4439 sed
731 4398 951 4452 paucas,
993 4391 1051 4437 ut
1078 4389 1267 4453 postea
1304 4382 1621 4438 videbimus.
1647 4382 1844 4437 Verum
1874 4397 1942 4436 ex
1967 4383 2086 4437 aliis
2106 4382 2193 4436 in-

2297 3215 2410 3281 Qua
2433 3215 2652 3283 quidem
2675 3214 2879 3268 desidia
2905 3214 3101 3268 factum
3123 3221 3205 3267 est
3234 3221 3293 3266 ut
3325 3220 3475 3265 tanto
3503 3215 3685 3266 acrius
3707 3213 3756 3264 in
3778 3213 3868 3264 hoc

2298 3304 2572 3372 negotium
2612 3303 2946 3358 Benedictini
2993 3303 3360 3357 incumberent
3404 3310 3459 3355 et
3503 3301 3642 3356 falce
3678 3316 3867 3368 nequa-

2297 3406 2458 3459 quam
2512 3390 2698 3445 timida
2751 3399 2944 3446 cuncta
2997 3391 3171 3444 aliena
3229 3398 3591 3458 amputarent.
3643 3389 3868 3441 Diximus

2297 3488 2476 3533 autem
2504 3480 2678 3533 nullos
2705 3481 2921 3534 omnino
2950 3493 3228 3532 sermones
3257 3485 3450 3546 praeter
3477 3486 3714 3544 quatuor
3748 3491 3866 3528 eon-

2296 3572 2481 3626 ciones
2510 3570 2739 3640 propriis
2767 3570 2900 3624 locis
2927 3569 3211 3632 exhibitas,
3241 3582 3434 3636 nempe
3466 3569 3520 3619 in
3551 3569 3734 3636 funere
3774 3564 3866 3615 Va-

2297 3661 2588 3724 lentiniani,
2629 3662 2683 3712 in
2725 3662 2904 3730 funere
2945 3659 3236 3721 Theodosii,
3272 3659 3334 3710 de
3367 3657 3596 3710 basilicis
3640 3674 3742 3710 non
3773 3666 3864 3707 tra-

2298 3753 2480 3805 dendis
2525 3759 2580 3806 et
2624 3752 2686 3804 de
2723 3752 2952 3820 reliquiis
2984 3750 3089 3804 SS.
3134 3748 3363 3804 Gerrasii
3408 3758 3456 3802 et
3502 3749 3739 3802 Protasii
3781 3763 3864 3816 pro

2297 3842 2542 3909 genuinis
2582 3841 2649 3894 ab
2691 3841 2753 3895 iis
2785 3841 2992 3894 haberi.
3032 3839 3149 3893 Jam
3178 3856 3300 3893 cum
3329 3855 3395 3894 ex
3429 3841 3629 3908 spuriis
3659 3841 3760 3892 illis
3787 3837 3861 3890 alii

2299 3931 2511 3985 nonnisi
2541 3931 2683 4000 apud
2726 3931 3085 3996 Ambrosium,
3117 3931 3206 3984 alii
3235 3945 3362 3984 vero
3395 3931 3556 3984 etiam
3589 3931 3718 3985 alibi
3759 3930 3860 3982 vul-

2297 4023 2406 4089 gati
2435 4029 2727 4084 exstarent,
2760 4022 2967 4090 priores
3004 4029 3210 4074 tantum
3249 4021 3582 4074 retinuerunt
3614 4028 3670 4074 et
3705 4020 3754 4072 in
3782 4033 3860 4085 ap-

2299 4113 2523 4182 pendice
2550 4113 2930 4176 exhihuemnt,
2971 4111 3234 4166 sermonis
3270 4109 3528 4176 cujusque
3561 4110 3729 4178 capiti
3763 4107 3860 4161 stri-

2297 4209 2423 4262 ctim
2451 4205 2737 4276 praemissis
2757 4206 2821 4259 iis
2846 4203 3164 4269 rationibus,
3187 4216 3305 4270 qua:
3330 4200 3742 4255 Ambrosianum
3769 4214 3858 4252 non

2296 4313 2417 4352 esse
2448 4297 2737 4351 suaderent
2767 4303 2860 4350 aut
2900 4295 3061 4351 alium
3091 4301 3366 4349 auctorem
3400 4292 3766 4346 ostenderent.
3797 4289 3860 4342 Ne

2296 4401 2425 4440 vero
2455 4386 2679 4439 mutatio
2707 4383 2796 4438 illa
2820 4383 3045 4438 molesta
3073 4383 3320 4450 cuiquam
3343 4379 3633 4443 accideret,
3666 4379 3857 4448 gemino

607 4473 781 4538 diciis,
815 4475 1048 4528 maxime
1075 4489 1142 4527 ex
1162 4474 1461 4538 Genuadio,
1494 4473 1839 4540 intelligimus
1865 4488 2073 4536 omnes,
2105 4480 2198 4526 aut
2225 4467 2276 4527 D
2300 4476 2475 4530 indice
2503 4476 2772 4544 provisum
2802 4481 2904 4538 est,
2933 4487 3160 4540 quorum
3200 4471 3253 4524 in
3292 4469 3464 4538 primo
3492 4469 3676 4522 omissi
3711 4467 3858 4521 collo-

607 4563 997 4632 propemodum
1026 4579 1235 4631 omnes,
1258 4564 1557 4634 praesertim
1578 4579 1695 4632 qua:
1716 4565 1768 4618 in
1792 4565 1983 4620 codice
2009 4563 2194 4620 Sancti

607 4653 742 4707 Galli
771 4654 1106 4718 exhibentur,
1131 4653 1362 4708 Maximo
1385 4669 1504 4709 esse
1530 4653 1861 4709 tribuendas.
1887 4653 1954 4708 Et
1973 4653 2193 4724 quidem

606 4743 680 4796 ita
727 4743 886 4796 simul
928 4758 1185 4797 connexa:
1227 4750 1282 4796 et
1330 4744 1592 4812 colligatus
1619 4751 1762 4809 sunt,
1794 4751 1850 4797 ut
1885 4744 1932 4797 si
1961 4757 2188 4797 unarum

605 4841 792 4887 auctor
820 4832 1131 4901 exploratus
1159 4834 1442 4898 habeatur,
1473 4832 1543 4886 de
1589 4833 1710 4890 aliis
1748 4847 2085 4900 consequens
2109 4831 2191 4886 fu-

604 4931 782 4978 turum
813 4925 883 4978 sit
906 4923 1187 4992 judicium.
1232 4924 1436 4979 Auctor
1473 4926 1672 4994 quippe
1718 4925 1914 4994 passim
1956 4925 2190 4980 homilize

604 5013 956 5082 praecedentis
995 5013 1050 5067 in
1089 5013 1436 5082 subsequenti
1462 5015 1790 5070 mentionem
1827 5015 1976 5071 facit.
2026 5015 2188 5085 Atqui

605 5105 874 5173 pleneque
918 5102 1209 5157 Maximum
1249 5105 1326 5157 uti
1370 5104 1666 5172 legitimum
1707 5113 1986 5174 parentem
2021 5118 2190 5172 agno-s

604 5200 793 5257 scunt,
825 5198 881 5245 ut
909 5201 1036 5262 pote
1075 5208 1210 5261 quas
1254 5192 1562 5248 Gennadius
1589 5195 1822 5248 maxime
1861 5193 2181 5261 designavit.

605 5281 721 5338 lloc
746 5281 800 5335 in
829 5297 1050 5336 numero
1081 5298 1174 5338 eas
1201 5296 1318 5338 esse
1346 5299 1478 5352 quas
1506 5298 1650 5338 nunc
1675 5285 1906 5353 primum
1929 5283 1983 5337 in
2009 5283 2184 5337 lucem

677 5432 764 5512 (a)_
784 5430 1068 5512 Enimvero
1094 5431 1148 5484 hi
1175 5430 1287 5512 duo
1316 5432 1467 5512 deus.
1493 5430 1682 5512 βιίεαςο
1713 5449 2007 5512 sermones,
2039 5450 2168 5512 non,

606 5501 806 5581 ut__sihi
851 5510 1191 5581 persuaserat
1237 5501 1816 5581 M_abillonius,_ined_iti
1863 5504 2174 5581 erant,_sed

607 5571 809 5641 pridem
855 5569 907 5624 in
950 5569 1191 5624 Romana
1230 5571 1466 5641 editione
1507 5573 1768 5627 Ambrosii
1811 5574 2012 5636 excusi,
2055 5574 2174 5627 loco

607 5640 822 5714 quidem
851 5649 960 5698 tam
988 5641 1184 5702 alieno.
1219 5650 1275 5696 ut
1317 5640 1470 5698 facile
1514 5643 1676 5699 etiam
1711 5642 2175 5713 diligentissimum

2296 4575 2486 4621 cantur
2508 4565 2600 4618 tali
2624 4563 2829 4625 ordine,
2859 4570 2916 4614 ut
2952 4577 3055 4614 non
3082 4560 3247 4613 solum
3283 4573 3435 4628 quam
3462 4559 3680 4626 quisque
3708 4555 3856 4609 sedem

2294 4666 2449 4710 antea
2494 4655 2548 4707 in
2587 4651 2895 4707 editionibus
2939 4649 3296 4704 Ambrosianis
3343 4647 3660 4710 obtinuerit,
3706 4659 3855 4698 verm

2291 4748 2467 4810 etiam,
2498 4745 2634 4816 apud
2660 4760 2808 4815 quem
2847 4743 3065 4796 Patrum
3085 4741 3391 4811 reperiatur,
3420 4752 3530 4792 uno
3558 4737 3748 4790 intuitu
3772 4732 3854 4786 adv

2291 4836 2428 4891 verti
2471 4835 2668 4904 possit;
2701 4834 2755 4887 in
2794 4831 3028 4888 secundo
3065 4831 3101 4885 ii
3139 4843 3414 4885 sermones
3449 4843 3590 4897 quos
3638 4825 3848 4881 retinue«

2296 4935 2442 4990 runt,
2473 4925 2544 4978 ita
2577 4923 2895 4985 indicantur,
2925 4928 2984 4974 ut
3018 4919 3330 4982 editionum,
3363 4917 3705 4985 antiquarum
3731 4911 3852 4967 scili—

2293 5023 2400 5080 cet,
2433 5013 2688 5068 Romana:
2710 5020 2765 5065 et
2790 5010 3092 5064 novissimae
3119 5007 3448 5078 comparatio
3477 5007 3694 5061 existat.
3724 5003 3848 5056 Sicut

2294 5119 2424 5159 vero
2451 5119 2518 5157 ex
2546 5103 2724 5172 priore
2750 5100 2923 5155 indice
2962 5107 3204 5169 apparet,
3234 5099 3536 5152 amissorum
3568 5095 3723 5164 longe
3748 5091 3844 5161 plu—

2292 5195 2460 5250 rimos
2485 5195 2623 5247 inter
2645 5190 2993 5244 Maximianos
3015 5189 3126 5257 jam
3148 5187 3390 5255 vulgatos
3417 5199 3560 5249 esse,
3586 5199 3740 5254 quem
3759 5194 3844 5233 non

2294 5283 2562 5337 immerito
2602 5295 2702 5351 pro
2743 5285 2962 5333 auctore
2989 5292 3176 5332 eorum
3212 5274 3398 5330 haberi
3427 5275 3480 5328 in
3522 5271 3769 5343 singulari
3791 5266 3842 5319 ad

2283 5436 2427 5489 hunc
2459 5437 2630 5490 virum
2677 5436 2858 5502 fugere
2905 5438 3147 5502 possent.
3197 5427 3571 5502 Qbservarunt
3613 5423 3837 5502 illudpri-

2281 5521 2428 5559 mum
2466 5497 3003 5560 Ambrosii-editores
3044 5498 3374 5558 Beuedictini
3413 5499 3467 5553 in
3506 5497 3833 5554 admonitiou

2283 5576 2349 5632 ad
2379 5575 2746 5648 appendicem.
