3924 6232
530 245 645 303 193

1637 235 1709 295 IN
1750 238 1812 296 S.
1851 235 2180 299 ιιΑιιιιιιιι
2216 235 2708 304 ἸΔΗΒΙῘΞΕΝΒΕΜ

3727 243 3836 300 196

536 356 738 414 deinde
773 353 1020 426 legendis
1055 353 1298 408 virorum
1345 351 1595 408 historia
1630 352 1954 423 critieaque
1993 353 2128 407 artis
2151 359 2202 416 Α
2226 355 2325 412 dit.
2370 355 2547 426 Atque
2591 356 2705 411 hac
2750 355 2802 410 iu
2845 355 3152 412 universum
3195 354 3410 426 quidem
3440 357 3508 413 de
3562 358 3834 414 metbodo

535 449 732 521 peritia
771 446 1067 518 insignium
1108 445 1178 501 de
1213 444 1451 500 [animo
1489 445 1734 514 scriptis,
1776 444 1962 513 qualia
2001 451 2132 498 sunt

533 556 604 598 ex
635 539 1074 610 antiquioribus,
1109 536 1378 593 Geunadii
1398 548 1467 592 et
1503 535 1727 592 Honorii
1765 535 2127 606 Augustodu-

533 629 751 694 neusis,
780 629 1153 683 recentiorum
1182 640 1338 690 vero,
1367 623 1679 687 'l'ritbemii,
1711 625 1948 688 Erasmi,
1978 621 2123 675 Sixti

537 714 811 783 Sinensis,
827 715 1008 770 Latini
1026 714 1248 779 Latinii,
1272 713 1612 778 Bellarmini,
1629 712 1874 777 Baronii,
1897 708 2131 778 Labhei,

539 825 808 880 editorum
836 821 1117 890 Augustini
1136 828 1192 874 et
1215 817 1484 874 Ambrosii
1513 831 1545 871 e
1572 827 1825 884 congrcg.
1849 814 1907 870 S.
1932 813 2125 879 Mauri,

538 912 747 969 Natalis
769 909 1080 975 Alexandri,
1107 909 1267 964 Joau.
1309 907 1428 963 Alb.
1473 905 1721 968 Fabricii,
1752 903 1935 969 Cavei,
1963 903 2130 972 Depi-

541 1003 638 1068 nil,
663 1001 880 1066 Oudlnt,
909 998 1256 1062 Tiliemontii,
1283 995 1521 1052 Ceillerii’
1554 1002 1618 1050 et
1649 993 1875 1049 fratrum
1904 993 2130 1047 Balleri-

544 1093 778 1157 niorum,
828 1097 1153 1154 nutrirent;
1200 1098 1462 1158 tantaque
1511 1086 1743 1156 denitjue
1796 1099 1926 1139 mss.
1974 1084 2128 1152 cepia

537 1192 836 1239 mactatum
855 1197 916 1238 se
938 1182 1168 1247 videret,
1197 1180 1344 1250 quod
1367 1180 1434 1235 ad
1463 1179 1634 1234 editas
1647 1176 1889 1246 quidem,
1911 1185 2131 1232 secutas

541 1280 626 1328 est
651 1273 848 1343 partim
876 1271 1183 1341 exemplum
1220 1268 1487 1342 Gymnici,
1532 1269 1624 1337 qui
1665 1268 1868 1337 primus
1907 1275 2126 1336 septua-

539 1363 688 1431 gina
715 1371 949 1432 quatuor
975 1361 1225 1417 homilias
1249 1359 1474 1415 dederat
1512 1373 1543 1413 a
1569 1358 1847 1414 Galesinio
1882 1372 2014 1412 mox
2039 1371 2130 1410 re

541 1467 721 1515 amas.
751 1453 825 1506 ita
856 1460 1032 1506 tamen
1061 1458 1121 1504 ut
1147 1449 1404 1505 nounth
1424 1449 1546 1518 ejus
1580 1456 1674 1503 aut
1708 1447 2004 1518 suppleret,
2032 1452 2130 1500 aut

539 1542 875 1610 mandaret,
901 1542 1234 1610 omninoque
1277 1540 1349 1595 ad
1396 1539 1766 1610 probatiomm
1807 1553 1937 1593 mss.
1969 1535 2128 1590 ﬁdem

535 1634 798 1702 exigeret,
843 1632 1039 1702 partim
1085 1624 1494 1701 reprmsentavit
1538 1628 1786 1699 exempla
1829 1626 2126 1683 editionum

2228 462 2390 518 quam
2419 448 2472 500 in
2500 445 2814 501 adhibendis
2839 446 3087 503 codicum
3111 462 3240 502 mss.
3265 447 3587 504 testimoniis
3605 459 3832 505 secutus

2228 541 2320 605 sit,
2347 539 2620 610 prmcipit;
2643 538 2949 607 singulatim
2969 553 3102 596 vero
3129 538 3198 592 ad
3225 553 3661 609 unamquamque
3698 555 3834 596 ora-

2229 632 2433 688 tionem
2450 631 2644 696 .docet,
2665 630 2808 686 unde
2833 631 2924 685 illa
2953 630 3042 696 sit,
3072 645 3232 695 nova,
3258 645 3327 684 an
3355 630 3488 685 alias
3510 629 3622 698 jam
3651 631 3829 698 edita,

2229 736 2339 791 quo
2362 720 2485 790 jure
2513 721 2732 776 Maximi
2754 736 2953 776 nomen
2976 720 3130 786 ferat,
3151 721 3410 790 quibusve
3429 736 3557 774 mss.
3581 736 3641 776 se
3656 729 3829 776 tuea-

2230 819 2346 879 tur;
2375 827 2495 880 qua:
2517 811 2743 882 junctim
2778 811 3190 867 admouimus
3224 811 3443 866 nomine
3470 813 3538 867 ab
3572 828 3640 868 eo
3664 828 3826 868 com-

2229 903 2652 972 prehenduntur.
2696 901 2816 958 iam
2862 902 2933 957 ad
2971 903 3079 957 alia
3120 902 3454 966 accedamus,
3485 919 3603 972 quae
3632 904 3688 958 in
3711 904 3827 960 hoc

2230 1006 2395 1061 opere
2419 991 2479 1048 S.
2507 991 2726 1047 Maximi
2752 992 3082 1047 amatoribus
3107 991 3434 1047 vier
3451 992 3665 1057 eximia.
3697 1001 3826 1047 tex-

2230 1090 2317 1136 tus
2356 1081 2789 1137 emendationem
2825 1081 2948 1136 dico
2986 1089 3042 1136 et
3081 1081 3512 1136 “lustrationem.
3552 1081 3640 1137 Ad
3669 1082 3826 1137 illam

2183 1181 2187 1184 '
2228 1171 2377 1239 quod
2404 1181 2632 1241 spectat,
2659 1171 2751 1226 vix
2771 1170 3005 1228 dubitari
3032 1177 3212 1241 potest
3248 1170 3379 1239 quin
3407 1172 3479 1236 ei,
3503 1171 3594 1240 qui
3619 1170 3678 1226 S.
3704 1172 3830 1226 Ia-

2230 1261 2359 1316 ximi
2388 1262 2658 1330 ingenim
2686 1261 3070 1331 propriamque
3105 1259 3398 1315 dictionem
3441 1259 3599 1326 adeo,
3630 1269 3690 1315 ut
3719 1277 3828 1316 o-

2229 1358 2360 1414 ster,
2387 1349 2571 1406 animo
2599 1349 2829 1416 imbibit,
2860 1349 3074 1419 egregie
3117 1349 3203 1405 hic
3248 1349 3401 1404 labor
3437 1350 3683 1413 cesserit.
3716 1366 3826 1406 nec

2229 1441 2386 1497 facile
2413 1441 2522 1504 illa,
2554 1441 2656 1495 nisi
2684 1442 2754 1497 ab
2779 1455 2934 1510 mque
2957 1439 3256 1499 exercitato
3284 1439 3338 1494 in
3364 1439 3526 1508 hujus
3550 1440 3826 1495 aliorum-

2228 1547 2335 1602 que
2361 1532 2805 1588 concionatorum
2829 1531 3065 1588 lectione
3090 1530 3195 1584 rite
3219 1529 3474 1587 cstimari
3500 1530 3739 1600 poterit;
3770 1529 3828 1587 id

2228 1640 2397 1680 unum
2443 1632 2650 1679 tantum
2691 1622 3041 1688 animamus,
3067 1621 3342 1676 variantes
3368 1619 3628 1676 lectiones
3666 1620 3828 1689 larga

535 1723 918 1781 Parisiensium
945 1737 1171 1793 operum
1215 1722 1274 1778 S.
1316 1722 1584 1776 Ambrosii
1613 1735 1880 1776 annorum
1907 1717 2047 1772 1569
2073 1726 2127 1772 et
2157 1703 2205 1763 Β
2230 1732 2392 1772 manu
2420 1715 2692 1787 appositas
2718 1723 2775 1770 et
2808 1714 3093 1784 diligenter
3117 1721 3365 1770 ettotatas
3401 1728 3538 1769 esse.
3570 1711 3829 1772 Illustra-

537 1815 696 1882 1690,
727 1813 1128 1870 Anecdoterum
1171 1813 1451 1867 [oratorii
1497 1828 1586 1866 an.
1637 1811 1805 1877 1713,
1851 1817 1910 1864 et
1957 1808 2127 1863 Musei

537 1902 705 1960 Italici
732 1903 1098 1969 labilleuiani
1124 1918 1215 1957 an.
1246 1899 1417 1967 4724;
1449 1916 1618 1956 novas
1647 1907 1836 1955 autem
1873 1906 1930 1954 et
1957 1898 2128 1953 inedi-

537 2003 625 2050 tas
649 1996 909 2057 hactenus
921 1991 1145 2049 nonnisi
1166 1991 1888 2061 consentientibus-pluribus
1907 1992 2125 2062 optimm

537 2093 682 2142 uotae
706 2102 835 2141 mss.
866 2093 923 2140 et
948 2100 1015 2139 ex
1254 2086 1341 2139 sui
1368 2099 1592 2139 assensu
1614 2083 1668 2137 in
1693 2098 1974 2137 numerum
2002 2082 2128 2138 alle-

536 2177 636 2242 xit,
665 2177 768 2232 bac
801 2175 1041 2232 adbmita
1069 2175 1124 2230 in
1151 2174 1508 2243 diiudicandis
1540 2189 1672 2231 nias.
1701 2175 1976 2230 codicibus
1998 2189 2126 2229 cau-

541 2264 709 2329 tione,
741 2272 801 2322 ut
839 2264 1175 2332 antiquiores
1208 2264 1507 2330 generatim
1554 2264 1832 2334 pmicrret
1855 2264 2127 2319 recentio-

539 2353 721 2415 ribus,
777 2351 1175 2408 emendations
1222 2351 1405 2406 minus
1452 2351 1726 2420 castigatis
1779 2359 1836 2406 et
1886 2351 1953 2405 iis
2004 2350 2127 2420 plus

539 2443 821 2508 tribueret,
847 2456 988 2511 quos
1029 2457 1100 2496 ex
1139 2442 1361 2511 optimis
1399 2440 1793 2510 exemplaribus
1827 2440 2126 2510 descriptos

542 2548 664 2590 eme
691 2534 1053 2603 cognovisset.
1092 2550 1112 2586 ι
1158 2531 1216 2588 ld
1255 2547 1388 2586 vero
1425 2539 1485 2588 ut
1519 2532 1908 2600 dignoscerem,
1930 2531 2122 2600 inquit,

539 2625 752 2693 regulas
789 2626 922 2682 mihi
968 2624 1208 2681 subsidio
1253 2631 1366 2680 tres
1414 2624 1745 2694 comparavi.
1786 2622 1983 2678 Earum
2025 2622 2126 2678 fuit

541 2717 708 2787 prior,
751 2717 996 2772 codice
1046 2716 1400 2787 plurimorum
1435 2730 1734 2785 eorumque
1763 2716 2126 2785 antiquiorum

541 2807 1074 2877 emendationemque
1109 2815 1432 2871 concentus;
1482 2807 1684 2871 altera,
1727 2815 1969 2861 veterum
2010 2821 2128 2861 mo—

540 2907 916 2955 numentum
934 2899 1372 2968 scriptorumque
1399 2898 1721 2964 auctoritas;
1747 2897 1928 2962 tertia,
1957 2896 2128 2952 histo-

541 2992 776 3047 ricorum
822 2990 1128 3058 criticmque
1166 2989 1298 3043 artis
1343 2989 1639 3058 peritorum
1685 2988 1992 3043 consensio.
2033 2986 2129 3044 llis

2231 1808 2368 1862 tioni
2390 1808 2686 1862 inserviunt
2709 1822 2831 1861 cum
2857 1813 3175 1876 argumenta
3201 1803 3538 1860 sermonibus
3564 1811 3623 1858 et
3647 1802 3832 1858 homi-

2230 1901 2316 1957 liis
2340 1898 2578 1971 praeﬁxa,
2612 1907 2724 1954 tum
2752 1898 3153 1962 adnotationes,
3173 1911 3286 1951 non
3308 1895 3558 1951 omnibus
3573 1894 3830 1964 quidem,

2227 1991 2323 2046 sed
2353 1990 2734 2060 prolixioribus
2760 1989 2961 2059 passim
3000 1987 3317 2056 subjuuctte,
3347 1985 3416 2040 de
3445 1984 3566 2039 lidei
3593 1985 3831 2052 dogma-

2228 2080 2390 2148 tibus,
2422 2094 2542 2149 quaa
2589 2077 2730 2134 forte
2775 2067 3038 2134 Maximus
3075 2075 3272 2144 attigit,
3302 2074 3461 2129 unice
3495 2080 3826 2131 tractantes.

2231 2171 2307 2226 De
2335 2171 2524 2226 iisdem
2567 2184 2698 2224 vero
2734 2169 3024 2238 separatim
3053 2167 3216 2222 etiam
3244 2180 3341 2235 per
3366 2163 3672 2236 systematis
3697 2179 3829 2219 mo-

2227 2261 2354 2316 dum
2394 2263 2552 2328 longe
2597 2259 2815 2314 uberius
2849 2273 3012 2327 quam
3060 2257 3115 2312 in
3155 2256 3248 2310 tali
3288 2263 3511 2310 auctore
3545 2254 3827 2323 quispiam

2227 2348 2636 2412 desideraverit,
2664 2355 3061 2404 commentatus
3089 2353 3191 2402 est.
3236 2344 3423 2400 Restat
3467 2359 3613 2398 nunc
3641 2352 3704 2397 ut
3733 2351 3828 2400 to-

2229 2439 2336 2494 tius
2383 2439 2564 2509 operis
2611 2438 3028 2508 descriptionem
3070 2445 3130 2492 et
3173 2436 3443 2506 quomodo
3487 2435 3719 2504 singulm
3764 2451 3830 2491 sc

2229 2537 2411 2599 partes
2421 2529 2618 2583 ordine
2635 2529 2895 2584 continuo
2922 2528 3214 2598 excipiant,
3244 2527 3429 2597 paucis
3455 2541 3824 2596 exponamus.

2228 2619 2553 2691 Auspicatur
2574 2620 2826 2675 volumen
2855 2619 2938 2674 Pii
2965 2618 3033 2675 Vl
3061 2618 3121 2673 P.
3146 2619 3218 2673 Ι.
3250 2619 3319 2674 ad
3347 2619 3646 2674 Victorium
3669 2619 3830 2675 Ama

2227 2713 2389 2769 deum
2435 2712 2697 2769 Sardinia:
2737 2725 2920 2780 regem
2964 2711 3193 2782 cpistola
3222 2711 3297 2782 (d.
3331 2711 3518 2766 Roma:
3555 2710 3731 2781 apud.
3762 2711 3826 2766 Β.

2229 2804 2452 2859 Mariam
2477 2802 2740 2873 liajorem
2770 2819 2819 2859 τι
2847 2803 2968 2859 idus
2992 2801 3116 2857 Julii
3145 2818 3234 2857 an.
3268 2799 3426 2869 1784,
3475 2799 3834 2872 pontiﬁcatus

2228 2911 2373 2950 anno
2403 2893 2512 2962 ω),
2544 2893 2598 2947 in
2625 2907 2732 2962 qua
2759 2903 2870 2948 tum
2899 2892 3116 2947 llaximi
3141 2892 3210 2948 de
3243 2891 3667 2947 Taurinensibus
3698 2906 3830 2946 me-

2229 2985 2351 3050 rita,
2385 2992 2498 3039 tum
2526 2982 2935 3041 Taurinensium
2961 2991 3017 3038 et
3044 2983 3307 3038 universa:
3333 2981 3508 3052 gentis
3535 2981 3835 3036 Sabaudim

539 3098 671 3153 ergo
704 3082 964 3153 prasidiis
1002 3054 1257 3148 munitus,
1291 3054 1556 3150 permulta
1594 3081 1851 3150 opuscula
1887 3079 2009 3148 jure
2036 3095 2126 3135 as-
2154 3054 2202 3116 ε
2235 3076 2601 3146 imprimisque
2624 3075 2881 3132 comitum
2909 3073 3213 3142 ducumque
3239 3072 3356 3142 ejus
3378 3081 3434 3128 et
3451 3085 3641 3140 regum
3669 3071 3834 3126 deni-

542 3173 690 3229 serui
714 3171 970 3238 llaximo,
1001 3171 1104 3228 etsi
1131 3179 1312 3227 essent
1337 3171 1431 3239 qui
1460 3170 1698 3241 ipsorum
1735 3170 1914 3240 aliqua
1952 3170 2129 3225 eidem

540 3273 763 3335 accepta
803 3263 991 3319 referti
1025 3270 1278 3333 oportere
1305 3272 1400 3317 aut
1435 3262 1817 3328 iallciarentur,
1853 3270 1947 3317 aut
1971 3261 2130 3317 dubi-

541 3360 741 3409 tarent.
765 3353 924 3420 Quod
951 3352 999 3408 si
1023 3351 1310 3423 aliquando
1346 3352 1540 3407 borum
1586 3352 1716 3407 mibi
1763 3353 2132 3422 pmidiorum

542 3443 631 3500 vel
659 3443 839 3512 aliqua
864 3443 951 3498 vel
996 3457 1136 3512 pene
1169 3443 1350 3497 ernnia
1384 3441 1688 3508 deluerunt,
1735 3441 1916 3498 induci
1953 3450 2131 3498 tamen

543 3550 654 3592 non
683 3535 855 3604 potui,
875 3541 946 3588 ut
979 3540 1170 3588 sancto
1197 3533 1422 3586 antistiti
1450 3532 1805 3601 abjndicanda
1824 3548 1946 3589 esse
1969 3534 2135 3588 duce-

542 3639 682 3689 rem,
705 3638 827 3693 qua
851 3623 922 3678 ab
957 3623 1076 3692 ipso
1112 3621 1277 3678 fuisse
1304 3622 1503 3691 scripta
1529 3624 1653 3693 styli
1677 3639 1741 3678 ac
1768 3625 2029 3680 orationis
2056 3625 2133 3679 si-

543 3713 793 3771 militudo
841 3712 1112 3768 suaderet.
1164 3711 1351 3779 Neque
1387 3725 1539 3776 vero,
1571 3712 1714 3779 quod
1744 3713 1797 3766 in
1818 3713 2131 3780 quibusdam

541 3803 816 3876 opusculis
859 3803 1115 3857 humilior
1161 3815 1324 3871 quam
1369 3802 1423 3855 in
1462 3803 1674 3857 caeteris
1720 3803 1790 3857 sit
1825 3803 2017 3867 oratio,
2049 3803 2132 3857 id-

541 3897 690 3952 eirco
718 3896 786 3949 ab
814 3892 1007 3949 iisdan
1032 3892 1266 3947 Maximo
1295 3892 1623 3948 ascribcudis
1663 3893 1924 3948 deterreri
1957 3893 2128 3963 potui.

544 3985 664 4041 Non
693 3985 838 4040 enim
866 3997 983 4038 sum
1024 3983 1237 4038 nescius
1273 3997 1562 4038 consuesse
1590 3990 1824 4049 sanctos,
1856 3983 1973 4051 ejus
2006 3999 2136 4053 prm-

541 4076 732 4132 eertim
776 4076 975 4139 etatis,
1022 4075 1296 4129 antistites
1348 4075 1662 4130 sublimiore
1705 4076 2137 4148 elegantiamque

541 4165 923 4230 oratione-ti,
949 4178 1076 4220 cum
1105 4164 1383 4219 auditores
1427 4165 1747 4232 eloquetiaa
1771 4165 2138 4236 doctrinaeque

543 4257 704 4314 laude
725 4261 1042 4328 "astantes
1060 4255 1210 4311 ωειλ
1230 4262 1442 4320 essein;
1473 4255 1755 4309 humiliore
1783 4264 1991 4318 contra,
2016 4271 2136 4311 cum

545 4348 844 4405 eoncioms
869 4346 940 4402 ad
969 4346 1280 4414 imperitum
1315 4345 1507 4413 vulgus
1547 4345 1824 4400 haberent.
1848 4377 1920 4388 —
1941 4346 2136 4402 Verum

2230 3182 2335 3233 «,ue
2362 3165 2639 3236 pietatem,
2670 3167 2724 3220 in
2765 3165 2964 3221 tuenda
2999 3165 3452 3236 propagaudaque
3480 3163 3602 3218 ﬁdei
3632 3165 3836 3219 catho-

2232 3258 2346 3312 licae
2373 3257 2622 3314 doctrina
2655 3257 2990 3312 alacritatem
3033 3265 3092 3312 et
3141 3257 3196 3312 in
3238 3257 3590 3327 apostolicam
3631 3255 3832 3312 sedem

2233 3348 2578 3404 devotionem
2623 3348 2698 3402 ita
2743 3348 3024 3420 prtedicat,
3073 3356 3133 3405 ut
3170 3363 3280 3404 non
3326 3348 3572 3403 omiserit
3614 3347 3842 3416 singula

2234 3440 2547 3510 pontiﬁcum
2589 3439 2957 3497 Romanorum
2997 3439 3455 3511 praedecessorum
3485 3455 3714 3495 suorum
3745 3440 3837 3494 lit-

2228 3531 2364 3585 teris
2391 3538 2447 3586 et
2473 3528 2825 3586 Guicbenonii
2865 3529 3151 3586 Sabaudiat
3178 3531 3372 3586 domus
3405 3530 3839 3602 bistoriograpbi

2236 3621 2556 3675 testimoniis
2582 3620 2922 3676 conﬁrmare.
2946 3622 3204 3691 Sequitur
3241 3621 3464 3675 editoris
3500 3622 3759 3691 prcfatio
3788 3623 3844 3675 in

2236 3712 2372 3767 duas
2399 3721 2583 3782 partes
2611 3712 2801 3781 divisa,
2832 3727 3060 3783 quarum
3088 3729 3195 3768 una
3224 3714 3446 3783 exponit
3473 3711 3660 3780 quibus
3704 3715 3843 3767 scri-

2235 3811 2442 3871 ptorum
2467 3811 2518 3857 et
2539 3803 2775 3857 codicum
2803 3805 3143 3875 adiumentis,
3166 3814 3216 3858 et
3248 3820 3347 3875 quo
3371 3803 3556 3857 ordine
3581 3803 3699 3856 hcc
3727 3803 3844 3856 edi-

2235 3894 2310 3946 tio
2325 3895 2397 3946 sit
2419 3895 2673 3964 perfecta,
2694 3894 2861 3949 altera
2881 3895 3199 3950 dedoctriua
3219 3892 3440 3948 Maximi
3459 3892 3845 3961 copiosissime

2239 3981 2472 4037 disserit.
2503 3981 2652 4038 Hanc
2678 3984 2877 4055 excipit
2903 3984 2970 4037 de
3005 3983 3129 4039 Vita
3157 3982 3220 4039 S.
3252 3981 3476 4038 laniati
3501 3981 3846 4036 Cet-mento-

2236 4074 2346 4128 ritts
2370 4073 2804 4140 verbosissimos,
2833 4073 2974 4133 binis
2998 4072 3269 4128 columnis
3308 4073 3620 4142 impressus.
3647 4071 3846 4127 Proxi-

2240 4181 2327 4222 ma
2380 4173 2507 4220 sunt
2557 4167 2852 4221 testimonia
2909 4168 3218 4237 scriptorum
3262 4165 3748 4220 ecclesiasticoer
3785 4166 3849 4220 de

2238 4259 2447 4328 scriptis
2477 4257 2535 4313 S.
2572 4257 2794 4312 Παιάνιιὶ
2835 4257 3193 4322 Tourincnsis,
3225 4256 3312 4312 cui
3351 4255 3666 4311 adnectitur
3696 4256 3847 4312 eleu-

2241 4349 2374 4404 chus
2415 4350 2697 4404 editionum
2749 4342 3084 4402 hostilium
3121 4356 3173 4400 et
3218 4362 3517 4401 sermonum
3569 4345 3843 4413 ejusdem.

543 4442 649 4498 etsi
677 4455 778 4511 per
809 4408 1121 4494 omnino-in
1156 4436 1364 4505 aliquot
1399 4408 1616 4491 δίειιίιηὶ
1655 4437 1945 4505 opusculis,
1976 4446 2139 4506 atque
2166 4408 2219 4469 θ
2243 4439 2435 4494 Postea
2465 4440 2649 4492 notitia
2672 4439 2907 4494 codicum
2925 4455 3078 4502 mss.,
3105 4453 3172 4492 ca:
3193 4437 3375 4510 quibus
3396 4408 3676 4490 auctior-et
3704 4437 3846 4491 locu-

542 4535 603 4587 in
631 4531 752 4586 aliis
778 4529 1023 4600 pluribus
1054 4542 1174 4585 eae
1199 4541 1314 4582 non
1338 4527 1584 4582 videatur
1611 4527 1910 4582 sublimitas
1928 4542 2138 4582 semo-

543 4623 634 4677 nis
674 4628 731 4676 et
771 4618 1069 4687 degenda;
1100 4616 1242 4675 adeo
1283 4625 1463 4673 tamen
1500 4626 1585 4674 est
1612 4619 1803 4683 series,
1833 4617 2140 4681 collocatio,

2241 4532 2426 4601 plctt'or
2451 4530 2623 4601 prodit
2660 4531 2769 4585 hac
2789 4547 3002 4601 operum
3037 4531 3098 4585 S.
3138 4527 3360 4584 Noniani
3387 4528 3572 4596 editio,
3597 4529 3846 4596 itemque

2243 4619 2528 4675 deductio
2556 4623 2727 4676 ωιαιίε
2766 4622 2998 4676 codicum
3037 4638 3162 4676 ntss.
3196 4636 3427 4691 quorum
3455 4621 3764 4691 specimina
3793 4620 3844 4673 in

551 4714 838 4768 verborum
863 4711 1075 4775 ductus,
1108 4709 1614 4779 alercadorumque
1644 4724 1814 4765 sacrm
1852 4708 2143 4779 Scriptura:
2247 4711 2443 4765 tabulis
2470 4727 2577 4766 aere
2606 4711 2788 4768 incisis
2815 4711 2882 4766 ad
2911 4711 3112 4768 calcem
3138 4711 3396 4780 subjectis
3421 4717 3550 4766 sunt
3574 4710 3842 4766 exhibita.

542 4805 794 4860 locorum
823 4804 963 4860 ratio
988 4803 1199 4869 similis,
1224 4810 1286 4858 ut
1309 4802 1468 4858 facile
1498 4805 1550 4859 in
1581 4804 1824 4872 utrisque
1851 4802 2142 4859 Haximum
2248 4799 2421 4857 Inde:
2439 4801 2673 4871 denique
2697 4809 3066 4857 summa
3094 4802 3427 4856 inutilior-ant
3446 4800 3686 4855 sistitur.
3717 4799 3846 4866 Quae

548 4905 824 4952 auctorem
870 4897 1046 4966 possis
1072 4910 1384 4965 agnoscere.
1417 4895 1536 4951 iam
1566 4912 1697 4951 vero
1723 4898 1769 4951 si
1791 4910 1897 4965 qua
1924 4896 1978 4951 in
2004 4911 2143 4967 epu-

543 4988 696 5042 scula
738 4988 958 5052 incurri,
989 5001 1109 5056 qua:
1131 5000 1384 5043 sermone
1413 4997 1521 5043 tam
1553 4989 1776 5056 vulgari,
1807 4988 2016 5052 humili,
2045 4987 2130 5043 ab-

2244 4891 2425 4946 omnia
2449 4890 2603 4959 juxta
2630 4908 2792 4962 quam
2819 4908 2853 4946 a
2882 4892 3042 4948 nobis
3068 4900 3194 4948 sunt
3224 4898 3539 4947 enuntcrata
3565 4889 3681 4945 3N
3703 4891 3846 4962 pagi-

2245 4999 2343 5038 nas
2387 4983 2631 5054 implent.
2683 4984 2885 5040 Dehinc
2931 4985 3035 5055 ipsi
3083 4999 3363 5040 sermones
3397 4992 3453 5040 et
3478 4983 3727 5040 bomilia
3754 4997 3844 5053 ge-

545 5079 715 5148 .jecto,
762 5080 1038 5150 implicata
1082 5081 1281 5149 scripta
1324 5089 1523 5145 essent,
1565 5088 1625 5135 ut
1670 5096 1890 5150 prorsus
1928 5080 2142 5148 indigna
2247 5075 2396 5128 uuini
2425 5075 2564 5130 binis
2581 5074 2864 5142 columnis,
2893 5074 3048 5130 dubii
3073 5089 3139 5131 ac
3162 5074 3333 5145 spurii
3360 5087 3456 5144 per
3480 5073 3842 5144 appendicem

551 5167 786 5224 laximo
822 5170 1160 5236 viderentur;
1184 5186 1248 5226 ea
1270 5171 1519 5240 equidem
1551 5172 1680 5226 nihil
1704 5172 1955 5228 haesitans
1975 5172 2138 5225 statui

549 5259 704 5329 rejici
760 5269 1015 5329 oportere
1070 5262 1122 5316 in
1183 5277 1462 5318 numerum
1523 5277 1748 5332 operum
1803 5264 2138 5332 spuriorum,

550 5366 860 5420 quanquam
890 5353 946 5408 in
971 5353 1180 5420 aliquot
1220 5353 1495 5409 codicibus
1542 5354 1795 5423 inscripta
1822 5360 2004 5409 essent
2027 5352 2142 5408 la-

555 5441 682 5495 ximi
705 5440 1210 5510 ejudemuomiue.
1239 5443 1436 5509 DQIOd
1465 5445 1731 5514 posterius
1759 5445 1919 5504 latius
1942 5445 2139 5501 ibidem

555 5531 822 5588 editorum
850 5533 1122 5589 Ambrosii
1150 5541 1205 5588 et
1233 5532 1514 5603 Augustini
1540 5552 1570 5592 e
1598 5550 1849 5607 congregt
1884 5536 1942 5595 S.
1969 5534 2139 5594 Mauri

556 5630 612 5677 et
635 5621 829 5679 Lewis
856 5623 949 5690 ll.,
977 5624 1202 5680 fratrum
1233 5623 1639 5682 Balleﬁuiorum
1669 5627 1926 5698 exemplis
1954 5628 2141 5684 defen-

2248 5167 2461 5234 adjecti,
2487 5168 2608 5221 latis
2627 5168 2781 5222 lineis
2801 5169 3042 5237 impressi
3063 5175 3378 5237 sequuntur.
3407 5165 3696 5224 Coronam
3713 5180 3843 5236 opus

2245 5259 2442 5313 indices
2473 5259 2574 5314 duo
2594 5259 2828 5313 locorum
2857 5258 3144 5330 Scriptura
3170 5275 3340 5314 sacra
3364 5266 3416 5313 et
3443 5274 3617 5312 rerum
3635 5265 3843 5313 sentcn-

2244 5352 2532 5422 tiormnqus
2561 5349 2992 5405 ιιιειιιοωόὶιὶιιιιι.
3033 5348 3188 5416 Quod
3231 5349 3502 5419 reliquum
3534 5355 3642 5415 at,
3687 5355 3840 5421 typo-

2244 5443 2436 5514 grapbi
2464 5443 2742 5500 solertiam
2773 5458 2882 5497 non
2912 5441 3050 5498 infra
3088 5441 3314 5498 editoris
3337 5449 3510 5496 artem
3537 5439 3840 5496 substitue

2207 5577 2212 5579 -
2245 5543 2514 5590 notamus.
2546 5531 2760 5589 Gaudet
2787 5532 2931 5588 enim
2977 5532 3092 5588 haec
3128 5528 3299 5587 editio
3339 5528 3545 5587 chartis
3573 5527 3840 5603 amplissi~

2246 5627 2349 5682 mis
2366 5623 2609 5681 candidis
2630 5631 2685 5679 et
2715 5625 2914 5681 teneris
2927 5642 2941 5695 ;
2973 5632 3221 5696 typorum
3249 5633 3460 5681 summa
3482 5629 3568 5678 est
3586 5620 3834 5683 varietas.
