3924 6232
110 289 178 348 ιςτ
1127 268 1396 326 ΝΟΤΙΤΙΑ
1434 262 1649 322 HlSTOl

1757 259 2250 318 D-LITTERANA.

109 397 311 468 elegantia
334 401 387 450 et
405 393 580 459 nitor;
608 388 1011 458 descriptioque
1033 393 1138 440 tam
1161 381 1329 438 oculis
1349 387 1500 448 grata
1520 384 1623 443 est,
1653 385 1704 442 Α
1731 374 1948 430 nomine
1975 389 2040 429 ex
2072 371 2399 428 editionibus
2445 378 2499 425 et
2539 369 2813 426 codicibus
2848 365 3174 436 collegisset,
3214 365 3316 436 ipsi

110 505 226 563 quam
245 485 513 544 commoda
542 483 765 548 usibus;
797 480 1026 548 denique
1060 476 1330 532 rarissima
1369 481 1631 563 apparent

107 561 335 649 operarum
360 575 507 639 vitia,
549 580 613 628 ut
650 573 745 642 qui
773 585 961 626 verum
989 575 1151 629 amet,
1179 578 1401 620 necesse
1432 563 1504 617 sit
1546 561 1630 615 fa-

110 678 241 725 teatur
261 676 495 723 neutrum
542 665 600 719 in
636 660 972 734 proﬂigando
999 659 1104 716 hoc
1131 671 1297 728 opere
1324 654 1406 710 Pii
1434 653 1502 709 Vl
1530 668 1630 710 vo-

108 759 251 814 luntati
275 773 334 814 ac
357 755 601 813 consiliis
626 752 881 808 defuisse.

650 844 678 908 ε
704 843 790 893 ιν.
814 838 1031 892 Codices.

152 939 262 1008 Quin
286 937 529 995 codicum
556 952 688 993 mss.
721 935 841 989 loco
861 929 1120 986 habenda:
1138 929 1247 984 sint
1271 927 1504 996 antiquae
1527 923 1633 979 illa

104 1030 469 1084 bomiliariormn
481 1026 768 1090 editiones,
787 1025 841 1079 in
861 1022 1056 1093 quibus
1076 1019 1481 1083 Maximi,uttot
1494 1014 1632 1069 alio-

103 1136 191 1176 rum
212 1117 412 1174 Patrum
437 1117 575 1172 varii
620 1126 898 1172 sermones
936 1113 1171 1182 primum
1216 1106 1459 1163 formulis
1485 1113 1634 1159 stanc

104 1212 186 1264 seis
222 1207 457 1278 exscripti
498 1214 650 1272 sunt,
677 1204 770 1275 qui
800 1201 1114 1258 addubitare
1159 1197 1340 1264 vellet,
1372 1210 1457 1250 na:
1482 1194 1633 1249 illum

105 1301 293 1355 celebres
315 1297 510 1353 Leonis
529 1296 602 1351 Il.
627 1309 853 1366 operum
879 1292 1117 1348 editores
1138 1287 1389 1358 exemplo
1415 1300 1515 1341 suo
1542 1298 1633 1339 re-

103 1389 370 1458 darguerem
398 1395 455 1442 et
481 1387 766 1450 docerent,
793 1384 988 1438 borum
1014 1381 1294 1445 lectiones,
1325 1384 1386 1432 ut
1417 1385 1546 1446 pote
1565 1389 1636 1429 ex

105 1495 199 1535 nes.
234 1477 418 1533 saeculo
456 1493 512 1532 rx
550 1473 943 1544 antiquioribus
979 1472 1188 1536 ductas,
1230 1483 1338 1523 non
1365 1465 1514 1537 parvi
1551 1463 1634 1517 fa-

102 1571 273 1623 cicadas
320 1582 455 1623 esse.
499 1563 624 1633 Quo
677 1564 847 1633 magis
899 1561 1159 1616 miramur
1203 1554 1636 1612 recentissimum

105 1659 274 1714 llaximi
297 1659 577 1724 editorem,
607 1671 797 1713 eorum
823 1655 909 1711 vel
937 1653 1163 1708 oblitum
1192 1664 1338 1717 esse,
1362 1647 1449 1702 vel
1476 1646 1636 1718 plane

1733 466 1902 520 tutius
1949 462 2312 533 adjudicaret,
2359 475 2428 516 ex
2470 459 2746 514 titulorum
2784 466 2840 512 et
2876 456 3136 512 orationis
3179 469 3317 511 con-

1731 554 1976 624 gruentia
1996 561 2275 607 auctorem
2319 564 2570 618 arguens.
2615 548 2797 603 Monet
2838 546 3069 615 denique
3109 546 3164 600 in
3205 544 3318 615 hoc

1726 644 1882 715 juxta
1910 658 2073 712 quam
2099 642 2154 695 in
2183 641 2353 695 tribus
2406 639 2755 709 sequentibus
2800 635 3076 692 codiCibus
3113 633 3318 690 formas
3409 696 3414 700 ,

1728 737 2046 808 plerumque
2074 733 2442 789 characterem
2469 738 2561 784 aut
2589 743 2810 799 prorsus
2847 735 2939 781 aut
2963 727 3124 796 plene
3149 726 3317 782 fuisse

1732 825 1956 890 deletas,
1988 824 2142 888 adeo,
2162 833 2221 878 ut
2242 823 2332 876 vix
2355 821 2648 889 fragmenta
2670 819 2914 888 quadam
2935 816 3313 880 remanserint,

1731 931 1852 987 qua:
1880 924 2058 970 tamen
2087 915 2243 970 facile
2284 913 2528 981 intelligi,
2567 920 2661 968 aut
2701 926 2812 967 non
2843 908 3126 970 άιιιξωιιβτ
3153 907 3257 978 legi
3283 922 3315 964 a

1731 1008 1906 1078 perito
1929 1006 2131 1061 lectore
2160 1004 2385 1074 possint.

1801 1097 1861 1151 2⁸
1886 1098 2060 1152 Codex
2092 1083 2437 1160 Pedonensis,
2487 1093 2578 1162 qui
2609 1092 2736 1148 olim
2782 1090 2882 1146 fuit
2911 1087 3226 1146 monasterii
3252 1087 3312 1144 S.

1734 1186 1981 1242 Dalmatii
2002 1185 2069 1240 de
2091 1184 2331 1249 Paiona,
2355 1183 2818 1246 membranaceus,
2845 1178 3078 1245 iit-folio,
3108 1179 3318 1232 laceras

1734 1277 1951 1346 quidem
1979 1275 2160 1331 multis
2205 1274 2259 1328 in
2288 1273 2549 1343 partibus,
2575 1273 2648 1327 ita
2675 1277 2854 1323 tamen
2896 1275 2954 1321 ut
2982 1282 3051 1322 ex
3077 1265 3318 1321 numeris

1733 1367 1994 1437 appositis
2047 1364 2288 1433 dignosci
2324 1363 2497 1433 possit
2523 1361 2938 1430 comprehensas
2977 1359 3038 1413 in
3063 1373 3133 1413 eo
3151 1357 3319 1413 luisse

1732 1456 1984 1511 homilias
2021 1453 2127 1506 242
2154 1461 2208 1508 et
2244 1465 2522 1506 sermones
2565 1448 2654 1515 20,
2685 1450 3036 1517 videaturque
3070 1447 3320 1502 collectio

1735 1563 1804 1604 ex
1831 1547 2050 1618 optimis
2074 1542 2471 1614 exemplaribus
2509 1541 2746 1600 condita.
2767 1539 2834 1593 in
2880 1539 3047 1598 titulis
3073 1537 3320 1596 humilia-

1736 1652 1856 1692 rum
1883 1644 1937 1690 et
1964 1649 2275 1690 sermonum
2321 1647 2420 1702 per
2465 1632 2644 1686 omnia
2674 1630 2788 1686 fere
2832 1646 2956 1688 cum
3003 1629 3320 1686 Taurincnsi

104 1766 173 1804 eos
191 1717 578 1821 contempsisse;
609 1744 720 1802 Sed
755 1746 941 1814 ingens
967 1757 1098 1799 mss.
1142 1741 1401 1795 librorum
1587 1735 1637 1791 ei
1669 1736 1716 1798 Β
1741 1727 2030 1784 convenire
2055 1724 2266 1821 dicitur.
2297 1723 2395 1779 sed
2429 1729 2598 1821 male
2611 1720 2945 1792 superiorem
2978 1727 3040 1776 et
3064 1735 3096 1774 ει
3121 1717 3321 1821 saeculo

104 1840 368 1909 appetebat
411 1839 593 1909 copia,
633 1851 795 1892 causa
837 1833 982 1890 haud
1023 1833 1183 1888 dubie
1222 1830 1322 1886 fuit
1369 1837 1428 1884 ut
1470 1828 1633 1884 alter-

106 1939 246 1984 utrum
271 1929 536 1984 acciderit.
988 1932 1002 1943 '

159 2016 316 2072 Utrum
342 2035 407 2073 ex
426 2016 801 2087 hujuscemodi
828 2013 1126 2070 Bomiliarii
1141 2012 1227 2067 vel
1255 2009 1529 2081 impressis
1551 2008 1637 2064 vel

106 2125 202 2164 mss.
227 2109 635 2181 exemplaribus,
667 2123 734 2162 an
763 2123 830 2162 ex
850 2107 970 2161 aliis
996 2120 1124 2161 mss.
1154 2103 1426 2159 fasciculis
1452 2103 1639 2157 decer-

108 2210 173 2270 pta
207 2200 348 2256 fuerit
390 2201 645 2256 collectio
688 2213 1000 2254 sermonum
1046 2195 1263 2251 Haximi
1285 2232 1302 2260 ,
1342 2208 1503 2262 quam
1535 2193 1640 2246 Da-

111 2291 278 2346 mianus
302 2291 386 2346 ille
413 2289 794 2347 Ascendiensis
819 2287 1014 2343 Joanni
1057 2285 1321 2358 Gymnico
1365 2283 1642 2340 excuden-

108 2379 368 2445 damdedit,
399 2379 644 2435 nondum
684 2393 717 2432 a
761 2377 1050 2449 quopiam,
1094 2382 1357 2446 quantum
1383 2387 1483 2442 ego
1529 2387 1644 2426 me-

108 2468 224 2532 mini,
249 2469 522 2537 quantum
544 2477 648 2524 est.

157 2556 417 2612 Iabillonii
465 2557 748 2614 codicibus
768 2596 784 2624 ,
835 2554 1193 2610 Ambrosiano
1237 2551 1481 2617 scilicet,
1534 2549 1646 2605 Ro-

110 2662 250 2715 mano,
271 2657 322 2704 et
344 2647 679 2718 Sangallensi
705 2664 829 2704 cum
862 2648 991 2702 item
1016 2645 1296 2700 Romanus
1313 2643 1491 2698 editor
1517 2655 1647 2696 usus

111 2734 252 2802 inierit,
276 2739 604 2793 commodior
624 2738 694 2792 de
732 2737 919 2792 iisdem
955 2736 1010 2789 in
1056 2734 1405 2802 sequentibus
1431 2730 1643 2785 dicendi

111 2828 227 2884 heus
249 2831 358 2884 erit.
380 2829 521 2900 Ergo
551 2829 816 2884 Brunonis
843 2827 1007 2882 Brnni
1037 2843 1165 2881 mss.
1193 2827 1450 2881 librorum
1482 2839 1650 2895 appa-

113 2928 250 2974 ratum
275 2935 549 2977 recensere
577 2935 720 2975 nunc
732 2919 1090 2988 aggredimur,
1123 2917 1214 2986 qui
1233 2915 1449 2986 quidem
1471 2923 1650 2970 tantus

113 3005 204 3075 (ait,
242 3019 460 3081 quantus
501 3009 643 3065 nulli
668 3009 844 3064 adhuc
888 3007 1153 3078 ejusmodi
1197 3008 1407 3070 saltem,
1451 3005 1505 3059 id
1545 3013 1648 3070 est,

1736 1832 1829 1872 νιιι
1848 1815 2345 1886 repetendum'esse
2371 1826 2557 1866 versus
2584 1812 2639 1864 in
2667 1819 2910 1864 extremo
2951 1809 3185 1879 appositi
3221 1807 3316 1863 de-

1737 1914 2070 1973 monstrant,
2097 1905 2293 1975 quibus
2315 1904 2549 1973 scriptus
2582 1902 2808 1957 traditur
2829 1901 2934 1956 sub
2964 1900 3193 1969 quierto
3224 1899 3319 1953 ab-

1739 2001 1852 2053 bate
1873 1997 2088 2053 canobii
2107 1995 2427 2050 Pedonertsis
2449 2001 2504 2047 et
2525 1999 2785 2059 regnante
2813 1988 3014 2044 Karolo
3036 2006 3153 2059 rege
3180 1987 3317 2044 Lart-

1739 2089 2089 2163 gobardorurn
2116 2095 2165 2140 et
2185 2084 2532 2140 Francorum.
2564 2081 2704 2138 Anni
2730 2091 2872 2138 noue
2894 2087 3247 2135 evanuerunt.

1812 2181 1874 2235 3°
1915 2179 2092 2234 Codex
2139 2177 2458 2230 Pedonensis
2493 2174 2661 2238 alter,
2711 2173 3187 2238 membranaceus,
3239 2171 3321 2228 iu-

1742 2279 1958 2341 quarto,
1994 2267 2174 2323 saeculi
2215 2283 2290 2330 ιι,
2320 2274 2561 2324 exemtus
2588 2263 2786 2333 quippe
2811 2278 2843 2315 a
2870 2260 3097 2332 Joseplro
3137 2277 3323 2318 morta—

1744 2361 1857 2425 clio,
1885 2376 1985 2431 quo
2016 2368 2242 2426 tempore
2261 2356 2416 2414 abbas
2447 2355 2705 2409 Henricus
2733 2355 3046 2408 monasterio
3072 2353 3164 2408 isti
3186 2369 3324 2424 prc-

1746 2453 1863 2524 {uil,
1892 2466 2085 2522 rexque
2107 2448 2370 2506 Henricus
2389 2447 2453 2502 in
2483 2444 2643 2504 Italia
2667 2443 2924 2499 obtinebat
2942 2445 3290 2514 principatum
3304 2481 3325 2508 .

1746 2549 1806 2597 ut
1828 2540 2072 2596 versibus
2095 2539 2162 2593 ad
2190 2537 2393 2593 calcem
2426 2535 2676 2606 ascriptis
2716 2535 2962 2589 similiter
3002 2533 3327 2589 declaratur.

1745 2635 1930 2691 Insunt
1954 2630 2190 2688 humilia:
2219 2629 2346 2696 170,
2375 2641 2652 2684 sermnes
2678 2625 2748 2683 40
2769 2667 2785 2692 ,
2814 2625 2912 2684 sed
2938 2625 3152 2684 diverso
3178 2639 3212 2678 a
3238 2639 3327 2678 su.

1745 2725 2049 2797 perioribus
2071 2723 2261 2778 ordine
2286 2720 2559 2790 disposite
2586 2727 2642 2775 et
2668 2733 2791 2778 cum
2835 2717 3179 2775 sermonibus
3198 2731 3329 2786 per.

1749 2817 1940 2871 misue.
1971 2813 2031 2868 In
2057 2812 2234 2869 fronte
2271 2811 2465 2869 litteris
2491 2824 2524 2865 e
2560 2809 2728 2866 minio
2766 2806 3077 2875 maiusculis
3112 2804 3331 2863 Maximi

1750 2922 1948 2963 nomen
2003 2906 2316 2973 inscriptum
2362 2902 2520 2970 gerit.
2568 2898 2749 2968 Scipio
2799 2895 3043 2952 Maﬂ‘eius
3093 2896 3333 2964 eiusdem

1750 3013 1871 3057 cum
1901 2996 2176 3067 superiore
2220 2993 2394 3050 aetatis
2416 3030 2432 3058 ,
2479 2990 2662 3048 seaculi
2691 3003 2883 3059 nempe
2907 3002 3000 3043 vin
3025 3001 3147 3044 esse
3186 2985 3333 3056 indi.

114 3116 196 3156 non
216 3102 484 3158 multorum
512 3101 849 3157 voluminum
877 3099 1157 3171 scriptoris
1184 3098 1376 3154 editori
1400 3097 1642 3166 contigit.
1675 3097 1721 3160 c
1752 3089 1929 3144 cabat.

117 3187 246 3245 Erant
268 3202 436 3248 autem
464 3194 666 3264 partim
709 3191 912 3255 ltalici,
961 3193 1157 3262 partim
1185 3188 1511 3255 Germanici,
1543 3203 1648 3258 qua

117 3280 367 3345 posteriore
389 3282 758 3353 appellatione
783 3281 946 3336 etiam
981 3281 1286 3336 Helveticos
1314 3288 1369 3334 et
1407 3278 1652 3347 Bclgicos

117 3369 328 3433 quaedam
353 3370 781 3443 comprehendit.
813 3368 992 3428 Series
1012 3378 1196 3424 autem
1215 3369 1455 3424 omnium
1481 3369 1564 3425 sic
1593 3381 1653 3421 se

116 3455 260 3514 habet.

367 3569 418 3606 Δ.
459 3566 681 3608 CODICBS
717 3567 789 3605 IX
825 3566 1001 3605 ιτΑιιΑ
1038 3564 1352 3612 εοιιοωειτι.

165 3636 199 3694 l.
222 3637 501 3711 Ssbaipini.
546 3669 608 3679 —
637 3642 698 3696 1ο
729 3640 904 3695 Codex
941 3638 1291 3693 Taurinensis.
1319 3638 1657 3694 Membrana-

117 3740 234 3792 cens,
261 3729 475 3797 in-iolio,
507 3730 706 3786 saeculo
753 3737 902 3785 certe
936 3745 990 3785 xi
1018 3729 1280 3797 scriptus,
1329 3741 1436 3796 quo
1466 3726 1656 3782 verisi-

116 3818 260 3875 milius
290 3829 368 3876 est
411 3837 541 3876 eum
567 3835 637 3875 ex
664 3819 883 3889 optimis
928 3817 1322 3887 exemplaribus
1348 3816 1512 3871 fuisse
1556 3815 1656 3870 du-

116 3915 252 3962 ctum.
279 3908 322 3963 Δ
347 3909 637 3966 recentiori
674 3923 834 3962 manu
864 3907 1110 3978 apposita
1156 3912 1276 3963 erat
1316 3904 1590 3974 inscriptio
1641 3922 1656 3958 :

118 3998 182 4050 Μ
211 4017 340 4056 sunt
385 4003 604 4073 majoris
651 4001 882 4055 ecclesirz
930 3999 1284 4053 Taurinensis.
1331 3996 1655 4055 Continebat

118 4092 277 4156 part'un
302 4093 565 4159 bomilias,
599 4095 793 4162 partim
823 4106 1100 4147 sermones
1128 4089 1342 4146 Maximi
1371 4089 1492 4154 ise,
1522 4105 1662 4158 quo-

119 4192 211 4233 rum
248 4183 416 4252 plures
454 4185 696 4239 nondum
744 4183 918 4238 lucem
966 4189 1317 4253 aspexerant,
1368 4195 1664 4248 eorumque

119 4270 311 4326 indicem
337 4290 439 4329 una
467 4290 592 4330 cum
623 4275 789 4328 titulis
818 4283 872 4329 et
890 4274 1056 4328 initiis
1081 4273 1410 4342 singulorum
1439 4288 1660 4343 separa-

121 4358 196 4413 ῑίω
230 4362 384 4420 habes
448 4367 502 4420 in
566 4365 857 4419 novissima
902 4365 1139 4420 editione
1184 4365 1515 4434 descriptum
1569 4379 1660 4434 pp.

1822 3177 1884 3230 4ο
1908 3176 2085 3231 Codex
2101 3172 2467 3244 Amaniensis,
2497 3170 2551 3226 id
2588 3177 2690 3234 est,
2722 3167 3038 3224 monasterii
3073 3180 3172 3222 sca
3198 3166 3338 3236 prio.

1755 3278 1902 3324 ratus
1925 3268 1993 3321 de
2021 3265 2283 3335 Appania,
2313 3263 2379 3318 ad
2409 3262 2554 3332 quod
2603 3261 2734 3316 olim
2779 3259 3039 3330 pertinuit
3057 3297 3076 3324 ,
3126 3256 3341 3316 ist-fcio

1753 3373 1942 3429 parvo,
1973 3354 2319 3426 imperfectus
2346 3353 2401 3408 in
2424 3353 2688 3422 principio
2712 3358 2766 3405 et
2793 3352 2849 3405 in
2873 3364 3136 3420 corpore;
3154 3348 3340 3404 avulsa

1756 3450 1900 3504 enim
1925 3455 2050 3502 sunt
2074 3445 2244 3503 multa
2290 3443 2437 3499 folia.
2488 3442 2966 3511 Complecteer
2987 3448 3176 3494 autem
3219 3453 3342 3493 ser-

1756 3557 1945 3597 mones
1973 3540 2061 3604 51,
2092 3537 2341 3596 bomilias
2369 3551 2500 3592 vero
2547 3534 2614 3588 '19
2640 3534 2741 3604 (α),
2771 3541 2832 3588 ut
2877 3549 2944 3587 ex
2988 3531 3228 3587 numeris
3254 3544 3342 3586 ης

1755 3633 2013 3690 stantium
2029 3631 2318 3699 colligitur.
2341 3628 2422 3682 Ex
2446 3627 2616 3682 forma
2637 3625 2964 3686 characteris
2988 3624 3062 3678 ad
3088 3623 3344 3679 ωωιυω

1759 3741 1812 3779 ix
1840 3725 1927 3779 vel
1950 3737 2217 3780 summum
2242 3719 2310 3776 ad
2336 3736 2370 3775 x
2398 3717 2590 3774 rel‘ern‘
2611 3718 2780 3773 debet
2796 3717 2918 3788 .(b);
2969 3716 3022 3770 id
3043 3715 3196 3784 quod
3213 3714 3345 3769 sub-

1758 3817 1982 3887 scriptio
2018 3812 2417 3884 quodammodo
2467 3810 2790 3875 continuat,
2844 3809 2903 3864 in
2948 3822 3054 3877 qua
3101 3805 3342 3860 Lotbarii

1762 3907 2101 3980 imperatoris
2123 3906 2430 3977 (incertum,
2460 3903 2502 3970 l,
2525 3903 2618 3972 qui
2644 3918 2737 3956 an.
2760 3900 2886 3967 8M,
2912 3915 3001 3954 an.
3033 3897 3096 3963 ll,
3123 3896 3217 3967 qui
3251 3911 3344 3952 an.

1762 3998 1864 4052 947
1893 3997 2120 4067 imperio
2147 3994 2352 4066 potitus
2379 3992 2500 4063 fuit)
2531 3992 2589 4046 tit
2617 3993 2842 4048 mentio.

1833 4093 2074 4158 Quatuor
2103 4089 2267 4144 hosce
2304 4086 2522 4142 codices
2555 4084 2757 4139 dudum
2799 4091 2925 4138 ante
2969 4081 3160 4136 initum
3186 4095 3221 4134 a
3248 4077 3350 4135 Pio

1764 4182 1832 4238 Vl
1862 4181 2078 4240 Iaximi
2102 4179 2296 4235 edendi
2319 4177 2607 4232 consilium
2634 4180 2944 4229 excusserat
2965 4180 3020 4228 et
3037 4184 3161 4226 cum
3187 4169 3352 4225 editis

1764 4274 2048 4342 diligenter
2072 4276 2416 4339 compararat
2440 4265 2756 4320 Frenciscus
2775 4261 3165 4333 .Ileyranesius,
3208 4259 3353 4315 Aea-

1767 4364 1957 4420 domis:
1986 4359 2332 4414 Taurinensis
2355 4357 2656 4425 theologus,
2677 4355 2771 4424 qui
2792 4353 3050 4423 quidquid
3074 4351 3201 4405 inde
3215 4366 3351 4408 eno-

121 4451 334 4511 l6‘l-l'ﬂ.
366 4455 665 4512 Peculiaris
701 4459 900 4526 quippe
933 4458 1032 4526 ipsi
1062 4456 1162 4512 fuit
1203 4457 1371 4512 series
1408 4457 1662 4512 continua
1692 4451 1743 4511 D
1770 4461 1994 4517 taverat,
2022 4467 2125 4506 una
2153 4490 2169 4517 ,
2213 4457 2274 4503 ut
2299 4462 2553 4516 augumr,
2583 4463 2710 4503 cum
2757 4453 3000 4500 accurata
3030 4458 3220 4498 eorum
3256 4442 3352 4497 de-

121 4551 164 4594 et
191 4544 440 4616 colligatio
472 4548 822 4603 bomiliarum
867 4548 1255 4617 titulorumque
1295 4550 1661 4621 appositurum

120 4638 225 4693 satis
246 4644 498 4711 castigate
538 4641 776 4711 perfecta
807 4641 1116 4711 descriptio.
1150 4641 1427 4698 Distributi
1456 4640 1666 4695 fuerant

121 4726 289 4783 scilicet
312 4747 588 4789 sermones
626 4739 679 4785 et
717 4731 949 4808 homilia:
968 4730 1123 4799 juxta
1151 4731 1280 4785 anni
1318 4730 1667 4786 ecclesiastici

120 4824 360 4889 tmpore,
409 4834 467 4879 ut
519 4823 710 4877 divinis
756 4823 947 4878 ciliciis
993 4823 1337 4878 inservirent.
1382 4822 1554 4877 Simul
1597 4836 1667 4876 ex

119 4907 278 4965 eodem
318 4922 465 4982 patet
487 4952 505 4977 ,
550 4913 870 4968 collectione
896 4913 997 4967 hac
1033 4913 1395 4983 antiquiorem
1439 4913 1664 4967 alteram

118 5000 378 5068 exstitisse;
426 5003 696 5072 siquidem
739 5004 971 5074 scriptor
1016 5004 1132 5072 ejus
1177 5005 1376 5074 passim
1409 5018 1530 5073 quae
1565 5003 1667 5074 ipsi

117 5087 306 5146 deerant
343 5095 618 5149 indicavit.
665 5091 824 5149 Unde
851 5095 1054 5162 colligit
1089 5095 1264 5150 editor
1291 5095 1451 5164 longe
1487 5095 1669 5164 plures

118 5193 247 5244 quam
274 5200 409 5242 nune
433 5194 670 5252 exstant,
699 5201 730 5239 a
759 5186 993 5241 Maximo
1023 5186 1234 5241 habitas
1260 5193 1315 5240 et
1336 5185 1503 5241 lectas
1540 5185 1665 5238 olim

121 5269 162 5322 in
182 5274 554 5344 antiquioribus
572 5277 848 5332 codicibus
875 5277 1037 5333 fuisse
1058 5277 1326 5334 bomilias.
1357 5275 1467 5331 Nec
1493 5275 1667 5330 levem

120 5360 252 5418 etiam
273 5404 288 5430 ,
336 5367 477 5422 idem
524 5367 713 5438 inquit,
762 5368 907 5423 hunc
953 5369 1182 5424 indicem
1209 5368 1310 5424 sibi
1356 5367 1668 5438 praestitisse

122 5451 466 5524 coniecturam,
494 5466 554 5512 ut
576 5471 715 5526 quas
753 5459 1001 5514 bomilias
1037 5467 1092 5514 et
1118 5474 1396 5514 sermones
1438 5457 1657 5515 Maximi

178 5589 245 5665 (ᾳ)
269 5588 356 5665 ξεο
382 5593 435 5648 in
464 5595 638 5664 prum,
670 5595 779 5651 alio
801 5594 924 5651 loco
952 5593 1054 5648 120
1083 5594 1341 5665 scriptum
1370 5601 1471 5648 est.

178 5657 245 5730 (ο)
274 5659 326 5716 ιιι
365 5657 551 5719 notitia
589 5657 841 5721 codicum
890 5679 1040 5720 error
1083 5657 1210 5719 esse
1233 5665 1463 5727 videtur,
1504 5659 1653 5730 (ιιιού

1765 4544 2056 4615 scriptione
2098 4539 2318 4610 Iosephi
2350 4539 2636 4593 Vernauai
2675 4537 2894 4590 hortatu
2934 4534 3004 4588 ad
3049 4532 3352 4586 Brinnonem

1767 4637 2004 4690 Brunum
2051 4632 2366 4694 transmisit,
2408 4630 2492 4685 cui
2531 4629 2779 4685 universe
2824 4624 3064 4694 quidem,
3116 4637 3240 4677 cum
3279 4621 3355 4678 ob

1768 4732 2122 4789 vetustatem,
2167 4731 2279 4776 tum
2325 4720 2394 4775 ob
2435 4720 2622 4773 miram
2669 4718 2806 4771 inter
2833 4729 2893 4769 se
2938 4713 3354 4770 consensionem

1769 4816 2058 4887 plurimum
2116 4811 2430 4883 profuerunt
2454 4851 2468 4876 ,
2519 4809 2817 4878 prmsertim
2869 4812 3052 4858 autem
3102 4809 3354 4858 auctores

1769 4909 2111 4972 exstiterunt,
2134 4914 2192 4959 ut
2212 4903 2464 4959 nonnulla
2489 4901 2718 4957 antehac
2747 4897 2965 4960 inedita,
2995 4909 3116 4964 qua:
3135 4892 3352 4949 Maximi

1773 5011 1967 5053 nomen
1995 4996 2049 5050 in
2079 4995 2143 5050 iis
2168 4993 2484 5065 praferrent
2514 4991 2569 5044 in
2611 4989 2780 5056 iisque
2829 4993 2940 5043 tres
2975 4985 3044 5036 de
3072 4982 3354 5052 Baptisrno

1774 5099 2053 5155 tractatus,
2087 5089 2142 5143 ei
2179 5092 2470 5145 assereret.

1845 5183 1913 5236 ιι.
1959 5179 2173 5235 Codices
2212 5176 2587 5236 Vercelienses,
2628 5173 2664 5225 ἰ.
2720 5185 2794 5235 e.,
2835 5166 3059 5238 capituli
3113 5161 3357 5224 ecclesia

1776 5273 2148 5338 Vercellensis,
2195 5285 2332 5340 quos
2370 5265 2677 5330 Subalpinis
2708 5266 3035 5316 annumerat
3072 5257 3129 5311 in
3159 5254 3356 5311 prela:-

1778 5367 1924 5419 tione
1948 5365 2143 5419 editor.

2019 5381 2034 5416 ι
2129 5402 2143 5416 ο

1801 5365 2545 5509 l"ille:(:‘3¢(>:i:(:i;rmembronacetis
2573 5447 2712 5516 sign.
2736 5457 2884 5504 num.
2908 5456 3000 5506 vn,
3017 5435 3355 5501 ἱροίοιίονίωι

1752 5591 1945 5647 saeculo
1971 5606 2025 5645 xi
2056 5588 2368 5644 ascribitnr.
