3924 6232
509 328 613 384 199

1595 316 1661 370 ιδ
1701 317 1757 372 S.
1800 315 2121 370 MAXIMUM
2163 312 2636 370 TAURINENSEH

3660 313 3775 366 200

506 445 610 499 culi
638 456 707 506 xr,
750 435 957 491 duabus
992 432 1255 489 columnis
1291 437 1572 495 exaratos,
1615 429 2078 497 comprehendens
2107 434 2152 488 A
2180 428 2473 496 majusculo
2522 425 2688 480 nitido
2731 424 2956 490 exarati,
2988 438 3265 478 sermones
3293 431 3348 480 et
3384 423 3642 478 homilias
3670 440 3779 494 per

509 545 668 585 unam
708 527 985 581 humilium
1026 523 1093 579 de
1133 521 1372 576 Calendis
1422 519 1689 585 Januarii,
1723 520 1776 573 in
1828 519 2079 573 omnibus

507 620 664 674 editis
687 619 1020 685 impressam.

576 707 639 758 2ο
675 705 847 759 Codex
875 704 1289 756 membranaceus
1318 702 1451 768 sign.
1478 715 1630 754 num.
1663 713 1836 765 vau,
1866 695 2082 750 in-folio

512 796 783 857 maximo,
841 793 1020 847 saeculi
1069 808 1140 845 xu
1172 791 1256 845 vel
1305 807 1417 853 xm,
1465 791 1689 856 integer,
1723 787 2084 854 complectens

513 898 816 940 sermonem
847 882 959 950 jam
988 882 1259 949 vulgatum
1291 880 1352 932 de
1393 879 1746 942 Mirabilibus,
1780 885 1834 930 et
1860 884 2088 944 quatuor

516 977 638 1030 illos
683 989 962 1028 sermones
1001 973 1066 1025 de
1110 971 1333 1025 Eusebio
1391 970 1538 1024 Verc.
1582 988 1661 1040 ep.
1695 979 1743 1024 et
1785 978 2029 1037 martyre,
2056 984 2087 1022 a

518 1069 702 1124 Bruno
730 1067 868 1119 inter
888 1065 1100 1134 spurios
1129 1062 1380 1130 rejectos.

585 1155 642 1209 3°
672 1155 846 1208 Codex
871 1153 1286 1207 membranaceus
1315 1151 1450 1218 sign.
1485 1166 1631 1203 num.
1658 1166 1841 1212 Lxxxt,
1875 1148 2088 1202 in-folio

520 1245 772 1308 maximo,
804 1243 982 1297 saeculi
1011 1259 1082 1294 xu
1111 1241 1194 1294 vel
1234 1257 1345 1302 xm,
1379 1249 1436 1294 ut
1478 1239 1770 1292 adnotatur
1808 1238 1907 1308 (a),
1943 1238 2093 1292 exhi-

519 1337 653 1390 bens
683 1334 750 1386 12
779 1334 973 1402 partim
1001 1345 1295 1395 sermones,
1323 1331 1518 1398 partim
1548 1329 1813 1382 homilias.

593 1425 1023 1482 Vercellensibus
1063 1422 1336 1477 codicibus
1391 1422 1444 1473 in
1497 1420 1751 1488 operibus
1803 1418 1857 1471 S.
1899 1417 2094 1470 Leonis

519 1519 628 1586 jam
660 1517 741 1570 usi
772 1522 930 1570 erant
950 1514 1144 1567 fratres
1175 1512 1464 1565 Ballerinii.
1504 1512 1572 1564 At
1615 1511 1666 1562 in
1699 1524 1848 1561 usum
1870 1507 2096 1560 Romani

521 1605 743 1660 editoris
773 1605 951 1658 denuo
990 1603 1227 1657 excussit
1261 1601 1501 1668 ejusdem
1534 1601 1771 1654 ecclesize
1809 1598 2096 1651 canonicos

520 1697 646 1750 Ant.
673 1696 865 1750 Franc.
897 1695 1118 1748 Frisios.

2181 526 2354 570 totum
2379 530 2576 569 annum
2614 516 2665 568 in
2696 515 2831 568 duas
2859 523 3038 583 partes
3077 514 3388 567 distributas
3409 513 3775 568 exhibebant.

2183 606 2530 674 Reliquorum
2573 603 2726 672 juxta
2767 605 2944 659 (etatis
2991 604 3183 658 seriem
3213 603 3326 658 haec
3353 611 3436 658 est
3478 604 3620 671 apud
3643 616 3779 658 eum

2185 695 2449 750 recensio.

2254 785 2380 838 Cod.
2417 784 2556 850 Vat.,
2586 783 2763 840 in—fol.
2791 785 2897 838 min
2929 824 2943 850 ,
2969 799 3116 838 num.
3149 783 3273 851 218,
3303 785 3604 851 membran,
3637 799 3774 839 saec;

2187 893 2239 930 xl
2267 877 2496 930 circiter.

2259 967 2384 1020 Cod.
2422 967 2562 1032 Vat.,
2596 984 2740 1022 num.
2787 966 2940 1031 1278,
2970 973 3024 1021 et
3051 967 3170 1019 Vat.
3217 966 3419 1031 Palat.;
3468 983 3616 1022 num.
3644 967 3758 1022 450

2191 1055 2395 1119 in-fol.,
2429 1057 2822 1112 membranacei
2845 1058 3022 1122 ambo,
3045 1057 3262 1111 circiter
3285 1072 3407 1111 smc.
3443 1073 3516 1111 xi.

2262 1146 2388 1200 Cod.
2435 1148 2546 1199 Vat.
2593 1163 2738 1201 num.
2770 1147 2930 1212 4222,
2955 1147 3148 1201 litteris
3193 1146 3612 1215 Longobardicis
3641 1163 3772 1203 exa-

2192 1245 2360 1300 ratus,
2396 1237 2565 1292 in-fol.
2613 1254 2785 1301 max.,
2812 1254 2936 1292 szec.
2974 1239 3069 1307 ιι(
3095 1237 3325 1292 fortasse
3350 1239 3586 1293 scribere
3606 1240 3761 1294 volui

2196 1342 2265 1389 xi,
2299 1327 2342 1379 si
2373 1341 2498 1380 vere
2523 1328 2696 1380 atatis
2719 1327 2962 1382 ordinem
2992 1328 3269 1396 servavit).

2268 1413 2393 1468 Cod.
2431 1415 2572 1479 Vat.,
2602 1430 2746 1468 num.
2779 1413 2948 1479 4951,
2981 1429 3102 1468 stec.
3136 1431 3190 1468 ιιι
3231 1415 3315 1468 vel
3339 1431 3412 1470 xu
3455 1416 3583 1470 olim
3625 1416 3787 1471 card.

2197 1503 2396 1567 Sirleti,
2430 1505 2600 1558 nitide
2622 1513 2677 1559 et
2697 1504 2984 1572 diligenter
3009 1506 3258 1575 scriptus,
3286 1521 3352 1560 ex
3374 1522 3483 1575 quo
3506 1508 3692 1576 plures
3723 1521 3786 1562 at

2198 1590 2496 1660 Epiphania
2539 1597 2792 1660 homilias,
2844 1596 2973 1650 item
3026 1595 3096 1651 de
3164 1594 3575 1665 Quadragesima
3615 1607 3671 1654 et
3721 1599 3789 1653 S.

2196 1683 2402 1737 Joanne
2426 1685 2658 1753 Baptista
2689 1686 2988 1755 descriptae.

592 1786 677 1839 Ill.
710 1785 921 1839 Codices
943 1783 994 1836 Ν
1001 1785 1310 1846 ovarienses,
1342 1782 1379 1835 i.
1403 1796 1476 1846 e.,
1501 1780 1836 1835 bibliotheca:
1857 1778 2092 1833 ecclesiae
2126 1785 2172 1844 Β
2269 1773 2398 1827 Cod.
2434 1774 2573 1838 Van,
2606 1791 2756 1829 num.
2783 1775 2937 1842 1196,
2964 1775 3206 1844 ejusdem
3227 1778 3444 1832 circiter
3464 1780 3658 1842 aetatis,
3698 1779 3793 1833 vi-

522 1877 850 1934 cathedralis
871 1874 1233 1928 Novariensis.

596 1965 658 2018 1⁰
699 1963 873 2016 Codex
897 1961 1313 2014 membranaceus
1343 1960 1478 2024 sign.
1511 1973 1654 2010 num.
1685 1973 1719 2009 x
1743 1955 1840 2026 (ὁ),
1867 1955 2101 2019 in-folio,

525 2053 706 2108 saeculi
731 2067 808 2115 xl,
841 2050 1033 2104 litteris
1056 2049 1348 2102 initialibus
1371 2049 1644 2113 eleganter
1671 2047 1824 2114 pictis
1861 2055 2100 2100 ornatus.

522 2141 947 2212 Comprehendit
977 2140 1113 2193 duas
1155 2140 1219 2192 de
1259 2138 1526 2192 Communi
1555 2137 1658 2191 SS.
1691 2148 1971 2206 martyrum
2007 2138 2104 2192 h0-

529 2232 708 2287 milias
739 2230 832 2302 (c).

595 2322 658 2374 2ο
699 2321 873 2374 Codex
915 2320 1332 2371 naentbranaceus
1377 2317 1510 2384 sign.
1554 2332 1698 2370 num.
1749 2333 1829 2381 xi,
1881 2316 2102 2382 in-folio,

526 2411 708 2465 saeculi
753 2426 850 2472 xu,
896 2409 1086 2461 litteris
1112 2408 1294 2460 itidem
1338 2407 1625 2460 initialibus
1646 2407 1918 2471 coloratis,
1944 2423 2102 2460 unam

526 2498 803 2553 homiliam
827 2497 889 2549 de
919 2496 1025 2550 SS.
1052 2495 1363 2565 martyribus
1385 2496 1484 2549 hac
1507 2496 1561 2548 in
1589 2495 1676 2549 ed.
1703 2497 1804 2549 col.
1832 2495 1935 2548 265
1977 2510 2105 2550 wn—

527 2590 723 2642 tinens.

596 2679 660 2731 5ο
687 2678 862 2732 Codex
889 2677 1308 2730 membranaceus
1339 2676 1473 2743 sign.
1509 2691 1653 2730 num.
1683 2692 1843 2734 xxvu.
1877 2675 2101 2741 in-folio,

530 2769 712 2822 s;cculi
744 2785 796 2821 ιι
827 2768 924 2835 (d),
951 2747 1144 2820 litteris
1181 2765 1468 2818 initialibus
1506 2774 1559 2819 et
1600 2765 1765 2818 titulis
1801 2765 2102 2827 rubricatis,

531 2858 725 2926 partim
765 2857 1031 2918 homilias,
1077 2857 1272 2924 partim
1320 2870 1592 2909 sermones
1637 2855 1724 2917 27,
1770 2869 1955 2908 omnes
1992 2854 2104 2922 jam

533 2946 794 3013 Vulgatos,
820 2955 1095 3014 praestans.

600 3036 664 3088 4ο
695 3034 869 3090 Codex
897 3036 1317 3088 membranaceus
1352 3037 1486 3103 sign.
1514 3052 1658 3088 num.
1701 3051 1828 3098 xui,
1861 3033 2098 3099 in-folio,

2206 1872 2287 1918 tas
2313 1873 2621 1919 sanctorum
2667 1873 2722 1920 et
2776 1867 3051 1935 passiones
3097 1877 3391 1939 martyrum
3431 1869 3697 1924 referens.
3733 1870 3798 1928 In

2205 1970 2270 2010 co
2319 1965 2548 2023 quatuor
2601 1957 2669 2011 de
2719 1956 2778 2012 S.
2834 1956 3039 2012 Joanne
3093 1958 3328 2028 Baptista
3375 1974 3654 2015 sermones
3705 1976 3796 2014 rc-

2205 2045 2362 2111 peru.

2275 2133 2484 2186 Codices
2514 2133 2633 2187 Vat.
2663 2134 2856 2203 signati
2879 2151 3023 2189 num.
3054 2135 3210 2199 1267,
3245 2135 3400 2202 1269,
3427 2135 3583 2197 1270,
3619 2135 3796 2199 6450,

2206 2221 2368 2285 6451,
2402 2222 2557 2288 6452,
2590 2232 2718 2288 etc.,
2748 2233 2804 2279 et
2859 2224 2978 2278 Vat.
3028 2227 3221 2296 reginae
3251 2227 3465 2280 Suecor.
3502 2225 3636 2291 125,
3687 2225 3799 2278 128

2206 2319 2259 2364 et
2285 2310 2415 2373 539;
2438 2313 2528 2378 qui
2549 2328 2736 2367 omnes
2765 2313 2835 2371 ad
2858 2329 2978 2368 δαὶς.
3007 2313 3205 2368 Christi
3229 2333 3299 2370 xu
3318 2317 3611 2383 pertinent.

2278 2400 2404 2455 Cod.
2436 2401 2556 2455 Vat.
2579 2403 2732 2472 Κεφ,
2749 2419 2897 2457 num.
2920 2402 3071 2470 1025,
3087 2405 3547 2472 membranaceus,
3584 2405 3795 2469 in-fol.,

2205 2507 2325 2546 διες.
2353 2510 2464 2546 XIII.

2276 2583 2450 2638 Codex
2475 2585 2632 2651 alter,
2660 2601 2806 2640 num.
2842 2586 2927 2650 19,
2960 2586 3151 2652 in—fol.,
3178 2587 3418 2655 ejusdem
3447 2589 3642 2642 :etatis.

2277 2673 2403 2728 Cod.
2445 2675 2587 2741 Vat.,
2621 2691 2768 2729 num.
2797 2675 2912 2742 587,
2943 2693 3067 2732 suae.
3107 2692 3216 2731 xiv.

2278 2765 2488 2819 Codices
2518 2767 2640 2820 Vat.
2685 2765 2883 2832 Patat.,
2915 2783 3061 2821 num.
3097 2766 3221 2830 185,
3254 2764 3378 2832 452,
3410 2765 3532 2831 455,
3579 2767 3798 2821 charta~

2205 2857 2306 2919 cei,
2335 2855 2514 2908 steculi
2541 2872 2649 2908 11v.

2276 2943 2403 2998 Cod.
2440 2943 2561 2997 Vat.
2581 2944 2846 3008 0ttobon.,
2873 2961 3019 2998 num.
3047 2945 3382 3010 l06,in-l’ol.,
3400 2945 3798 3008 membranam,

2205 3050 2328 3090 saec.
2355 3051 2429 3100 xi,
2456 3033 2582 3087 Cod.
2614 3033 2734 3086 Vat.
2765 3031 2937 3087 Ottob.
2965 3035 3120 3096 alter,
3146 3051 3296 3088 num.
3326 3035 3444 3098 775,
3475 3035 3527 3087 in
3557 3050 3671 3102 quo
3701 3049 3802 3104 per

536 3133 808 3188 exaratus,
855 3133 913 3178 ut
954 3126 1005 3177 in
1048 3132 1173 3176 nota
1204 3123 1377 3176 eidem
1427 3125 1652 3192 ascripta
1699 3125 1911 3190 legitur,
1963 3138 2104 3176 anno
2133 3113 2177 3175 C
2210 3125 2504 3179 sententias
2533 3132 2589 3178 et
2630 3124 2904 3178 doctrinas
2946 3122 3164 3178 Patrum
3214 3127 3385 3192 agitur
3414 3124 3481 3178 de
3522 3125 3804 3195 mysteriis

537 3213 691 3268 1254.
716 3213 946 3268 Ornatus
970 3222 1072 3277 est,
1097 3224 1154 3267 ut
1176 3215 1372 3277 caeteri,
1399 3222 1453 3267 et
1475 3216 1712 3268 continet
1742 3214 1808 3265 12
1835 3230 2108 3269 sermones

537 3303 642 3372 iam
673 3304 846 3357 editos
867 3311 919 3357 et
950 3304 1067 3356 aliis
1094 3301 1251 3356 codd.
1287 3302 1645 3356 conﬁrmatos.

603 3394 926 3448 Excusserat
975 3395 1136 3446 hosce
1185 3393 1538 3446 Novarienses
1585 3392 1799 3447 codices
1847 3395 1900 3447 in
1952 3411 2106 3448 usum

537 3483 700 3538 Bruni
724 3483 865 3536 idem
889 3481 1010 3534 Ant.
1045 3481 1233 3534 Franc.
1267 3481 1486 3534 Frisius.
1518 3481 1703 3535 Plures
1732 3491 1906 3536 autem
1932 3491 1984 3535 et
2008 3500 2108 3552 op-

537 3576 697 3627 timas
725 3573 996 3626 variantes
1045 3572 1303 3624 lectiones
1345 3572 1712 3640 suppeditasse
1763 3574 1861 3626 sibi
1903 3574 2104 3638 scribit,

534 3663 771 3730 indeque
816 3662 1020 3729 colligit
1068 3677 1134 3714 ex
1158 3662 1411 3730 perfectis
1459 3663 1759 3733 archetypis
1806 3679 1898 3717 eos
1946 3664 2106 3719 fcisse

532 3752 847 3820 descriptos.
876 3751 1009 3804 Cum
1035 3751 1461 3806 Vercellensibus
1487 3769 1625 3821 sazpe
1655 3756 1995 3808 conveniunt.

601 3839 690 3894 IV.
734 3839 942 3895 Codices
974 3839 1212 3892 Romani.

604 3956 639 3989 α
670 3933 932 3986 Vaticani.
958 3933 1013 3985 ln
1037 3934 1360 4001 bibliotheca
1384 3934 1638 3988 Vaticana
1664 3944 1890 3989 testatur
1933 3936 2108 3991 editor

532 4022 654 4091 plus
683 4021 900 4087 triginta
933 4022 1262 4076 homiliarios
1285 4037 1342 4075 se
1371 4024 1656 4091 reperisse,
1697 4041 1923 4092 quorum
1951 4035 2105 4080 vctu-

530 4112 724 4167 stiores
748 4109 816 4162 ad
843 4111 991 4162 initia
1022 4111 1199 4163 s:eculi
1229 4113 1404 4164 octavi
1433 4113 1620 4166 referri
1662 4130 1818 4182 posse
1859 4115 2107 4170 videren-

532 4205 639 4262 tur,
667 4197 932 4264 siquidem
965 4197 1220 4251 Romanis
1258 4197 1656 4255 characteribus
1682 4202 1956 4268 quadratis
1983 4218 2106 4272 per-

530 4290 714 4358 scripti
747 4299 919 4343 erant.
952 4287 1200 4357 Plerique
1244 4305 1431 4344 omnes
1473 4292 1684 4358 integri,
1711 4308 1775 4346 ex
1809 4302 1959 4361 parte
1981 4295 2106 4348 olim

533 4377 602 4433 ad
626 4378 879 4432 Sirletum
923 4377 1068 4431 card.
1104 4378 1462 4445 pertinebant,
1488 4382 1578 4448 qui
1625 4382 1799 4448 aliqua
1827 4383 1879 4434 in
1923 4383 2107 4436 iisdem

2209 3215 2594 3283 redemptionis
2617 3215 2882 3279 humanm,
2916 3216 3159 3282 interque
3181 3230 3271 3268 eas
3299 3214 3528 3283 plurima
3554 3215 3805 3268 citantur

2209 3304 2264 3355 S.
2293 3303 2530 3358 Maximi.
2556 3303 2702 3374 Opus
2729 3305 3004 3370 ineditum,
3048 3307 3250 3372 absque
3293 3305 3528 3358 auctoris
3577 3305 3804 3359 nomine

2210 3391 2348 3446 forte
2377 3395 2728 3462 perscriptum
2757 3402 3001 3448 extremo
3023 3409 3145 3447 sec.
3179 3410 3284 3447 xtv.

2283 3484 2580 3552 Antequam
2611 3493 2790 3536 autem
2813 3485 2960 3551 ipsos
2988 3484 3149 3537 hosce
3170 3482 3382 3537 codices
3417 3483 3802 3552 perlustraret,

2211 3583 2493 3642 acceperat
2537 3590 2567 3627 a
2612 3574 2773 3628 Petro
2804 3574 3024 3645 Aloysio
3071 3572 3324 3639 Galletio,
3370 3574 3638 3628 monacho
3688 3583 3802 3628 tum

2210 3662 2407 3715 Bened.
2440 3675 2692 3729 congreg.
2736 3662 3068 3725 Casinensis,
3107 3668 3228 3729 post
3257 3662 3548 3732 Cyrenensi
3575 3664 3794 3732 episcoo

2210 3767 2299 3820 po,
2319 3751 2493 3804 varias
2515 3753 2772 3805 lectiones
2788 3765 2855 3805 ex
2878 3751 2998 3804 Vat.
3025 3750 3186 3804 codd.
3211 3759 3264 3804 et
3287 3767 3565 3805 sermones
3588 3752 3804 3820 aliquot

2210 3842 2493 3908 diligenter
2515 3842 2638 3895 inde
2661 3841 2981 3910 descriptos,
3006 3855 3124 3908 qua:
3152 3842 3424 3895 stimulum
3447 3849 3601 3896 tanto
3630 3842 3806 3895 acrio-

2208 3947 2320 3984 rem
2372 3932 2470 3999 ipsi
2509 3930 2818 3983 indiderunt
2871 3929 2940 3982 ad
2979 3931 3159 3984 omnia
3207 3931 3319 3984 suis
3362 3930 3537 3984 oculis
3591 3943 3802 3999 cogno-

2209 4021 2430 4074 scenda.

2279 4113 2332 4182 β.
2379 4109 2621 4162 Basilica!
2655 4109 2715 4164 S.
2747 4107 2912 4162 Petri.
2945 4109 3312 4163 Recensentur
3338 4124 3427 4161 sex
3457 4123 3476 4160 :

2280 4202 2334 4253 1⁸
2373 4201 2545 4254 Codex
2565 4202 2701 4268 sign.
2749 4216 2894 4255 num.
2941 4199 3077 4264 106,
3108 4199 3210 4253 litt.
3236 4198 3298 4264 C,
3325 4198 3802 4262 membranaceus,

2210 4290 2400 4357 in-fol.,
2431 4307 2551 4346 stec.
2587 4307 2677 4344 xu.

2284 4381 2344 4435 2'
2387 4379 2560 4435 Codex
2581 4381 2718 4434 alter
2746 4381 3025 4435 continens
3064 4380 3314 4434 homilias
3335 4388 3390 4433 et
3415 4393 3706 4434 sermones
3751 4379 3803 4434 in

533 4484 630 4526 sua
661 4468 944 4522 adnotavit
973 4484 1161 4532 manu;
1194 4485 1317 4538 pars
1346 4486 1529 4523 eorum
1574 4473 1767 4538 reginm
1815 4471 2108 4526 Succorum
2136 4463 2184 4522 Ι)
2213 4475 2466 4528 lectiones
2495 4472 2830 4526 distributos.

533 4559 820 4614 Christinm
848 4559 966 4620 fuit,
1000 4558 1088 4611 alii
1117 4574 1185 4613 ex
1213 4558 1567 4613 Ottoboniana
1598 4562 1960 4629 suppellectile
1983 4578 2107 4630 pro-

535 4652 657 4708 fecti
697 4659 870 4706 erant.
904 4651 1107 4718 Singuli
1152 4652 1216 4705 ad
1250 4653 1583 4706 condendam
1605 4653 1659 4706 S.
1701 4653 1917 4707 Maximi
1945 4654 2105 4708 colle-

2277 4562 2342 4614 5ο
2361 4561 2534 4616 Codex
2549 4561 2687 4628 sign.
2711 4575 2855 4614 num.
2875 4558 2997 4624 210,
3017 4560 3068 4612 in
3092 4574 3199 4628 quo
3219 4558 3466 4612 collectio
3485 4569 3802 4614 sermonum

2210 4650 2403 4709 Leonis
2414 4651 2507 4717 lil.,
2526 4652 2668 4707 inter
2680 4667 2818 4722 quos
2833 4652 3077 4707 nonnulli
3097 4653 3189 4722 qui
3209 4651 3266 4706 S.
3288 4651 3508 4705 Maximi
3533 4655 3812 4721 posterio.

538 4741 773 4796 ctionem
807 4741 1004 4807 aliquid
1036 4740 1398 4794 contulerunt.
1445 4739 1663 4795 Praefert
1700 4752 1876 4796 autem
1907 4744 2113 4798 caeteris
2207 4743 2359 4798 ribus
2378 4745 2714 4814 temporibus
2737 4743 3034 4812 adjudicati
3059 4751 3211 4799 sunt.
3236 4743 3429 4797 Saeculi
3455 4743 3679 4797 videtur
3699 4757 3812 4796 xlv-

539 4840 668 4897 tres,
709 4833 800 4901 qui
830 4832 1072 4884 indubias
1096 4832 1274 4885 saeculi
1304 4848 1394 4885 vm
1427 4843 1578 4886 notas
1606 4835 1940 4897 exhiberent,
1975 4836 2118 4889 inter

535 4938 674 4992 quos
701 4922 1082 4976 celeberrimus
1113 4923 1157 4976 is
1198 4923 1288 4989 qui
1331 4921 1598 4976 Gennadii
1640 4924 1832 4976 librum
1878 4926 1942 4976 de
1981 4924 2117 4979 Viris

532 5015 820 5068 ilkutribus
871 5013 1344 5080 complectebatur.
1402 5014 1504 5066 Alii
1561 5014 1668 5067 duo
1730 5016 1923 5080 signati
1971 5031 2114 5068 num.

533 5100 678 5155 5855
699 5109 754 5154 et
774 5101 916 5156 5856
941 5102 1356 5165 membranacei,
1374 5103 1585 5156 in—folio
1608 5118 1792 5172 parvo,
1812 5106 2122 5160 charactere

609 5236 684 5307 (τι)
725 5235 813 5291 Sic
863 5237 913 5290 in
963 5236 1174 5307 notitia,
1220 5235 1272 5307 in
1321 5237 1638 5304 prtemtione
1677 5246 1854 5291 autem
1887 5239 2104 5303 scribit,

538 5305 958 5427 peitinereenm
983 5306 1054 5358 ad
1085 5305 1340 5358 szeculum
1373 5322 1423 5358 ιιι
1457 5315 1512 5359 et
1543 5307 1824 5375 complecti
1865 5308 2114 5363 homilias

574 5375 633 5427 8.
667 5390 852 5427 omnes
881 5375 985 5427 iam
1017 5376 1155 5427 tvnis
1183 5375 1448 5427 vulgatas.

574 5375 852 5444 8,_omnes
875 5375 985 5444 jam
1017 5376 1155 5444 typis
1183 5375 1448 5444 vulgatas.

634 5442 682 5510 ὁ)
721 5443 775 5512 l_n
800 5442 944 5512 praef.
972 5442 1123 5496 audit
1147 5443 1194 5495 ei
1224 5446 1488 5512 septimus.

634 5445 682 5510 ὁ)
721 5445 775 5497 1η
800 5445 944 5511 praef.
972 5445 1123 5496 audit
1147 5445 1194 5495 ei
1224 5446 1488 5512 septimus.

611 5445 682 5580 ξε)
725 5509 814 5567 Sic
844 5511 895 5566 in
921 5512 1250 5582 pnefatione.
1303 5515 1357 5582 ln
1409 5513 1597 5565 notitia
1639 5513 1885 5568 codicum
1933 5525 2112 5570 autem

540 5584 742 5653 scribit,
793 5581 1062 5653 repertum
1106 5584 1160 5653 in
1217 5596 1283 5653 eo
1327 5581 1488 5653 fuisse
1532 5598 1835 5653 sermonem
1867 5601 2027 5638 unum
2053 5588 2115 5638 de

542 5651 805 5706 Commzmi
828 5650 1110 5723 martyrum
1132 5652 1186 5704 S.
1216 5650 1425 5703 Maximi
1455 5653 1668 5706 nomine
1699 5652 1934 5706 nondum
1959 5665 2114 5708 antea

2293 4831 2354 4882 4°
2393 4829 2565 4884 Codex
2583 4829 2723 4897 sign.
2749 4844 2898 4882 num.
2933 4828 2983 4893 7,
3016 4827 3080 4881 Α.
3123 4825 3494 4880 Lectionarius
3517 4835 3573 4880 et
3596 4828 3806 4896 passio—

2222 4921 2424 4983 narius,
2449 4919 2690 4973 continet
2711 4926 2920 4986 partem
2943 4916 3179 4970 homilize
3201 4913 3257 4968 S.
3284 4913 3503 4967 Maximi
3533 4915 3596 4967 de
3637 4914 3808 4967 Mira-

2264 5010 2426 5062 ilibus.

2264 5012 2273 5022 ’
2303 5011 2379 5062 'bu
2414 5050 2426 5061 .

2225 5011 2357 5153 bdi’io
2383 5027 2570 5155 ‘Codex
2607 5100 2744 5166 sign.
2773 5113 2920 5152 num.
2947 5097 3034 5160 40,
3069 5097 3131 5149 Α.
3166 5095 3475 5150 Lectionar.
3520 5096 3809 5149 continens

2219 5239 2445 5300 editum,
2487 5235 2579 5300 qui
2612 5241 2788 5287 exstet
2818 5233 2868 5286 in
2895 5231 2984 5286 ed.
3025 5231 3183 5286 Rom.
3210 5232 3314 5286 col.
3347 5229 3470 5283 651.
3507 5231 3575 5283 At
3608 5230 3806 5300 ibidem

2220 5299 2439 5368 dicitur,
2489 5299 2723 5356 describi
2775 5303 2920 5356 hunc
2969 5317 3271 5356 sermonem
3319 5315 3386 5354 ex
3445 5312 3571 5353 cvm
3615 5299 3808 5355 codice

2221 5379 2350 5431 bibl.
2377 5375 2432 5427 S.
2466 5373 2627 5426 Marci
2659 5372 3022 5425 Venetiarum.
3060 5371 3284 5423 Videtur
3311 5369 3451 5422 adeo
3494 5369 3608 5436 ipsa
3639 5371 3808 5425 multi-

2225 5447 2355 5501 tudo
2384 5443 2629 5498 codicum
2659 5457 2820 5495 causa
2852 5443 3011 5496 fuisse
3041 5443 3238 5496 ut‘btec
3282 5437 3665 5494 confunderet.

2299 5515 2373 5585 (d)
2399 5514 2451 5566 ln
2474 5511 2786 5583 praefatione
2825 5529 2878 5565 Ix
2908 5513 2989 5566 vel
3022 5511 3087 5564 ad
3124 5525 3389 5565 sunnnum
3421 5525 3452 5562 x
3478 5511 3661 5564 διιδειηί
3694 5523 3807 5564 esse

2224 5587 2476 5640 traditur.
