3924 6232
103 356 177 409 Ξοι

1146 350 1412 408 NOTI'I'IA
1449 347 2277 407 HISTORICO-LITTERARIA.

3228 351 3335 408 209

106 476 201 523 octo
221 466 401 537 partim
420 480 742 531 sermones,
771 466 979 535 partim
1028 465 1271 520 homilias
1311 464 1367 520 S.
1412 462 1656 517 Maximi.
1686 468 1735 525 Α
1830 461 1881 517 δ.
1922 461 2280 525 γαιιὶωιιαιιὶ,
2312 460 2349 516 i.
2379 476 2432 516 e.
2462 461 2800 518 bibliotheca)
2827 458 3183 520 Vallicellana:
3225 462 3333 520 PP.

154 559 205 611 6°
228 557 392 612 Codex
430 557 577 624 sign.
626 571 786 611 num.
841 553 897 620 9,
922 554 986 609 Α.
1034 554 1333 610 Lectionar.
1376 542 1671 610 continens

105 660 335 702 tentiones
362 646 415 698 in
440 643 577 697 Nat.
605 643 978 714 apostolorum
1002 642 1146 699 Petri
1166 653 1215 697 et
1242 642 1399 697 Pauli
1438 651 1494 698 et
1523 642 1662 697 alte-

106 751 195 790 rum
217 737 273 788 de
293 734 352 790 S.
380 732 705 787 Laurentio.

156 823 397 879 Ceterum
418 830 666 877 testatur
688 822 927 887 Brunus,
944 822 1159 878 codices
1177 821 1234 877 S.
1255 819 1401 876 Petri
1424 836 1533 891 pra:
1556 835 1664 875 GB-

102 917 205 971 teris
222 913 704 970 emendatissimos
730 928 872 979 esse,
895 915 1137 981 utrisque
1159 921 1359 979 autem,
1382 912 1530 966 hisee
1556 911 1667 966 sci-

104 1008 203 1061 licet
218 1015 267 1059 et
292 1005 593 1069 Vaticanis,
617 1006 733 1060 hoc
756 1004 994 1073 impertit
1014 1004 1264 1071 elogium.
1290 1019 1387 1058 eos
1408 1011 1464 1057 et
1483 1016 1667 1056 emen-

104 1095 278 1150 datiore
316 1102 498 1163 textu,
543 1096 932 1150 cbaracterum
970 1095 1146 1171 nitore
1176 1104 1234 1147 et
1280 1093 1577 1161 elegantia,
1612 1098 1670 1146 et

102 1196 328 1242 concentu
343 1188 487 1242 inter
511 1204 596 1251 se,
613 1187 846 1256 reliquis
866 1185 1113 1240 omnibus
1127 1184 1365 1255 praeferri
1390 1194 1666 1253 Oportere.

154 1297 198 1349 γ.
220 1276 277 1331 S.
301 1275 478 1330 Cruci:
499 1278 560 1330 in
580 1275 902 1340 Jerusalem,
928 1274 964 1329 i.
989 1289 1040 1329 e.
1064 1274 1403 1330 bibliotheca:
1418 1273 1585 1328 Roma
1623 1287 1671 1327 te

102 1368 373 1422 monasterii
421 1367 481 1422 S.
527 1366 735 1422 Crucis
778 1367 833 1420 in
874 1365 1193 1431 Jerusalem,
1236 1364 1442 1420 ordinis
1466 1363 1669 1419 Cister-

103 1456 281 1511 ciensis.
307 1456 451 1511 Inter
470 1457 579 1511 hos
608 1457 782 1524 longe
810 1456 1290 1525 praestantissimus
1312 1455 1411 1509 fuit
1441 1472 1454 1507 :

158 1547 208 1598 1³
235 1548 401 1601 Codex
429 1546 883 1611 Νοιισιιιιιιειηὶε,
908 1546 962 1600 id
986 1554 1087 1611 est,
1119 1546 1211 1615 qui
1239 1546 1367 1600 olim
1408 1552 1525 1600 erat
1550 1559 1670 1598 mo-

104 1638 289 1691 nasterii
312 1637 692 1692 Nonantulani
721 1636 775 1690 in
813 1651 943 1705 agro
964 1635 1271 1701 Mutinensi,
1302 1642 1428 1689 ante
1467 1647 1668 1687 annum

101 1724 265 1779 Christi
290 1726 698 1793 octogesimum
727 1725 1023 1795 acquisitus
1058 1724 1129 1779 ab
1168 1725 1425 1779 Anselmo
1454 1724 1667 1787 abb-ite,

1762 551 2190 619 congregationis
2214 549 2446 606 Oratorii
2464 551 2521 605 S.
2552 550 2783 622 Philippi
2812 550 2975 615 Nerii,
3005 566 3124 621 qua:
3150 551 3339 608 lectio-

1761 643 1927 697 nariis
1952 642 2107 697 valde
2134 642 2428 711 insignibus
2448 642 2712 709 abundat,
2741 651 2803 697 ut
2827 642 3032 714 pridem
3057 658 3090 697 a
3116 642 3338 699 Balleri-

1764 731 1865 785 niis
1894 731 2144 787 fratribus
2194 732 2249 786 in
2295 732 2491 788 Leonis
2533 731 2603 787 M.
2635 733 2871 790 editione
2907 733 3086 790 edocti
3130 750 3334 792 summ.

1764 820 2157 893 Septemdecim
2184 838 2253 878 ex
2280 824 2346 882 iis
2371 824 2573 881 evolvit
2600 825 2839 889 Brunus,
2869 826 2923 881 in
2950 826 3144 895 quibus
3180 828 3339 897 quin-

1764 911 2018 978 quaginta
2060 919 2215 966 erant
2255 911 2468 966 Maximi
2510 928 2786 970 sermones
2828 922 2885 969 et
2909 914 3175 981 bomilias,
3204 930 3341 985 quos

1767 1012 1889 1052 cum
1918 998 2072 1052 editis
2099 1001 2355 1065 contulit;
2386 1016 2576 1070 nempe
2600 1019 2613 1053 :

1839 1085 1899 1138 1ο
1928 1085 2103 1141 Codea:
2128 1088 2211 1147 II.
2238 1089 2694 1152 membranaceus,
2726 1089 2907 1145 in—fol.
2932 1106 3101 1159 max.,
3140 1107 3263 1149 suae.
3289 1112 3342 1150 xt

1768 1173 2001 1236 circiter,
2036 1176 2088 1231 in
2118 1192 2226 1246 quo
2254 1188 2446 1232 novem
2472 1193 2750 1234 sermones
2773 1178 3010 1235 Maximi.

1838 1263 1901 1317 2ο
1931 1263 2106 1319 Codex
2140 1265 2236 1332 γι,
2267 1268 2651 1335 membranae,
2677 1270 2730 1323 in
2742 1269 2857 1325 -fol.
2880 1285 3048 1334 max.,
3072 1286 3195 1327 szee.
3231 1288 3340 1329 xm.

1838 1355 1902 1409 5°
1933 1355 2107 1411 Codex
2136 1356 2267 1422 VII,
2298 1361 2548 1426 membra,
2580 1359 2632 1413 in
2662 1358 2755 1415 fol.
2779 1375 2947 1424 max.,
2970 1375 3092 1415 saec.
3127 1378 3235 1417 xiv.

1841 1445 1903 1498 4υ
1933 1444 2108 1501 Codex
2140 1447 2305 1516 VIII,
2334 1451 2582 1517 membr.,
2613 1450 2796 1507 in-foL
2843 1467 3009 1518 max.,
3056 1467 3179 1509 sane.
3232 1470 3335 1510 xm.

1773 1532 1837 1588 Ili
1875 1551 1983 1589 non
2030 1537 2127 1591 nisi
2158 1553 2322 1592 unum
2366 1547 2457 1593 aut
2503 1540 2729 1595 alterum
2776 1541 2990 1595 Maximi
3036 1557 3342 1602 sermonem

1770 1625 2060 1681 habebant.

1844 1713 1907 1768 5°
1939 1715 2112 1771 Codex
2141 1716 2244 1782 IX,
2276 1716 2513 1787 ejusdem
2558 1720 2733 1777 aetatis
2757 1734 2822 1776 ac
2848 1719 3032 1776 forma:
3059 1737 3122 1779 ac
3149 1738 3344 1790 prteee~

102 1816 541 1882 membranaceus,
578 1814 819 1881 inoiolio,
863 1823 1079 1870 notatus
1103 1830 1252 1869 num.
1281 1811 1369 1868 XC
1400 1813 1453 1867 in
1491 1811 1669 1866 fronte
1702 1817 1745 1876 Β
1770 1803 1922 1871 deus,
1954 1812 2063 1859 tres
2088 1821 2364 1862 sermones
2390 1809 2715 1862 continebat.

102 1908 281 1973 quidem
291 1908 586 1972 exteriore,
598 1921 912 1977 quanquam
923 1906 1064 1960 intus
1072 1920 1192 1976 pag.
1211 1904 1237 1958 1
1253 1921 1399 1960 num.
1414 1903 1668 1959 CXXXIV

104 1999 300 2067 prefert.
321 1998 525 2054 Omnes
545 2000 676 2067 ejus
696 1998 1035 2053 bibliotheca:
1060 1997 1274 2052 codices
1294 2012 1415 2052 cum
1436 1996 1668 2065 antiqui-

105 2099 208 2154 tate,
230 2103 331 2143 tum
354 2100 616 2145 accurata
639 2089 907 2159 scriptura
928 2088 1354 2156 antiquitateque
1375 2085 1666 2149 antecellit,

104 2189 379 2249 spectatque
418 2181 485 2236 ad
526 2180 792 2236 saeculum
822 2195 904 2250 vn
919 2179 1005 2234 vel
1033 2193 1298 2234 summum
1326 2193 1435 2231 vm.
1469 2176 1669 2231 Ductus

104 2270 363 2325 litterarum
393 2271 687 2326 Romanus
715 2279 815 2336 est,
859 2269 1129 2333 secundae,
1157 2277 1217 2323 ut
1262 2269 1442 2333 aiunt,
1471 2268 1663 2331 aetatis,

103 2360 341 2425 paululum
362 2375 599 2429 vergens
630 2360 700 2413 ad
725 2359 1210 2428 Longobardicum.
1244 2357 1289 2411 Α
1317 2371 1436 2426 pag.
1471 2355 1572 2409 129
1599 2356 1668 2411 ad

106 2448 203 2511 160.
244 2451 408 2519 inquit
452 2452 674 2505 Brunus
715 2450 767 2504 in
797 2448 1127 2519 praefatione,
1168 2447 1445 2515 sexaginta
1471 2446 1667 2516 partim

104 2538 346 2603 IlOllIlllaS,
377 2542 581 2610 partim
612 2554 892 2594 sermones
919 2538 1312 2608 complectitur,
1359 2536 1449 2604 qui
1480 2552 1686 2601 carnes,

103 2626 251 2693 judice
276 2631 418 2684 card.
450 2630 680 2685 Besutio
720 2630 775 2683 in
820 2628 996 2683 indice
1040 2627 1282 2697 ejusdem
1329 2626 1684 2705 bibliotbeae,

104 2716 149 2768 S.
175 2717 444 2773 Maximum
474 2728 762 2774 auctorem
784 2726 1095 2786 agnoscant.
1128 2717 1199 2771 At
1225 2718 1279 2771 in
1303 2717 1494 2771 notitia
1517 2716 1667 2772 codi-

104 2820 221 2868 cun,
245 2809 329 2861 ubi
348 2809 593 2862 omnium
625 2808 900 2874 sigillatim
927 2807 1111 2861 titulos
1134 2814 1394 2871 recenset,
1418 2812 1665 2861 numerat

105 2895 175 2947 ὥ.
201 2896 530 2952 Mabillonius
562 2906 778 2963 contra,
807 2898 899 2966 qui
920 2898 1126 2966 pridem
1148 2912 1214 2952 eo
1244 2913 1370 2951 usus
1396 2905 1532 2962 erat,
1562 2898 1663 2953 bo-

107 2985 253 3037 milias
279 2987 327 3038 in
356 3002 423 3040 eo
445 2986 720 3041 contineri
747 2986 931 3041 scribit
959 2986 1047 3052 73,
1079 3001 1143 3041 ex
1182 2986 1376 3055 quibus
1395 2987 1665 3057 pleraeque

105 3076 316 3129 etiamin
355 3076 664 3145 exemplari
708 3075 1043 3144 Sangallensi
1073 3076 1424 3130 habebantur.
1471 3076 1663 3131 Inscri-

1842 1895 1905 1948 ϐυ
1933 1892 2108 1949 Codex
2132 1894 2185 1951 Χ
2198 1895 2262 1962 γ.
2290 1895 2529 1964 ejusdem
2566 1897 2752 1955 forma:
2777 1909 2834 1956 et
2856 1901 3050 1967 atatis,
3074 1915 3350 1958 sermones

1771 1984 1962 2040 decem
1992 1985 2225 2042 Maximo
2252 1987 2512 2043 inscribit.

1844 2075 1995 2130 70—90
2024 2077 2235 2132 Codice:
2245 2078 2297 2131 Χ
2302 2077 2406 2145 IX,
2428 2078 2534 2134 XX
2553 2088 2609 2136 et
2628 2079 2731 2135 XX
2747 2081 2808 2136 V.
2832 2079 3042 2139 Primus
3068 2092 3153 2139 est
3174 2099 3347 2139 ntem-

1768 2166 1944 2231 bran.,
1987 2166 2164 2222 in-fol.
2205 2184 2372 2233 max.,
2408 2170 2600 2225 litteris
2634 2170 3051 2241 Longobardicis
3076 2182 3345 2239 exaratos,

1768 2259 1946 2313 seaculi
1979 2257 2117 2314 forte
2143 2275 2227 2325 ix;
2252 2260 2493 2328 ejusdem
2520 2263 2695 2318 :ctatis
2722 2272 2778 2318 et
2800 2264 3003 2339 formae,
3036 2281 3136 2321 nec
3165 2274 3343 2322 tamen

1768 2350 2113 2416 cbaz-acteris,
2155 2367 2218 2407 ac
2244 2352 2436 2420 reliqui
2464 2351 2590 2408 duo.
2637 2352 2872 2420 Quilibet
2893 2369 3079 2411 eorum
3104 2373 3216 2414 non
3243 2360 3346 2415 nisi

1769 2441 1984 2495 unicum
2014 2440 2230 2496 Maximi
2257 2458 2561 2499 sermonem
2584 2446 2915 2501 continebat.

1828 2530 1932 2585 1οο
1963 2530 2137 2587 Codex
2163 2534 2300 2603 sign.
2327 2534 2380 2599 4,
2425 2544 2630 2607 septem
2676 2538 2924 2593 bomilias
2960 2540 3222 2596 exhibens
3249 2557 3349 2613 per

1764 2621 1890 2675 anni
1918 2622 2174 2678 circulum
2192 2661 2210 2683 .
2240 2624 2293 2679 in
2319 2626 2513 2695 quibus
2539 2636 2744 2697 septem
2772 2628 2986 2683 Maximi
3013 2646 3309 2687 sermones.

1836 2711 1933 2767 11⁰
1949 2720 2005 2769 et
2021 2713 2115 2768 I20
2130 2713 2303 2770 Codex
2330 2716 2375 2769 Α
2396 2714 2448 2784 9,
2471 2718 2638 2772 codex
2654 2721 2697 2771 Α
2725 2719 2816 2785 I0;
2848 2730 3072 2790 uterque
3094 2724 3345 2786 membr..

1764 2801 1941 2859 in-fol.
1969 2820 2136 2869 max.,
2164 2820 2287 2861 βίου.
2318 2822 2437 2873 xm;
2470 2808 2618 2877 prior
2634 2810 2851 2865 unicum
2869 2810 2935 2866 de
2956 2811 3061 2866 SS.
3089 2813 3348 2883 Apostolit

1762 2893 1921 2950 Petro
1938 2904 1987 2949 et
2010 2896 2198 2963 Paulo,
2224 2900 2489 2967 posterior
2508 2916 2601 2954 sex
2626 2901 2845 2970 profert.

1836 2984 2065 3039 150-170
2095 2985 2307 3042 Codices
2337 2988 2380 3043 Α
2410 2989 2495 3055 16,
2519 2988 2561 3043 Β
2589 2989 2641 3055 5,
2672 2989 2717 3045 Η
2747 2992 2799 3053 2.
2831 2992 2877 3045 Η
2903 2994 2954 3059 7,
2983 2991 3029 3046 Η
3059 2994 3148 3060 23,
3181 3011 3344 3051 unum

1763 3076 1849 3131 vel
1874 3076 2101 3132 alterum
2128 3093 2434 3133 sermonem
2458 3088 2551 3135 aut
2579 3081 2852 3136 homiliam
2880 3086 3309 3155 suppeditantes.

106 3172 227 3231 ptum
254 3174 394 3233 erat,
444 3166 644 3223 eodem
694 3173 859 3232 teste,
902 3165 955 3220 in
1003 3165 1180 3249 bonte
1218 3166 1418 3222 codicis
1466 3180 1660 3219 nomen
1687 3162 1735 3225 ϐ
1836 3192 1878 3225 ι.
1911 3168 2308 3224 Lateranenses.
2338 3170 2397 3224 In
2426 3172 2585 3239 hujus
2610 3175 2844 3229 basilicae
2878 3176 3142 3232 tabulario
3168 3179 3348 3247 plures

109 3259 308 3311 auctoris
331 3275 342 3310 :
366 3257 458 3311 sed
482 3274 553 3312 eo
580 3257 798 3319 abraso,
822 3256 994 3311 sancti
1024 3256 1289 3310 Ambrosii
1316 3271 1509 3310 nomen
1537 3256 1665 3310 sub-

108 3344 333 3399 stitutum.
363 3346 659 3400 Maximam
680 3354 860 3400 tamen
885 3353 1091 3415 partem
1112 3346 1301 3399 harum
1325 3346 1662 3399 bomiliarum

108 3430 289 3489 llaximi
316 3451 436 3491 esse
481 3443 676 3491 censet
718 3453 731 3487 :
774 3436 984 3489 tametsi
1029 3434 1273 3504 quaedam
1317 3434 1433 3487 alia:
1477 3434 1666 3489 Hiero-

108 3522 227 3587 nymi
252 3531 304 3577 et
328 3524 613 3593 Augustini
639 3523 739 3579 sub
767 3539 955 3578 eorum
986 3524 1202 3578 nomine
1230 3523 1443 3578 inserta:
1461 3531 1661 3577 essent.

162 3610 217 3664 2°
242 3612 409 3668 Codex
439 3615 857 3669 Nonmttnlemis
886 3614 1037 3679 alter,
1066 3614 1306 3682 signatus
1332 3629 1478 3667 num.
1504 3612 1665 3667 XCIX

108 3702 248 3767 (intus
284 3704 516 3771 LXVII),
549 3705 1011 3766 membranaceus,
1043 3702 1179 3768 ιιι-4,
1208 3704 1522 3759 charactere
1552 3703 1663 3758 Ro-

109 3805 243 3847 mano
263 3796 488 3850 rotundo
513 3804 569 3849 et
584 3795 838 3863 eleganti,
854 3795 1049 3849 saeculo
1068 3795 1281 3849 circiter
1300 3811 1371 3849 xu
1391 3805 1663 3850 exaratus.

109 3876 345 3951 Principio
388 3885 726 3940 exorcismos
769 3899 930 3953 super
972 3897 1361 3951 energumenos
1404 3885 1662 3949 continet,

108 3968 273 4025 deinde
298 3973 559 4040 epistolas
587 3972 721 4025 duas
765 3972 1032 4041 pontificis
1075 3971 1216 4026 Max.
1260 3973 1324 4025 A.
1356 3971 1665 4040 (Alexandri

112 4056 183 4123 ιΙΙ,
204 4073 342 4129 putat
360 4064 628 4132 Brunus);
658 4072 932 4133 postremo
952 4079 984 4117 a
1004 4079 1125 4133 pag.
1150 4062 1185 4116 5
1207 4063 1275 4116 ad
1296 4064 1397 4117 I63
1418 4065 1665 4118 homilias

113 4162 457 4221 tentionesquc.
488 4153 546 4207 S.
591 4153 806 4207 Maximi
834 4153 923 4218 96,
964 4154 1017 4207 in
1058 4155 1252 4222 quibus
1293 4153 1361 4207 48
1389 4170 1666 4210 sermones

113 4240 383 4297 nullatenus
427 4244 499 4297 ab
554 4244 621 4299 iis
656 4258 793 4312 quos
838 4243 1008 4298 codex
1052 4244 1139 4299 XC
1183 4246 1423 4301 continet
1460 4247 1663 4301 discre-

114 4339 293 4395 pantes,
325 4332 465 4388 unde
494 4348 681 4387 verum
708 4348 895 4387 eorum
923 4341 1201 4388 auctorem
1230 4334 1519 4388 Maximum
1546 4351 1666 4391 esse

114 4433 213 4471 cum
240 4420 448 4477 Besutio
478 4421 691 4476 Brunus
728 4432 941 4486 censet,
974 4424 1384 4493 astipulantibus
1428 4426 1666 4480 versibus

1763 3261 1911 3321 olim,
1960 3275 2121 3329 quam
2168 3277 2309 3315 nunc
2353 3272 2672 3331 supersunt,
2726 3264 2996 3321 exstitisse
3037 3267 3253 3323 codices
3280 3284 3347 3323 ex

1766 3351 2001 3405 numeris
2048 3351 2322 3419 inscriptis
2369 3360 2553 3420 patere
2600 3361 2786 3408 monet
2833 3353 3062 3410 Brunus.
3105 3355 3349 3423 Quatuor

1764 3446 1945 3494 tamen
1991 3440 2196 3494 invenit
2241 3440 2562 3504 homiliaria,
2610 3457 2837 3511 quorum
2869 3444 2970 3498 tria
3020 3447 3345 3511 membran.,

1766 3528 1976 3583 inefolio
2022 3545 2190 3593 max.,
2240 3530 2554 3585 charactere
2596 3531 2839 3587 Romano
2882 3534 3051 3590 nitide
3102 3548 3345 3603 exarata,

1764 3618 1958 3673 saeculo
1982 3634 2035 3672 xt
2061 3619 2259 3688 scripta
2283 3626 2486 3682 censet,
2512 3628 2759 3688 quartum
2781 3621 2956 3678 in-fol.
2982 3624 3196 3690 minori,
3220 3642 3345 3682 stec.

1768 3724 1877 3763 xm.
1911 3708 1989 3763 Ex
2025 3709 2398 3775 grandioribus
2447 3710 2550 3764 illis
2590 3710 2697 3765 duo
2742 3710 2795 3765 in
2838 3711 3015 3768 fronte
3061 3714 3350 3772 voluminis

1768 3798 2082 3867 inscriptum
2110 3798 2407 3866 gerebant:
2436 3798 2790 3869 Compositunt
2817 3817 2850 3854 a
2878 3800 3175 3858 Secundino
3206 3804 3347 3859 Tau-

1766 3888 2077 3941 rominitano
2104 3888 2341 3957 episcopo
2369 3895 2598 3958 tempore
2618 3890 2787 3942 sancti
2816 3888 3032 3961 Gregori
3066 3909 3237 3962 papc.

1836 3975 1913 4031 Ex
1943 3976 2397 4033 Lateranensibus
2425 3979 2669 4049 quaedam
2712 3988 2837 4035 ante
2884 3981 3104 4049 inedita,
3154 4000 3349 4056 nempe

1766 4084 2067 4124 sermonem
2115 4070 2168 4123 in
2208 4069 2475 4126 dominica
2522 4069 2825 4125 Palmarum
2862 4080 2920 4128 et
2962 4074 3029 4129 de
3064 4073 3347 4132 Communi

1768 4160 2119 4228 plurimorum
2169 4167 2464 4231 martyrum
2515 4161 2845 4231 desumpsit,
2902 4162 3113 4231 aliaque
3159 4180 3345 4221 eorum

1768 4251 2078 4306 testimonio
2123 4252 2494 4317 conﬁrmavit,
2541 4253 2870 4321 omninoque
2916 4253 3345 4322 Balleriniorunt,

1767 4344 1859 4412 qui
1887 4342 2351 4399 emendatissimos
2378 4351 2664 4409 censeant,
2695 4345 3011 4413 subscripsit
3037 4349 3345 4402 sententiae.

1840 4441 1887 4501 ζ.
1919 4436 2313 4489 Casanatenses.
2349 4435 2680 4488 Bibliotheca
2712 4435 2856 4489 card.
2901 4435 3182 4491 Casanata:
3209 4440 3350 4508 apud

113 4505 370 4566 barbaricis
404 4513 477 4566 ab
514 4512 666 4566 initio
694 4528 880 4567 eorum
910 4516 1155 4583 ascriptis
1190 4524 1247 4570 et
1288 4517 1461 4571 titulo.
1491 4517 1663 4570 Etiam
1694 4514 1745 4573 Ι)
1768 4525 1873 4579 FF.
1905 4525 2313 4595 praedicatorum
2356 4525 2421 4579 ad
2467 4525 2718 4580 Minerva:
2745 4526 2880 4580 duos
2910 4528 3133 4595 praebuit
3170 4505 3347 4586 lmini-

115 4598 247 4667 luqus
269 4604 467 4657 COdlCiS
501 4618 810 4657 sermonum
851 4605 1259 4660 homiliarumve
1279 4608 1463 4661 titulos
1483 4609 1662 4675 singu-

115 4686 179 4741 lus
204 4692 525 4761 transcripsit
555 4693 608 4745 in
646 4692 833 4746 notitia
861 4692 1044 4759 codd.,
1073 4694 1168 4749 sed
1194 4711 1451 4751 numerus
1478 4698 1663 4751 simili-

110 4786 177 4831 tet-
199 4793 255 4831 ac
278 4781 326 4833 in
355 4782 525 4850 priori
547 4781 847 4850 discrepat,
881 4798 981 4837 nec
1006 4782 1074 4835 96
1102 4784 1195 4838 sed
1225 4783 1294 4836 92
1318 4786 1655 4841 exhibentur.

165 4869 218 4920 5⁸
242 4868 619 4925 Lectionariunt
639 4873 833 4927 saeculo
849 4872 959 4928 fere
981 4890 1071 4929 xm
1088 4876 1463 4946 perscriptum,
1484 4879 1661 4947 signa-

110 4962 203 5009 ιιιιιι
230 4974 365 5013 nutu.
407 4960 442 5013 9
469 4961 638 5031 (intus
662 4959 807 5030 2‘22),
833 4962 1045 5017 in-folio
1073 4965 1367 5032 grandiori,
1396 4969 1661 5022 membra-

107 5061 269 5111 uaceo,
292 5051 481 5105 litteris
506 5051 785 5120 quadratis
801 5065 1103 5108 exemtum.
1125 5055 1447 5112 Continebat
1475 5059 1659 5115 lectio-

109 5148 187 5187 nes
207 5138 270 5193 de
294 5140 563 5210 Tempore
590 5151 647 5196 et
674 5141 742 5197 de
768 5143 979 5198 Sanctis
1006 5153 1063 5199 et
1090 5145 1336 5202 homilias
1362 5148 1584 5217 aliquot.

164 5223 217 5275 4ο
242 5226 618 5284 Ιιειιιοηανὶιιιιι
658 5228 995 5286 Cistercieme
1038 5236 1287 5299 alterum,
1329 5238 1509 5291 seaculi
1551 5256 1656 5305 xlv,

108 5310 288 5370 ill-Iulio
307 5319 486 5374 itidem
508 5320 799 5388 grandiori,
822 5323 1144 5391 membrum,
1168 5326 1478 5382 charactere
1498 5331 1658 5384 semi-

107 5406 292 5469 sotliico
313 5412 631 5480 exscriptus.
665 5411 881 5469 Inerant
907 5413 975 5467 12
1002 5415 1237 5471 bomillae
1263 5416 1319 5471 S.
1352 5418 1588 5474 Maximi.

163 5492 342 5551 Monita
361 5513 417 5553 et
430 5501 700 5557 variantes
720 5502 979 5560 lectiones
999 5513 1165 5561 testes
1183 5505 1409 5562 advocat
1426 5508 1649 5576 Brunus,

110 5596 162 5631 et
184 5584 362 5651 quibus
386 5599 619 5651 constet.
652 5601 913 5659 quantum
937 5595 1185 5652 utilitatis
1212 5596 1267 5652 hi
1292 5597 1504 5655 codices
1538 5599 1651 5657 edi-

116 5674 226 5726 ιὶοιὶί
240 5691 344 5734 sua:
365 5682 709 5738 contulerint.

286 5772 545 5833 ΡΑτιιυι..
595 5776 783 5837 [ΛΠ.

1765 4616 1945 4670 liarios
1965 4616 2179 4670 codices
2206 4615 2666 4680 membranaceos,
2700 4616 2881 4671 in-fol.
2914 4633 3082 4680 max.,
3113 4621 3347 4689 eleganti

1761 4713 1821 4759 et
1865 4704 2034 4759 nitido
2079 4704 2323 4760 Romano
2354 4704 2673 4761 charactere
2719 4721 2841 4763 saec.
2874 4707 2988 4763 fere
3016 4725 3069 4763 xi
3095 4712 3343 4779 scriptos.

1762 4796 1833 4849 At
1880 4810 2051 4865 pauca
2103 4788 2195 4851 ex’
2223 4795 2289 4851 iis
2342 4810 2442 4866 pro
2480 4795 2712 4852 Maximo
2756 4797 3037 4867 collegisse
3083 4815 3143 4856 sc
3185 4810 3348 4857 testa-

1762 4895 1869 4940 ιιιι.

1834 5000 1884 5038 η.
1914 4975 2206 5039 Zelaaiaui,
2238 4976 2291 5031 id
2317 4986 2421 5041 est,
2451 4976 2666 5033 codices
2703 4978 2793 5047 qui
2823 4987 2948 5035 sunt
2987 4996 3153 5051 penes
3190 4984 3343 5038 card.

1760 5065 1950 5120 Franc.
1981 5063 2114 5119 Xav.
2146 5065 2214 5121 de
2243 5065 2457 5131 Zelada,
2488 5067 2617 5123 bibl.
2659 5067 2779 5122 Vat.
2831 5067 3137 5139 praefectum
3156 5113 3171 5139 ,
3207 5073 3347 5129 inter

1758 5168 1895 5223 quos
1916 5154 2118 5209 eminet
2141 5171 2153 5184 ·

1835 5242 1889 5295 1⁸
1917 5241 2091 5296 Codex
2118 5241 2484 5309 Urbevetanus,
2511 5260 2543 5298 a
2563 5246 2797 5315 capitulo
2822 5248 3146 5305 cathedralis
3177 5250 3346 5308 Urbe-

1765 5340 1963 5385 vctanze
1992 5332 2093 5400 ipsi
2121 5331 2264 5386 dono
2293 5331 2470 5397 datus,
2499 5336 2963 5400 membranaceus,
2993 5338 3197 5395 in-folio
3226 5358 3342 5397 ma-

1761 5426 1905 5479 ximo
1934 5427 2137 5495 Optime
2165 5434 2419 5480 exaratus
2447 5427 2516 5480 ab
2548 5428 2872 5496 octingentis
2907 5432 3125 5487 circiter
3167 5448 3340 5490 annis.

1760 5510 1902 5567 Inter
1924 5515 2104 5583 plures
2131 5515 2487 5569 celebriorum
2514 5515 2618 5570 PP.
2650 5517 2900 5573 homilias
2930 5521 3109 5591 plures
3142 5522 3195 5575 S.
3228 5522 3341 5577 Ma-

1760 5603 1888 5657 ximi
1918 5604 2100 5667 liabet,
2131 5620 2354 5673 quarum
2385 5608 2684 5672 nonnullae,
2713 5610 2816 5662 etsi
2860 5612 3077 5665 nomine
3106 5615 3343 5668 auctoris

1757 5704 2000 5759 careant,
2028 5695 2186 5751 tidem
2208 5704 2386 5751 tamen
2408 5711 2479 5751 ex
2500 5696 2627 5755 aliis
2650 5696 2928 5754 codicibus
2958 5698 3351 5758 nanciscuutm.

2955 5780 2987 5833 Ἰ
