3924 6232
101 349 162 400 iis
1063 336 1327 393 NOTITIA
1365 332 2181 390 HlSTORlCO—LITTERARIA.

3144 331 3247 384 206

101 471 240 520 ,.:i,xi,
272 456 350 509 sed
386 456 532 522 juxta
577 455 824 523 ejusdem
873 454 925 506 in
969 452 1153 506 notitia
1202 462 1572 510 assertionem,
1604 453 1650 509 Λ
1749 447 1929 502 Codex
1959 447 2010 511 4,
2059 447 2397 506 bibliothecae
2437 447 2566 501 olim
2606 454 2803 500 sanctae
2840 444 3028 497 Crucis
3057 443 3246 507 Minor,

99 547 229 600 seculo
252 562 323 599 xiv
343 560 440 598 non
460 545 734 612 superior,
762 551 817 596 et
844 542 1129 610 acquisin
1164 539 1450 594 Florentiae
1477 553 1574 592 εαξ-
1678 537 1816 592 Plut.
1848 537 2064 593 XXXIII
2091 539 2262 608 partis
2290 537 2537 601 sinistrm,
2582 534 3037 595 meinbranaceus,
3081 532 3247 585 in-fol.

99 636 264 688 culo-xv.
297 634 349 686 In
374 635 472 688 hoc
498 633 688 688 codice
737 648 898 686 unum
927 631 1212 698 genuinum
1257 629 1316 683 S.
1361 628 1575 682 Martini
1676 631 1833 695 min.,
1878 645 2002 685 stec.
2043 647 2116 684 xi.

99 738 318 778 sermonem
343 721 714 791 deprehendit,
744 721 894 790 cujus
921 721 1127 774 initium
1151 737 1164 771 :
1197 717 1351 787 Saepe
1369 719 1578 771 intima-

99 822 167 863 nn
185 821 258 874 est,
279 813 458 880 quique
480 811 547 865 ab
569 825 637 864 eo
655 811 812 878 juxta
841 824 968 864 mss.
1002 809 1309 862 testimonia
1334 806 1580 874 sequenti

1751 723 1934 779 Codex
1955 723 2007 789 l,
2029 723 2270 790 ejusdem
2299 721 2491 789 Plutei,
2523 719 2702 775 in-l‘ol.
2724 733 2892 782 max.,
2923 731 3046 771 suac.
3070 732 3144 768 xi.

1750 816 1937 871 Codex
1966 815 2019 880 4,
2070 813 2240 870 Plutei
2270 814 2384 868 XIII
2413 815 2582 884 partis
2625 811 2875 874 sinistras,
2911 809 3253 862 membrana-

99 903 161 954 sub
180 903 276 954 tit.:
312 899 379 952 De
398 900 595 971 jejunio
623 900 854 970 generali
891 899 1108 964 reliquis
1132 897 1473 952 sermonibus
1514 895 1583 949 de

1730 923 1831 971 eus,
1862 905 2039 961 in—fol.
2065 907 2220 969 min.,
2246 921 2368 962 saec.
2400 921 2474 959 xt.

101 988 422 1059 derageaima
449 998 531 1042 est
558 989 820 1056 adjectus.

143 1079 186 1131 2°
207 1077 351 1134 Codex
369 1079 498 1133 alter
521 1079 691 1147 priori
714 1076 1015 1147 persimilis.
1046 1074 1137 1131 Sic
1164 1077 1218 1130 in
1248 1073 1580 1145 praefatione.

103 1169 143 1220 Δι
161 1170 199 1221 in
221 1170 381 1223 notitia
399 1170 554 1237 plane
581 1169 651 1223 de
675 1169 862 1222 eodem
888 1169 1027 1222 silet.

1755 997 1939 1053 Codex
1985 995 2034 1063 5,
2070 993 2240 1050 Plutei
2269 993 2528 1063 ejusdem,
2573 993 3033 1052 membranaceus,
3080 983 3255 1041 in-fol.

1685 1086 1808 1142 suae.
1842 1103 1916 1140 xl.

1757 1177 1942 1233 Codex
1960 1177 2014 1242 2,
2045 1175 2187 1231 Plut.
2209 1167 2425 1229 XXXIII
2447 1171 2614 1243 partis
2641 1170 2890 1233 sinistrae,
2921 1163 3256 1221 membrana-

144 1256 348 1311 3°Coder
377 1259 710 1319 cbartaceus,
755 1257 926 1311 inofol.
952 1257 1105 1322 min.,
1148 1271 1270 1312 cum
1299 1254 1588 1308 initialibus
1687 1283 1836 1333 ecus,
1858 1266 2034 1322 imm,
2060 1281 2229 1328 max.,
2255 1279 2384 1318 εωο,
2417 1278 2490 1316 ιι,

102 1350 202 1401 rario
215 1350 371 1403 colore
391 1351 608 1410 emotis,
633 1347 831 1409 saeculi,
852 1356 910 1400 ut
927 1347 1208 1406 character
1225 1345 1343 1413 ejus
1363 1344 1591 1398 demon-

1761 1356 1943 1412 Codex
1968 1356 2091 1418 117,
2114 1354 2580 1416 membran'aceus,
2608 1349 2819 1404 in-l'olio
2839 1363 3009 1412 max.,
3037 1358 3160 1400 saec.
3187 1358 3268 1409 xl,

100 1448 204 1498 ειηῑη
235 1456 311 1495 η
357 1439 502 1496 Hunc
536 1442 759 1495 alterum
798 1448 956 1496 vocat
1000 1441 1054 1494 in
1098 1438 1309 1493 llo-mia-
1360 1436 1440 1490 Ει
1489 1437 1594 1490 hoc
1691 1449 1822 1503 olim
1847 1446 2158 1500 bibliothec.
2203 1443 2342 1499 adii.
2366 1442 2617 1510 majoris,
2650 1440 2891 1496 ecclesia:
2918 1436 3267 1492 Florentium.

102 1532 212 1582 etiam
243 1546 518 1586 sermonem
560 1533 853 1600 genuinum
880 1530 1118 1592 Maximi,
1148 1529 1277 1584 olim
1308 1527 1591 1582 Ambrosio

1761 1536 1991 1592 Codices
2013 1534 2131 1598 1'72,
2164 1534 2286 1598 H3,
2321 1532 2444 1596 174,
2476 1529 2596 1594 169,
2615 1529 3045 1593 membranacei;
3081 1524 3264 1581 in-l‘ol.

103 1621 307 1686 tributum,
345 1623 688 1694 deprompsit.
716 1623 1135 1692 quiinscribimr
1167 1639 1181 1673 ε
1219 1620 1355 1672 An“
1399 1617 1594 1670 Ναιαιε
1694 1642 1864 1698 max.,
1887 1641 2009 1681 sec.
2042 1642 2117 1679 XI.
2149 1623 2456 1679 Postremus
2485 1621 2584 1676 fuit
2611 1621 2740 1675 olim
2769 1619 2897 1674 bibl.
2921 1617 3063 1672 aedil.
3087 1614 3262 1669 eccle-

102 1707 279 1778 Dontini,
299 1720 348 1766 et
366 1713 576 1782 incipit:
603 1712 750 1768 Satis
777 1712 1070 1783 abundeque
1091 1712 1282 1764 dixisse
1310 1727 1392 1763 me
1420 1708 1592 1762 credo.

1694 1719 1788 1771 sia:
1808 1719 2029 1786 majoris
2056 1715 2382 1770 Florentinis

148 1799 258 1855 Duos
277 1811 514 1870 praeterea
545 1818 615 1857 ex
640 1802 825 1857 iisdem
847 1800 1123 1856 codicibus
1156 1812 1435 1853 sermones
1459 1797 1596 1849 inter

1768 1805 1910 1860 Inter
1934 1806 2033 1859 bos
2060 1805 2359 1874 praecipuos
2385 1819 2504 1858 esse
2529 1810 2586 1858 et
2611 1801 2877 1869 castigate
2899 1798 3132 1868 scriptos
3169 1802 3281 1848 tra-

101 1888 239 1944 duhios
254 1892 486 1959 reposuit,
512 1892 650 1946 alios
676 1899 874 1955 autem,
899 1905 1034 1958 quos
1056 1887 1215 1944 iidem
1237 1886 1562 1943 exhibebant
1577 1926 1592 1950 ,

103 1984 291 2046 unquam
309 1981 541 2050 indignos
561 1980 796 2035 Maximo
817 1979 973 2048 plane
992 1977 1210 2046 abiecit.

149 2069 187 2135 β.
209 2068 503 2125 Bibliotheca
524 2071 1022 2141 Augustinianorunt
1043 2066 1105 2122 S.
1126 2065 1347 2119 Joannis
1374 2063 1444 2116 ad
1471 2061 1600 2116 Car-

103 2154 326 2213 bellaria.
349 2161 526 2217 Codex
547 2162 1010 2223 membranaceus,
1042 2157 1266 2221 in-folio,
1291 2157 1468 2210 medio
1488 2155 1600 2211 fere

101 2247 243 2301 seculo
279 2265 361 2304 xm
396 2252 468 2321 (in
497 2254 712 2316 notitia,
755 2252 949 2307 seculo
979 2251 1089 2319 xiv)
1138 2257 1411 2308 exaratus,
1458 2247 1601 2302 haud

101 2333 260 2396 quidem
285 2338 466 2394 inedita
507 2341 606 2395 sed
642 2343 909 2396 variantes
953 2341 1216 2396 lectiones
1243 2355 1406 2409 quam
1429 2341 1600 2410 pluri-

101 2435 182 2473 mas
197 2437 307 2494 supp
316 2427 538 2482 «ditavit.

148 2506 234 2561 Ill.
255 2510 443 2569 Codices
465 2517 782 2572 Florentini.
819 2537 838 2570 ι
872 2517 1144 2584 Quamvis,
1177 2519 1346 2589 inquit
1370 2519 1597 2587 Brunus,

101 2597 203 2650 nulla
235 2598 331 2655 fere
364 2605 428 2657 sit
465 2605 756 2661 Florentia:
789 2607 1132 2670 bibliotheca,
1176 2623 1296 2677 quie
1336 2609 1603 2677 aliquibus

101 2699 191 2738 mss.
215 2691 457 2771 codicibus
484 2710 591 2749 non
623 2704 930 2758 exornetur,
961 2703 1200 2749 attamen
1229 2694 1602 2752 Laurentianue

101 2777 216 2843 copia
251 2787 300 2833 et
334 2785 548 2839 raritate
597 2785 849 2838 omnibus
895 2785 1118 2848 eminet,
1160 2800 1282 2839 cum
1333 2786 1604 2855 principes

101 2861 272 2921 Iedicei
298 2870 442 2926 nullis
487 2874 833 2943 pepercerim
873 2874 1195 2942 sumptibus,
1227 2881 1287 2926 ut
1307 2888 1427 2926 eam
1457 2874 1605 2928 Iocu-

101 2954 335 3024 pletarent;
360 2976 584 3030 quorum
609 2965 910 3018 litterarum
930 2978 1190 3025 amorem,
1214 2969 1271 3016 et
1297 2962 1607 3018 muniﬁcen-

1698 1892 1798 1957 dit,
1825 1910 1933 1948 non
1954 1895 2085 1948 item
2105 1894 2361 1962 reliquos,
2387 1895 2650 1961 quinque;
2675 1907 2894 1960 nempe:

1768 1983 1824 2034 1⁸
1852 1982 2418 2046 Sanctaeruciensem;
2447 1980 2511 2033 2°
2543 1995 2665 2034 eum
2702 1980 2793 2048 qui
2827 1980 2954 2032 olim
2978 1977 3076 2032 fuit
3108 1975 3282 2032 eccle-

1698 2071 1792 2125 siae
1827 2072 2130 2137 Meldensis,
2174 2087 2314 2127 nunc
2353 2071 2724 2127 Laurentianus
2763 2069 3134 2149 bibliothecae;
3179 2065 3270 2120 sed

1700 2162 1769 2216 ad
1790 2181 1950 2234 quem
1993 2183 2060 2221 ex
2101 2181 2261 2236 supra
2291 2164 2572 2219 recensitis
2601 2163 2689 2216 illa
2716 2167 2981 2230 spectent,
3014 2166 3270 2226 auguratu

1701 2252 1916 2310 difficile
1943 2257 2042 2321 sit;
2074 2257 2136 2309 5ο
2156 2256 2293 2309 duos
2331 2254 2574 2309 ecclesia:
2612 2252 2739 2305 olim
2765 2248 3106 2310 Florentium,
3133 2261 3280 2300 nunc

1700 2359 1917 2412 quoque
1938 2344 2310 2399 Laurentinum
2328 2345 2458 2397 bibl.
2487 2342 2558 2396 ad
2588 2356 2742 2395 usum
2765 2339 2936 2403 chori,
2963 2353 3027 2392 ex
3054 2344 3275 2391 senten-

1703 2433 1775 2485 tia
1807 2435 1989 2502 ipsius,
2030 2444 2276 2504 paratos;
2325 2432 2388 2484 ιο
2435 2432 2678 2487 codicem
2707 2431 2891 2484 smculi
2934 2445 3041 2492 xiv,
3085 2428 3140 2481 in
3167 2442 3276 2495 quo

1702 2520 1936 2576 homilias
1954 2539 2028 2577 ea
2055 2525 2193 2578 serie
2215 2537 2388 2591 eoque
2417 2522 2605 2576 ordine
2634 2521 2932 2574 distributa-
2959 2521 3086 2584 sint,
3115 2527 3276 2588 atque

1703 2609 1758 2664 in
1785 2611 1970 2669 codice
1999 2613 2163 2668 XCIX
2191 2613 2400 2668 Sanctae
2421 2613 2607 2668 Crucis
2635 2613 2686 2665 in
2713 2611 3031 2666 Jerusalem.
3063 2611 3278 2667 Scilicet

1703 2705 1990 2760 ltomiliarii
2030 2716 2157 2761 sunt
2181 2723 2372 2762 omnes
2400 2706 2513 2762 fere
2559 2708 2614 2761 bi
2659 2706 3010 2761 Laurentiani
3041 2706 3276 2769 codices,

1703 2797 1771 2851 de
1818 2813 2048 2867 quorum
2090 2799 2269 2854 indole
2310 2808 2366 2853 et
2401 2801 2628 2855 diversis
2672 2802 2958 2868 generibus
2999 2800 3280 2855 commodo

1706 2885 1810 2940 hac
1863 2888 2148 2942 occasione
2178 2891 2418 2958 prmcipit
2446 2890 2642 2955 editor,
2674 2899 2735 2944 ut
2779 2890 2995 2956 doceat,
3025 2893 3116 2962 qui
3167 2892 3281 2947 lie‘ri

1706 2979 1964 3046 potuerit,
1998 2988 2058 3033 ut
2077 2981 2227 3034 multi
2256 2989 2310 3035 et
2332 2982 2574 3050 plerique
2599 2983 2737 3037 adeo
2766 2985 3082 3039 mendorum
3108 2995 3165 3040 et
3188 2986 3283 3040 ται.

101 3042 194 3097 um
232 3045 568 3106 Ρηυάεοιιεί
615 3054 930 3120 ίωρεηιιοτ.
974 3049 1253 3142 “Petrus
1300 3049 1605 3142 Ῐιθοροωυε
1641 3136 1675 3142 _
1708 3042 1887 3122 sarum
1936 3042 2348 3139 inscriptionum
2373 3074 2518 3142 pleni
2547 3074 2673 3128 sint.
2701 3075 2888 3131 Fuisse
2926 3079 3069 3132 enim
3099 3088 3282 3134 monet

101 3149 186 3200 eius
221 3136 338 3193 ﬁlius
371 3141 596 3197 Etruria:
651 3145 828 3210 magni
854 3142 1019 3197 duces
1058 3141 1231 3196 secuti
1258 3150 1402 3195 sunt.
1443 3160 1460 3193 ι
1497 3141 1601 3197 Hos

1730 3155 2041 3211 nomiliarios
2080 3136 2189 3212 non
2217 3136 2390 3214 solum
2419 3163 2835 3238 cathedralibus,
2867 3167 2962 3221 sed
2991 3169 3154 3223 etiam
3187 3185 3285 3239 pa-

101 3239 195 3290 ergo
215 3230 408 3295 primos,
431 3232 538 3286 imo
567 3231 737 3294 solos,
761 3231 1022 3298 siquidem
1043 3229 1111 3283 de
1135 3229 1256 3281 aliis
1286 3237 1448 3291 tacet,
1474 3246 1604 3283 ροη-

102 3315 296 3371 sulendos
319 3321 540 3383 censuit,
568 3335 773 3387 eosque
814 3318 1009 3372 dividit
1049 3318 1102 3370 in
1133 3317 1524 3371 Lauentianos
1553 3327 1610 3373 et

101 3403 283 3462 additos.

150 3519 198 3572 1⁸
217 3522 282 3578 Ex
303 3524 662 3581 Laurentianis
691 3534 892 3590 autem,
917 3525 1008 3594 qui
1046 3531 1173 3578 sunt
1199 3520 1437 3583 Μεάὶοεί,
1468 3535 1607 3589 prte-

99 3617 158 3661 tto
179 3609 363 3668 fuerunt
391 3633 404 3666 :

147 3695 300 3753 Codex
330 3701 377 3765 1,
401 3701 538 3757 Plut.
573 3702 714 3766 XIV,
737 3703 1200 3765 membrauaceus,
1233 3699 1402 3753 in-l'ol.
1434 3713 1607 3766 max.,

97 3801 191 3842 ιτς.
212 3805 288 3845 ΠΙ.

147 3878 296 3935 Codex
315 3883 397 3948 36,
416 3883 555 3939 Plut.
573 3882 736 3947 XVII,
751 3882 1214 3943 inembranaceus,
1235 3878 1416 3932 in-l‘ol.
1439 3891 1610 3941 max.,

99 3960 192 4002 me.
219 3965 282 4002 xi.

219 3965 282 4003 ιι.

149 4037 298 4094 Codex
336 4042 421 4108 57,
474 4043 622 4099 PIut.
666 4042 864 4110 ejusd.,
921 4041 1388 4106 membranaceus,
1441 4040 1608 4095 in-fol.

100 4137 228 4189 max.,
252 4144 362 4184 sec.
408 4148 479 4186 ιι,

150 4211 302 4270 Codex
342 4218 424 4283 38,
478 4220 623 4273 Plut.
675 4217 870 4286 ejusd.,
924 4218 1386 4282 membrauaceus,
1443 4216 1611 4271 in-l’ol.

99 4315 226 4368 max.,
253 4323 362 4362 sec.
405 4327 475 4364 XI.

149 4396 304 4456 Codex
346 4403 426 4468 39,
470 4404 616 4458 Plut.
667 4403 865 4472 ejusd.,
916 4404 1385 4469 membranaceus,
1430 4403 1608 4460 in-fol.

98 4504 229 4553 max.,
252 4508 367 4550 ια.
400 4511 474 4550 ιι,

149 4584 300 4642 Codex
347 4587 429 4654 ιε,
481 4586 625 4641 Plut.
681 4586 874 4656 ejusd.,
921 4587 1386 4653 memhrmaeeus,
1445 4587 1613 4643 in—fol.

99 4690 228 4740 "'31.,
253 4696 367 4737 uec.
397 4698 472 4736 XI.

148 4763 300 4823 Codex
316 4770 397 4836 11,
430 4769 574 4823 Plut.
599 4767 736 4833 XVI,
766 4771 1224 4836 membranaceus,
1249 4771 1416 4827 inofol.
1448 4788 1617 4837 max.,

98 4863 194 4905 πε.
219 4870 283 4909 ιι.

145 4939 301 5000 Codex
341 4948 425 5011 25,
481 4947 623 5002 Plut.
669 4946 862 5012 XVIII,
918 4952 1383 5017 membranaceus,
1439 4954 1617 5010 in—l'ol.

97 5045 225 5098 ιιι,
261 5051 375 5093 ια.
407 5055 485 5093 ιι.

146 5119 299 5178 Codex
329 5125 380 5190 1,
406 5125 553 5180 Plut.
581 5124 718 5191 XIV,
752 5128 1210 5194 membranaceus,
1247 5131 1416 5185 in-l'ol.
1452 5148 1622 5201 max.,

97 5223 302 5270 mm.

151 5298 305 5358 Codex
347 5305 443 5369 l0,
489 5305 628 5361 Plut.
674 5308 870 5378 ejusd.,
920 5312 1398 5379 membranaceus,
1451 5316 1620 5372 iii-fol.

98 5389 220 5450 lim.
246 5407 361 5449 ac.
393 5411 485 5449 xv.

149 5477 307 5538 Codex
332 5483 383 5548 9,
423 5486 560 5542 Plut!
596 5488 734 5555 XIX,
768 5494 1225 5560 membranaueus,
1258 5498 1434 5553 ἕης-τοι.
1468 5502 1621 5567 min.,

97 5585 193 5626 sire.
219 5591 314 5641 xw,
345 5583 622 5640 continens
649 5586 906 5654 epistolas
934 5585 1265 5661 Hieronymi.

151 5661 204 5711 '2'
231 5663 303 5719 Ex
327 5669 509 5726 additis
532 5673 586 5726 in
611 5673 965 5731 Laurentium
985 5680 1177 5733 nostris
1201 5681 1508 5746 temporibus
1531 5701 1548 5736 :

1710 3247 2038 3303 rochialibus
2077 3267 2140 3306 ac
2169 3255 2486 3309 monasticis
2515 3256 2774 3320 ecclesiis,
2807 3260 2936 3326 quin
2972 3262 3137 3316 etiam
3167 3265 3286 3318 cui-

1709 3351 1813 3404 que
1842 3343 2130 3408 sacerdoti,
2158 3345 2208 3398 in
2230 3347 2551 3414 quibusdam
2579 3351 2771 3404 saltem
2794 3354 3122 3420 regionibus,
3147 3359 3287 3414 unde

1712 3426 1825 3482 ﬁeri
1855 3431 1940 3483 vix
1997 3434 2258 3500 potuisse,
2290 3437 2418 3504 quin
2447 3437 2710 3504 imperitis
2739 3441 3007 3498 interdum
3038 3447 3287 3515 calligra-

1711 3517 1831 3585 phis
1861 3518 1912 3571 in
1940 3535 2130 3575 manus
2150 3523 2470 3579 inciderent.

1783 3604 1917 3659 XIII.
1962 3606 2171 3664 Codices
2211 3610 2572 3670 Cistercirnses
2623 3617 2819 3676 Montis
2861 3621 3113 3691 Amiatte,
3158 3626 3194 3680 i.
3235 3643 3288 3683 e.

1713 3699 1943 3752 ccenobii
1973 3703 2173 3756 veteris
2201 3705 2404 3761 ordinis
2424 3706 2799 3766 Cisterciensis
2827 3711 2884 3768 S.
2917 3712 3213 3773 Salvatoris
3236 3719 3290 3776 in

1714 3799 1841 3876 agro
1864 3786 2089 3844 Senensi
2119 3791 2340 3849 ditionis
2366 3795 2617 3854 Clusinus.
2652 3801 2766 3857 Duo
2796 3804 2884 3860 hic
2907 3810 3108 3876 reperti
3137 3820 3291 3865 erant

1714 3875 1945 3940 codices,
1971 3877 2037 3931 de
2061 3881 2254 3947 quibus
2283 3884 2347 3937 ad
2377 3885 2614 3943 Brunum
2646 3892 2878 3948 relatum
2923 3894 3044 3960 fuit,
3074 3897 3291 3954 Maximi

1716 3961 1964 4018 homilias
1992 3975 2048 4020 et
2074 3983 2354 4027 sermones
2390 3977 2597 4045 aliquot
2624 3983 2988 4047 continentes.
3019 3990 3290 4044 membra-

1717 4054 1890 4118 nacei,
1914 4056 2094 4110 in-l‘ol.
2124 4075 2294 4126 max.,
2321 4068 2500 4120 smculi
2534 4081 2647 4137 xiu,
2679 4085 2816 4139 quos
2847 4075 2900 4131 in
2938 4080 3159 4134 monitis
3185 4098 3292 4136 non

1716 4142 2084 4215 infrequenter
2108 4165 2516 4212 commemorat.

1788 4233 1926 4289 XIV.
1975 4237 2186 4293 Codices
2236 4241 2506 4308 Lucenses.
2540 4249 2574 4302 i.
2609 4265 2660 4304 e.
2693 4253 2937 4310 ecclesiae
2977 4253 3032 4310 S.
3083 4259 3294 4316 Martini

1720 4324 1996 4382 Lucensis.
2030 4331 2173 4385 Inter
2205 4335 2386 4402 plures
2424 4339 2582 4406 hujus
2609 4342 2851 4398 ecclesias
2894 4363 3022 4402 mss.
3055 4351 3295 4418 codices,

1719 4418 1809 4483 qui
1834 4417 2028 4507 famam
2055 4436 2152 4490 per
2171 4423 2581 4482 celeberrimum
2607 4429 2723 4497 ejus
2749 4434 2899 4487 urbis
2927 4417 3295 4507 archiepisco;

1649 4488 1697 4547 ι)
1723 4520 1852 4574 pum
1879 4488 2140 4564 Joannem
2164 4511 2500 4568 Dominicum
2529 4517 2787 4573 Mansiuin
2812 4522 2993 4593 adepti
3011 4488 3159 4588 sun't.
3190 4540 3300 4584 tres

1724 4604 1962 4661 exstant,
1992 4600 2242 4656 homilias
2279 4605 2538 4670 quasdam
2576 4618 2632 4662 et
2673 4625 2950 4668 sermones
2986 4613 3043 4670 S.
3078 4611 3298 4673 Maximi

1727 4687 2047 4756 prtebentes,
2072 4692 2469 4748 membranacei
2501 4712 2710 4760 omnes,
2735 4701 2958 4767 in-folio,
2987 4706 3300 4765 charactere

1729 4775 1972 4832 Romano
2000 4781 2197 4834 smculo
2226 4797 2300 4835 xu
2322 4783 2406 4836 vel
2434 4801 2525 4838 xm
2548 4790 2784 4854 exarati;
2818 4807 3045 4862 nempe:

1797 4868 1856 4919 1ο
1886 4866 2062 4923 Codex
2091 4871 2331 4938 signatus
2359 4872 2417 4927 P.
2449 4876 2488 4947 -ι-
2517 4893 2626 4930 non
2667 4880 2766 4933 nisi
2801 4898 2965 4936 unum
2994 4897 3301 4945 sermonem

1726 4958 1792 5013 de
1821 4959 1858 5014 S
1908 4959 2200 5018 Laurentio
2242 4973 2500 5036 martyre,
2534 4968 2586 5022 in
2617 4969 2704 5022 ed.
2739 4969 2894 5025 Rom.
2932 4975 3036 5028 col.
3070 4975 3175 5029 579
3206 4979 3304 5032 ἰηι-

1729 5065 1995 5119 pressum,
2030 5055 2334 5119 continens.

1797 5140 1860 5193 2°
1891 5140 2065 5196 Codex
2093 5145 2229 5212 sign.
2273 5162 2420 5199 num.
2445 5145 2514 5200 89
2543 5166 2704 5204 unam
2735 5153 3008 5211 homiliam
3035 5158 3304 5214 sinceram

1729 5232 1778 5285 in
1827 5231 1980 5286 Rom.
2013 5235 2116 5289 col.
2159 5234 2267 5288 ‘285
2300 5236 2645 5303 collocatam,
2677 5243 2945 5312 aliamque
2967 5249 3202 5316 spuriam
3253 5253 3306 5306 in

1730 5322 2069 5378 dedicatione
2097 5327 2270 5380 sancti
2300 5326 2575 5384 Michaelis
2604 5333 2910 5401 archangeli
2941 5353 2971 5391 a
3014 5341 3193 5395 Bruno
3226 5359 3308 5397 τες

1729 5412 1927 5481 jectam
1966 5415 2246 5468 exhibens.

1802 5502 1859 5554 5°
1899 5502 2072 5556 Codex
2091 5506 2224 5572 sign.
2257 5523 2402 5561 num.
2432 5507 2501 5561 85
2528 5508 2716 5564 decem
2749 5521 2804 5566 et
2833 5522 2959 5568 octo
2990 5519 3182 5584 partim
3215 5521 3309 5575 ho-

1732 5597 1924 5660 milias,
1967 5600 2162 5666 partim
2218 5615 2496 5658 sermones
2540 5607 2714 5659 sancti
2771 5608 2984 5663 Maximi
3029 5627 3314 5679 germanos

1733 5702 1920 5742 omnes
1945 5691 2220 5747 exhibens.
