3924 6232
604 341 706 399 sor

1697 349 1765 405 IN
1799 350 1855 405 S.
1899 349 2218 405 MAXIMUM
2258 351 2745 412 TAURINENSEII

671 457 788 512 Non
834 458 1005 514 levem
1047 475 1115 515 ex
1151 459 1480 515 Lucensibus
1510 475 1635 514 mss.
1672 462 1959 515 utilitatem
1999 476 2057 515 se
2086 476 2179 516 ce-
2211 468 2256 522 Α
2356 461 2490 516 XVI.
2523 464 2740 517 Codices
2769 463 3165 530 Modoetienses,
3197 469 3231 522 i.
3264 485 3313 524 e.
3345 470 3686 528 bibliothecas
3710 483 3845 544 capt-

604 549 746 618 pisse
778 548 989 602 Maximi
1019 549 1200 604 editor
1228 559 1478 604 testatur.
1522 550 1631 604 Sed
1669 566 1792 604 cum
1821 550 1972 604 addit
2004 566 2063 606 se
2111 550 2180 604 ad

607 639 817 693 laudem
837 640 1152 694 eorumdem
1172 640 1334 694 silere
1360 655 1468 695 non
1499 655 1677 709 posse,
1707 641 1852 709 quod
1880 642 2014 695 nihil
2054 654 2182 711 spu-

603 732 766 796 rium,
797 734 927 787 nihil
946 735 1342 802 supposititinm
1372 736 1426 789 in
1459 735 1564 789 illis
1591 737 1664 789 sit
1687 744 2006 791 contentum
2029 738 2184 806 (qua-

606 834 828 893 propter
849 836 918 879 ex
949 825 1168 894 optimis
1192 825 1596 894 exemplaribus
1623 825 1816 880 ductos
1853 827 2176 896 existimat),

606 915 679 980 id,
726 916 999 984 quomodo
1035 933 1158 970 cum
1202 915 1653 972 antecedentibus
1697 920 1950 986 componi
1988 920 2180 987 possit,

605 1005 810 1058 nescire
841 1020 927 1058 me
952 1006 1144 1060 fateor.

676 1093 790 1148 XV.
816 1094 1028 1147 Codices
1060 1095 1500 1150 Mediolanenses.

668 1207 723 1238 α.
755 1182 1083 1237 Bibliotheca
1110 1182 1352 1237 Basilicas
1377 1185 1755 1240 Ambrosiame.

671 1272 734 1325 ιο
763 1273 938 1327 Codex
972 1274 1108 1339 sign.
1159 1273 1238 1325 lit.
1269 1271 1332 1326 C.
1380 1287 1530 1328 num.
1572 1271 1665 1336 98,
1694 1279 1950 1326 exaratus
1983 1271 2181 1326 litteris

601 1363 1018 1431 Longobardicis
1065 1372 1256 1417 octavo
1306 1363 1524 1418 circiter
1573 1364 1787 1417 sarculo.
1843 1365 1891 1416 ls
1935 1364 2050 1430 ipse
2097 1371 2181 1416 est

595 1468 758 1522 quem
787 1455 1018 1523 primum
1062 1453 1397 1510 Mahillonius
1441 1462 1502 1508 et,
1535 1466 1648 1508 non
1678 1453 1876 1506 minori
1901 1452 2178 1519 diligentia

597 1550 722 1612 post
739 1557 862 1596 eum
893 1541 1214 1596 Muratorius
1243 1543 1502 1596 excussit.
1538 1540 1780 1610 Uterque
1806 1540 1951 1595 haud
1979 1555 2179 1610 paucos
2210 1607 2219 1615 .

597 1631 833 1686 ineditos
877 1641 1004 1685 ante
1052 1646 1334 1686 sermones
1384 1647 1454 1686 ex
1499 1647 1570 1686 eo
1622 1632 1832 1696 eduxit,
1885 1632 2178 1701 pluresque

595 1721 762 1776 etiam
791 1721 998 1775 notavit
1025 1721 1167 1775 inter
1197 1720 1587 1776 Ambrosianos
1610 1720 1722 1790 jam
1743 1729 1864 1774 tum
1890 1721 2173 1788 vulgatos;

2291 551 2382 603 tuli
2411 550 2691 606 Modoetiae
2722 553 2974 624 (Monza).

2358 639 2412 690 I"
2441 638 2616 693 Codex
2643 643 2779 708 sign.
2809 642 2899 707 Ill,
2926 645 3384 711 membranaceus,
3415 648 3653 715 in-l'olio,
3679 653 3847 706 mli

2283 740 2393 791 vin,
2424 729 2513 795 qui
2542 728 2784 785 diversos
2823 746 3101 787 sermones
3145 733 3205 788 in
3246 735 3509 792 lectiones
3543 738 3847 795 distribtos

2281 818 2678 885 complectitur.

2354 905 2415 958 2°
2442 907 2618 963 Codex
2644 911 2782 978 sign.
2812 910 2856 965 Β
2882 911 2971 980 XI,
3003 916 3466 982 membranaceus,
3493 916 3723 984 in-folio,
3757 933 3845 972 sa:-

2283 997 2387 1050 culi
2419 1013 2508 1050 xn.

2352 1086 2415 1138 “5°
2444 1085 2621 1140 Codex
2641 1089 2777 1157 sign.
2805 1089 2934 1155 ΒΧ,
2961 1094 3418 1157 membranaceus,
3446 1093 3660 1148 in-l'olio
3688 1110 3846 1158 max.,

2281 1177 2460 1230 saeculi
2490 1194 2561 1232 xi.

2350 1265 2508 1320 XVII.
2532 1266 2748 1321 Codices
2776 1268 2974 1324 Veneti.
3005 1271 3123 1340 Ipsa
3151 1272 3348 1343 inclyta
3381 1273 3727 1328 Venetiarum
3751 1290 3847 1328 res-

2280 1356 2511 1425 publica,
2534 1357 2690 1410 simul
2708 1373 2772 1412 ac
2791 1359 2858 1413 de
2879 1357 2958 1412 Pii
2979 1359 3044 1414 Vl
3066 1361 3290 1415 consilio
3310 1360 3525 1416 Maximi
3541 1364 3849 1417 memoriam

2281 1460 2344 1499 ac
2381 1455 2725 1500 monumenta
2771 1447 3097 1502 instaurandi
3150 1451 3460 1516 inaudisset,
3503 1452 3762 1520 quidquid
3805 1452 3849 1506 in

2279 1534 2436 1588 codd.
2467 1550 2598 1588 mss.
2643 1537 3086 1592 bibliothecarum
3126 1554 3237 1593 sua:
3273 1541 3490 1596 ditionis
3517 1541 3698 1596 eidem
3729 1557 3848 1596 eon-

2278 1625 2476 1680 ducere
2501 1633 2703 1696 posset,
2727 1628 2904 1696 colligi
2932 1637 2987 1683 et
3011 1631 3266 1699 singulari
3291 1630 3453 1686 cilicii
3481 1631 3852 1689 testiﬁcatione

2279 1715 2518 1784 pontiﬁci
2550 1719 2684 1772 tradi
2708 1722 2933 1774 curavit.
2966 1722 3204 1778 Fuerunt
3227 1733 3427 1790 autem,

594 1813 671 1868 ita
695 1802 896 1875 tuneo,
927 1818 987 1866 ut
1013 1810 1084 1865 de
1111 1812 1364 1866 omnibus
1394 1825 1506 1866 non
1533 1811 1665 1865 satis
1683 1817 1894 1867 certum
1922 1810 2026 1864 sibi
2055 1824 2175 1864 esse
2207 1812 2252 1871 Β
2350 1828 2402 1859 α.
2435 1805 2765 1863 Bibliothecte
2783 1809 2846 1864 S.
2873 1810 3043 1865 Marci
3066 1829 3086 1865 :

593 1902 851 1970 judicium
881 1900 1162 1959 fateretur.
1186 1900 1398 1971 Quippe
1423 1901 1649 1954 mutilus
1667 1908 1750 1953 est
1770 1899 1943 1953 codex
1983 1914 2093 1952 non
2121 1898 2175 1953 in

594 1991 772 2046 fronte
799 1992 1000 2054 solum,
1022 1990 1120 2046 sed
1148 1992 1312 2045 etiam
1353 1991 1410 2045 in
1437 1991 1588 2046 calce
1615 1989 1846 2058 aliisque
1873 2005 2034 2059 quam
2058 1989 2177 2058 plu-

592 2081 745 2135 rimis
774 2080 826 2133 in
856 2079 1010 2139 locis,
1041 2079 1184 2148 quod
1208 2079 1331 2147 jure
1357 2093 1460 2134 suo
1494 2086 1717 2134 causam
1756 2094 1877 2133 esse
1902 2080 2176 2133 existimat

593 2169 936 2232 Iuratorius,
962 2185 1059 2223 cur
1078 2166 1310 2223 claridra
1332 2168 1405 2224 de
1421 2169 1612 2223 barum
1635 2169 1974 2223 homiliarum
1995 2177 2175 2223 aucto-

591 2273 651 2312 re
698 2258 1096 2313 desiderentur.
1147 2255 1528 2327 Prartereaqne
1575 2258 1726 2323 illud,
1774 2257 1920 2328 quod
1949 2259 2167 2328 quidam

589 2351 756 2404 insint
800 2363 1081 2404 sermones
1132 2350 1225 2418 qui
1266 2346 1530 2419 expresso
1567 2351 1789 2406 nomine
1830 2350 1886 2404 S.
1939 2348 2172 2405 Maximo

589 2437 868 2492 Taurinati
913 2439 1172 2508 episcopo
1220 2439 1567 2505 tribuuntur;
1614 2439 1762 2494 unde
1817 2441 1967 2496 nasci
2004 2443 2172 2496 sentit

587 2528 971 2596 suspicionem,
1002 2543 1070 2583 ne
1111 2529 1316 2594 catteri,
1350 2544 1578 2597 quorum
1609 2532 1723 2598 ipse
1767 2545 1874 2584 non
1916 2531 2172 2586 scribitur

585 2626 796 2682 auctor,
828 2619 896 2671 ad
922 2619 1059 2673 alios
1101 2627 1355 2672 auctores
1382 2619 1710 2687 pertineant.
1738 2621 1961 2686 Dignum
1985 2629 2166 2674 autem

588 2716 889 2761 memoratu
913 2721 1131 2770 censeo,
1154 2705 1302 2775 quod
1325 2706 1393 2760 de
1414 2707 1518 2760 hoc
1541 2706 1728 2762 codice
1755 2722 1924 2777 nuper
1949 2709 2166 2763 demum

586 2795 797 2849 Brunus
840 2795 1127 2863 comperit,
1172 2810 1296 2851 cum
1338 2810 1503 2863 super
1548 2796 1665 2864 ipso
1689 2811 1755 2850 ex
1805 2796 1961 2850 Joan.
2005 2797 2165 2866 Bapt.

585 2886 792 2940 Branca
821 2887 1114 2944 substituto
1145 2885 1382 2956 pra-fecti
1422 2888 1551 2942 bibl.
1595 2889 1842 2943 Ambros.
1866 2890 2165 2958 quatsisset,

585 2977 911 3047 pertinuisse
931 2991 1058 3033 eum
1082 2978 1216 3032 olim
1243 2979 1315 3031 ad
1353 2980 1740 3035 monasterium
1770 2979 2056 3043 Bobiense,
2081 2995 2170 3033 ex-

584 3068 781 3122 cidisse
810 3069 957 3133 inde,
983 3083 1288 3137 magnoque
1311 3068 1406 3124 diu
1430 3077 1555 3139 post
1583 3072 1759 3139 pretio
1781 3086 1810 3124 a
1840 3071 1987 3125 card.
2014 3070 2160 3124 Frid.

2348 1895 2409 1948 1ο
2437 1894 2614 1952 Codex
2639 1899 2777 1966 sign.
2810 1914 2955 1954 num.
2984 1900 3159 1968 CLIII,
3206 1901 3384 1957 seculi
3424 1918 3497 1968 xi,
3535 1918 3670 1972 pars
3697 1905 3848 1958 nimi-

2276 1999 2394 2038 rum
2422 1989 2594 2055 prima
2622 1988 2908 2044 homiliarii
2933 1991 3198 2046 distributi
3223 1993 3275 2046 in
3303 1992 3410 2047 duo
3430 1993 3673 2060 ingentia
3700 1994 3848 2047 Volu-

2274 2078 2416 2131 mina
2445 2079 2874 2146 membranacea,
2907 2081 3130 2147 in—Iolio,
3160 2099 3278 2152 qua:
3299 2083 3437 2151 juris
3472 2083 3602 2136 olim
3642 2081 3849 2138 fuerunt

2272 2168 2419 2221 card.
2451 2168 2815 2238 Bessarionis,
2845 2181 2900 2226 et
2927 2181 3049 2241 post
3078 2175 3144 2228 ab
3172 2174 3363 2228 eodem
3395 2190 3515 2227 cum
3545 2174 3671 2228 aliis
3694 2175 3851 2244 ipsius

2273 2255 2422 2312 libris
2447 2260 2593 2315 dono
2618 2262 2921 2332 reipublice
2952 2263 3097 2316 data.
3137 2263 3280 2318 Satis
3307 2263 3590 2317 emendate
3623 2266 3852 2333 scriptus

2273 2356 2377 2407 est,
2405 2360 2472 2399 ex
2501 2345 2676 2416 eoque
2710 2349 2818 2403 duo
2846 2351 2909 2403 de
2939 2348 3352 2421 Quadi-egerim
3379 2366 3662 2405 sermones
3700 2360 3852 2405 antea

2272 2433 2456 2486 inediti
2486 2438 2712 2504 accepti,
2739 2452 2966 2507 quorum
2988 2441 3137 2508 prior
3161 2441 3302 2493 inter
3327 2440 3576 2494 homilias
3597 2440 3707 2494 col.
3735 2439 3847 2500 101³.

2270 2520 2409 2578 alter
2435 2525 2575 2579 inter
2609 2542 2885 2582 sermones
2919 2530 3024 2583 col.
3065 2528 3166 2582 M7
3207 2528 3294 2583 ed.
3342 2529 3499 2583 Rom.
3544 2530 3730 2585 locum
3764 2546 3848 2583 oc-

2271 2624 2453 2684 cupat.

2340 2705 2402 2758 2°
2432 2705 2606 2760 Codex
2652 2721 2788 2776 sign.
2829 2725 2974 2762 num.
3009 2709 3196 2774 DVlll,
3229 2720 3676 2766 membranaceus
3704 2717 3847 2773 item,

2268 2795 2496 2861 in—folio,
2524 2797 2704 2851 seculi
2743 2813 2844 2863 xn;
2874 2814 2998 2867 pars
3029 2801 3262 2853 secunda
3303 2801 3524 2854 alterius
3564 2801 3849 2855 borniliarii

2269 2886 2410 2949 libri,
2444 2902 2548 2939 non
2578 2895 2686 2940 tam
2715 2888 2973 2954 castigate
2999 2889 3202 2957 scripti,
3232 2904 3392 2957 quam
3423 2889 3542 2943 libri
3576 2892 3850 2959 postulant

2267 2973 2360 3042 qui
2389 2974 2599 3042 publice
2625 2975 2677 3028 in
2706 2975 2930 3029 ecclesia
2965 2976 3070 3043 legi
3115 2977 3311 3030 solent.
3343 2976 3613 3045 Repertus
3639 2986 3762 3032 erat
3802 2979 3850 3030 in

2267 3063 2380 3117 uade
2419 3062 2476 3117 S.
2519 3063 2680 3118 Marci
2720 3065 2994 3119 immixtus
3031 3067 3270 3135 pauculis
3313 3067 3699 3130 voluminibus,
3737 3081 3851 3136 qnze

585 3159 880 3214 Borromeo
895 3128 1109 3229 parturn
1125 3175 1190 3215 ac
1201 3128 1552 3216 -bib|ioth-ec:g
1574 3128 1939 3215 Ambrosian
1960 3161 2164 3214 illatum
2191 3128 2239 3192 ϐ
2268 3149 2556 3205 Petrarcha
2585 3153 2636 3205 ei
2664 3152 2903 3206 ecclesia:
2928 3128 3172 3218 donarat,
3203 3153 3432 3222 indeque
3471 3154 3522 3207 in
3561 3128 3850 3208 bibliothe-

584 3266 722 3309 esse.
755 3249 853 3307 llic
875 3262 1056 3308 autem
1083 3250 1278 3320 codex,
1310 3267 1432 3307 cum
1468 3252 1558 3305 diu
1601 3253 1750 3306 solus
1788 3252 1930 3321 apud
1962 3252 2167 3306 Medio-

584 3341 832 3396 lanenses
856 3341 1107 3409 cognitus
1148 3340 1360 3400 fuisset.
1389 3343 1481 3409 qui
1531 3341 1748 3396 Maximi
1791 3343 1990 3410 scripta
2019 3355 2165 3410 qua:-

583 3428 709 3485 dam
736 3431 1042 3485 contineret
1066 3448 1078 3484 :
1104 3445 1278 3498 nuper
1307 3428 1526 3483 demum
1557 3429 1647 3484 alii
1689 3444 1813 3484 cum
1845 3428 2161 3496 Mediolani,

583 3528 699 3573 tum
734 3518 1014 3573 Modoetia:
1044 3519 1244 3574 inventi
1273 3527 1419 3582 sunt,
1445 3535 1512 3572 ex
1536 3519 1730 3586 quibus
1755 3534 2036 3572 sermones
2062 3520 2162 3573 ali-

584 3611 673 3679 qui
703 3609 890 3662 inediti
920 3618 976 3663 et
1015 3611 1199 3680 plures
1226 3611 1499 3666 variantes
1526 3609 1788 3664 lectiones
1814 3609 1881 3663 ad
1927 3609 2163 3663 Brunum

582 3700 878 3755 redierunt.
912 3698 1113 3769 Nempe
1139 3717 1152 3752 :

652 3788 710 3841 2°
749 3788 923 3842 Codex
960 3789 1301 3852 homiliarius,
1332 3788 1562 3857 scriptus
1603 3789 1657 3842 in
1700 3790 2033 3854 membrana,
2061 3804 2162 3842 sa:-

582 3882 705 3937 cuio
729 3880 839 3935 fere
864 3896 934 3935 xi.
966 3880 1045 3934 Ex
1075 3895 1141 3934 eo
1171 3881 1388 3934 homilia
1412 3880 1628 3934 Maximi
1656 3882 1875 3935 nomine
1913 3883 2161 3949 insignita

582 3974 635 4026 in
669 3971 967 4026 Traditione
995 3971 1230 4039 symboli,
1265 3971 1446 4025 multis
1471 3987 1592 4025 cum
1622 3972 1948 4024 variantibus
1979 3972 2161 4025 lectio-

581 4064 736 4118 nibus
762 4077 828 4117 ex
852 4062 1038 4117 codice
1066 4060 1364 4129 superiore,
1402 4076 1548 4114 num.
1585 4059 1673 4122 98,
1705 4062 2014 4113 transmissa
2041 4063 2156 4113 fuit.

648 4152 705 4205 3°
735 4150 907 4204 Codex
929 4151 1366 4206 membranaceus
1387 4150 1578 4214 in-fol.,
1610 4151 1923 4204 charactere
1953 4150 2162 4217 Longo-

578 4241 797 4297 bardico
823 4249 1098 4305 exaratus,
1131 4239 1328 4297 saeculo
1357 4255 1431 4295 tx.

653 4333 712 4388 ιο
734 4332 908 4396 Codex
937 4333 1065 4386 item
1095 4331 1554 4397 membranaceus,
1583 4328 1808 4394 in-folio,
1844 4329 2020 4384 szeculi
2049 4345 2121 4383 xi.

649 4425 711 4478 5°
739 4423 912 4479 Codex
935 4423 1176 4493 ejusdem
1195 4422 1448 4489 basilice,
1471 4423 1932 4487 membranaceus,
1966 4421 2110 4476 iii—fol
2140 4462 2155 4485 ,

576 4513 756 4569 seculi
785 4529 860 4569 tx.

647 4600 709 4656 6°
736 4603 911 4662 Codex
945 4603 1083 4661 alter
1111 4600 1350 4673 ejusdem
1377 4603 1570 4668 :etatis,
1600 4603 1691 4671 qui
1717 4618 1825 4657 non
1857 4611 2032 4656 exstat
2056 4603 2157 4656 ηἰμὶ

574 4696 628 4750 in
651 4693 945 4763 exemplari
972 4701 1193 4750 exarata
1221 4708 1312 4746 an.
1341 4691 1482 4745 15H
1506 4708 1539 4746 a
1560 4695 1821 4747 canonico
1842 4691 2052 4747 Casola.
2079 4691 2157 4746 Ex

574 4796 678 4850 hoc
723 4795 956 4849 homilia:
1000 4794 1204 4862 aliquot
1244 4793 1460 4847 Maximi
1508 4809 1702 4848 nomen
1741 4795 2086 4863 pneferentes
2124 4808 2154 4846 a

575 4882 746 4952 Frisia
786 4895 1046 4950 canonico
1087 4894 1152 4948 ad
1195 4893 1431 4948 Brunum
1471 4901 1596 4948 sunt
1633 4893 1976 4956 transmissae,
2018 4893 2158 4972 inter

571 5008 708 5062 quas
731 4992 999 5063 pmdpua
1033 4991 1100 5048 de
1138 4993 1478 5062 reparatione
1507 4991 1748 5047 ecclesia:
1786 4990 2007 5060 majoris
2046 4976 2157 5046 Me-

570 5093 926 5148 diolanensis.

642 5195 694 5264 β.
752 5190 1082 5247 Bibliotheca
1135 5189 1548 5259 metropolitano:
1597 5188 1830 5243 ecclesia
1885 5186 2150 5241 Medicin.

573 5295 770 5348 uetuit.

646 5393 701 5446 l‘
733 5394 904 5448 Codex
931 5393 1394 5453 membranaceus,
1415 5389 1617 5444 in-folio
1638 5389 1790 5452 min.,
1815 5388 1955 5452 sign.
1980 5387 2059 5439 lit.
2086 5385 2144 5451 F,

575 5510 722 5552 num.
756 5494 844 5563 56,
876 5495 1053 5550 seculi
1081 5511 1194 5550 xm.

641 5595 706 5647 3ο
733 5593 906 5651 Codex
932 5594 1388 5656 membranaceus,
1417 5588 1592 5645 iii-fol.
1620 5605 1786 5651 max.,
1818 5588 1952 5654 sign.
1999 5600 2144 5640 num.

568 5696 692 5751 202.

2267 3257 2385 3295 cam
2414 3242 2704 3296 translatus
2731 3243 2845 3295 fuit.
2877 3242 3194 3298 Continebat
3218 3253 3325 3297 tres
3352 3258 3634 3297 sermones
3662 3243 3725 3297 S.
3751 3243 3850 3296 Ma-

2267 3332 2393 3385 ximi
2419 3333 2635 3386 nomine
2662 3332 2801 3401 apud
2830 3332 3064 3387 Brunum
3111 3335 3284 3388 editos
3322 3333 3428 3388 col.
3474 3331 3601 3399 651,
3651 3333 3765 3387 633
3801 3346 3850 3388 et

2265 3420 2394 3475 635.

2335 3513 2388 3583 β.
2419 3509 2698 3564 Patavinis:
2718 3511 2886 3566 codex
2915 3510 3230 3566 bibliothecae
3252 3513 3644 3575 eanonieornm,
3671 3513 3851 3566 seculi

2268 3616 2335 3654 xv
2387 3616 2453 3654 ex
2481 3616 2591 3669 quo
2618 3601 2726 3654 duo
2754 3617 3047 3663 sermones,
3072 3616 3300 3668 quorum
3329 3602 3467 3654 alter
3495 3601 3692 3671 incipit
3725 3619 3738 3654 :
3774 3603 3850 3653 Ad

2262 3691 2605 3748 exhibendum
2651 3700 2831 3745 uestra:
2871 3693 3113 3745 charitatt'
3151 3689 3458 3754 sermonem,
3497 3699 3627 3754 ctu;
3664 3692 3808 3746 alter
3837 3709 3848 3742 :

2267 3779 2423 3835 Recte
2449 3791 2600 3852 atque
2625 3798 2692 3834 ea:
2730 3781 2916 3846 debito,
2948 3789 3076 3856 etc.,
3105 3782 3368 3851 descripti.
3399 3779 3686 3836 Posterior
3713 3782 3851 3835 inter

2260 3874 2523 3941 genuinos
2551 3874 2724 3926 locum
2761 3881 2987 3941 occupat
3019 3873 3123 3928 col.
3157 3871 3280 3938 625,
3310 3872 3462 3942 prior
3487 3872 3634 3927 inter
3653 3873 3852 3929 dubios

2265 3965 2316 4016 in
2346 3962 2659 4031 appendice,
2688 3961 2792 4015 col.
2826 3961 2914 4014 55.

2335 4052 2518 4105 XVIII.
2548 4051 2761 4105 Codices
2792 4050 3106 4105 Veronenses
3135 4063 3229 4106 seu
3256 4049 3594 4105 bibliothecae
3622 4051 3854 4122 apituli

2265 4142 2604 4196 Veronensis.

2335 4233 2394 4284 1ο
2424 4231 2599 4286 Codex
2633 4232 2770 4299 sign.
2800 4246 2946 4284 num.
2980 4230 3067 4296 '75,
3109 4230 3568 4293 metnbranaceus,
3608 4228 3853 4286 iii—folio,

2262 4324 2439 4375 saeculi
2464 4339 2573 4375 vnt.

2287 4339 2398 4465 33;]
2406 4322 2603 4464 2112.1:
2645 4409 2784 4477 sign.
2838 4423 2986 4461 num.
3035 4405 3160 4470 431,
3204 4405 3657 4462 membranaceus
3701 4408 3852 4468 item,

2181 4477 2238 4540 θ
2260 4502 2607 4571 ejusdemque
2631 4500 2804 4554 aetatis
2831 4515 2893 4552 ac
2933 4499 3134 4553 formae.
3169 4496 3403 4564 Uterque
3430 4511 3730 4553 sermones
3759 4500 3854 4551 ali-

2260 4602 2391 4663 quot
2411 4592 2786 4663 suppeditavit,
2813 4605 3040 4658 quorum
3067 4588 3334 4642 variantes
3362 4586 3626 4643 lectiones
3658 4590 3719 4644 in
3755 4604 3851 4641 an.

2260 4685 2624 4740 notationibus
2651 4699 2680 4736 a
2712 4682 2890 4735 Bruno
2913 4689 3036 4734 sunt
3061 4678 3329 4732 exhibito.

2329 4777 2385 4830 δ’
2423 4775 2608 4828 Codri}
2644 4774 2780 4841 sign.
2832 4787 2978 4824 nunt.
3016 4768 3103 4828 49.
3135 4768 3375 4834 ejusdem
3409 4766 3611 4830 relatis,
3647 4781 3856 4838 puga-

2261 4883 2427 4922 meum
2456 4867 2762 4932 formmque,
2795 4862 2934 4917 unde
2978 4858 3389 4929 proficiscuntur
3434 4857 3718 4914 Lectiones
3760 4877 3857 4916 seu

2263 4957 2625 5028 Expositione:
2670 4955 3066 5025 Evangetiorum
3110 4949 3297 5004 nullihi
3351 4949 3528 5003 adhuc
3578 4951 3851 5012 invenir,

2256 5065 2388 5122 quas
2426 5048 2640 5118 quidem
2674 5046 2880 5100 Brunus
2917 5059 3023 5097 non
3064 5042 3304 5096 diversas
3333 5049 3484 5110 putat
3519 5056 3550 5093 a
3584 5041 3744 5097 libro
3775 5045 3855 5097 in-

2255 5141 2456 5209 scripto
2485 5139 2548 5194 de
2573 5135 2825 5207 Caplmtis
2863 5133 3280 5203 Evangeliorum',
3310 5141 3470 5200 quem
3495 5124 3855 5195 Gennadius,

2255 5231 2525 5285 Honorius
2551 5226 3064 5295 ’Augustodunensis,
3095 5233 3149 5278 et
3188 5222 3514 5275 Tritliemius
3543 5222 3697 5276 inter
3741 5222 3853 5277 Ma-

2257 5320 2384 5374 ximi
2409 5333 2572 5388 opera
2603 5323 2900 5371 recensent.
2937 5313 3200 5368 Pneterea
3229 5328 3296 5367 ex
3336 5324 3403 5365 eo
3431 5312 3702 5380 exscripti
3729 5325 3853 5367 sunt

2255 5411 2362 5466 duo
2389 5417 2666 5472 tractatus,
2694 5421 2921 5474 quorum
2942 5420 3079 5458 unus
3100 5412 3182 5458 est
3201 5412 3387 5457 contra
3407 5400 3684 5469 Paganos,
3714 5403 3845 5457 alter

2255 5509 2441 5556 contra
2484 5497 2725 5558 Indicos;
2753 5496 2853 5562 qui
2875 5495 2974 5548 etsi
3004 5493 3239 5547 auctoris
3268 5505 3464 5544 nomen
3507 5505 3617 5543 non
3648 5494 3850 5560 praete.

2255 5599 2396 5653 rant,
2426 5588 2570 5656 digni
2602 5595 2779 5640 tamen
2808 5585 2971 5638 habiti
2999 5591 3123 5638 sunt
3156 5583 3223 5636 ab
3253 5584 3357 5634 isto
3377 5580 3583 5633 editore
3614 5591 3848 5652 propter

2256 5682 2513 5738 orationis
2542 5688 2595 5734 et
2626 5679 3009 5732 sententiarum
3037 5687 3161 5727 cum
3185 5673 3306 5728 aliis
3337 5670 3686 5726 Maxiinianis
3709 5688 3841 5741 opu-
