3924 6232
111 365 186 419 229
1098 362 1362 419 ΝΟΊΊῚΊΛ
1399 357 1643 414 IIISTOR

1751 358 2207 414 L-t.l'l'Tl'3RARlA.

3199 360 3305 411 9.10

113 479 231 529 scolis
254 474 606 537 concordiam,
635 474 731 541 qui
762 472 935 527 cidem
966 468 1447 525 trilnierentm-..Ex
1479 474 1626 519 Vctu-
1658 469 1703 523 Α
1731 468 1914 519 ciensis
1942 468 2163 533 ordinis,
2186 466 2521 533 cliartaccus,
2546 469 2671 533 in‘8,
2698 468 2862 521 nitido
2880 469 3305 521 characterem»

112 576 213 619 state
233 564 415 619 codicis
445 574 627 617 tamen
658 564 900 632 pluribus
926 562 1126 616 lacunis
1154 562 1417 613 laborant.

162 653 307 707 llosce
331 651 668 706 Veronenses
695 651 911 706 codices
948 650 999 703 in
1030 664 1178 702 nova:
1211 646 1462 705 editionis
1492 660 1634 697 com-

112 746 281 799 modum
305 743 663 797 conferendas
689 743 897 797 curavit
930 741 1153 795 antistes
1179 738 1417 808 ejusdem
1447 735 1632 790 Eccle-

112 836 178 888 siae
198 834 409 887 Joannes
436 832 785 887 Morosimus.

161 921 274 977 XII.
303 920 473 978 Codex
501 922 811 976 Brixieusis.
836 920 1134 989 Capitulum
1156 918 1393 973 ecclesia:
1416 914 1635 984 majoris

111 1015 353 1068 Brixiensis
383 1013 761 1069 tectior-arium
804 1018 982 1065 servat
1020 1010 1507 1069 membranaceum,
1554 1004 1636 1058 in-

109 1108 224 1170 lolio,
249 1106 415 1159 sreculi
455 1121 571 1165 xm,
614 1104 756 1158 unde
800 1110 1022 1156 curante
1061 1099 1217 1153 Joan.
1268 1098 1481 1150 Mannio
1522 1095 1635 1148 Bri-

111 1196 325 1249 xiensium
350 1195 595 1249 antistite
623 1192 732 1247 duo
759 1206 1035 1245 sermones
1078 1187 1248 1242 sancti
1279 1186 1494 1239 Maximi
1535 1200 1634 1238 no-

112 1283 223 1336 mine
240 1283 490 1345 exornati,
516 1296 716 1349 nempe
736 1281 797 1333 de
820 1278 1045 1348 Corpore
1063 1276 1273 1340 Christi,
1297 1275 1348 1327 in
1368 1273 1455 1327 ed.
1481 1272 1635 1325 Rom.

112 1372 190 1425 col.
219 1370 330 1436 279,
356 1380 411 1425 et
435 1371 500 1424 de
527 1369 959 1438 Quadragesima,
990 1366 1094 1420 col.
1135 1363 1259 1429 447,
1287 1378 1407 1418 cum
1435 1363 1639 1429 aliquot

114 1458 391 1512 variantibus
435 1454 762 1512 lectionibus
803 1456 1103 1525 deprompti
1142 1454 1376 1508 fuerunt.
1420 1451 1544 1506 ﬂzec
1571 1454 1639 1505 de

112 1548 267 1603 italicis
280 1548 549 1604 codicibus
578 1548 811 1603 Brunus.
842 1547 1079 1601 Aderant
1097 1561 1226 1601 vero
1252 1552 1309 1600 et

657 1697 706 1735 Io
736 1694 1037 1734 GERIANICI.

1738 566 1919 610 aratos
1947 573 1978 609 a
2006 557 2169 610 fratre
2194 556 2401 611 Joanne
2427 558 2494 611 de
2520 559 2712 612 Waqu
2762 574 2849 611 an.
2902 556 3060 622 l6‘20,
3101 557 3305 624 aliquot

1735 647 1950 701 Maximl
1980 663 2255 703 sermones
2274 649 2555 703 continens
2575 648 2791 717 ιη·ωῆιο
2818 647 2973 701 titulo
2997 664 3009 698 :
3028 646 3304 701 Sermones

1734 739 1871 791 beati
1914 737 2134 792 Nazimi
2183 738 2514 793 Taurinensis
2552 741 2780 809 episcOpi
2804 777 2818 799 ,
2851 746 2955 794 etc.
3006 736 3305 791 Varictatcs

1736 826 1923 881 horum
1952 828 2195 882 codicum
2236 828 2476 896 ascripta:
2510 829 2726 884 fuerunt
2751 827 2969 886 editioni
2996 827 3302 881 CUIOIIiClhi

1735 932 1825 971 an.
1858 915 2016 970 1555.

2193 1059 2247 1099 ιι.
2287 1058 2503 1099 οουιοεε
2543 1057 2842 1096 ηεινετιςι.

1805 1192 1959 1246 Haud
1986 1208 2117 1247 sane
2145 1194 2281 1247 alius
2308 1201 2482 1247 exstat
2507 1193 2644 1247 liber
2672 1209 2774 1247 ms.
2800 1194 3095 1248 celebrior:

1810 1283 1870 1335 l0
1897 1282 2086 1338 Codice
2113 1283 2467 1353 Sangallensi,
2492 1297 2653 1351 quem
2682 1284 2886 1352 primus
2904 1284 3031 1338 adiit
3062 1284 3306 1337 Mabillo-

1738 1374 1876 1427 nius.
1908 1372 1958 1427 is
1982 1388 2113 1427 vero
2139 1374 2325 1440 quanti
2352 1387 2477 1426 eum
2503 1372 2689 1427 fecerit
2714 1381 2770 1425 et
2795 1374 2971 1440 qualia
2999 1389 3067 1427 ex
3093 1389 3159 1427 eo
3177 1373 3307 1427 edn-

1739 1464 1898 1529 xerit,
1936 1477 2096 1531 supra
2136 1462 2355 1516 doctum
2380 1469 2479 1516 est.
2513 1460 2959 1515 Commodaverat
2985 1468 3165 1515 autem
3199 1460 3307 1524 Ma—

1738 1553 1959 1608 billonio
1986 1564 2209 1621 Operar‘
2248 1566 2421 1619 suam,
2441 1551 2585 1619 quod
2612 1550 2825 1605 silentio
2854 1551 3127 1621 praeterire
3160 1550 3311 1605 nefas

1738 1641 1831 1708 sit,
1878 1640 2211 1695 Hermannus
2252 1640 2572 1707 Schenkius,
2616 1640 2743 1694 bibl.
2793 1640 3153 1707 Sangallensis
3200 1648 3309 1693 tum

1742 1733 2041 1803 praefectus.
2074 1732 2221 1785 Nunc
2250 1748 2437 1785 recens
2459 1732 2526 1785 de
2548 1732 2735 1785 eodem
2766 1733 3065 1785 accuratius
3092 1732 3157 1784 ad
3180 1730 3311 1784 Bru-

166 1811 276 1865 Data
312 1822 425 1867 erat
469 1813 587 1867 inec
622 1812 896 1881 provincia
926 1826 957 1865 a
988 1810 1179 1885 Piole
1207 1809 1271 1863 P.
1302 1810 1374 1864 Μ.
1404 1808 1640 1879 Josepho

1751 1838 1870 1875 num
1899 1822 2081 1875 retulit
2108 1821 2441 1874 bibliothcen
2470 1820 2623 1876 istius
2649 1821 2774 1873 item
2803 1820 3082 1888 praefectus
3110 1819 3171 1874 P.
3203 1821 3313 1873 Ma-

111 1901 354 1970 Uannniio
379 1902 517 1971 apud
549 1901 909 1956 Viennensem
940 1900 1267 1971 imperialem
1306 1898 1482 1953 aulam
1514 1906 1643 1953 tunc

114 1992 363 2059 apostolico
399 1993 603 2059 legato,
642 2001 701 2046 ut
735 1992 783 2047 si
818 1991 949 2061 quid
985 2006 1054 2047 ex
1094 1990 1529 2046 Germanicarum
1556 1991 1641 2045 bi-

114 2081 451 2137 bliothecarum
478 2083 759 2139 codicibus
784 2098 912 2139 mss.
943 2082 1012 2137 ad
1034 2082 1331 2139 ornandum
1352 2081 1642 2137 Maximum

113 2173 204 2227 erui
236 2182 420 2242 posset,
449 2174 503 2229 id
546 2174 702 2229 cordi
742 2174 843 2229 sibi
887 2188 1010 2229 esse
1052 2174 1269 2239 sineret,
1302 2180 1358 2227 et
1383 2179 1643 2240 quantum

115 2272 275 2329 posset,
295 2274 518 2332 urgeret.
546 2265 597 2319 ls
625 2265 787 2333 igitur
803 2279 925 2319 cum
945 2263 1137 2319 frustra
1156 2280 1255 2321 suo
1276 2263 1441 2334 ipsius
1451 2262 1645 2318 labore

114 2368 163 2406 ac
192 2354 429 2409 industria
463 2357 807 2411 bibliotheca:
840 2358 1090 2425 Augusta:
1123 2358 1289 2411 libros
1336 2357 1642 2417 evolvissct,

114 2442 165 2495 ad
185 2446 452 2501 monachos
478 2447 686 2501 ordinis
714 2446 771 2501 S.
803 2447 1078 2502 Benedicti
1104 2463 1165 2502 se
1199 2448 1483 2513 convertit,
1508 2461 1645 2517 pra:-

114 2533 321 2602 snlesque
340 2536 785 2590 monasteriorum
802 2535 1224 2606 Ratisponensis,
1246 2534 1641 2599 Gottwicensis,

118 2620 443 2679 lambacensis
481 2625 776 2694 Augiarque
827 2626 1016 2681 Divitis
1071 2628 1316 2681 hortatus
1362 2635 1445 2680 est
1485 2634 1545 2679 ut
1590 2626 1644 2678 in

117 2719 262 2766 Vetera
310 2712 752 2769 bibliothecarum
804 2729 1018 2769 suarum
1071 2714 1398 2784 exemplaria
1451 2714 1644 2783 inquiri

116 2800 337 2873 julierent,
365 2805 410 2859 si
436 2805 566 2873 quid
593 2805 901 2860 collectioni
937 2821 1160 2875 operum
1187 2806 1244 2860 S.
1275 2805 1491 2859 Maximi
1516 2820 1645 2875 pro—

118 2887 309 2947 {utin-um
324 2893 497 2963 detegi
524 2902 730 2965 posset.
762 2895 871 2950 Nec
888 2894 1107 2951 defuere
1129 2896 1203 2949 illi
1224 2895 1421 2951 olllcio.
1450 2894 1648 2950 Scribit

117 2979 229 3032 ctum
266 2980 483 3047 Brunus,
514 2985 763 3039 certatim
808 2999 841 3038 a
880 2984 1156 3041 monachis
1183 2984 1251 3039 ad
1279 2984 1331 3038 id
1364 3000 1499 3053 opus
1524 3001 1647 3039 cur-

118 3080 209 3120 sum
234 3085 364 3136 esse;
394 3074 664 3142 perfectos
692 3073 894 3145 indices
926 3073 1374 3143 locupletissimos
1400 3075 1646 3129 homilia—

121 3171 212 3211 nun
234 3168 283 3213 et
304 3177 609 3217 sermonum
637 3162 884 3228 Maximi;
915 3164 1185 3218 variantes
1214 3164 1471 3218 lectiones
1505 3164 1646 3217 haud
1669 3136 1715 3197 Ο

122 3249 238 3313 parvi
268 3251 565 3320 pendendas
605 3254 1010 3323 diligentissime
1049 3255 1415 3324 transcriptas,
1447 3254 1648 3310 indica-

122 3344 205 3389 tam
236 3342 461 3397 codicum
505 3350 725 3398 :etatem
776 3352 939 3414 atque
976 3345 1342 3413 prmstantiam
1376 3345 1431 3398 in
1458 3343 1650 3413 quibus

121 3431 331 3494 opuscula
356 3441 631 3488 exstarent
657 3432 716 3487 S.
747 3432 963 3488 Maximi
994 3434 1199 3489 nomini
1238 3434 1491 3504 inscripta
1524 3452 1537 3486 :
1568 3440 1651 3487 at-

121 3531 202 3583 que
235 3519 335 3574 base
360 3524 536 3576 omnia
578 3522 811 3592 denique
840 3522 1064 3577 Romam
1102 3539 1133 3577 a
1162 3524 1379 3578 laudato
1426 3523 1651 3593 prasule

121 3610 382 3664 "immissa
401 3620 543 3665 sunt.
570 3612 810 3667 Fuerunt
827 3620 1006 3668 autem
1028 3613 1239 3668 codices
1266 3614 1404 3668 sicut
1422 3614 1648 3683 accepit,

123 3696 190 3749 alii
216 3704 447 3770 temporis
475 3714 605 3760 nota
636 3705 892 3773 insigniti,
914 3706 1005 3760 alii
1031 3705 1219 3761 eadem
1239 3714 1485 3761 carentes
1508 3724 1521 3759 :

179 3787 428 3849 l'Codices
444 3796 670 3850 obbatiaz
680 3799 861 3868 Augiae
876 3796 1057 3851 Divitis
1078 3808 1212 3863 octo,
1225 3797 1419 3865 signati
1442 3813 1645 3851 nulum.

130 3874 404 3945 1114,15,
436 3883 522 3949 is,
557 3884 645 3947 l9,
677 3884 767 3951 ει,
798 3882 886 3951 29,
916 3885 1007 3939 59.

178 3965 228 4017 3"
277 3968 438 4026 Codex
492 3973 815 4029 bibliotheca
866 3974 927 4030 S.
976 3974 1278 4029 Ennienni
1322 3974 1650 4045 Ratispomz,

130 4057 536 4129 membranaeeus,
563 4062 788 4129 iii-folio,
808 4065 946 4133 sign.
970 4066 1074 4120 litt.
1096 4065 1159 4131 E,
1182 4082 1327 4119 num.
1347 4066 1400 4128 ι,
1424 4082 1549 4121 δίας.
1578 4084 1649 4121 ιχ.

180 4142 228 4195 3'
247 4144 403 4203 Codex
428 4151 748 4209 bibliotheca
775 4153 1161 4221 Lombocensis,
1191 4157 1651 4221 membrauaceus,

1741 1925 1877 1981 gnus
1921 1910 2399 1981 Hungenblykerus
2442 1911 2621 1980 (nonis
2658 1909 2923 1964 Januariis
2952 1909 3131 1979 1779).
3160 1928 3179 1961 s
3214 1910 3315 1964 As-

1740 2001 1928 2055 sentiri
1971 2016 2033 2055 se
2076 1999 2269 2054 Joanni
2309 1999 2640 2066 Mabillonio,
2676 2008 2734 2053 et
2776 1999 3005 2053 Martino
3050 1996 3313 2053 Gerberto

1742 2091 1968 2161 principi
1994 2098 2051 2144 et
2076 2090 2252 2143 abbati
2282 2088 2338 2143 S.
2368 2088 2552 2155 Blasii,
2581 2088 2820 2143 codicem
2849 2089 3022 2157 ipsum
3049 2088 3314 2142 membra-

1744 2196 1998 2247 naeeum,
2048 2179 2287 2246 in-folio,
2335 2180 2527 2234 litteris
2576 2179 2993 2247 Longobardicis
3036 2185 3313 2231 exaratum

1743 2286 1865 2325 saec.
1888 2286 1977 2325 vm
2008 2285 2113 2324 non
2142 2268 2494 2324 recentiorem
2513 2284 2633 2325 esse
2650 2270 2930 2323 aientibus.
2958 2268 3114 2321 Falso
3136 2275 3313 2320 autem

1743 2359 2020 2427 Augustini
2052 2374 2244 2412 nomen
2274 2358 2541 2426 przelerre.
2572 2358 2710 2410 Nihil
2729 2357 2872 2411 enim
2894 2357 2946 2409 in
2966 2372 3033 2410 eo
3053 2355 3317 2410 contineri

1744 2450 2080 2505 homiliarum
2101 2457 2194 2502 aut
2210 2462 2539 2514 sermonum,
2560 2446 2702 2515 quod
2722 2453 2999 2514 acceptum
3021 2443 3319 2512 Augustino

1743 2541 1815 2594 sit
1841 2538 2195 2593 referendum.
2218 2537 2481 2592 Constare
2506 2536 2557 2590 id
2578 2536 2781 2589 scilicet
2799 2551 2865 2588 ex
2885 2534 3055 2587 altero
3077 2532 3316 2600 ejusdem

1746 2630 2080 2684 bibliothecae
2110 2628 2237 2681 noni
2266 2627 2444 2682 sazculi
2468 2626 2677 2691 codice,
2705 2626 2788 2678 cui
2820 2626 2931 2677 bzcc
2964 2623 3178 2692 prazlixa
3204 2622 3318 2691 epi-

1744 2723 1983 2792 graphe:
2018 2721 2362 2775 [familiarum
2400 2717 2623 2771 Maximi
2648 2716 2873 2786 episcopi
2908 2728 2998 2783 per
3031 2722 3190 2768 totum
3217 2729 3316 2765 an-

1745 2828 1866 2864 nuus
1886 2812 1951 2863 de
1969 2811 2184 2864 diversis
2207 2805 2563 2880 festivitatibus
2582 2807 2811 2861 volumen
2832 2806 2979 2858 cattle
2998 2814 3156 2859 vetus.
3186 2803 3317 2856 Nam

1744 2914 1866 2955 cum
1896 2899 2095 2954 eaedem
2125 2912 2346 2968 prorsus
2372 2896 2604 2951 homilize
2632 2897 2685 2950 in
2725 2896 2829 2949 hoc
2874 2902 3038 2962 atque
3082 2894 3135 2947 in
3169 2900 3319 2946 velu-

1745 2989 1913 3043 stiore
1941 2988 2033 3041 illo
2060 2988 2247 3042 codice
2273 2986 2671 3052 contineantur,
2700 2984 2877 3051 magni
2908 2984 2959 3036 id
2988 2990 3134 3036 certe
3158 2995 3318 3048 argu-

1748 3080 1914 3134 menti
1942 3093 2061 3133 esse
2103 3085 2376 3147 oportere,
2406 3090 2617 3130 errasse
2652 3075 2999 3129 vehementer
3026 3074 3320 3139 librarium,

1747 3170 1838 3237 qui
1893 3168 2242 3236 Augustinum
2297 3166 2513 3221 Maximi
2560 3165 2937 3235 opusculorum
2985 3164 3324 3219 constituerit

1748 3265 2043 3313 auctorem.
2072 3257 2129 3311 ln
2153 3270 2227 3312 eo
2245 3272 2406 3328 porro
2425 3256 2667 3311 difﬁdere
2692 3271 2753 3311 se
2772 3271 2801 3309 a
2825 3255 3156 3321 Mabillonio,
3178 3255 3322 3322 quod

1749 3350 1864 3418 ipse
1890 3349 2140 3403 homilias
2167 3364 2273 3402 non
2301 3347 2420 3417 plus
2447 3348 2733 3414 nonaginta
2764 3346 2815 3399 in
2844 3354 3071 3415 utroque
3116 3344 3207 3398 illo
3239 3359 3325 3399 co—

1748 3441 1867 3495 dice
1892 3448 2159 3506 numeret,
2188 3438 2527 3493 Mabillouius
2549 3454 2680 3492 vero
2700 3445 2906 3505 septem
2933 3443 2989 3489 et
3011 3435 3323 3503 nonaginta,

1751 3530 1853 3583 hac
1898 3529 2119 3583 omnino
2158 3528 2225 3583 de
2270 3543 2456 3595 causa,
2481 3526 2626 3596 quod
2649 3526 3006 3580 'Mabillonius
3033 3524 3101 3578 de
3139 3539 3321 3578 sacra-

1752 3619 1945 3673 mentis
1992 3618 2157 3672 libros
2193 3625 2420 3687 septem,
2448 3618 2542 3685 qui
2578 3616 2863 3670 Ambrosio
2898 3613 3094 3669 ascribi
3126 3614 3324 3678 solent,

1753 3708 1973 3763 totidem
2002 3706 2218 3761 Maximi
2242 3706 2487 3761 homilias
2512 3705 2855 3760 existimavit.
2888 3722 2905 3755 ι

1822 3798 1883 3851 2ο
1906 3798 2081 3852 Codex
2103 3798 2240 3850 alter
2264 3812 2295 3850 a
2319 3795 2767 3869 Hungenblykero
2790 3798 2952 3849 modo
2976 3802 3326 3861 memoratus,

1753 3890 1983 3958 scriptus
2005 3887 2145 3942 idem
2174 3887 2367 3941 litteris
2392 3885 2829 3954 Longobardicis.

1824 3978 1949 4033 Haec
1992 3984 2119 4032 sunt
2161 3992 2281 4046 qua:
2326 3976 2499 4031 editor
2536 3973 2811 4029 Romanus
2836 3972 2905 4027 de
2930 3971 3205 4028 codicibus
3232 3988 3328 4026 an-

1754 4068 1981 4135 notavit,
2009 4068 2101 4138 qui
2130 4081 2283 4122 nova:
2307 4065 2431 4121 huic
2459 4064 2764 4120 collectioni
2788 4063 3081 4119 condenda:
3106 4062 3327 4133 profue-

1756 4167 1902 4225 runt,
1932 4158 2071 4212 inter
2095 4172 2233 4226 quos
2256 4163 2435 4211 tamen
2474 4153 2642 4209 tribus
2669 4154 2792 4221 illis,
2823 4168 2962 4224 quos
2987 4152 3328 4209 Mabillonius

129 4231 314 4303 ili-folio,
339 4243 513 4298 seculi
540 4259 656 4298 xm.

182 4323 233 4377 ιο
250 4327 407 4385 ϐαίη
425 4333 744 4389 bibliotheca
764 4332 1137 4403 Gottwicensis,
1158 4337 1492 4401 chartaceus,
1515 4336 1651 4405 sign.

132 4410 223 4477 l5.
246 4422 406 4476 seculi
435 4437 522 4478 xsv
552 4423 638 4479 vel
666 4440 755 4479 xv.

1757 4248 1987 4318 primum
2038 4246 2271 4312 evolvit,
2319 4258 2513 4314 nempe
2562 4242 2916 4313 Sangallensi,
2946 4240 3331 4296 Nommtuleusi

1757 4350 1900 4390 nunc
1926 4335 1988 4390 S.
2016 4334 2195 4389 Crucis
2230 4336 2285 4387 in
2318 4333 2626 4393 Jerusalem,
2660 4340 2714 4386 ct
2752 4330 3089 4385 Ambrosiana
3130 4331 3331 4386 Medio-

1757 4427 1867 4479 ισπὶ
1892 4426 2092 4495 primas
2118 4434 2173 4479 et
2200 4426 2313 4493 ipse
2349 4423 2538 4478 defert.
2585 4420 2879 4477 Parabatur
2910 4422 3073 4477 etiam
3099 4422 3331 4479 Gallico-

1680 4487 2053 4569 l)rumunss.
2108 4487 2345 4580 collatio,
2402 4511 2519 4580 sed,
2566 4514 2809 4581 quamvis
2853 4512 2943 4567 diu
2997 4521 3331 4583 exspectata,

1760 4604 1993 4657 nondum
2022 4602 2247 4655 Romam
2275 4601 2499 4671 perferri
2541 4608 2811 4670 potuerat,
2840 4617 2961 4656 cum
3002 4602 3103 4655 sibi
3135 4603 3335 4657 diutius

1758 4694 2183 4764 exspectantium
2210 4693 2471 4747 desideria
2500 4692 2828 4762 suspendere
2856 4708 2963 4747 non
2996 4708 3156 4762 posse
3184 4696 3335 4749 vidc-
3374 4716 3433 4748 ο

1758 4794 1928 4841 retur.
1949 4785 2199 4840 Attamen
2222 4785 2493 4855 pollicitus
2517 4792 2601 4839 est
2623 4798 2705 4850 se,
2728 4784 2885 4839 simul
2918 4799 2982 4840 ae
3005 4784 3105 4853 ipsi
3126 4788 3333 4841 reddita

129 4859 290 4915 διοιίαε
313 4868 446 4922 sedis
468 4868 615 4938 apud
642 4865 833 4938 Belgas
871 4872 1071 4941 legate,
1113 4862 1206 4943 qui
1249 4874 1303 4928 in
1343 4889 1411 4931 eo
1442 4878 1658 4943 negotio
1758 4875 1940 4943 fuerit,
1965 4889 2074 4930 non
2101 4875 2509 4930 commissurum
2534 4883 2657 4928 esse
2692 4881 2751 4927 ut
2787 4877 2842 4928 in
2871 4873 2936 4927 iis
2964 4877 3331 4941 numerandis,

130 4953 351 5035 ξιοιιιὶίίεὶε
379 4958 551 5026 jussui
600 4962 798 5029 paruit,
844 4978 963 5016 can.
1014 4962 1481 5019 Vandenvelderus
1525 4966 1656 5021 bibl.
1762 4965 2087 5021 aestimandis
2124 4974 2285 5035 atque
2322 4963 2655 5020 celebrandis
2685 4963 2919 5018 studium
2942 4977 3097 5018 suum
3124 4963 3335 5019 deside-

130 5033 295 5134 ξςονθοο
329 5048 613 5117 [infectus
635 5058 693 5107 et
717 5050 999 5121 theologia:
1033 5054 1321 5123 professor.
1363 5053 1534 5110 Erant
1557 5056 1662 5113 sci-
1762 5066 1930 5113 retur.
1962 5033 2211 5134 Denique
2248 5055 2377 5111 illud
2404 5056 2616 5109 silentio
2642 5052 2915 5124 praeterire
2946 5064 3158 5123 nqueo
3184 5054 3335 5123 adje-

131 5124 257 5184 Ιίααε
1762 5156 1879 5205 etas
1903 5162 2022 5203 esse
2049 5148 2103 5203 in
2120 5124 2227 5203 line
2255 5148 2539 5202 voluminis
2562 5146 2816 5201 Romana:
2843 5145 3095 5201 editionis
3120 5148 3187 5201 ad
3213 5148 3337 5202 ube-

188 5218 237 5321 ξθ
258 5221 417 5321 Codex
443 5228 763 5321 bibliotheca.-
782 5230 842 5284 S.
875 5230 1093 5287 Martini
1121 5235 1486 5290 manicarum
1513 5255 1663 5309 regu-
1763 5240 1961 5295 riorem
1992 5240 2194 5294 notitias
2222 5240 2377 5308 hujus
2407 5238 2651 5293 codicum
2692 5238 3097 5292 illustrationem
3127 5241 3337 5294 tabulas

133 5306 289 5411 “fit!!!
310 5315 527 5411 Loca"
556 5320 1017 5391 membranaeeus,
1046 5324 1251 5381 in‘lblio
1278 5328 1533 5397 maximo,
1558 5306 1659 5384 siu-
1764 5338 1997 5400 quatuor
2044 5306 2307 5399 ejusdem:
2334 5343 2397 5383 ac
2446 5330 2619 5399 ipsum
2675 5329 2919 5383 volumen
2966 5329 3192 5398 moduli,
3230 5345 3338 5385 mre

136 5398 216 5489 fili
247 5418 312 5472 ιι,
351 5407 555 5465 duobus
597 5412 959 5468 voluminibus
1001 5415 1262 5471 exhibens
1307 5417 1553 5473 hounlias
1596 5421 1659 5475 de
1765 5398 1982 5488 incisas,
2011 5398 2286 5487 inquibus
2316 5418 2382 5471 27
2428 5398 2721 5489 specimina
2749 5418 3117 5471 characterum
3145 5426 3201 5473 et
3228 5418 3337 5473 for-

138 5484 342 5593 ?“bfu
379 5509 435 5555 et
473 5508 538 5557 de
584 5503 821 5571 Sanctis,
860 5505 999 5561 inter
1035 5521 1169 5576 quas
1215 5510 1427 5576 triginta
1467 5513 1657 5580 partim
1765 5524 1865 5564 mae
1910 5484 2153 5564 codicum
2202 5484 2547 5576 insigniorutn
2594 5512 3066 5577 reprzcsentantur.
3107 5508 3174 5561 ad
3217 5524 3335 5576 qua:

140 5576 346 5673 ’δοξιίίίῑν
371 5594 560 5659 partim
588 5608 871 5649 sermones
894 5596 953 5650 S.
982 5595 1217 5653 Iaximi.
1469 5576 1484 5580 v
1768 5610 1973 5673 spectat
1997 5600 2293 5655 Declaratio
2322 5598 2488 5653 artatis
2515 5576 2673 5665 supra
2702 5603 3137 5651 commemorata.

191 5669 245 5725 θ’
267 5675 426 5737 Cela
441 5683 761 5740 bibliotheca
777 5685 1001 5742 abbatiw
1018 5684 1441 5744 Camberonensis
1468 5690 1657 5746 Cister-

594 4569 645 4610 C.
673 4570 889 4611 CODICES
916 4572 1138 4613 Βιιςιςι.

184 4680 280 4739 Duo
302 4692 490 4756 reperti
517 4687 647 4746 mn
665 4690 721 4745 in
739 4690 907 4761 Belga
927 4693 1267 4750 bibliothecis
1293 4660 1506 4751 codices
1527 4712 1653 4753 mss.

129 4781 316 4865 quitum
334 4792 512 4833 curam
540 4780 731 4848 gessit,
768 4783 1055 4838 mandante
1092 4783 1297 4865 lgnatio
1327 4786 1495 4841 Busta
1530 4802 1659 4855 apo-
