3924 6232
635 377 727 430 QII

1443 372 1866 428 DFJCLARATIO
1894 372 2160 428 ETATIS
2198 371 2392 427 CODD.
2427 367 3069 426 MANUSCRIPTORUM.

3766 365 3862 418 Si?

938 629 1552 709 DECLARATIO
1624 626 2004 703 IETATIS
2079 625 2522 703 CODICUM
2602 621 3546 699 MANUSCRIPTOBUM.

1103 1058 1312 1112 Codices
1340 1057 1516 1124 prima!
1544 1054 1746 1108 tabula.

702 1191 993 1268 [cuum]
1033 1192 1072 1243 l.
1103 1189 1256 1242 Circa
1285 1188 1515 1256 speciem
1544 1183 1868 1240 characteris
1890 1183 2090 1236 codicis
2111 1181 2206 1235 Va-

631 1284 795 1338 ticani
820 1295 964 1334 num.
1000 1280 1025 1331 ι
1058 1277 1310 1332 delineati
1342 1291 1448 1328 non
1497 1289 1600 1328 una
1645 1283 1727 1327 est
1752 1272 1893 1342 apud
1921 1271 2207 1339 scriptores

629 1373 1004 1442 diplomaticos
1025 1361 1228 1438 opinio,
1259 1376 1319 1421 ut
1342 1367 1502 1421 docet
1529 1364 1866 1418 Mabillonius
1887 1370 2016 1415 tom.
2049 1360 2070 1412 ι
2100 1369 2207 1414 tra-

630 1471 806 1516 ctatus
851 1462 914 1514 de
965 1458 1038 1512 Re
1065 1459 1417 1526 diplomata,
1464 1469 1586 1526 pag.
1633 1453 1754 1509 487.
1785 1467 1906 1506 cum
1935 1451 2095 1517 aliqui
2143 1447 2206 1500 ad

628 1553 882 1608 saeculum
902 1568 992 1605 vni
1015 1549 1269 1611 referam,
1299 1549 1390 1601 alii
1419 1564 1468 1602 vi
1510 1547 1704 1601 sarculo
1733 1558 1968 1599 coaevum
1999 1550 2202 1611 putent.

699 1641 762 1695 II.
805 1641 863 1694 In
890 1641 1078 1694 eadem
1121 1638 1437 1708 opinionum
1487 1637 1742 1688 varietate
1791 1641 2031 1686 versatur
2063 1630 2206 1697 judi-

629 1735 773 1785 cium
812 1729 1061 1785 secundm
1119 1727 1317 1796 speciei
1370 1723 1695 1779 characteris
1749 1721 1949 1774 codicis
2001 1720 2208 1772 Sancta:

629 1821 814 1875 Crucis
858 1821 911 1873 in
937 1817 1236 1872 Jerusalem
1275 1830 1423 1868 num.
1452 1813 1489 1864 2
1527 1812 1716 1880 positi,
1749 1809 2055 1862 Mabillonio
2092 1807 2208 1875 ipso

629 1921 789 1977 teste,
837 1911 967 1964 dum
1004 1909 1207 1963 similes
1233 1906 1430 1960 formas
1457 1905 1725 1958 exhibeat.
1776 1901 1894 1954 Vid.
1946 1910 2075 1953 tom.
2121 1897 2206 1963 III,

632 2013 751 2069 pag.
778 1998 846 2050 40
870 2006 926 2051 et
945 1997 1032 2059 41,
1056 2009 1254 2062 easque
1274 1994 1340 2047 ad
1368 1992 1618 2047 saeculum
1643 2008 1711 2043 vn
1740 1990 1822 2043 vel
1851 2004 1938 2041 vui
1966 1995 2210 2056 spectare

629 2090 746 2159 ejus
774 2089 996 2143 inclinat
1015 2084 1305 2140 sententia.

696 2180 786 2234 III.
827 2177 1005 2231 Tertia
1037 2176 1244 2244 species
1280 2171 1607 2228 characteris
1635 2169 1835 2223 codicis
1862 2167 2078 2235 capituli
2107 2165 2211 2220 Ve-

629 2269 873 2323 ronensis
921 2281 1068 2320 num.
1098 2265 1133 2318 5
1160 2265 1272 2317 visa
1303 2271 1385 2316 est
1429 2259 1727 2314 clarissimo
1768 2256 2059 2309 marchioni
2087 2253 2208 2307 Sci-

629 2360 776 2428 pioni
806 2355 1017 2410 Maﬂ'eio
1044 2355 1282 2422 ejusdem
1321 2352 1495 2406 aetatis
1531 2364 1593 2402 ac
1635 2348 1940 2415 superiores
1965 2345 2206 2408 codices;

633 2466 824 2521 nempe
848 2448 992 2516 quod
1020 2447 1159 2500 inter
1185 2461 1256 2498 vn
1289 2453 1343 2497 et
1371 2458 1460 2496 VIII
1505 2440 1753 2494 saeculum
1781 2439 1850 2490 sit
1877 2435 2206 2491 collocanda.

699 2540 785 2594 IV.
832 2539 904 2592 De
924 2553 1038 2591 aevo
1061 2535 1262 2590 codicis
1287 2533 1414 2586 olim
1445 2529 1663 2598 capituli
1707 2525 2028 2580 Urbevctani
2059 2539 2202 2576 num.

631 2633 682 2695 4,
713 2643 856 2682 nunc
884 2627 1022 2695 apud
1051 2623 1528 2678 eminentissimum
1559 2617 1882 2673 cardiualem
1903 2615 1968 2668 de
1989 2613 2206 2675 Zelada,

631 2736 736 2775 non
765 2727 849 2772 est
875 2713 1267 2780 ambigendum,
1300 2726 1418 2764 cum
1461 2711 1514 2762 in
1555 2709 1746 2762 eodem
1775 2707 1979 2774 legatur
2007 2703 2206 2757 exscui-

631 2825 754 2880 ptus
780 2808 986 2862 Joanne
1014 2805 1086 2858 IX
1115 2802 1388 2872 pontiﬁce.
1417 2801 1611 2854 Tenuit
1639 2807 1815 2851 autem
1843 2795 2075 2849 Joannes
2100 2794 2207 2846 Ro-

630 2915 842 2954 manum
872 2896 1203 2966 pontificium
1233 2895 1300 2946 ab
1337 2907 1478 2945 anno
1507 2889 1611 2943 902
1647 2890 1712 2942 ad
1751 2904 1946 2942 annum
1977 2885 2096 2939 905.

1069 2985 1282 3039 Codices
1301 2982 1541 3036 secunda:
1564 2979 1769 3032 tabulae.

702 3080 765 3132 V.
807 3077 1060 3132 Succedit
1087 3091 1234 3129 num.
1268 3072 1301 3125 5
1327 3072 1596 3141 specimen
1626 3069 1947 3125 characteris
1992 3068 2207 3122 alterius

635 3170 839 3226 codicis
865 3166 1107 3220 Vaticani
1150 3165 1344 3230 signat.
1375 3176 1522 3214 num.
1573 3159 1696 3223 9.48,
1727 3159 1873 3225 cujus
1927 3167 2054 3210 :ctas
2102 3173 2204 3210 non

634 3249 774 3315 ultra
831 3276 864 3313 x
909 3256 1165 3312 steculum
1195 3271 1224 3307 a
1254 3253 1440 3322 peritis
1487 3251 1730 3320 ponitur,
1770 3249 1853 3302 vel
1905 3249 2056 3302 initio
2105 3264 2206 3302 sa:-

632 3350 738 3406 culi
768 3365 838 3401 ιι.

703 3436 790 3490 VI.
821 3435 1004 3490 Serius
1031 3441 1113 3487 est
1133 3431 1438 3499 scriptionis
1467 3443 1632 3496 genus
1659 3429 1857 3483 codicis
1877 3428 2207 3481 bibliotheca:

631 3523 943 3597 [ccxxxvm]
982 3522 1164 3576 Sancti
1194 3520 1356 3573 Marci
1385 3519 1726 3573 Venetiarum
1773 3533 1917 3570 num.
1950 3517 1983 3569 6
2013 3518 2207 3570 Roma-

633 3629 752 3666 nam
774 3612 998 3665 formam
1028 3608 1285 3664 exhibens
1315 3607 1553 3671 nitidam,
1596 3608 1882 3675 paucisque
1907 3607 2054 3672 siglis
2078 3621 2205 3659 con—

632 3711 878 3755 tractam.
909 3700 1020 3753 Nec
1046 3715 1145 3752 nos
1191 3697 1324 3750 fallit
1370 3705 1493 3750 nota
1540 3697 1711 3750 aetatis
1762 3697 1814 3749 in
1863 3696 1967 3749 fine
2004 3695 2205 3749 codicis

633 3792 898 3861 apposita,
929 3804 1120 3856 nempe
1149 3804 1289 3841 anno
1321 3787 1476 3839 “38.

706 3879 812 3932 VII.
849 3877 1119 3931 Absimilis
1149 3893 1252 3930 non
1284 3885 1366 3929 est
1392 3877 1610 3944 scriptio
1638 3876 2011 3944 subsequentis
2050 3875 2199 3929 codi-

633 3971 712 4025 cis
741 3969 976 4036 ejusdem
1004 3967 1337 4020 bibliotheca:
1366 3965 1547 4020 Sancti
1581 3965 1740 4019 Marci
1771 3981 1918 4018 num.
1952 3965 1981 4016 7
2011 3965 2197 4033 positi;

635 4061 758 4115 ideo
796 4075 1032 4114 comvum
1061 4057 1406 4126 przecedentis
1443 4057 1779 4109 arbitramur.

702 4149 830 4202 VIII.
860 4147 1012 4202 Haud
1043 4147 1173 4200 levis
1208 4154 1291 4200 est
1314 4145 1610 4199 differentia
1635 4145 1960 4199 characteris
2002 4144 2202 4197 codicis

630 4239 966 4293 bibliothecae
997 4235 1264 4289 Vaticana:
1293 4235 1417 4288 olim
1447 4235 1738 4289 Succorum
1770 4235 1961 4300 regina:
1990 4249 2132 4287 num.
2165 4231 2198 4284 8

630 4329 879 4394 descripti
918 4342 948 4379 a
968 4326 1330 4396 superioribus
1369 4325 1639 4378 codicibus
1661 4325 1992 4377 bibliotheca:
2020 4323 2197 4377 Sancti

631 4417 791 4470 Marci
820 4416 1187 4477 Venetiarum,
1212 4429 1333 4467 cum
1362 4415 1478 4480 ejus
1506 4416 1686 4482 apices
1713 4414 2093 4466 contractiores
2119 4414 2198 4465 vi-

627 4506 871 4557 deantur.
921 4504 1098 4569 Quare
1126 4503 1241 4570 ejus
1277 4511 1490 4555 mtatem
1532 4503 1781 4555 smculuni
1827 4518 1916 4555 xut
1961 4502 2197 4569 attigisse

626 4596 873 4650 dicimus.

695 4683 783 4736 IX.
826 4683 1005 4738 Codex
1032 4683 1240 4736 Sanctae
1267 4682 1451 4738 Crucis
1490 4683 1541 4735 in
1563 4682 1854 4736 Jerusalem
1887 4698 2033 4735 num.
2064 4681 2097 4732 9
2121 4683 2193 4735 si-

2764 1051 2973 1106 Codicea
3005 1054 3163 1105 tertia!
3191 1054 3394 1106 tabulw.

2380 1139 2512 1203 XIV,
2545 1139 2655 1193 XV.
2690 1140 2764 1194 De
2791 1149 2949 1194 etate
2977 1140 3219 1196 codicum
3257 1142 3590 1198 bibliotheca
3619 1143 3864 1200 Vallicel-

2307 1231 2459 1294 lame,
2491 1245 2718 1298 quorum
2746 1231 3014 1298 specimen
3039 1247 3182 1285 num.
3213 1232 3278 1284 I4
3305 1241 3362 1287 et
3383 1231 3449 1284 I5
3469 1235 3718 1297 traditur,
3747 1236 3864 1288 mihi

2307 1338 2413 1376 non
2445 1330 2528 1375 est
2567 1310 2935 1384 laborandum,
2967 1331 3025 1375 ut
3064 1324 3354 1390 inquiram;
3403 1331 3677 1391 prmeessit
3732 1328 3865 1378 enim

2301 1411 2555 1476 judicium
2584 1411 2924 1465 eruditissimi
2953 1412 3048 1466 viri
3077 1411 3290 1479 Josephi
3321 1413 3637 1478 Blanchinii,
3671 1417 3762 1482 qui
3807 1418 3868 1468 ad

2307 1499 2554 1552 saeculum
2587 1515 2636 1551 xt
2666 1505 2749 1553 vel
2783 1516 2851 1554 xit
2874 1501 3138 1569 pertinere
3164 1500 3466 1554 aflirmavit.

2377 1588 2514 1642 XVI.
2553 1588 2770 1658 Species
2795 1590 3111 1644 characteris
3139 1591 3337 1644 codicis
3363 1591 3602 1645 Vaticani
3637 1608 3785 1643 num.
3812 1594 3871 1642 19

2306 1681 2499 1748 signati
2527 1682 2845 1735 concinnata
2877 1681 3084 1734 videtur
3109 1682 3248 1734 circa
3274 1681 3521 1734 steculum
3551 1697 3670 1735 xm.
3705 1683 3871 1750 Aliqui

2307 1769 2534 1823 fortasse
2554 1769 2713 1839 paqu
2740 1770 3062 1823 anteriorem
3078 1769 3406 1835 judicabunt.

2379 1860 2535 1913 XVII.
2577 1860 2849 1914 'I‘ardioris
2891 1860 3011 1924 aevi,
3053 1860 3258 1914 scilicet
3298 1861 3474 1914 saeculi
3503 1877 3614 1926 xiv,
3665 1862 3712 1915 si
3763 1862 3871 1929 quis

2308 1961 2523 2020 putaret
2545 1951 2821 2022 [cuxxtx)
2850 1949 3088 2004 codicem
3111 1951 3417 2004 monasterii
3445 1949 3632 2006 Sancti
3661 1949 3872 2005 Colum-

2310 2043 2431 2094 bani
2488 2041 2765 2096 Bobiensis
2803 2055 2952 2093 num.
2990 2039 3076 2103 I7,
3104 2055 3134 2092 a
3181 2040 3403 2094 veritate
3433 2055 3536 2093 non
3565 2039 3869 2100 recederet,

2307 2132 2464 2186 nullm
2500 2131 2762 2201 siquidem
2789 2139 2931 2184 nota:
2958 2130 3148 2198 prioris
3177 2130 3430 2198 temporis
3457 2129 3510 2182 in
3536 2144 3608 2183 eo
3656 2130 3868 2198 conspi-

2307 2221 2541 2276 ciuntur.

2383 2308 2562 2363 XVIII.
2594 2307 2758 2362 Multo
2780 2309 3130 2376 antiquiorem
3153 2308 3384 2362 dicerem
3411 2307 3656 2362 codicem
3683 2307 3866 2362 biblio‘

2245 2421 2282 2474 Β
2313 2400 2476 2454 thecae
2505 2399 2711 2452 Sanctae
2738 2398 2922 2453 Crucis
2943 2401 2994 2452 in
3020 2398 3313 2454 Jerusalem
3333 2415 3476 2452 num.
3496 2398 3560 2450 I8
3582 2401 3866 2465 signatum,

2311 2488 2477 2541 forma
2501 2490 2638 2541 enim
2664 2489 2957 2542 litterarum
2981 2490 3229 2543 saeculum
3260 2505 3328 2541 xu
3349 2489 3434 2542 vel
3462 2489 3674 2541 initium
3703 2489 3866 2542 saeculi

2310 2591 2399 2628 xm
2439 2575 2699 2638 ostendit;
2749 2583 2908 2644 atque
2938 2577 3010 2629 ita
3042 2579 3206 2632 sensit
3231 2578 3686 2632 eminentissimus
3705 2579 3864 2631 cardi-

2309 2667 2440 2719 nalis
2463 2666 2725 2728 Besutius,
2753 2667 2844 2732 qui
2874 2664 3177 2734 frequenter
3203 2666 3416 2721 codices
3436 2682 3563 2721 mss.
3590 2667 3863 2721 bibliotheo

2308 2773 2383 2812 cae
2413 2757 2646 2824 ejusdem
2669 2773 2777 2826 prae
2807 2759 3049 2811 manibus
3071 2759 3275 2812 habuit.

2380 2848 2516 2902 XIX.
2549 2849 2656 2902 Nec
2684 2848 2750 2901 ab
2775 2848 3010 2914 ejusdem
3039 2850 3318 2902 cardinalis
3336 2849 3535 2914 judicio
3553 2847 3865 2903 recedimus.

2309 2955 2427 2992 cum
2454 2939 2519 2991 de
2547 2946 2706 2991 aztate
2731 2936 2933 2990 codicis
2964 2935 3031 2988 99
3051 2952 3207 3004 agere
3239 2938 3561 2998 debeamus;
3585 2952 3710 2989 eum
3740 2937 3865 2986 enim

2308 3029 2376 3082 ad
2424 3027 2676 3082 sacculum
2722 3042 2793 3079 xu
2839 3041 2956 3081 esse
3004 3026 3333 3080 referendum
3375 3042 3467 3080 sua
3508 3042 3674 3079 manu
3714 3026 3864 3078 adno-

2312 3122 2459 3174 tavit.

2383 3211 2493 3264 XX.
2527 3211 2602 3264 Ad
2633 3213 2976 3266 vetustiorem
3007 3211 3301 3263 litterarum
3342 3208 3568 3261 formam
3599 3202 3773 3260 saeculi
3801 3206 3865 3255 vi-

2309 3301 2503 3354 delicet
2539 3317 2592 3354 IX
2624 3301 2832 3356 accedit
2869 3301 3067 3355 codicis
3098 3299 3421 3353 Veronensis
3468 3299 3695 3366 scriptio
3733 3312 3861 3349 num.

2306 3387 2395 3450 ‘20,
2420 3397 2475 3441 et
2503 3390 2639 3443 hanc
2686 3390 2740 3442 in
2763 3389 2964 3456 judicio
2993 3388 3305 3456 pmlaudati
3332 3389 3664 3442 marchionis
3709 3386 3864 3439 Maﬁei

2312 3479 2612 3546 opinionem
2641 3479 2930 3545 sequimur.
2958 3477 3115 3532 Certe
3143 3475 3440 3544 hujusmodi
3471 3476 3694 3530 codices
3723 3488 3864 3528 vene-

2309 3567 2526 3620 randam
2556 3567 2838 3636 quamdam
2868 3567 3238 3634 antiquitatem
3268 3565 3640 3634 przeseferunt.

2751 3677 2960 3732 Codices
2982 3688 3178 3746 quarta
3207 3677 3409 3730 tabula.

2229 3764 2273 3823 Ο
2377 3792 2512 3844 XXI.
2545 3791 2659 3845 Non
2689 3790 2940 3845 auderem
2968 3789 3211 3845 codicem
3240 3789 3656 3842 eminentissimi
3685 3787 3752 3840 de
3777 3786 3862 3837 Ze-

2306 3880 2426 3932 Iada
2455 3880 2606 3947 cujus
2634 3880 2902 3948 specimen
2951 3885 3035 3931 est
3086 3878 3185 3930 sub
3213 3891 3358 3930 num.
3411 3875 3500 3937 2t,
3544 3876 3862 3944 superiorem

2301 3970 2496 4024 stocqu
2533 3985 2622 4022 xui
2647 3968 2932 4032 allirmare,
2959 3965 3107 4034 quod
3134 3966 3276 4019 nulla
3304 3965 3623 4019 vetnstioris
3656 3965 3753 4018 avi
3782 3977 3860 4014 ve-

2301 4060 2456 4124 stigia
2487 4061 2539 4112 in
2569 4058 2736 4113 forma
2765 4059 2975 4126 apicum
2997 4057 3365 4124 inspiciantur.

2373 4147 2527 4202 XXII.
2560 4147 2641 4200 Ad
2669 4147 2908 4201 eamdem
2935 4145 3144 4200 accedit
3179 4154 3394 4198 etatem
3441 4143 3618 4198 codex
3660 4142 3861 4209 capituli

2298 4239 2641 4299 Veronensis,
2655 4237 2805 4303 cujus
2826 4235 2995 4289 forma
3022 4236 3294 4303 scriptum
3314 4248 3460 4287 num.
3484 4231 3560 4285 23
3572 4233 3860 4286 exhibetur.

2300 4330 2485 4384 Modus
2510 4328 2781 4383 scribendi
2810 4327 3080 4381 Romanus
3102 4329 3155 4380 in
3185 4335 3415 4394 utroque
3435 4324 3630 4379 codice
3659 4331 3862 4393 apparet

2298 4421 2438 4473 inter
2462 4418 2714 4472 smculum
2746 4433 2818 4471 xtt
2847 4427 2900 4470 et
2929 4433 3019 4470 xm
3040 4417 3289 4470 usitatus.

2367 4508 2544 4562 XXIII.
2587 4507 2833 4575 Speciem
2861 4507 3025 4560 etiam
3059 4505 3364 4575 scriptionis
3392 4503 3757 4570 semigothicze
3782 4517 3859 4554 co-

2297 4597 2432 4651 dicis
2463 4597 2781 4651 Lectionarii
2813 4594 3027 4649 Sanctae
3060 4593 3246 4649 Crucis
3293 4594 3346 4648 in
3386 4593 3688 4647 Jerusalem
3727 4608 3856 4645 num.

2294 4687 2363 4739 9.3
2391 4686 2645 4739 delineari
2687 4686 3008 4749 curavimus,
3053 4699 3214 4753 quam
3259 4683 3545 4752 peritiores
3587 4679 3856 4746 antiquarii

625 4781 816 4840 gnatus
845 4786 1018 4838 neque
1046 4773 1186 4825 inter
1213 4773 1560 4838 antiquiores,
1586 4788 1684 4826 nec
1704 4771 1844 4825 inter
1871 4772 2194 4840 posteriores
2293 4777 2486 4830 saeculo
2515 4792 2601 4829 xiv
2627 4775 2886 4829 tribuunt.

624 4865 966 4924 collocamus,
997 4879 1119 4918 cum
1162 4867 1439 4932 scriptura:
1470 4863 1639 4917 forma
1696 4872 1750 4918 et
1801 4864 2195 4918 contractiones

623 4955 800 5009 seculi
831 4971 920 5007 xm
947 4955 1215 5008 scribendi
1245 4970 1450 5008 morem
1479 4953 1837 5022 przeseferaut.

695 5045 761 5106 X,
799 5042 886 5106 XI,
918 5042 1031 5105 XII,
1062 5043 1193 5096 XIII.
1226 5043 1465 5107 Quatuor
1490 5045 1694 5112 species
1723 5043 2023 5111 scriptionis
2050 5042 2189 5095 Lon-

2369 4867 2545 4919 XXIV.
2580 4867 2714 4920 Huic
2733 4867 3086 4936 synchronus,
3115 4865 3201 4919 vel
3229 4862 3388 4924 paulo
3413 4862 3669 4929 superior
3691 4859 3855 4914 dicen-

2295 4957 2395 5011 dus
2420 4958 2523 5010 erit
2550 4956 2720 5010 codex
2741 4955 3082 5009 Sublacensis
3107 4968 3254 5007 num.
3277 4951 3348 5005 ει
3366 4952 3595 5020 positus.

2363 5045 2522 5111 XXV,
2548 5044 2730 5107 XXVI,
2763 5043 2967 5098 XXVII.
3001 5043 3133 5097 Tres
3173 5050 3461 5110 sequentes
3497 5041 3854 5095 characterum

625 5135 941 5202 gobardicm,
963 5148 1097 5200 quas
1125 5135 1224 5186 sub
1247 5150 1392 5186 num.
1421 5135 1504 5199 I0,
1532 5135 1615 5197 II,
1642 5134 1726 5197 η,
1752 5135 1836 5198 l3,
1860 5135 2187 5196 exhibemus.
2222 5112 2266 5167 θ
2298 5141 2498 5201 turmae,
2531 5151 2755 5203 quarum
2782 5136 2952 5204 prima
2974 5150 3100 5188 num
3147 5132 3218 5186 25
3253 5141 3337 5186 est
3362 5131 3571 5186 codicis
3607 5129 3850 5184 Vaticani.

625 5227 668 5280 si
699 5224 829 5279 ﬁdes
847 5224 1089 5278 habenda
1127 5234 1209 5278 est
1236 5225 1541 5279 Mabillonio
1563 5236 1692 5280 tom.
1717 5226 1801 5289 III,
1829 5239 1946 5295 pag.
1982 5225 2100 5287 55%,
2131 5227 2192 5278 de

623 5319 694 5372 Re
753 5316 1104 5384 diplomatico,
1131 5317 1325 5370 sautio
1365 5333 1417 5370 ιι
1445 5316 1814 5381 destinantur;
1857 5325 2003 5369 tanta
2050 5317 2190 5368 enim

618 5422 728 5459 non
757 5413 841 5460 est
861 5406 988 5459 inter
1018 5405 1160 5474 ipsos
1183 5405 1521 5461 characteres
1545 5408 1788 5467 varietas,
1817 5417 1874 5460 ut
1893 5408 1958 5462 ad
1984 5408 2190 5461 diversa

621 5510 860 5566 tempora
896 5493 1080 5549 referri
1110 5494 1355 5550 debeant.

2297 5231 2462 5282 altera
2500 5229 2698 5282 codicis
2733 5226 2973 5281 ecclesiae
3001 5225 3301 5284 Veliternaa,
3353 5231 3410 5276 et
3463 5223 3628 5276 tertia
3673 5218 3852 5275 codicis

2299 5317 2632 5371 bibliothecae
2661 5315 2844 5370 Sancti
2895 5313 3106 5367 Martini
3133 5311 3480 5367 Lovaniensis
3519 5325 3672 5364 num.
3711 5306 3776 5359 26
3809 5311 3849 5356 et

2297 5405 2385 5467 27,
2441 5406 2682 5472 quamvis
2733 5403 3021 5459 dissimiles
3069 5403 3122 5456 in
3171 5401 3368 5457 saeculo
3417 5415 3486 5452 xv
3533 5406 3664 5454 sunt
3699 5394 3850 5453 collo-

2300 5495 2502 5551 candus.
