3924 6232
487 322 595 379 223

1696 320 1751 375 S.
1792 314 2032 371 MAXlMl
2069 311 2518 383 TAURINENSIS

3633 308 3739 361 22/.

488 436 661 488 iuntas
689 431 925 487 donandi
972 432 1207 499 deficiat,
1241 447 1401 501 quam
1451 430 1747 485 substantia
1776 426 2054 495 largiendi.
2087 427 2132 483 Δ
2162 454 2343 500 tamen
2364 444 2574 512 longius
2594 458 2625 497 ε
2653 442 2933 498 sanatam
2960 448 3256 511 separatur,
3289 439 3398 495 Nec
3416 439 3735 495 εοοίευιεω

491 520 615 575 llmc
641 530 819 573 autem
848 521 969 574 ideo
998 521 1229 575 sollicite
1262 521 1462 573 faciunt
1488 562 1501 585 ,
1528 519 1649 588 quia
1675 517 1930 586 majorem
1958 515 2059 569 sibi

488 611 981 665 remunerationem
1010 626 1109 680 pro
1136 611 1238 665 hac
1280 609 1641 665 sollicitudine
1670 614 1892 678 sperant
1917 606 2061 660 futu-

488 714 623 751 ram.
654 699 709 753 Si
739 712 892 766 ergo,
924 699 1147 765 fratres,
1176 700 1358 754 szeculi
1386 700 1539 754 istius
1566 697 1812 753 homines
1838 705 2061 766 propter

488 789 767 857 prtesentis
812 789 1033 843 honoris
1079 790 1304 857 gloriam
1345 791 1542 843 terreni
1572 790 1713 856 regis
1738 789 1820 842 sui
1866 786 2060 839 natalis

489 877 633 931 diem
680 887 827 931 tanta
860 887 887 915 ⁸
915 878 1248 946 apparitione
1285 878 1581 947 suscipiunt
1612 896 1626 929 :
1658 878 1686 916 ι’
1710 886 1909 947 quanta
1959 894 2058 932 nos

486 966 833 1021 accuratione
859 969 1047 1021 aeterni
1085 968 1226 1036 regis
1254 967 1428 1022 nostri
1446 966 1573 1021 Jesu
1596 966 1797 1021 Christi
1819 967 2057 1021 natalem

484 1055 761 1123 suscipere
805 1056 1066 1111 debemus
1089 1098 1105 1124 ,
1134 1058 1225 1127 qui
1265 1071 1364 1126 pro
1399 1057 1692 1111 devotione
1733 1064 1919 1111 nostra
1949 1072 2058 1111 non

491 1145 650 1197 nobis
679 1146 1030 1213 temporalem
1068 1147 1327 1215 largietur
1351 1146 1576 1215 gloriam
1593 1188 1609 1214 ,
1631 1146 1728 1203 sed
1755 1156 2015 1201 sternam
2038 1161 2055 1212 ;

487 1251 585 1287 nec
608 1236 809 1289 terreni
833 1236 1057 1291 honoris
1080 1236 1599 1304 administrationem
1620 1235 1786 1303 dabit,
1806 1249 1925 1305 qua:
1943 1250 2059 1291 suc-

484 1339 702 1378 cessore
731 1324 930 1394 finitur,
951 1327 1045 1381 sed
1066 1328 1301 1382 cmlestis
1332 1329 1543 1396 imperii
1573 1328 1913 1395 dignitatem,
1937 1342 2059 1397 qum

481 1430 588 1467 non
635 1415 798 1489 habet
830 1426 854 1455 ο
880 1420 1281 1472 successorem?
1321 1418 1507 1484 Qualis
1541 1429 1719 1473 autem
1748 1419 1773 1454 ά
1807 1434 2054 1472 remune-

482 1503 624 1557 ratio
653 1512 835 1558 nostra
862 1505 932 1559 sit
952 1505 1160 1583 futura,
1191 1505 1323 1561 dicit
1359 1508 1625 1576 propheta
1659 1524 1672 1559 :
1701 1505 1836 1569 Quia
1876 1506 2056 1559 oculus

482 1610 585 1647 non
614 1594 760 1661 uidit,
789 1612 887 1648 nec
918 1596 1059 1649 auris
1084 1597 1301 1663 audivit,
1326 1614 1417 1650 nec
1441 1599 1496 1651 in
1516 1614 1607 1651 cor
1632 1598 1854 1650 Itominis
1871 1612 2057 1649 ascen-

478 1685 575 1751 dit,
602 1702 717 1755 quia
743 1688 1037 1755 preparavit
1078 1687 1219 1739 Deus
1249 1687 1577 1757 diligentibus
1620 1703 1674 1741 se
1704 1688 1723 1753 (
1747 1687 1878 1741 Isai.
1911 1702 2057 1755 1.x",

2162 535 2363 588 habere
2393 543 2645 603 poterunt
2666 533 2967 587 immundus
2988 542 3047 589 et
3068 538 3300 596 sanctus,
3332 546 3525 584 avarus
3552 538 3608 584 et
3628 530 3734 582 mi-

2160 623 2393 677 sericors
2416 662 2431 684 ,
2464 631 2747 690 corruptus
2775 630 2831 675 ct
2861 623 3009 687 virgo
3033 660 3047 685 ,
3079 620 3178 674 nisi
3201 618 3344 688 quod
3386 618 3553 684 magis
3580 619 3735 684 inge-

2162 710 2331 764 rendo
2355 725 2415 764 se
2445 709 2691 778 indignus
2719 708 3069 764 offensionem
3108 706 3398 771 contrahit,
3422 722 3542 759 cum
3572 705 3736 757 mini-

2162 815 2251 853 me
2304 814 2363 854 se
2411 801 2705 866 cognoscit.
2742 797 2759 836 ι
2796 799 2926 852 Dum
2951 799 3095 853 enim
3124 797 3236 852 vult
3275 796 3543 850 ofﬁciosus
3566 810 3725 854 esse.

2161 888 2453 957 injuriosus
2476 890 2661 944 existit
2693 906 2706 941 :
2738 889 2874 942 sicut
2901 888 2989 942 illc
3018 887 3071 940 in
3098 885 3385 954 Evangelia
3407 886 3519 953 qui,
3544 886 3597 938 in
3626 900 3735 938 cm-

2160 987 2220 1033 tu
2239 990 2547 1034 sanctorum
2586 980 2857 1042 invitatus,
2887 976 2953 1031 ad
2982 977 3191 1046 nuptias
3220 974 3402 1029 venire
3443 989 3605 1027 ausus
3648 983 3736 1025 est

2159 1078 2369 1123 vestem
2396 1083 2507 1123 non
2528 1066 2730 1123 habens
2758 1067 3049 1137 nuptiatem
3081 1063 3295 1135 (Matth.
3316 1076 3445 1125 χιιι,
3483 1060 3575 1124 l2;
3598 1061 3731 1114 Luc.

2161 1173 2247 1212 xw
2276 1158 2328 1225 );
2351 1162 2408 1211 et
2435 1170 2557 1212 cum
2582 1158 2717 1211 alius
2747 1158 2944 1211 niteret
2963 1155 3191 1223 justitia,
3218 1153 3351 1207 alius
3379 1153 3582 1206 luceret
3604 1150 3733 1211 fide,

2158 1246 2295 1301 alius
2324 1247 2574 1300 castitate
2589 1245 2836 1314 fulgeret,
2860 1244 2947 1299 ille
2965 1244 3111 1298 solus
3137 1242 3474 1297 conscientia:
3493 1240 3736 1294 fmditate

2158 1336 2418 1405 pollutus,
2439 1336 2648 1391 cunctis
2673 1334 3076 1401 splendentibus
3104 1330 3327 1385 deformi
3348 1329 3576 1383 horrore
3611 1345 3727 1383 sor-

2158 1427 2319 1481 debat
2351 1445 2363 1478 :
2396 1435 2451 1480 et
2477 1426 2691 1493 quando
2719 1426 2837 1492 plus
2873 1422 3028 1477 simul
3056 1419 3499 1474 discumbentium
3537 1418 3735 1471 beato-

2158 1532 2277 1571 rum
2306 1516 2572 1572 candebat
2608 1515 2880 1577 sanctitas,
2912 1522 3060 1566 tanto
3086 1510 3254 1577 magis
3293 1515 3638 1577 peccatorum
3672 1508 3735 1560 il-

2161 1606 2264 1661 lius
2290 1606 2585 1676 apparebat
2612 1604 2947 1673 improbitas,
2966 1603 3056 1669 qui
3077 1608 3324 1669 potuerat
3345 1598 3519 1651 minus
3545 1596 3737 1664 displi-

2158 1698 2334 1751 cuisse
2380 1694 2603 1749 forsitan
2626 1732 2642 1757 ,
2688 1692 2733 1746 si
2764 1692 2815 1745 in
2845 1689 3174 1745 consortium
3212 1686 3479 1754 iustorum
3508 1683 3737 1739 minime

479 1784 529 1828 et
552 1773 580 1828 1
604 1774 724 1828 Cor.
756 1775 853 1841 ιι).
885 1775 1089 1841 Quibus
1120 1777 1447 1832 indumentis
1476 1793 1579 1833 nos
1614 1780 1867 1835 exornari
1894 1795 2059 1849 opor-
2090 1779 2131 1835 Β
2160 1804 2220 1842 se
2250 1787 2503 1839 dedisset.
2554 1782 2847 1852 Propterea
2891 1793 3020 1847 ergo
3057 1779 3297 1833 sublatus
3320 1784 3361 1812 "
3391 1774 3641 1827 manibus
3682 1782 3739 1827 et

482 1875 579 1922 tet.
610 1867 764 1932 Quod
794 1876 973 1920 autem
1016 1867 1252 1921 diximus
1290 1884 1412 1933 nos,
1453 1870 1557 1923 hoc
1588 1876 1674 1922 est
1708 1870 1914 1924 animas
1954 1885 2057 1923 no-

478 1966 637 2021 stras,
666 1956 791 2025 quia
817 1971 912 2010 rex
935 1965 1121 2010 noster
1144 1955 1390 2009 Christus
1426 1973 1533 2009 non
1565 1967 1673 2009 tam
1704 1959 1937 2011 nitorem
1966 1974 2059 2012 ve-

477 2048 661 2112 stium,
691 2062 853 2116 quam
879 2046 1179 2099 animamm
1206 2045 1431 2113 requirit
1457 2045 1728 2111 affectum,
1760 2062 1863 2101 nec
1888 2048 2056 2117 inspi-

476 2138 552 2191 cit
604 2142 919 2190 ornamenta
968 2150 1256 2203 corporum
1282 2172 1298 2197 ,
1340 2133 1436 2188 sed
1482 2135 1792 2189 considerat
1834 2145 1858 2173 ⁸
1894 2136 2058 2190 corda

478 2226 827 2289 meritorum;
860 2238 961 2278 nec
981 2222 1185 2290 fragilis
1209 2222 1409 2290 cinguli
1437 2222 1813 2291 praecingentis
1848 2223 2061 2278 lumbos

479 2313 867 2383 operositatem
896 2312 1141 2375 miratur,
1170 2310 1268 2365 sed
1292 2310 1448 2365 fortis
1475 2311 1808 2365 castimonia:
1835 2312 2059 2365 restrin-

481 2402 659 2471 gentis
681 2401 953 2456 libidinem
984 2400 1052 2455 ad
1077 2400 1385 2469 pudicitiam
1415 2400 1533 2470 plus
1562 2401 1808 2454 miratur.
1839 2399 2058 2453 Ambia-

487 2505 610 2569 rnus
637 2503 767 2558 ergo
797 2488 1024 2543 inueniri
1044 2496 1171 2543 ante
1200 2488 1371 2559 ipsum
1400 2490 1615 2559 probati
1643 2490 1746 2545 fide
1763 2531 1778 2556 ,
1815 2490 1833 2527 ί
1860 2491 2060 2558 compti

482 2581 849 2636 misericordia
874 2620 889 2645 ,
919 2581 1160 2635 moribus
1199 2590 1225 2629 ε
1266 2582 1505 2636 accurati
1547 2598 1561 2634 :
1615 2590 1673 2637 et
1716 2582 1809 2650 qui
1855 2581 2063 2635 fidelius

482 2672 758 2727 Christum
787 2672 978 2739 diligit,
1004 2672 1221 2727 nitidius
1242 2688 1302 2727 se
1328 2673 1702 2727 mandatorum
1726 2672 1843 2741 ejus
1875 2673 2061 2726 obser—

488 2762 707 2817 vatione
734 2770 1027 2831 componat
1046 2802 1061 2827 ,
1094 2770 1160 2815 ut
1182 2762 1210 2799 ιι
1236 2778 1365 2817 vere
1403 2778 1501 2819 nos
1550 2764 1606 2817 in
1646 2777 1705 2817 se
1732 2762 1954 2817 credere
1984 2762 2059 2815 vi-

486 2854 645 2919 deat,
688 2868 810 2908 cum
840 2853 916 2907 ita
956 2854 1011 2907 in
1037 2853 1157 2921 ejus
1190 2852 1537 2908 solemnitate
1565 2852 1830 2921 fulgemns
1855 2894 1865 2917 ,
1909 2861 1965 2906 et
1993 2868 2062 2906 eo

489 2942 660 3011 magis
702 2942 857 2999 ketus
883 2943 955 2997 sit
982 2958 1091 3012 quo
1116 2958 1216 2997 nos
1244 2944 1578 3013 perspexerit
1598 2944 1861 3013 puriores.
1886 2942 2063 3012 Atque

487 3032 615 3088 ideo
663 3041 792 3088 ante
833 3034 1138 3106 complures
1175 3033 1291 3089 dies
1325 3038 1340 3072 ι
1372 3034 1731 3091 castiticemus
1770 3036 1933 3089 corda
1963 3051 2062 3089 no-

2163 1878 2408 1946 pedihus,
2438 1877 2492 1929 in
2522 1876 2771 1928 tenebras
2815 1871 3113 1924 exteriores
3147 1865 3459 1934 expellitur,
3491 1879 3601 1917 non
3641 1877 3735 1917 so—

2160 1968 2270 2020 lum
2296 1964 2438 2032 quod
2462 1970 2712 2029 peccator
2733 1968 2872 2026 erat,
2900 1959 2994 2013 sed
3009 1959 3134 2026 quia
3154 1971 3275 2011 cum
3296 1964 3547 2023 peccator
3565 1960 3737 2018 esset,

2157 2054 2461 2107 sanctitatis
2504 2052 2602 2105 sibi
2647 2050 2896 2104 meritum
2929 2046 3251 2100 vindicabat.
3282 2043 3446 2111 Igitur
3468 2083 3486 2108 ,
3516 2040 3736 2105 fratres,

2158 2142 2461 2212 suscepturi
2498 2141 2731 2194 natalem
2756 2149 2780 2175 ο
2805 2139 3014 2192 Domini
3039 2177 3055 2204 ,
3104 2138 3171 2189 ab
3200 2134 3345 2189 omni
3375 2149 3472 2187 nos
3509 2132 3735 2186 delicto-

2160 2246 2279 2286 rum
2307 2232 2435 2285 ﬁcce
2463 2243 2753 2299 purgemus
2774 2268 2789 2292 ,
2832 2227 3137 2295 repleamus
3178 2223 3458 2277 thesauros
3494 2220 3616 2289 ejus
3652 2221 3737 2274 di-

2160 2334 2438 2373 versorum
2459 2332 2741 2371 munerum
2767 2315 2942 2375 donis,
2976 2322 3033 2365 nt
3062 2314 3112 2365 in
3144 2312 3229 2365 die
3253 2318 3435 2365 sancta
3457 2320 3484 2347 ο
3507 2310 3603 2376 sit,
3637 2324 3736 2362 un-

2160 2408 2229 2463 de
2260 2406 2525 2477 peregrini
2555 2405 2823 2473 accipiant
2848 2443 2863 2469 ,
2894 2402 3202 2457 reficiantur
3221 2400 3428 2467 vidum,
3468 2414 3736 2469 pauperes

2160 2499 2474 2552 vestiantur.
2502 2496 2633 2549 Nam
2656 2495 2815 2565 quale
2841 2494 2966 2557 erit,
2993 2493 3037 2545 si
3059 2492 3111 2545 in
3137 2507 3240 2545 una
3257 2490 3553 2558 eademque
3571 2488 3738 2542 domo

2164 2588 2304 2641 inter
2330 2587 2571 2641 servulos
2602 2586 2759 2638 unius
2778 2583 2979 2638 domini
3021 2582 3158 2635 alter
3185 2579 3418 2634 exsultet
3439 2578 3491 2631 in
3517 2578 3737 2631 holose-

2162 2679 2287 2733 ricis
2312 2719 2330 2745 ,
2383 2678 2519 2731 alter
2581 2684 2929 2731 consumetur
2971 2673 3024 2727 in
3083 2672 3311 2742 pannis;
3362 2670 3498 2724 alius
3545 2677 3737 2723 :estuet

2161 2769 2315 2837 dbo,
2350 2769 2485 2823 alius
2532 2768 2727 2823 famem
2771 2767 3042 2835 frigusque
3079 2764 3378 2829 sustineat;
3417 2763 3507 2817 ille
3527 2770 3739 2816 eructet

2164 2858 2471 2912 hesternam
2504 2856 2871 2925 indigestionis
2916 2855 3191 2923 crapulam
3223 2891 3238 2915 ,
3292 2852 3379 2906 hic
3424 2852 3738 2906 hesternum

2157 2946 2347 3016 jejunii
2394 2947 2625 3000 inediam
2694 2962 2799 2999 non
2851 2944 3117 2998 resolvat?
3162 2943 3266 2995 Aut
3308 2942 3427 3008 quis
3479 2941 3586 2994 erit
3642 2956 3738 2994 no—

2164 3045 2289 3089 stra:
2318 3036 2580 3090 orationis
2607 3032 2830 3090 eﬂ‘ectus
2852 3033 2924 3086 P‘!
2964 3030 3201 3085 Petimus
3230 3039 3289 3085 ut
3332 3030 3627 3098 liberemur
3673 3028 3739 3081 ab

490 3130 623 3186 stra,
646 3121 968 3179 mundemus
994 3126 1399 3189 conscientiam,
1431 3124 1775 3194 puriﬁcemus
1795 3125 2061 3194 spiritum,
2088 3119 2134 3182 C
2165 3127 2402 3191 inimico,
2430 3126 2520 3195 qui
2554 3141 2663 3179 non
2691 3139 2875 3179 smnus
2912 3122 3163 3177 liberales
3205 3122 3259 3175 in
3308 3120 3520 3175 fratres.
3554 3118 3738 3173 Simus

491 3227 558 3267 ac
596 3211 777 3278 nitidi,
803 3220 861 3267 et
885 3213 1002 3268 sine
1029 3214 1239 3269 macula
1283 3214 1611 3268 immaculati
1651 3216 1665 3265 l
1715 3215 2065 3283 suscipiamus
2167 3227 2195 3266 «ι
2228 3218 2526 3269 ιιηὶιειιοτθε
2573 3214 2781 3268 Domini
2806 3224 2828 3251 τ
2862 3212 3049 3267 nostri.
3082 3210 3140 3266 Si
3167 3210 3311 3266 enim
3340 3209 3431 3265 ille
3470 3222 3741 3279 pauperes

489 3302 780 3358 adventum
809 3320 825 3357 :
858 3314 917 3358 ut
954 3305 1107 3373 enim
1133 3306 1385 3360 nativitas
1410 3322 1509 3375 per
1530 3306 1925 3361 immaculatam
1948 3308 2064 3361 vir-
2165 3307 2219 3361 in
2242 3306 2447 3359 cmlesti
2480 3314 2502 3341 '
2526 3305 2696 3372 gratia
2742 3304 2911 3357 volnit
2942 3302 3095 3355 nobis
3142 3314 3263 3356 esse
3291 3308 3574 3355 consortes
3594 3339 3613 3365 ,
3650 3313 3742 3352 cur

492 3390 673 3459 ginem
698 3394 975 3455 constitit,
1004 3394 1121 3460 ejus
1145 3394 1337 3448 natalis
1365 3408 1464 3463 per
1482 3393 1853 3450 immaculatos
1880 3411 2067 3451 servos
2168 3395 2323 3448 nobis
2352 3410 2458 3447 non
2480 3394 2586 3447 sint
2628 3394 2679 3446 in
2709 3391 3006 3446 substantia
3041 3398 3255 3443 terrena
3283 3388 3603 3443 consortes?
3639 3386 3746 3439 Nec

492 3488 829 3549 procuretur.
856 3481 1109 3551 Quisquis
1130 3483 1275 3536 enim
1315 3480 1338 3519 δ
1393 3482 1446 3536 in
1488 3483 1573 3536 illa
1614 3484 1701 3537 die
1734 3484 1980 3539 sordidus
2012 3486 2068 3557 4
2164 3485 2405 3539 extranei
2438 3484 2457 3519 ί
2490 3489 2614 3537 sunt
2653 3482 2920 3535 alimoniis
2941 3519 2957 3545 ,
2986 3480 3078 3549 qui
3104 3479 3152 3547 5
3176 3477 3372 3532 fratres
3409 3484 3534 3531 sunt
3561 3492 3740 3531 sacra-

491 3568 667 3633 fncrit,
691 3584 756 3624 ac
768 3569 1023 3639 pollutas,
1037 3570 1273 3624 natalem
1294 3568 1513 3635 Christi,
1538 3580 1830 3641 votumque
1848 3590 1952 3628 non
1971 3590 2067 3628 cu-

489 3666 593 3711 rat.
619 3657 833 3713 Intersit
860 3658 985 3714 licet
1012 3657 1294 3714 dontinic'c
1315 3659 1595 3714 festivitati
1614 3676 1860 3731 corpore,
1883 3672 2061 3718 mente

489 3848 935 3941 γὲοεεέςξέαίξ·
958 3847 1898 3941 ιε’.οίξά;,³.·ξεθιιξ;ςιςξξεῖ,,ιξίω;εεκὲίιο
1913 3852 2057 3909 Βατι-

491 3916 561 3971 ῘσΙ.
594 3916 859 3985 Florent.,
889 3934 942 3986 p.
974 3916 1066 3990 9i,
1090 3926 1324 3990 atergo,
1350 3918 1423 3972 ita
1452 3921 1647 3988 legitur
1674 3939 1688 3973 :
1724 3921 1791 3975 Ut
1818 3923 1873 3974 in
1896 3941 2065 3990 quan-

490 3998 597 4039 tum
625 4004 922 4060 prterogare
949 3986 1190 4060 voluerit,
1222 3990 1273 4039 in
1297 3996 1495 4060 tantum
1512 3986 1828 4059 prterogatio
1855 3986 2063 4060 copiosa

489 4072 592 4131 non
622 4057 791 4131 desit,
828 4066 877 4131 et
921 4056 1304 4131 anteponimus
1346 4056 1583 4131 donandi
1634 4056 1878 4131 deﬁciat,
1908 4056 2063 4131 quam

490 4124 781 4194 substantia
829 4125 1109 4194 largiendi.
1136 4124 1323 4179 Codex
1364 4142 1496 4180 vero
1550 4128 1608 4181 S.
1647 4124 1831 4183 Crucis
1858 4124 2059 4184 in'ler.

491 4190 685 4268 habet:
714 4190 976 4268 Quanta—nt
1003 4210 1282 4268 prorogare
1308 4196 1544 4268 voluerit;
1570 4199 1627 4250 in
1655 4205 1857 4268 tantum
1877 4216 2062 4268 proro-

493 4265 636 4334 gatio
660 4266 870 4334 copioso
898 4278 1001 4317 non
1021 4263 1186 4330 desit,
1213 4273 1263 4317 et
1290 4273 1412 4334 ante
1438 4266 1675 4319 voluntas
1710 4263 1941 4321 donandi
1977 4269 2069 4320 de-

495 4330 655 4399 ﬁciat,
676 4330 783 4401 etc.
811 4330 1091 4401 Postremo
1112 4334 1322 4387 codices
1338 4332 1457 4387 Vat.
1480 4334 1606 4401 433,
1628 4333 1754 4401 455,
1775 4345 1830 4389 et
1850 4336 2069 4391 Modoe-
2112 4332 2121 4341 ’

496 4402 627 4453 tien.
660 4400 763 4454 433
787 4418 798 4453 :
831 4400 896 4453 In
924 4412 1170 4471 quantum
1212 4406 1485 4473 prorogari
1512 4400 1761 4465 uoluerit.
1788 4407 1843 4458 in
1869 4415 2069 4459 tantum

496 4473 1031 4554 prorogatioucopio‘sa
1069 4471 1353 4554 nonfuit.
1373 4471 1386 4473 ’

498 4537 756 4671 #16235
797 4537 914 4593 ναι.
940 4538 1073 4607 Reg.
1104 4537 1229 4607 125,
1250 4550 1402 4594 tanta
1428 4543 1754 4612 apparitione
1784 4544 2070 4612 suscipiunt

616 4644 633 4670 ,
754 4648 769 4662 .

2169 3573 2385 3635 mentis,
2418 3571 2519 3625 nisi
2544 3571 2689 3639 quod
2712 3569 2909 3623 rectius
2936 3566 3077 3637 apud
3108 3567 3277 3620 Deum
3318 3580 3416 3634 per
3444 3565 3597 3633 ipsos
3635 3566 3745 3631 agi-

2169 3677 2289 3717 mus
2314 3676 2532 3716 causam
2578 3667 2815 3714 nostram
2840 3698 2857 3726 ,
2888 3666 2947 3713 ut
2971 3656 3172 3712 nostris
3195 3665 3224 3692 ιι
3250 3668 3345 3711 eos
3372 3654 3588 3708 alamus
3611 3669 3739 3709 sum

2167 3858 2508 3910 conscientias
2523 3894 2537 3916 ,
2567 3862 2673 3909 etc.

2227 3928 2258 4006 _l
2284 3924 2443 4005 .ldem
2482 3924 2616 3979 Cod.
2666 3923 2723 3977 S.
2772 3922 2958 3977 Crucis
2987 3922 3042 3977 in
3079 3925 3215 3987 Jcr.,
3271 3924 3594 3977 immaculati
3636 3921 3742 3976 Do-

2169 4011 2467 4143 ”‘uiul‘dem,
2490 4059 2968 4143 Quisqa‘ss‘enim‘in
2995 4061 3241 4131 prtesenti
3266 4061 3543 4131 [uanitate
3571 4060 3742 4114 sardi-

2172 4132 2268 4280 du?
2297 4130 3043 4280 ῧῖηῗϐῗζῗιιῗῖι.
3083 4196 3503 4268 recognoscitur;
3542 4206 3597 4251 et
3632 4198 3746 4250 dum

2172 4271 2348 4338 animo
2368 4271 2472 4322 vult
2500 4270 2762 4338 ofﬁciosus
2785 4283 2913 4321 esse.

2246 4339 2282 4360 "
2305 4334 2438 4393 Cod.
2470 4332 2679 4391 sancta:
2698 4334 2885 4390 Crucis
2911 4336 2964 4389 in
2991 4333 3306 4397 Jerusalem,
3344 4342 3401 4388 et
3437 4332 3743 4391 Martinen..

2238 4419 2446 4477 opterea
2476 4423 2598 4476 ergo
2638 4404 2891 4470 sublatus,
2933 4404 3109 4477 ligatis
3136 4404 3397 4477 manibus,
3426 4413 3534 4455 etc.
3568 4403 3742 4477 colles

2224 4469 2447 4556 alicam,
2472 4469 2745 4545 propterea
2772 4469 2893 4545 ergo
2918 4469 3151 4528 sublatus
3168 4510 3185 4528 .
3214 4471 3449 4526 mnibus
3469 4478 3520 4524 et
3541 4469 3762 4539 pedita.

2175 4548 2480 4667 “gfgidex
2528 4610 2743 4665 Floren.
2784 4608 2842 4664 S.
2894 4608 3079 4664 Crucis
3134 4609 3327 4663 minor.
3380 4616 3633 4663 convent.
3678 4622 3745 4667 tv,

574 4675 600 4713 δ
629 4674 761 4734 Cod.
802 4675 860 4731 S.
892 4675 1077 4733 Crucis
1114 4677 1167 4731 in
1207 4675 1506 4734 Jerusalem
1531 4722 1549 4747 ,
1588 4696 1689 4751 qua
1724 4696 1819 4735 nos
1856 4697 2075 4735 accura-
2104 4683 2153 4741 D
2178 4683 2318 4737 Plut.
2344 4685 2431 4746 55,
2466 4684 2516 4735 in
2540 4679 2896 4751 Laurentiana
2926 4679 3354 4751 mireeongruit
3383 4678 3557 4751 textui
3595 4676 3748 4731 Gale-

495 4750 763 4867 m’swCod.
796 4813 917 4867 Vat.
943 4812 1067 4881 H5,
1101 4827 1435 4869 successores.

570 4880 598 4918 ά
630 4882 763 4939 Cod.
793 4883 849 4937 S.
882 4880 1069 4941 Crucis
1108 4887 1163 4940 in
1200 4884 1338 4951 δεῖ..
1369 4885 1550 4950 Qualis
1587 4896 1754 4941 autem
1785 4897 1963 4942 nostra
1993 4905 2074 4943 re-

500 4961 815 5021 muneratio,
837 4962 940 5006 etc.

582 5030 610 5099 ς
639 5018 1164 5099 ρεωρωοηη
1175 5024 1367 5099 merita
1396 5024 1645 5099 cogdium.

582 5088 603 5175 ς
792 5090 916 5175 νᾳ.
1104 5076 1492 5175 αὖά-ωηιξηιῖ
1513 5076 1893 5175 miiericordia.

576 5168 603 5229 ᾳ
793 5160 933 5215 mdil.
968 5159 1172 5216 nectes.
1198 5159 1460 5229 Floreat,
1482 5165 1707 5218 moribus
1732 5164 1997 5217 adornati.

578 5226 605 5264 ¹¹
632 5228 767 5295 Cod.
798 5228 919 5288 Vat.
950 5230 1084 5295 Reg.
1110 5230 1233 5295 l25,
1255 5226 1456 5286 omittit
1477 5249 1610 5287 vere.

583 5245 767 5351 Im
795 5245 919 5352 i2?
949 5245 1084 5353 si:

505 5366 927 5445 parum,“
948 5368 1225 5438 splendidi,
1257 5380 1308 5423 et
1344 5370 1459 5423 siue
1509 5366 1711 5423 macula
1750 5370 2070 5423 immaculati

509 5435 720 5490 Domini
744 5440 1081 5505 suscipiamus
1118 5439 1409 5491 adventum.
1452 5439 1594 5493 Idem
1632 5440 1805 5493 codex
1832 5439 1973 5492 που.
2004 5438 2065 5491 Ε.

509 5506 694 5588 Horn:
728 5505 889 5588 Atque
912 5507 1044 5588 ideo,
1083 5508 1429 5572 dilectissimi,
1452 5517 1507 5588 ut
1530 5506 1884 5588 spiritalibus
1912 5508 2066 5588 indu-

509 5575 693 5632 mentis
722 5575 922 5646 subitas
937 5587 1137 5629 nostras
1156 5593 1393 5631 ornemus
1416 5617 1431 5641 ,
1454 5586 1503 5631 et
1530 5575 1585 5630 ut
1614 5577 1668 5629 in
1690 5587 2068 5646 superuentura

511 5646 675 5701 nectis
728 5645 914 5714 uigiliis
962 5648 1229 5715 pervigiles
1269 5662 1379 5701 esse
1421 5649 1707 5713 possimus,
1760 5648 2063 5703 mandemus

1111 5299 1417 5372 laudemus
1445 5318 1683 5372 corpora,
1706 5300 2071 5372 conscientiam

2176 4753 2431 4829 siniagog
2465 4750 2763 4829 suscepturi
2788 4751 3014 4829 natalem
3201 4747 3440 4829 Domini.
3659 4815 3666 4823 ,

2253 4954 2747 5055 5.906;."
3394 4952 3656 5005 στατίοπίτ
3670 4950 3746 5014 εί-

2182 5030 2363 5100 fectus.
2391 5041 2507 5079 cum
2529 5026 2745 5095 petimus
2776 5022 2987 5077 liberari
3014 5022 3081 5075 at
3109 5022 3365 5077 inimico?

2191 5173 2199 5175 Α
2250 5106 2281 5147 ς
2310 5097 2455 5175 lacn
2483 5092 2616 5175 βοά·
2649 5092 2813 5175 43"".-
2840 5090 3383 5175 scel-ﬂozzatiiw
3415 5090 3745 5175 Matr?

2183 5173 2307 5228 tres,
2338 5167 2619 5217 imitatores
2651 5162 2862 5215 Domini
2884 5163 3066 5214 nostri.
3098 5161 3158 5215 Si
3176 5160 3263 5213 ille
3290 5174 3544 5228 pauperes
3580 5160 3633 5211 in
3656 5170 3743 5210 cc-

2179 5236 2295 5289 lesti
2323 5234 2490 5293 gloria
2519 5232 2675 5285 voluit
2704 5231 2852 5284 nobis
2868 5246 2981 5283 esse
3000 5238 3262 5284 consortes
3280 5267 3296 5293 ,
3322 5239 3430 5281 etc.

2246 5314 2269 5341 ι
2301 5298 2436 5357 Cod.
2472 5300 2755 5354 Ilartinen.
2782 5298 2988 5354 omittit
3008 5300 3193 5353 nostri.

2244 5381 2267 5408 ⁶
2292 5371 2437 5426 Idem
2455 5369 2591 5425 Cod.
2619 5369 2783 5423 habet
2806 5369 2972 5437 gloria
2994 5383 3092 5435 pm
3113 5366 3512 5437 gratiu__uostra_.

2246 5443 2266 5477 ⁸
2456 5440 2522 5522 8..
2543 5438 2744 5522 Crucis.
2772 5424 2831 5489 ἰιῖ
2868 5424 3167 5522 ξρωέιώ
3203 5443 3262 5489 et
3291 5432 3412 5487 Vat.
3465 5430 3602 5499 Reg.
3632 5424 3744 5494 125,

2170 5526 2266 5565 nec
2284 5510 2523 5563 extranei
2546 5508 2655 5561 siut
2669 5507 2955 5570 alimoniis,
2982 5514 3086 5559 etc.

2240 5588 2269 5617 ιι
2296 5578 2353 5635 In
2376 5578 2498 5636 cod.
2531 5576 2820 5632 lat-tinea.
2848 5574 3003 5630 deest
3022 5588 3127 5628 eos.
