3924 6232
468 325 565 379 221

1691 322 1740 382 8,
1780 319 2022 376 MAXIM!
2060 321 2508 377 TAURINENSIS

3618 331 3716 384 228

465 438 777 504 relinquetur
806 433 956 505 (Luc.
989 450 1123 500 xvu;
1156 433 1344 487 Matth.
1376 434 1546 502 xxtv),
1580 441 1602 469 α
1627 433 1714 488 hic
1741 433 1849 501 jam
1872 448 2050 488 resur-
2079 439 2120 494 Α
2155 432 2246 486 ﬁat
2274 443 2472 501 castus,
2516 434 2732 490 humilis
2774 445 2830 491 et
2868 439 3142 494 modestus
3191 458 3203 492 :
3245 441 3313 495 de
3349 456 3459 510 quo
3490 440 3518 480 ἰ
3547 451 3716 499 strato

464 524 719 579 rectionis
747 524 994 578 meritum
1024 523 1439 594 demonstratur,
1477 521 1619 590 quod
1658 537 1756 592 pro
1785 522 2042 590 qualitate

462 613 675 667 vivendi
717 613 789 666 sit
826 613 997 680 gratia
1025 612 1350 679 resurgendi,
1382 626 1444 666 ac
1472 619 1673 664 tantam
1720 611 1775 664 in
1819 611 2041 679 singulis

463 703 763 770 quibusque
791 701 1200 755 resurrectionis
1227 715 1348 755 esse
1393 700 1726 767 distantiam,
1751 695 1806 754 ut
1833 700 2042 755 duobus

463 791 627 843 etiam
654 791 856 859 pariter
883 789 1288 855 dormientibus,
1322 797 1375 844 et
1397 805 1501 843 una
1543 789 1671 843 sede
1708 789 2038 857 quiescenti-

463 880 588 948 bus,
635 881 856 950 :equalis
901 895 1006 935 non
1053 881 1223 950 possit
1259 894 1379 935 esse
1424 881 1739 950 assumptio;
1786 878 2040 946 Quamvis

463 972 607 1025 enim
632 972 825 1026 eodem
855 972 1112 1027 consortii
1139 971 1336 1027 lectulo
1366 980 1677 1035 teneantur,
1707 985 1806 1040 pro
1833 971 2039 1026 meritis

461 1072 641 1120 tamen
671 1066 806 1120 alter
841 1081 1027 1121 eorum
1071 1066 1310 1135 rapietur
1353 1063 1423 1118 ad
1463 1065 1681 1133 cmlum,
1712 1064 1848 1119 alter
1873 1063 2038 1118 relin-

461 1162 657 1223 quetur
684 1157 738 1208 in
767 1156 940 1209 terris.
971 1153 1164 1210 Lectus
1185 1153 1398 1224 quidem
1429 1160 1613 1208 noster
1633 1152 1934 1206 communis
1955 1147 2038 1206 est

460 1251 622 1299 terr-te
648 1243 806 1312 hujus
825 1244 1207 1313 amplissimum
1235 1243 1427 1310 solum,
1458 1242 1510 1295 in
1536 1255 1644 1310 quo
1672 1255 1901 1310 corpora
1941 1235 2038 1295 nb-

459 1340 572 1386 stra
600 1331 843 1401 deposita
870 1332 1134 1386 tutissima
1163 1332 1292 1386 sede
1319 1330 1678 1397 requiescunt.
1723 1329 1781 1382 ln
1808 1329 1912 1384 hoc
1938 1342 2036 1382 au-

459 1428 571 1474 tem
612 1420 812 1474 lectulo
851 1421 940 1474 ille
967 1421 1180 1474 mollius
1219 1420 1435 1487 dormit,
1481 1420 1720 1489 quisquis
1759 1420 1940 1473 durius
1983 1419 2036 1473 in

459 1509 568 1562 vita
598 1524 656 1563 se
683 1510 927 1576 gesserit.
951 1507 1240 1564 Possumus
1279 1509 1422 1562 enim
1451 1509 1564 1578 ipsa
1591 1509 1829 1564 membra
1855 1516 2036 1564 nostra

460 1595 688 1650 lectulos
712 1606 927 1652 nostros
954 1599 1200 1667 proprios
1248 1613 1577 1667 nuncupare,
1626 1598 1892 1667 inquibus
1918 1599 2035 1652 ani-

456 1700 560 1739 ma:
582 1693 778 1741 nostra:
805 1688 833 1726 ιι
863 1688 918 1742 in
940 1689 1177 1758 quodam
1204 1696 1372 1745 strato
1407 1689 1716 1742 suavissime
1745 1687 2034 1742 demoran-

2141 523 2490 593 spiritualiter
2516 523 2583 578 ad
2605 526 2962 596 paralyticum
3008 527 3208 582 dictum
3251 539 3332 583 est
3372 545 3403 582 a
3442 530 3712 586 Domino:

2146 613 2316 685 Surge
2349 632 2367 667 :
2402 615 2523 669 tolle
2555 624 2580 653 ο
2623 617 2809 670 lectum
2855 627 3017 684 tuum,
3055 629 3105 672 et
3145 620 3350 673 ambula
3377 620 3590 689 (Matth.
3634 639 3712 687 ts;

2143 700 2269 755 Luc.
2301 703 2379 772 v).
2431 703 2546 757 Non
2594 704 2739 758 enim
2785 713 2892 759 tam
2940 707 2994 760 in
3031 721 3099 761 eo
3127 708 3490 763 admirationis
3517 710 3714 777 aliquid

2139 799 2278 859 erat,
2324 799 2383 845 ut
2424 791 2685 848 confracti
2728 793 2909 848 lectuli
2955 795 3186 862 ligneam
3232 805 3432 852 cratem
3477 807 3718 866 portaret

2137 879 2485 950 paralyticus,
2506 894 2666 949 quam
2715 891 2775 936 ut
2818 883 3043 938 resoluti
3081 887 3322 954 corporis
3362 886 3622 953 membra,
3663 896 3718 941 et

2138 968 2413 1023 debilitate
2451 966 2715 1025 confracti
2737 1011 2754 1039 ,
2797 971 2941 1026 velut
2979 974 3170 1026 anima:
3214 989 3324 1028 sine
3362 977 3718 1029 necessarium

2140 1057 2394 1113 lectulum
2422 1059 2749 1131 paralyticos
2787 1061 2903 1130 ipse
2940 1070 3196 1130 gestaret,
3222 1071 3278 1118 et
3316 1079 3498 1118 coram
3528 1065 3720 1133 positis

2135 1147 2332 1204 Judaeis
2359 1149 2590 1218 propriis
2617 1149 2792 1204 abiret
2815 1151 3059 1219 pedibus,
3091 1153 3183 1220 qui
3230 1153 3476 1207 manibus
3520 1154 3716 1206 allatus

2137 1236 2312 1292 fuerat
2339 1239 2545 1293 alienis.
2577 1238 2635 1292 In
2679 1240 2782 1294 hoc
2809 1239 2969 1309 plane
2992 1240 3153 1311 (sicut
3178 1240 3314 1310 dixi)
3337 1242 3604 1310 completa
3635 1249 3718 1296 est

2136 1329 2451 1400 prophetica
2490 1329 2581 1383 illa
2620 1330 2887 1383 sententia
2921 1346 2936 1382 :
2976 1329 3204 1384 Versasti
3237 1340 3455 1384 stratum
3498 1332 3610 1400 ejus
3661 1333 3715 1384 in

2133 1414 2438 1489 inﬁrmitate
2453 1420 2598 1490 ejus,-
2615 1417 2637 1457 τ
2655 1427 2711 1474 et
2731 1433 2884 1474 versa
2899 1420 3017 1475 vice
3037 1429 3276 1489 portaret
3310 1421 3505 1474 lectum
3532 1422 3586 1474 in
3608 1435 3718 1488 quo

2138 1509 2316 1570 fuerat
2343 1511 2506 1580 paulo
2526 1520 2653 1565 ante
2673 1519 2932 1580 portatus,
2958 1519 3014 1565 et
3031 1511 3209 1564 anima
3237 1511 3398 1579 illius,
3423 1526 3540 1581 qua:
3567 1511 3718 1580 prius

2139 1600 2353 1655 vasculo
2381 1600 2632 1669 corporis
2649 1599 2939 1667 ferebatur,
2966 1607 3156 1670 postea
3185 1615 3381 1668 corpus
3409 1616 3564 1654 suum
3597 1601 3717 1670 ipsa

2138 1689 2319 1744 utilius
2353 1686 2736 1743 circumferret.
2769 1687 2955 1743 Potest
3008 1689 3168 1742 etiam
3196 1689 3386 1758 accipi,
3412 1688 3555 1757 quod
3597 1689 3714 1742 ait:

458 1782 576 1841 tur;
600 1777 744 1845 quod
771 1777 987 1846 quidem
1016 1789 1256 1831 sanctum
1288 1777 1606 1846 prophetam
1634 1778 1866 1832 sensisse
1895 1779 2036 1832 arbi-
2071 1789 2110 1845 ι]
2139 1779 2309 1833 Erunt
2330 1779 2429 1833 duo
2453 1780 2507 1832 in
2532 1779 2664 1833 lecto
2682 1795 2807 1845 uno,
2829 1794 2962 1832 unus
2982 1789 3293 1835 assumetur.
3316 1788 3363 1831 et
3398 1795 3532 1831 unus
3553 1780 3716 1832 retin-

454 1873 592 1933 tror,
617 1883 743 1920 cum
783 1867 911 1923 dicit
941 1886 954 1921 :
991 1867 1292 1922 Universum
1324 1871 1380 1939 8
1407 1879 1627 1922 stratum
1665 1870 1778 1939 ejus
1819 1872 2035 1924 versasti
2137 1879 2338 1940 quetur,
2371 1869 2797 1924 Christianorum
2828 1868 2980 1938 plebs
3007 1876 3065 1922 et
3092 1869 3320 1937 populus
3358 1866 3671 1923 Judzcorum
3698 1909 3715 1934 ,

453 1955 510 2008 in
536 1954 841 2024 infirmitate
868 1957 978 2027 ejus
1010 1955 1190 2026 (Psal.
1223 1958 1336 2026 ιι).
1383 1956 1580 2010 Beatus
1627 1958 1768 2011 enim
1815 1965 1897 2011 est
1925 1958 2036 2024 ille,
2140 1961 2232 2028 qui
2261 1961 2408 2015 velut
2437 1975 2542 2016 uno
2572 1960 2786 2025 lectulo,
2819 1961 2922 2015 hoc
2948 1967 3032 2015 est
3054 1976 3160 2014 una
3189 1960 3566 2015 mandatorum
3599 1960 3716 2028 lege

457 2043 611 2113 cujus
632 2052 856 2099 stratum
879 2043 1136 2099 Dominus
1160 2046 1214 2100 in
1238 2047 1402 2114 ipsius
1422 2045 1730 2100 inﬁrmitate
1760 2060 1780 2084 υ
1812 2060 2036 2099 conver-
2136 2057 2410 2115 tenentur,
2440 2057 2496 2102 et
2522 2049 2689 2104 veluti
2735 2049 2895 2103 simili
2939 2049 3346 2103 resurrectionis
3383 2049 3567 2118 specie
3595 2048 3714 2116 glo-

455 2134 550 2199 tit;
584 2143 644 2187 ut
670 2136 761 2201 qui
789 2135 962 2190 fuerat
999 2137 1158 2205 paulo
1188 2146 1313 2192 ante
1359 2137 1674 2204 iracundus,
1723 2137 1952 2205 adulter,
1980 2145 2036 2191 et
2135 2140 2358 2193 riantur.
2394 2138 2543 2192 Tunc
2585 2139 2751 2206 igitur
2783 2136 3208 2193 Christianorum
3255 2138 3443 2192 beatus
3484 2137 3716 2207 populus

453 2224 720 2292 petulans,
766 2233 821 2279 et
856 2234 1172 2280 cunctorum
1202 2227 1464 2282 scelerum
1493 2228 1889 2282 inﬁrmitatibus
1918 2229 2034 2297 ple-

454 2327 577 2381 nus,
603 2323 877 2370 assuetum
916 2330 1115 2381 corpus
1152 2316 1270 2385 ejus
1312 2317 1455 2372 malo
1483 2332 1705 2372 versans
1752 2317 2032 2386 Dominus,

2146 2237 2448 2316 assumetur
2476 2231 2528 2283 in
2555 2229 2800 2298 gloriam,
2831 2237 2858 2276 ε
2885 2226 3192 2283 Iudaeorum
3214 2236 3395 2283 autem
3415 2235 3716 2283 conventus

2136 2320 2470 2388 relinquetur
2497 2320 2550 2374 in
2578 2327 2743 2374 terra.

1838 2452 2185 2516 HOMILIA
2221 2453 2330 2514 Ill.

1646 2549 1811 2621 Super
1830 2555 2009 2606 eadem
2038 2558 2192 2608 verba
2214 2553 2507 2624 Evangelii.

1888 2640 2282 2696 ADMONITIO.

518 2735 574 2804 9
591 2732 788 2804 Patens
810 2732 968 2800 hujus
985 2731 1225 2804 humilia:
1251 2745 1375 2804 cum
1391 2729 1871 2804 superiorenexus,
1895 2739 1961 2804 et_
1965 2730 2234 2804 colligatio
2247 2730 2380 2804 _sati_s
2394 2729 2629 2804 ostendit
2645 2741 2925 2804 utramque
2953 2730 3141 2804 eodem
3157 2745 3239 2804 _ex
3268 2729 3416 2804 fonte
3442 2744 3711 2804 manasse.

457 2797 796 2858 Atcertiores
818 2797 918 2855 nos
943 2801 1157 2869 quidem
1181 2801 1410 2869 reddunt
1419 2797 1557 2869 _mss.
1582 2799 1812 2869 codices,
1844 2806 1902 2852 ut
1928 2799 2308 2869 Sangallensis,
2327 2798 2820 2869 ALambacensis,Sﬁ._
2839 2797 3038 2854 Crucis
3065 2799 3118 2852 in
3145 2799 3255 2854 Jer.
3287 2798 3356 2853 90
3392 2812 3450 2854 et
3475 2798 3562 2864 99,
3591 2799 3715 2854 Val-

451 2872 728 2927 licellanus
751 2887 809 2934 tt,
837 2866 1126 2938 Vaticanus
1155 2867 1465 2938 unusiiti'l,
1489 2881 1627 2938 pagL
1648 2867 1732 2932 i5,
1761 2866 2167 2938 Novarien.’_27,
2199 2866 2370 2938 p.718,
2402 2869 2488 2938 cui
2514 2869 2648 2938 item
2684 2867 2754 2938 S.
2774 2867 2988 2921 Maximi
3020 2884 3212 2923 nomen
3241 2868 3516 2938 prmlimm
3558 2869 3714 2923 exhi-

452 2941 599 2995 bent.
629 2938 740 2995 Nec
758 2939 979 2993 dissidet
999 2937 1155 2992 Joan.
1186 2936 1452 3000 Gillotius,
1480 2934 1580 3004 (iui
1601 2934 1814 2991 Parisiis
1834 2952 1922 3005 an.
1956 2935 2091 2989 1569
2118 2934 2384 2991 τθεύίίεης
2407 2936 2464 2991 S.
2493 2935 2762 2992 Ambrosii
2788 2952 2972 3005 opera,
3006 2945 3061 2992 et
3081 2938 3221 2994 hanc
3244 2934 3520 2992 homiliam
3536 2938 3714 2993 collo-

451 3023 583 3065 cans
610 3025 756 3062 num.
784 3006 853 3061 29
898 3021 1224 3070 sermonum,
1257 3003 1536 3074 annotavit
1563 3006 1616 3058 in
1659 3018 1826 3074 marg.
1858 3024 1871 3057 :
1903 3003 2051 3058 Idem
2079 3005 2228 3058 habet
2258 3006 2522 3059 Maximus
2555 3003 2982 3068 Mediolanensis,
3014 3005 3160 3074 quod
3189 3022 3377 3060 errans
3404 3006 3560 3071 dixit,
3591 3007 3716 3060 Fuit

451 3079 593 3156 enim
615 3076 872 3156 Maximus
903 3074 1391 3156 TaurinensisLSed
1411 3073 1481 3128 ad
1503 3073 1792 3156 ﬁrmiorem
1819 3075 2020 3156 horum_
2039 3076 2414 3156 auctoritatem
2443 3077 2646 3156 optime
2684 3075 2936 3156 conducit
2962 3073 3170 3156 {Alconti
3197 3077 3585 3156 testimonium,
3615 3077 3710 3156 qui

451 3161 549 3200 suo
578 3147 629 3200 in
656 3146 969 3200 llomiliario
983 3145 1170 3199 Venet.
1190 3145 1321 3198 edit.
1344 3158 1530 3207 serm.,
1549 3141 1582 3195 4
1604 3157 1723 3212 pag.
1741 3143 1795 3207 8,
1813 3159 1930 3197 eam
1941 3143 2108 3198 suhS.
2124 3144 2338 3198 Maximi
2365 3141 2526 3198 tradit
2552 3143 2621 3197 ad
2635 3141 2925 3212 secundam
2948 3144 3267 3198 dominicam
3291 3142 3591 3206 Adventus;
3613 3141 3713 3212 ipsi

489 3215 780 3270 osteriores
799 3230 986 3268 omnes
1005 3213 1242 3268 editores
1269 3211 1692 3268 conformantur.
1717 3212 1870 3277 Quod
1899 3214 1944 3266 si
1970 3214 2025 3266 in
2049 3214 2364 3282 quibusdam
2384 3212 2663 3282 codicibus
2682 3211 2741 3282 S.
2761 3212 3044 3266 Ambrosio
3065 3212 3365 3275 ascribitur,
3391 3213 3451 3282 hi
3467 3211 3714 3281 profecto

489 3232 780 3270 OSICI'IOI‘OS
799 3232 986 3268 omnes
1005 3232 1242 3268 CUIIOI‘OS
1269 3232 1692 3268 contormantur.
1717 3232 1870 3277 υυοα
1899 3232 1944 3266 Si
1970 3232 2025 3266 111
2049 3232 2364 3282 (11110115οω
2384 3232 2663 3268 (3001010115
2683 3232 2740 3266 Β.
2761 3232 3044 3266 Λωυτοδιο
3065 3232 3365 3275 εδοηωιυτ,
3392 3232 3444 3266 nl
3467 3232 3714 3281 ρτοιθειο

450 3232 680 3338 Eabendi
707 3291 833 3338 sunt
857 3284 1083 3348 minimi,
1107 3297 1228 3337 cum
1258 3297 1432 3351 neque
1470 3297 1710 3345 numero,
1744 3297 1916 3350 neque
1945 3282 2261 3350 antiquitate
2287 3283 2519 3335 Maximo
2549 3280 2850 3351 faventibus
2892 3281 2999 3351 sint
3031 3282 3366 3351 coaequandi.
3408 3280 3716 3351 Menendus

553 3368 615 3407 ro
639 3354 808 3408 lector
828 3353 917 3407 hic
945 3362 1047 3416 est,
1079 3351 1321 3406 additum
1346 3349 1381 3404 a
1410 3352 1564 3404 nobis
1605 3351 1726 3405 huic
1753 3349 1928 3404 eidem
1967 3349 2202 3406 homiliae
2257 3351 2332 3404 fra
2372 3360 2609 3404 mentum
2642 3349 2879 3412 nondum
2909 3350 3128 3413 editum,
3151 3349 3300 3419 quod
3328 3365 3396 3404 ex
3426 3350 3716 3406 Codicibus

451 3367 806 3476 Extmllensi.
838 3421 1078 3476 Florent.
1101 3439 1139 3476 ι.
1170 3420 1311 3474 Plut.
1341 3437 1450 3473 xiv.
1478 3419 1603 3474 bibl.
1631 3418 1822 3474 Medic.
1856 3419 2134 3476 Laurent..
2167 3429 2222 3474 et
2243 3418 2311 3472 99
2336 3366 2469 3474 gibt.
2501 3418 2558 3473 S.
2591 3417 2778 3474 Crucis
2816 3419 2870 3471 in
2898 3416 3194 3473 Jerusalem
3233 3419 3644 3476 exscripsimus.

525 3422 698 3491 ngalle

702 3423 806 3488 nsi,
838 3421 1078 3476 Florent.
1101 3439 1139 3483 ι,
1170 3420 1311 3474 Plut.
1341 3437 1450 3473 xiv.
1478 3419 1603 3474 bibl.
1631 3418 1822 3511 Medic.
1856 3419 2134 3484 Laurent.,
2167 3429 2222 3474 et
2243 3418 2311 3472 99

2377 3420 2469 3474 ibl.
2501 3418 2558 3473 S.
2591 3417 2778 3474 Crucis
2816 3419 2870 3471 in
2898 3416 3194 3473 Jerusalem
3233 3419 3644 3488 exscripsimus.

452 3557 840 3611 usuusu-run.
866 3586 938 3596 --
963 3552 1202 3606 Continet
1243 3552 1454 3604 homilia
1496 3550 1725 3604 eamdem
1758 3549 2028 3621 Evangelii
2054 3556 2096 3615 C
2132 3551 2321 3619 quisve
2359 3549 2656 3605 molitionis
2700 3547 2941 3604 eﬂ’ectus.
2978 3548 3119 3603 Nulli
3162 3548 3383 3602 dubium
3431 3558 3538 3612 est,
3571 3554 3718 3620 quod

519 3625 890 3693 expositionem
907 3622 1150 3692 antpliors'
1167 3622 1582 3691 interpretatione
1597 3632 1917 3682 exornatam.

520 3736 810 3804 Superiore
838 3735 1108 3792 dominica
1138 3734 1428 3802 capitulum
1469 3739 1832 3801 evangelicum
1860 3733 2029 3788 disse-

453 3836 635 3884 rentes
662 3837 869 3898 partem
895 3826 1184 3898 quamdam
1206 3841 1272 3878 ex
1288 3825 1379 3879 illo
1409 3825 1844 3894 perstrinximus;
1867 3839 2028 3892 supe-

451 3925 584 3984 rest,
614 3920 676 3971 ht
729 3918 1004 3986 sequentia
1044 3916 1412 3970 decurramus.
1456 3915 1839 3984 Descripsimus
1884 3916 2028 3971 enim

451 4007 580 4076 quid
606 4014 749 4062 esset
779 4006 922 4077 quod
957 4004 1214 4058 Dominus
1240 4004 1316 4057 ait
1346 4020 1358 4056 :
1387 4003 1450 4056 In
1471 4003 1563 4057 illa
1589 4015 1733 4060 nocte
1754 4014 1902 4058 erunt
1925 4005 2027 4059 duo

451 4097 645 4152 inlecta
669 4113 792 4164 uno,
810 4105 948 4162 etc.;
971 4111 1114 4150 nunc
1127 4107 1254 4162 ergo
1276 4094 1570 4160 videamus,
1591 4093 1737 4162 quod
1766 4095 2028 4164 reliquum

452 4195 538 4243 est
567 4205 582 4242 :
613 4187 746 4243 dicit
773 4187 920 4242 enim
944 4183 972 4223 ιι
1001 4185 1182 4239 divina
1228 4184 1492 4238 sententia
1524 4203 1534 4237 :
1578 4183 1749 4238 Erunt
1774 4185 1891 4239 duce
1915 4202 2028 4239 mo-

452 4277 612 4332 lentes
639 4280 695 4332 in
739 4278 995 4344 pistrino;
1024 4293 1129 4328 una
1155 4284 1464 4339 assumetur,
1498 4285 1546 4328 et
1580 4291 1684 4328 una
1719 4276 2030 4347 relinquetur

453 4366 603 4436 (Luc.
636 4367 786 4434 xvu).
808 4364 1040 4419 Primum
1069 4365 1230 4431 igitur
1249 4363 1698 4419 considerandum
1735 4362 1750 4400 ί
1777 4373 1876 4425 est,
1894 4380 2032 4433 quo.

453 4455 618 4510 modo
665 4463 882 4510 constet
928 4456 1182 4510 molentis
1228 4453 1496 4519 oﬂicium;
1527 4453 1726 4508 deinde
1772 4469 1889 4523 quae
1927 4455 2033 4509 sint

452 4543 591 4611 duae,
621 4559 740 4614 qua:
767 4547 971 4602 molere
990 4545 1269 4610 dicuntur;
1294 4545 1455 4600 tertio
1479 4545 1606 4614 quid
1637 4545 1915 4615 pistrinum
1939 4547 2026 4610 sit,

522 4757 549 4786 ι
595 4747 778 4804 Codex
822 4745 989 4802 Vatic.
1045 4742 1216 4798 Palat.
1268 4743 1437 4806 1276,
1487 4745 1540 4798 in
1580 4760 1688 4814 quo
1728 4744 1829 4796 alia
1863 4760 2022 4798 manu

455 4818 543 4873 hic
569 4831 750 4872 sermo
777 4815 1058 4871 ascribitur
1087 4814 1388 4876 Ambrosio,
1423 4814 1550 4881 legit
1590 4832 1602 4865 :
1633 4814 1754 4868 Jam
1794 4830 2024 4870 resurre-

450 4888 634 4940 ctionis
663 4887 903 4942 meritum
930 4885 1334 4949 demonstratur,
1362 4885 1497 4953 quod
1527 4900 1630 4937 non
1653 4900 1748 4953 pro
1775 4882 2023 4953 qualitate

450 4957 648 5010 cinctuti
674 4956 762 5021 sit,
785 4961 889 5008 etc.

523 5024 550 5062 δ
580 5023 712 5078 Cod.
743 5016 886 5076 aedil.
917 5016 988 5074 M.
1019 5019 1150 5085 eccl.
1182 5020 1349 5082 Flor.,
1381 5029 1437 5074 et
1478 5019 1598 5076 cod.
1649 5018 1716 5071 99
1742 5019 1800 5074 S.
1831 5017 2018 5075 Crucis

451 5093 506 5148 in
529 5092 662 5157 Jer.,
693 5093 852 5161 ueluti
870 5092 926 5144 in
947 5088 1170 5161 quodam
1196 5099 1360 5143 stratu
1387 5090 1686 5144 nmoissime
1705 5089 2014 5144 demoratur.

527 5172 550 5200 ο
580 5161 712 5215 Cod.
744 5160 1007 5222 Vallicel.,
1037 5162 1278 5212 concutit.

523 5228 548 5267 ἀ
579 5229 722 5288 [dem
751 5229 897 5290 cod.,
928 5228 991 5281 de
1012 5244 1109 5290 quo
1137 5237 1322 5281 stratu.

525 5308 549 5336 '
579 5298 710 5352 Cod.
733 5297 854 5352 Vat.
890 5295 1032 5351 1267
1055 5305 1109 5350 et
1127 5297 1314 5352 Vallic.
1346 5295 1408 5360 II,
1447 5295 1718 5360 grabatum
1749 5307 1907 5350 tuum.

527 5367 547 5405 ί
578 5367 636 5421 1n
671 5367 854 5421 codice
885 5381 925 5432 ι,
954 5363 1091 5419 Plut.
1135 5383 1240 5421 xxv.
1273 5365 1400 5419 bibl.
1447 5363 1832 5432 Laurentianae,
1875 5375 1930 5419 et
1966 5365 2018 5418 in

451 5436 574 5495 cod.
601 5435 658 5491 S.
694 5433 879 5490 Crucis
912 5431 968 5487 in
1005 5432 1201 5499 Jerus.,
1244 5433 1396 5500 cujus
1426 5431 1585 5502 paulo
1607 5444 1730 5488 ante
1776 5435 2022 5502 memini-

453 5522 594 5576 mus,
625 5505 858 5576 legitur_:
884 5505 1072 5576 ut_tvic_e
1117 5520 1263 5576 versa
1307 5501 1535 5576 portaret
1581 5503 1836 5557 lectulum.
1868 5501 2022 5576 Quod

453 5569 592 5628 idem
615 5569 718 5629 fert
743 5572 912 5626 codex
940 5570 997 5624 S.
1021 5571 1206 5626 Crucis
1245 5569 1637 5626 in'Jerusalem.
1686 5610 1690 5614 η

529 5653 552 5689 ι
585 5642 972 5696 Laurentianus
1000 5641 1138 5694 idem
1167 5641 1310 5699 cod..
1343 5639 1642 5695 Judworum
1682 5651 1848 5694 autem
1877 5657 2023 5694 exse-

2130 3644 2334 3697 molere
2363 3643 2515 3696 aliter
2548 3657 2662 3695 non
2691 3649 2925 3706 constat,
2948 3641 3048 3695 nisi
3082 3641 3295 3696 duobus
3324 3641 3600 3710 lapidibus
3621 3660 3720 3715 ap-

2129 3734 2352 3803 paratis,
2376 3741 2431 3786 et
2457 3733 2903 3787 convenientibus
2920 3732 3042 3796 sibi,
3088 3739 3147 3784 ut
3175 3732 3333 3786 alteri
3373 3746 3441 3787 ex
3484 3732 3576 3788 his
3605 3751 3720 3789 ma-

2128 3823 2353 3891 gnitudo
2373 3823 2593 3877 alterius
2615 3824 2948 3892 imponatur:
2969 3831 3026 3877 et
3046 3822 3195 3877 illum
3210 3823 3430 3891 quidem
3452 3824 3717 3894 lapidem,

2128 3915 2220 3982 qui
2245 3917 2258 3964 ἰ
2290 3915 2438 3984 prior
2464 3915 2737 3979 sternitur,
2762 3929 2882 3969 esse
2908 3914 3116 3984 pigrum
3137 3922 3195 3969 et
3214 3914 3442 3981 tardum,
3466 3925 3526 3970 et
3554 3931 3718 3986 pene,

2130 4011 2188 4057 ut
2216 4004 2288 4057 ita
2320 4004 2566 4070 dixerim,
2609 4004 2847 4060 otiosum
2874 4018 2940 4059 ac
2983 4005 3085 4059 nisi
3108 4005 3400 4075 superioris
3420 4007 3721 4078 participa-

2133 4094 2281 4147 tione
2302 4093 2496 4163 lapidis
2537 4103 2823 4148 ornaretur
2871 4095 2918 4159 ι,
2951 4093 3177 4148 forsitan
3226 4096 3570 4150 necessarius
3610 4113 3720 4150 non

2130 4184 2425 4239 videretur.
2453 4185 2531 4238 Ita
2553 4185 2680 4239 dum
2709 4185 2799 4240 ille
2828 4194 3102 4255 opera-tur,
3136 4185 3301 4241 etiam
3330 4186 3432 4240 iste
3461 4185 3618 4242 utilis
3639 4188 3722 4241 in-

2131 4277 2360 4330 venitur.
2391 4276 2485 4330 llle
2506 4284 2686 4330 autem
2711 4274 2756 4340 ι,
2783 4276 2835 4331 id
2860 4284 2946 4332 est
2972 4277 3220 4346 superior
3238 4277 3373 4348 lapis
3399 4286 3439 4316 ιι
3469 4285 3592 4332 tota
3621 4294 3720 4333 ve~

2130 4364 2350 4419 locitate
2378 4365 2556 4433 operis
2584 4363 2981 4429 circumfertur,
3009 4378 3068 4420 ut
3093 4365 3282 4421 fallens
3300 4366 3491 4421 oculos
3518 4368 3578 4421 in
3599 4368 3718 4436 ipsa

2130 4454 2408 4509 celeritate
2436 4462 2580 4507 stare
2606 4455 2889 4519 credatur,
2918 4463 2974 4510 et
2994 4463 3213 4525 putetur
3232 4456 3523 4512 immobilis
3570 4473 3717 4520 esse,

2131 4545 2258 4599 dum
2282 4546 2468 4600 currit.
2499 4544 2600 4610 Qui
2619 4555 2822 4615 quanto
2846 4546 3137 4602 violentius
3167 4553 3320 4602 actus
3345 4544 3529 4613 fuerit,
3559 4557 3719 4604 tanto

2130 4743 2340 4797 crabilis
2365 4752 2664 4798 conventus:
2695 4743 3037 4810 Godcxvero
3077 4741 3145 4795 99
3179 4743 3238 4798 S.
3275 4743 3463 4800 Crucis
3504 4745 3564 4802 in
3593 4741 3712 4804 λέν.

2128 4827 2227 4884 pro
2255 4814 2572 4884 relinquetur
2591 4814 2647 4884 in
2675 4817 2820 4884 terra
2840 4813 3013 4884 habet
3051 4813 3367 4884 relinquetur
3396 4817 3450 4868 in
3484 4827 3717 4875 tortore.

2195 4879 2222 4918 ιι
2262 4881 2318 4935 1η
2336 4879 2466 4936 Cod.
2500 4881 2567 4933 99
2604 4879 2879 4942 S.-Crucis
2902 4881 2953 4934 in
2981 4879 3091 4935 Jer.
3133 4879 3345 4937 additur
3361 4885 3568 4939 cadetis.

2201 4950 2216 4987 ί
2260 4949 2392 5004 Cod.
2421 4949 2680 5006 Vallicell.
2715 4966 2769 5014 ll,
2801 4950 3237 5004 considerandum
3257 4952 3400 5005 nobis
3425 4962 3525 5007 est.

2199 5024 2212 5069 t
2263 5019 2396 5074 Cod.
2428 5020 2484 5074 S.
2515 5020 2706 5075 Crucis
2735 5021 2786 5073 in
2813 5018 2949 5082 εἰει-η
2980 5021 3065 5074 cui
3089 5019 3420 5075 conformior
3456 5032 3547 5076 est
3589 5023 3714 5080 Vat.

2124 5088 2280 5144 1267.
2315 5091 2456 5143 ocior
2478 5089 2591 5143 solo
2619 5090 2883 5143 sternitur.
2909 5088 3041 5142 Item
3064 5088 3190 5154 cod,
3223 5089 3343 5143 Vat.
3375 5088 3537 5144 1267.

2046 5148 2097 5206 Ι)
2195 5158 2218 5196 ι
2263 5157 2499 5213 Uterque
2523 5159 2693 5213 codex
2713 5158 2769 5212 S.
2801 5157 2986 5212 Crucis
3011 5157 3065 5210 in
3093 5157 3203 5213 Jer.
3227 5159 3372 5212 addit
3394 5160 3490 5213 ita.
3522 5163 3537 5212 t

2431 5171 2499 5213 ue
2523 5159 2693 5213 codex
2713 5158 2769 5212 S.
2801 5157 2986 5212 Crucis
3011 5157 3065 5210 in
3093 5157 3203 5213 Jer.
3227 5159 3372 5212 addit
3394 5160 3490 5214 ita.
3522 5159 3714 5215 Codex

2126 5227 2248 5282 Vat.
2282 5227 2424 5280 1267⁷
2446 5229 2609 5282 habet
2635 5235 2954 5283 oneraretur.

2169 5296 2218 5379 ,ι
2263 5295 2396 5379 Cod.
2440 5297 2632 5352 Novar.
2685 5296 2906 5369 27,.ille
2949 5305 3121 5351 autem
3167 5297 3302 5350 idem
3347 5298 3592 5366 superior
3637 5299 3710 5355 la-

2128 5384 2240 5516 ῂηιῖι
2254 5376 2411 5516 cadd.
2443 5433 2702 5516 §angal_l‘.‘,
2734 5433 2953 5516 et‘cod.
2986 5430 3055 5486 99
3085 5432 3143 5488 S.
3191 5433 3377 5516 grecis
3404 5433 3457 5516 in
3498 5432 3640 5516 lor...
3671 5445 3714 5515 et

2130 5514 2276 5558 tanta
2299 5500 2586 5559 velocitate.
2628 5502 2696 5556 Et
2722 5503 2842 5557 cod.
2871 5520 2888 5556 ι
2918 5500 3183 5566 Laut-en...
3205 5503 3302 5556 hac
3329 5500 3484 5556 tanta
3527 5504 3717 5559 ueloci.

2131 5584 2236 5628 tate
2258 5573 2426 5642 operis
2453 5573 2830 5641 circumfertur,
2861 5579 2917 5624 ut
2946 5569 3257 5628 rolubilitate
3285 5586 3396 5623 sua.
