  <div class='ocr_page' id='page_1' title='image "/cluster/home/n/w/nwhite01/storage/ocr_20150623/57/uva.x000827099/122.png"; bbox 0 0 3924 6232; ppageno 0'>
   <div class='ocr_carea' id='block_1_1' title="bbox 57 126 72 270">
    <p class='ocr_par' dir='ltr' id='par_1_1' title="bbox 57 126 72 270">
     <span class='ocr_line' id='line_1_1' title="bbox 57 126 72 270; baseline 0 0"><span class='ocrx_word' id='word_1_1' title='bbox 57 126 72 270; x_wconf 65' lang='grc' dir='ltr'>ἓ</span> 
     </span>
    </p>
   </div>
   <div class='ocr_carea' id='block_1_2' title="bbox 221 319 2094 400">
    <p class='ocr_par' dir='ltr' id='par_1_2' title="bbox 221 319 2094 400">
     <span class='ocr_line' id='line_1_2' title="bbox 221 319 2094 400; baseline 0 -10"><span class='ocrx_word' id='word_1_2' title='bbox 221 344 309 400; x_wconf 69' lang='lat' dir='ltr'><strong>m</strong></span> <span class='ocrx_word' id='word_1_3' title='bbox 1697 335 1973 391; x_wconf 50' lang='lat' dir='ltr'><strong>uomuit</strong></span> <span class='ocrx_word' id='word_1_4' title='bbox 2011 319 2094 390; x_wconf 77' lang='lat' dir='ltr'><strong>ut.</strong></span> 
     </span>
    </p>
   </div>
   <div class='ocr_carea' id='block_1_3' title="bbox 235 427 3545 524">
    <p class='ocr_par' dir='ltr' id='par_1_3' title="bbox 235 427 3545 524">
     <span class='ocr_line' id='line_1_3' title="bbox 235 427 3545 524; baseline 0.003 -22"><span class='ocrx_word' id='word_1_5' title='bbox 235 469 352 524; x_wconf 65' lang='lat' dir='ltr'><strong>opus</strong></span> <span class='ocrx_word' id='word_1_6' title='bbox 389 451 715 523; x_wconf 74' lang='lat' dir='ltr'><strong>periectius</strong></span> <span class='ocrx_word' id='word_1_7' title='bbox 761 455 1206 506; x_wconf 74' lang='lat' dir='ltr'><strong>consummatur.</strong></span> <span class='ocrx_word' id='word_1_8' title='bbox 1240 447 1316 501; x_wconf 84' lang='lat' dir='ltr'><strong>ita</strong></span> <span class='ocrx_word' id='word_1_9' title='bbox 1370 459 1499 513; x_wconf 80' lang='lat' dir='ltr'><strong>ergo</strong></span> <span class='ocrx_word' id='word_1_10' title='bbox 1536 444 1686 515; x_wconf 90' lang='lat' dir='ltr'><strong>prior</strong></span> <span class='ocrx_word' id='word_1_11' title='bbox 1712 443 1849 513; x_wconf 83' lang='lat' dir='ltr'><strong>lapis</strong></span> <span class='ocrx_word' id='word_1_12' title='bbox 1876 450 1925 506; x_wconf 77' lang='grc' dir='ltr'>Α</span> <span class='ocrx_word' id='word_1_13' title='bbox 1951 445 2118 507; x_wconf 77' lang='lat' dir='ltr'><strong>litatis</strong></span> <span class='ocrx_word' id='word_1_14' title='bbox 2146 444 2438 514; x_wconf 92' lang='lat' dir='ltr'><strong>asperitate</strong></span> <span class='ocrx_word' id='word_1_15' title='bbox 2465 446 2692 512; x_wconf 86' lang='lat' dir='ltr'><strong>mollita,</strong></span> <span class='ocrx_word' id='word_1_16' title='bbox 2722 427 2983 516; x_wconf 80' lang='lat' dir='ltr'><strong>producat</strong></span> <span class='ocrx_word' id='word_1_17' title='bbox 3004 465 3162 504; x_wconf 87' lang='lat' dir='ltr'><strong>omne</strong></span> <span class='ocrx_word' id='word_1_18' title='bbox 3180 452 3321 519; x_wconf 87' lang='lat' dir='ltr'><strong>quod</strong></span> <span class='ocrx_word' id='word_1_19' title='bbox 3353 468 3545 522; x_wconf 79' lang='lat' dir='ltr'><strong>purum</strong></span> 
     </span>
    </p>
   </div>
   <div class='ocr_carea' id='block_1_4' title="bbox 245 534 1854 612">
    <p class='ocr_par' dir='ltr' id='par_1_4' title="bbox 245 534 1854 612">
     <span class='ocr_line' id='line_1_4' title="bbox 245 534 1854 612; baseline -0.009 -12"><span class='ocrx_word' id='word_1_20' title='bbox 245 554 352 609; x_wconf 81' lang='lat' dir='ltr'><strong>stat,</strong></span> <span class='ocrx_word' id='word_1_21' title='bbox 375 543 548 612; x_wconf 88' lang='lat' dir='ltr'><strong>jacet,</strong></span> <span class='ocrx_word' id='word_1_22' title='bbox 579 549 642 597; x_wconf 90' lang='lat' dir='ltr'><strong>et</strong></span> <span class='ocrx_word' id='word_1_23' title='bbox 667 556 822 612; x_wconf 91' lang='lat' dir='ltr'><strong>pene</strong></span> <span class='ocrx_word' id='word_1_24' title='bbox 841 540 983 595; x_wconf 83' lang='lat' dir='ltr'>nihil</span> <span class='ocrx_word' id='word_1_25' title='bbox 1015 537 1263 608; x_wconf 76' lang='lat' dir='ltr'><strong>prodest;</strong></span> <span class='ocrx_word' id='word_1_26' title='bbox 1293 536 1382 590; x_wconf 91' lang='lat' dir='ltr'><strong>ille</strong></span> <span class='ocrx_word' id='word_1_27' title='bbox 1412 549 1539 590; x_wconf 89' lang='lat' dir='ltr'><strong>vero</strong></span> <span class='ocrx_word' id='word_1_28' title='bbox 1562 534 1854 602; x_wconf 71' lang='lat' dir='ltr'><strong>alter,qute</strong></span> 
     </span>
    </p>
   </div>
   <div class='ocr_carea' id='block_1_5' title="bbox 247 623 1852 698">
    <p class='ocr_par' dir='ltr' id='par_1_5' title="bbox 247 623 1852 698">
     <span class='ocr_line' id='line_1_5' title="bbox 247 623 1852 698; baseline -0.009 -8"><span class='ocrx_word' id='word_1_29' title='bbox 247 636 562 698; x_wconf 75' lang='lat' dir='ltr'><strong>inferuntur,</strong></span> <span class='ocrx_word' id='word_1_30' title='bbox 601 640 815 688; x_wconf 88' lang='lat' dir='ltr'><strong>cuncta</strong></span> <span class='ocrx_word' id='word_1_31' title='bbox 865 628 1116 698; x_wconf 74' lang='lat' dir='ltr'><strong>suscipit,</strong></span> <span class='ocrx_word' id='word_1_32' title='bbox 1153 642 1271 698; x_wconf 71' lang='lat' dir='ltr'><strong>qua:</strong></span> <span class='ocrx_word' id='word_1_33' title='bbox 1311 625 1553 689; x_wconf 85' lang='lat' dir='ltr'><strong>veniunt,</strong></span> <span class='ocrx_word' id='word_1_34' title='bbox 1601 623 1852 676; x_wconf 89' lang='lat' dir='ltr'><strong>universa</strong></span> 
     </span>
    </p>
   </div>
   <div class='ocr_carea' id='block_1_6' title="bbox 249 712 1854 795">
    <p class='ocr_par' dir='ltr' id='par_1_6' title="bbox 249 712 1854 795">
     <span class='ocr_line' id='line_1_6' title="bbox 249 712 1854 795; baseline -0.01 -15"><span class='ocrx_word' id='word_1_35' title='bbox 249 725 650 795; x_wconf 72' lang='lat' dir='ltr'><strong>complectitur,</strong></span> <span class='ocrx_word' id='word_1_36' title='bbox 681 728 740 775; x_wconf 91' lang='lat' dir='ltr'><strong>et</strong></span> <span class='ocrx_word' id='word_1_37' title='bbox 783 736 885 792; x_wconf 91' lang='lat' dir='ltr'><strong>per</strong></span> <span class='ocrx_word' id='word_1_38' title='bbox 932 721 1035 790; x_wconf 77' lang='grc' dir='ltr'><strong>ιο</strong></span> <span class='ocrx_word' id='word_1_39' title='bbox 1076 716 1389 772; x_wconf 91' lang='lat' dir='ltr'><strong>cavernulas</strong></span> <span class='ocrx_word' id='word_1_40' title='bbox 1415 712 1676 784; x_wconf 88' lang='lat' dir='ltr'><strong>quasdam</strong></span> <span class='ocrx_word' id='word_1_41' title='bbox 1706 721 1854 766; x_wconf 89' lang='lat' dir='ltr'><strong>uter—</strong></span> 
     </span>
    </p>
   </div>
   <div class='ocr_carea' id='block_1_7' title="bbox 251 804 1854 888">
    <p class='ocr_par' dir='ltr' id='par_1_7' title="bbox 251 804 1854 888">
     <span class='ocr_line' id='line_1_7' title="bbox 251 804 1854 888; baseline -0.011 -16"><span class='ocrx_word' id='word_1_42' title='bbox 251 833 365 888; x_wconf 86' lang='lat' dir='ltr'><strong>que,</strong></span> <span class='ocrx_word' id='word_1_43' title='bbox 413 814 571 886; x_wconf 89' lang='lat' dir='ltr'><strong>quod</strong></span> <span class='ocrx_word' id='word_1_44' title='bbox 601 820 888 883; x_wconf 73' lang='lat' dir='ltr'><strong>operetur,</strong></span> <span class='ocrx_word' id='word_1_45' title='bbox 935 808 1188 880; x_wconf 91' lang='lat' dir='ltr'><strong>acquirit.</strong></span> <span class='ocrx_word' id='word_1_46' title='bbox 1213 805 1316 873; x_wconf 85' lang='lat' dir='ltr'><strong>Qui</strong></span> <span class='ocrx_word' id='word_1_47' title='bbox 1345 805 1502 861; x_wconf 88' lang='lat' dir='ltr'><strong>molit</strong></span> <span class='ocrx_word' id='word_1_48' title='bbox 1538 812 1721 858; x_wconf 90' lang='lat' dir='ltr'><strong>autem</strong></span> <span class='ocrx_word' id='word_1_49' title='bbox 1748 804 1854 856; x_wconf 92' lang='lat' dir='ltr'><strong>hoc</strong></span> 
     </span>
    </p>
   </div>
   <div class='ocr_carea' id='block_1_8' title="bbox 255 897 1852 968">
    <p class='ocr_par' dir='ltr' id='par_1_8' title="bbox 255 897 1852 968">
     <span class='ocr_line' id='line_1_8' title="bbox 255 897 1852 968; baseline -0.01 -7"><span class='ocrx_word' id='word_1_50' title='bbox 255 908 444 961; x_wconf 89' lang='lat' dir='ltr'><strong>habere</strong></span> <span class='ocrx_word' id='word_1_51' title='bbox 483 903 714 958; x_wconf 87' lang='lat' dir='ltr'><strong>videtur</strong></span> <span class='ocrx_word' id='word_1_52' title='bbox 763 901 955 964; x_wconf 76' lang='lat' dir='ltr'><strong>ofﬁcii,</strong></span> <span class='ocrx_word' id='word_1_53' title='bbox 1006 907 1065 953; x_wconf 90' lang='lat' dir='ltr'><strong>ut</strong></span> <span class='ocrx_word' id='word_1_54' title='bbox 1103 897 1346 968; x_wconf 74' lang='lat' dir='ltr'><strong>pervigili</strong></span> <span class='ocrx_word' id='word_1_55' title='bbox 1387 910 1517 952; x_wconf 85' lang='lat' dir='ltr'><strong>cura</strong></span> <span class='ocrx_word' id='word_1_56' title='bbox 1559 907 1852 962; x_wconf 90' lang='lat' dir='ltr'><strong>granorum</strong></span> 
     </span>
    </p>
   </div>
   <div class='ocr_carea' id='block_1_9' title="bbox 254 982 1854 1066">
    <p class='ocr_par' dir='ltr' id='par_1_9' title="bbox 254 982 1854 1066">
     <span class='ocr_line' id='line_1_9' title="bbox 254 982 1854 1066; baseline -0.009 -18"><span class='ocrx_word' id='word_1_57' title='bbox 254 997 543 1066; x_wconf 77' lang='lat' dir='ltr'><strong>asperitate</strong></span> <span class='ocrx_word' id='word_1_58' title='bbox 588 991 894 1056; x_wconf 74' lang='lat' dir='ltr'><strong>confracta,</strong></span> <span class='ocrx_word' id='word_1_59' title='bbox 925 1005 996 1045; x_wconf 78' lang='lat' dir='ltr'><strong>ex</strong></span> <span class='ocrx_word' id='word_1_60' title='bbox 1031 988 1234 1042; x_wconf 86' lang='lat' dir='ltr'><strong>intimis</strong></span> <span class='ocrx_word' id='word_1_61' title='bbox 1276 1000 1486 1050; x_wconf 91' lang='lat' dir='ltr'><strong>eorum,</strong></span> <span class='ocrx_word' id='word_1_62' title='bbox 1517 982 1854 1050; x_wconf 79' lang='lat' dir='ltr'><strong>occultisque</strong></span> 
     </span>
    </p>
   </div>
   <div class='ocr_carea' id='block_1_10' title="bbox 252 1076 1853 1153">
    <p class='ocr_par' dir='ltr' id='par_1_10' title="bbox 252 1076 1853 1153">
     <span class='ocr_line' id='line_1_10' title="bbox 252 1076 1853 1153; baseline -0.009 -12"><span class='ocrx_word' id='word_1_63' title='bbox 252 1087 553 1142; x_wconf 77' lang='lat' dir='ltr'><strong>visceribus</strong></span> <span class='ocrx_word' id='word_1_64' title='bbox 607 1083 986 1153; x_wconf 84' lang='lat' dir='ltr'><strong>similaginem,</strong></span> <span class='ocrx_word' id='word_1_65' title='bbox 1031 1079 1433 1148; x_wconf 88' lang='lat' dir='ltr'><strong>medullamque</strong></span> <span class='ocrx_word' id='word_1_66' title='bbox 1462 1076 1765 1148; x_wconf 86' lang='lat' dir='ltr'><strong>producat,</strong></span> <span class='ocrx_word' id='word_1_67' title='bbox 1798 1083 1853 1129; x_wconf 91' lang='lat' dir='ltr'><strong>et</strong></span> 
     </span>
    </p>
   </div>
   <div class='ocr_carea' id='block_1_11' title="bbox 253 1168 1850 1240">
    <p class='ocr_par' dir='ltr' id='par_1_11' title="bbox 253 1168 1850 1240">
     <span class='ocr_line' id='line_1_11' title="bbox 253 1168 1850 1240; baseline -0.008 -8"><span class='ocrx_word' id='word_1_68' title='bbox 253 1177 492 1232; x_wconf 70' lang='lat' dir='ltr'><strong>sordium</strong></span> <span class='ocrx_word' id='word_1_69' title='bbox 519 1176 743 1230; x_wconf 77' lang='lat' dir='ltr'><strong>levitate</strong></span> <span class='ocrx_word' id='word_1_70' title='bbox 764 1174 1022 1236; x_wconf 87' lang='lat' dir='ltr'><strong>discussa,</strong></span> <span class='ocrx_word' id='word_1_71' title='bbox 1056 1171 1110 1224; x_wconf 95' lang='lat' dir='ltr'><strong>in</strong></span> <span class='ocrx_word' id='word_1_72' title='bbox 1133 1178 1382 1240; x_wconf 90' lang='lat' dir='ltr'><strong>apertum</strong></span> <span class='ocrx_word' id='word_1_73' title='bbox 1403 1168 1646 1239; x_wconf 79' lang='lat' dir='ltr'><strong>proferat</strong></span> <span class='ocrx_word' id='word_1_74' title='bbox 1669 1181 1850 1231; x_wconf 87' lang='lat' dir='ltr'><strong>omne,</strong></span> 
     </span>
    </p>
   </div>
   <div class='ocr_carea' id='block_1_12' title="bbox 251 1259 1852 1339">
    <p class='ocr_par' dir='ltr' id='par_1_12' title="bbox 251 1259 1852 1339">
     <span class='ocr_line' id='line_1_12' title="bbox 251 1259 1852 1339; baseline -0.007 -14"><span class='ocrx_word' id='word_1_75' title='bbox 251 1271 399 1339; x_wconf 89' lang='lat' dir='ltr'><strong>quod</strong></span> <span class='ocrx_word' id='word_1_76' title='bbox 427 1284 630 1339; x_wconf 84' lang='lat' dir='ltr'><strong>purum</strong></span> <span class='ocrx_word' id='word_1_77' title='bbox 652 1267 753 1332; x_wconf 83' lang='lat' dir='ltr'><strong>est,</strong></span> <span class='ocrx_word' id='word_1_78' title='bbox 776 1283 846 1321; x_wconf 72' lang='lat' dir='ltr'><strong>es</strong></span> <span class='ocrx_word' id='word_1_79' title='bbox 873 1281 983 1335; x_wconf 90' lang='lat' dir='ltr'><strong>quo</strong></span> <span class='ocrx_word' id='word_1_80' title='bbox 1017 1265 1429 1320; x_wconf 89' lang='lat' dir='ltr'><strong>mundissimum</strong></span> <span class='ocrx_word' id='word_1_81' title='bbox 1457 1279 1650 1334; x_wconf 90' lang='lat' dir='ltr'><strong>panem</strong></span> <span class='ocrx_word' id='word_1_82' title='bbox 1679 1259 1852 1318; x_wconf 84' lang='lat' dir='ltr'><strong>conii-</strong></span> 
     </span>
    </p>
   </div>
   <div class='ocr_carea' id='block_1_13' title="bbox 253 1358 1855 1429">
    <p class='ocr_par' dir='ltr' id='par_1_13' title="bbox 253 1358 1855 1429">
     <span class='ocr_line' id='line_1_13' title="bbox 253 1358 1855 1429; baseline -0.003 -13"><span class='ocrx_word' id='word_1_83' title='bbox 253 1363 404 1416; x_wconf 86' lang='lat' dir='ltr'><strong>ciens</strong></span> <span class='ocrx_word' id='word_1_84' title='bbox 425 1362 662 1429; x_wconf 82' lang='lat' dir='ltr'><strong>gratiam</strong></span> <span class='ocrx_word' id='word_1_85' title='bbox 703 1359 910 1414; x_wconf 89' lang='lat' dir='ltr'><strong>domini</strong></span> <span class='ocrx_word' id='word_1_86' title='bbox 939 1366 1324 1427; x_wconf 80' lang='lat' dir='ltr'><strong>consequatur.</strong></span> <span class='ocrx_word' id='word_1_87' title='bbox 1369 1359 1481 1414; x_wconf 79' lang='lat' dir='ltr'><strong>llos</strong></span> <span class='ocrx_word' id='word_1_88' title='bbox 1513 1360 1676 1426; x_wconf 90' lang='lat' dir='ltr'><strong>igitur</strong></span> <span class='ocrx_word' id='word_1_89' title='bbox 1714 1358 1855 1412; x_wconf 89' lang='lat' dir='ltr'><strong>duos</strong></span> 
     </span>
    </p>
   </div>
   <div class='ocr_carea' id='block_1_14' title="bbox 253 1453 1856 1524">
    <p class='ocr_par' dir='ltr' id='par_1_14' title="bbox 253 1453 1856 1524">
     <span class='ocr_line' id='line_1_14' title="bbox 253 1453 1856 1524; baseline 0.002 -16"><span class='ocrx_word' id='word_1_90' title='bbox 253 1456 495 1510; x_wconf 86' lang='lat' dir='ltr'><strong>molares</strong></span> <span class='ocrx_word' id='word_1_91' title='bbox 523 1453 738 1524; x_wconf 84' lang='lat' dir='ltr'><strong>lapides</strong></span> <span class='ocrx_word' id='word_1_92' title='bbox 765 1453 877 1509; x_wconf 90' lang='lat' dir='ltr'><strong>duo</strong></span> <span class='ocrx_word' id='word_1_93' title='bbox 915 1469 1037 1510; x_wconf 87' lang='lat' dir='ltr'><strong>esse</strong></span> <span class='ocrx_word' id='word_1_94' title='bbox 1066 1455 1302 1510; x_wconf 84' lang='lat' dir='ltr'><strong>arbitror</strong></span> <span class='ocrx_word' id='word_1_95' title='bbox 1349 1455 1720 1520; x_wconf 88' lang='lat' dir='ltr'><strong>Testamenta,</strong></span> <span class='ocrx_word' id='word_1_96' title='bbox 1751 1456 1856 1511; x_wconf 87' lang='lat' dir='ltr'><strong>hoc</strong></span> 
     </span>
    </p>
   </div>
   <div class='ocr_carea' id='block_1_15' title="bbox 255 1546 1855 1620">
    <p class='ocr_par' dir='ltr' id='par_1_15' title="bbox 255 1546 1855 1620">
     <span class='ocr_line' id='line_1_15' title="bbox 255 1546 1855 1620; baseline 0.003 -19"><span class='ocrx_word' id='word_1_97' title='bbox 255 1557 341 1601; x_wconf 83' lang='lat' dir='ltr'><strong>est</strong></span> <span class='ocrx_word' id='word_1_98' title='bbox 379 1547 557 1616; x_wconf 84' lang='lat' dir='ltr'><strong>legem</strong></span> <span class='ocrx_word' id='word_1_99' title='bbox 599 1547 821 1618; x_wconf 78' lang='lat' dir='ltr'><strong>Moysis,</strong></span> <span class='ocrx_word' id='word_1_100' title='bbox 852 1553 911 1601; x_wconf 89' lang='lat' dir='ltr'><strong>et</strong></span> <span class='ocrx_word' id='word_1_101' title='bbox 948 1546 1301 1616; x_wconf 87' lang='lat' dir='ltr'><strong>Evangelium</strong></span> <span class='ocrx_word' id='word_1_102' title='bbox 1349 1549 1580 1615; x_wconf 87' lang='lat' dir='ltr'><strong>Domini,</strong></span> <span class='ocrx_word' id='word_1_103' title='bbox 1613 1566 1734 1620; x_wconf 73' lang='lat' dir='ltr'><strong>qua:</strong></span> <span class='ocrx_word' id='word_1_104' title='bbox 1780 1552 1855 1605; x_wconf 91' lang='lat' dir='ltr'><strong>ita</strong></span> 
     </span>
    </p>
   </div>
   <div class='ocr_carea' id='block_1_16' title="bbox 252 1637 1855 1708">
    <p class='ocr_par' dir='ltr' id='par_1_16' title="bbox 252 1637 1855 1708">
     <span class='ocr_line' id='line_1_16' title="bbox 252 1637 1855 1708; baseline 0.001 -16"><span class='ocrx_word' id='word_1_105' title='bbox 252 1649 383 1693; x_wconf 84' lang='lat' dir='ltr'><strong>sunt</strong></span> <span class='ocrx_word' id='word_1_106' title='bbox 423 1638 714 1708; x_wconf 86' lang='lat' dir='ltr'><strong>disposita,</strong></span> <span class='ocrx_word' id='word_1_107' title='bbox 773 1637 861 1691; x_wconf 90' lang='lat' dir='ltr'><strong>vel</strong></span> <span class='ocrx_word' id='word_1_108' title='bbox 915 1645 1142 1707; x_wconf 90' lang='lat' dir='ltr'><strong>parata,</strong></span> <span class='ocrx_word' id='word_1_109' title='bbox 1197 1646 1258 1692; x_wconf 93' lang='lat' dir='ltr'><strong>ut</strong></span> <span class='ocrx_word' id='word_1_110' title='bbox 1306 1638 1408 1692; x_wconf 90' lang='lat' dir='ltr'><strong>sibi</strong></span> <span class='ocrx_word' id='word_1_111' title='bbox 1448 1638 1855 1693; x_wconf 86' lang='lat' dir='ltr'><strong>Testamentum</strong></span> 
     </span>
    </p>
   </div>
   <div class='ocr_carea' id='block_1_17' title="bbox 254 1725 1857 1795">
    <p class='ocr_par' dir='ltr' id='par_1_17' title="bbox 254 1725 1857 1795">
     <span class='ocr_line' id='line_1_17' title="bbox 254 1725 1857 1795; baseline 0.002 -15"><span class='ocrx_word' id='word_1_112' title='bbox 254 1736 551 1795; x_wconf 84' lang='lat' dir='ltr'><strong>utrumque</strong></span> <span class='ocrx_word' id='word_1_113' title='bbox 598 1725 913 1790; x_wconf 83' lang='lat' dir='ltr'><strong>conveniat,</strong></span> <span class='ocrx_word' id='word_1_114' title='bbox 953 1726 1092 1780; x_wconf 87' lang='lat' dir='ltr'><strong>sicut</strong></span> <span class='ocrx_word' id='word_1_115' title='bbox 1133 1727 1210 1780; x_wconf 91' lang='lat' dir='ltr'><strong>ait</strong></span> <span class='ocrx_word' id='word_1_116' title='bbox 1260 1726 1554 1782; x_wconf 88' lang='lat' dir='ltr'><strong>Salvator:</strong></span> <span class='ocrx_word' id='word_1_117' title='bbox 1589 1728 1714 1783; x_wconf 85' lang='lat' dir='ltr'><strong>Non</strong></span> <span class='ocrx_word' id='word_1_118' title='bbox 1741 1731 1857 1783; x_wconf 75' lang='lat' dir='ltr'><strong>seni</strong></span> 
     </span>
    </p>
   </div>
   <div class='ocr_carea' id='block_1_18' title="bbox 1954 535 3544 602">
    <p class='ocr_par' dir='ltr' id='par_1_18' title="bbox 1954 535 3544 602">
     <span class='ocr_line' id='line_1_18' title="bbox 1954 535 3544 602; baseline 0.006 -14"><span class='ocrx_word' id='word_1_119' title='bbox 1954 543 2055 589; x_wconf 90' lang='lat' dir='ltr'><strong>est.</strong></span> <span class='ocrx_word' id='word_1_120' title='bbox 2086 535 2259 602; x_wconf 85' lang='lat' dir='ltr'><strong>Quam</strong></span> <span class='ocrx_word' id='word_1_121' title='bbox 2287 535 2689 591; x_wconf 87' lang='lat' dir='ltr'><strong>similitudinem</strong></span> <span class='ocrx_word' id='word_1_122' title='bbox 2719 536 3185 594; x_wconf 80' lang='lat' dir='ltr'><strong>Testamentorum</strong></span> <span class='ocrx_word' id='word_1_123' title='bbox 3205 540 3544 598; x_wconf 81' lang='lat' dir='ltr'><strong>Esechielem</strong></span> 
     </span>
    </p>
   </div>
   <div class='ocr_carea' id='block_1_19' title="bbox 1952 626 3543 696">
    <p class='ocr_par' dir='ltr' id='par_1_19' title="bbox 1952 626 3543 696">
     <span class='ocr_line' id='line_1_19' title="bbox 1952 626 3543 696; baseline 0.008 -18"><span class='ocrx_word' id='word_1_124' title='bbox 1952 626 2272 695; x_wconf 88' lang='lat' dir='ltr'><strong>prophetam</strong></span> <span class='ocrx_word' id='word_1_125' title='bbox 2301 626 2534 681; x_wconf 85' lang='lat' dir='ltr'><strong>arbitror</strong></span> <span class='ocrx_word' id='word_1_126' title='bbox 2558 628 2953 696; x_wconf 76' lang='lat' dir='ltr'><strong>perstrinxisse,</strong></span> <span class='ocrx_word' id='word_1_127' title='bbox 2985 646 3107 685; x_wconf 85' lang='lat' dir='ltr'><strong>cum</strong></span> <span class='ocrx_word' id='word_1_128' title='bbox 3126 630 3257 688; x_wconf 89' lang='lat' dir='ltr'><strong>dicit</strong></span> <span class='ocrx_word' id='word_1_129' title='bbox 3283 641 3458 688; x_wconf 90' lang='lat' dir='ltr'><strong>rotam</strong></span> <span class='ocrx_word' id='word_1_130' title='bbox 3487 635 3543 690; x_wconf 84' lang='lat' dir='ltr'><strong>in</strong></span> 
     </span>
    </p>
   </div>
   <div class='ocr_carea' id='block_1_20' title="bbox 1954 716 3544 790">
    <p class='ocr_par' dir='ltr' id='par_1_20' title="bbox 1954 716 3544 790">
     <span class='ocr_line' id='line_1_20' title="bbox 1954 716 3544 790; baseline 0.006 -21"><span class='ocrx_word' id='word_1_131' title='bbox 1954 716 2136 770; x_wconf 92' lang='lat' dir='ltr'><strong>medio</strong></span> <span class='ocrx_word' id='word_1_132' title='bbox 2157 725 2290 771; x_wconf 78' lang='lat' dir='ltr'><strong>rota:</strong></span> <span class='ocrx_word' id='word_1_133' title='bbox 2317 733 2436 772; x_wconf 89' lang='lat' dir='ltr'><strong>esse</strong></span> <span class='ocrx_word' id='word_1_134' title='bbox 2459 733 2758 774; x_wconf 81' lang='lat' dir='ltr'><strong>connesam</strong></span> <span class='ocrx_word' id='word_1_135' title='bbox 2791 728 2836 772; x_wconf 84' lang='lat'><strong>°.</strong></span> <span class='ocrx_word' id='word_1_136' title='bbox 2869 719 3068 775; x_wconf 81' lang='lat' dir='ltr'><strong>Harum</strong></span> <span class='ocrx_word' id='word_1_137' title='bbox 3100 722 3260 790; x_wconf 90' lang='lat' dir='ltr'><strong>igitur</strong></span> <span class='ocrx_word' id='word_1_138' title='bbox 3277 723 3544 779; x_wconf 90' lang='lat' dir='ltr'><strong>molarum</strong></span> 
     </span>
    </p>
   </div>
   <div class='ocr_carea' id='block_1_21' title="bbox 1954 809 3544 877">
    <p class='ocr_par' dir='ltr' id='par_1_21' title="bbox 1954 809 3544 877">
     <span class='ocr_line' id='line_1_21' title="bbox 1954 809 3544 877; baseline 0.007 -16"><span class='ocrx_word' id='word_1_139' title='bbox 1954 809 2290 877; x_wconf 90' lang='lat' dir='ltr'><strong>operatione,</strong></span> <span class='ocrx_word' id='word_1_140' title='bbox 2323 809 2379 863; x_wconf 93' lang='lat' dir='ltr'><strong>id</strong></span> <span class='ocrx_word' id='word_1_141' title='bbox 2421 817 2506 864; x_wconf 88' lang='lat' dir='ltr'><strong>est</strong></span> <span class='ocrx_word' id='word_1_142' title='bbox 2533 809 2668 863; x_wconf 83' lang='lat' dir='ltr'><strong>Novi</strong></span> <span class='ocrx_word' id='word_1_143' title='bbox 2711 826 2776 865; x_wconf 91' lang='lat' dir='ltr'><strong>ac</strong></span> <span class='ocrx_word' id='word_1_144' title='bbox 2813 811 3022 867; x_wconf 84' lang='lat' dir='ltr'><strong>Veteris</strong></span> <span class='ocrx_word' id='word_1_145' title='bbox 3063 813 3392 870; x_wconf 86' lang='lat' dir='ltr'><strong>Testamenti</strong></span> <span class='ocrx_word' id='word_1_146' title='bbox 3438 817 3544 873; x_wconf 85' lang='lat' dir='ltr'><strong>hoc</strong></span> 
     </span>
    </p>
   </div>
   <div class='ocr_carea' id='block_1_22' title="bbox 1953 899 3542 974">
    <p class='ocr_par' dir='ltr' id='par_1_22' title="bbox 1953 899 3542 974">
     <span class='ocr_line' id='line_1_22' title="bbox 1953 899 3542 974; baseline 0.004 -20"><span class='ocrx_word' id='word_1_147' title='bbox 1953 899 2065 968; x_wconf 87' lang='lat' dir='ltr'><strong>agit</strong></span> <span class='ocrx_word' id='word_1_148' title='bbox 2108 908 2292 954; x_wconf 89' lang='lat' dir='ltr'><strong>sancta</strong></span> <span class='ocrx_word' id='word_1_149' title='bbox 2335 899 2574 955; x_wconf 88' lang='lat' dir='ltr'><strong>Ecclesia</strong></span> <span class='ocrx_word' id='word_1_150' title='bbox 2615 916 2746 955; x_wconf 91' lang='lat' dir='ltr'><strong>cura</strong></span> <span class='ocrx_word' id='word_1_151' title='bbox 2787 903 3062 970; x_wconf 87' lang='lat' dir='ltr'><strong>pervigili,</strong></span> <span class='ocrx_word' id='word_1_152' title='bbox 3094 911 3153 957; x_wconf 91' lang='lat' dir='ltr'><strong>ut</strong></span> <span class='ocrx_word' id='word_1_153' title='bbox 3195 913 3542 974; x_wconf 88' lang='lat' dir='ltr'><strong>peccatorum</strong></span> 
     </span>
    </p>
   </div>
   <div class='ocr_carea' id='block_1_23' title="bbox 1953 989 3547 1061">
    <p class='ocr_par' dir='ltr' id='par_1_23' title="bbox 1953 989 3547 1061">
     <span class='ocr_line' id='line_1_23' title="bbox 1953 989 3547 1061; baseline 0.006 -20"><span class='ocrx_word' id='word_1_154' title='bbox 1953 989 2244 1059; x_wconf 87' lang='lat' dir='ltr'><strong>asperitate</strong></span> <span class='ocrx_word' id='word_1_155' title='bbox 2271 989 2529 1053; x_wconf 87' lang='lat' dir='ltr'><strong>discussa,</strong></span> <span class='ocrx_word' id='word_1_156' title='bbox 2553 1004 2621 1044; x_wconf 78' lang='lat' dir='ltr'><strong>ex</strong></span> <span class='ocrx_word' id='word_1_157' title='bbox 2649 991 2877 1046; x_wconf 87' lang='lat' dir='ltr'><strong>occultis</strong></span> <span class='ocrx_word' id='word_1_158' title='bbox 2895 993 3310 1061; x_wconf 88' lang='lat' dir='ltr'><strong>cogitationibus</strong></span> <span class='ocrx_word' id='word_1_159' title='bbox 3340 997 3547 1051; x_wconf 81' lang='lat' dir='ltr'><strong>medul-</strong></span> 
     </span>
    </p>
   </div>
   <div class='ocr_carea' id='block_1_24' title="bbox 1953 1081 3548 1148">
    <p class='ocr_par' dir='ltr' id='par_1_24' title="bbox 1953 1081 3548 1148">
     <span class='ocr_line' id='line_1_24' title="bbox 1953 1081 3548 1148; baseline 0.004 -12"><span class='ocrx_word' id='word_1_160' title='bbox 1953 1083 2074 1146; x_wconf 62' lang='lat' dir='ltr'><strong>lam,</strong></span> <span class='ocrx_word' id='word_1_161' title='bbox 2111 1081 2296 1137; x_wconf 89' lang='lat' dir='ltr'><strong>mundi</strong></span> <span class='ocrx_word' id='word_1_162' title='bbox 2345 1082 2526 1137; x_wconf 84' lang='lat' dir='ltr'><strong>cordis</strong></span> <span class='ocrx_word' id='word_1_163' title='bbox 2577 1083 2784 1148; x_wconf 91' lang='lat' dir='ltr'><strong>eliciat,</strong></span> <span class='ocrx_word' id='word_1_164' title='bbox 2816 1091 2872 1137; x_wconf 93' lang='lat' dir='ltr'><strong>et</strong></span> <span class='ocrx_word' id='word_1_165' title='bbox 2917 1084 3228 1140; x_wconf 74' lang='lat' dir='ltr'><strong>ctelestibus</strong></span> <span class='ocrx_word' id='word_1_166' title='bbox 3254 1129 3256 1131; x_wconf 80' lang='lat'><strong>.</strong></span> <span class='ocrx_word' id='word_1_167' title='bbox 3281 1087 3548 1142; x_wconf 76' lang='lat' dir='ltr'><strong>mandatis</strong></span> 
     </span>
    </p>
   </div>
   <div class='ocr_carea' id='block_1_25' title="bbox 1954 1173 3548 1243">
    <p class='ocr_par' dir='ltr' id='par_1_25' title="bbox 1954 1173 3548 1243">
     <span class='ocr_line' id='line_1_25' title="bbox 1954 1173 3548 1243; baseline 0.003 -16"><span class='ocrx_word' id='word_1_168' title='bbox 1954 1173 2213 1227; x_wconf 89' lang='lat' dir='ltr'><strong>mundata</strong></span> <span class='ocrx_word' id='word_1_169' title='bbox 2252 1188 2322 1227; x_wconf 80' lang='lat' dir='ltr'><strong>ex</strong></span> <span class='ocrx_word' id='word_1_170' title='bbox 2351 1173 2553 1226; x_wconf 90' lang='lat' dir='ltr'><strong>intimis</strong></span> <span class='ocrx_word' id='word_1_171' title='bbox 2583 1173 2844 1242; x_wconf 88' lang='lat' dir='ltr'><strong>spiritalia</strong></span> <span class='ocrx_word' id='word_1_172' title='bbox 2875 1174 3131 1228; x_wconf 89' lang='lat' dir='ltr'><strong>alimenta</strong></span> <span class='ocrx_word' id='word_1_173' title='bbox 3161 1174 3439 1243; x_wconf 81' lang='lat' dir='ltr'><strong>producat.</strong></span> <span class='ocrx_word' id='word_1_174' title='bbox 3470 1175 3548 1231; x_wconf 80' lang='lat' dir='ltr'><strong>Do</strong></span> 
     </span>
    </p>
   </div>
   <div class='ocr_carea' id='block_1_26' title="bbox 1954 1260 3545 1334">
    <p class='ocr_par' dir='ltr' id='par_1_26' title="bbox 1954 1260 3545 1334">
     <span class='ocr_line' id='line_1_26' title="bbox 1954 1260 3545 1334; baseline 0.001 -17"><span class='ocrx_word' id='word_1_175' title='bbox 1954 1263 2148 1331; x_wconf 88' lang='lat' dir='ltr'><strong>quibus</strong></span> <span class='ocrx_word' id='word_1_176' title='bbox 2159 1262 2428 1316; x_wconf 89' lang='lat' dir='ltr'><strong>alimentis</strong></span> <span class='ocrx_word' id='word_1_177' title='bbox 2441 1260 2636 1316; x_wconf 83' lang='lat' dir='ltr'><strong>Paulus</strong></span> <span class='ocrx_word' id='word_1_178' title='bbox 2656 1263 2934 1331; x_wconf 87' lang='lat' dir='ltr'><strong>apostolus</strong></span> <span class='ocrx_word' id='word_1_179' title='bbox 2945 1263 3052 1316; x_wconf 82' lang='lat' dir='ltr'><strong>ait:</strong></span> <span class='ocrx_word' id='word_1_180' title='bbox 3072 1261 3178 1316; x_wconf 84' lang='lat' dir='ltr'><strong>Lac</strong></span> <span class='ocrx_word' id='word_1_181' title='bbox 3201 1261 3342 1316; x_wconf 78' lang='lat' dir='ltr'><strong>vobis</strong></span> <span class='ocrx_word' id='word_1_182' title='bbox 3368 1273 3545 1334; x_wconf 77' lang='lat' dir='ltr'><strong>potum</strong></span> 
     </span>
    </p>
   </div>
   <div class='ocr_carea' id='block_1_27' title="bbox 1953 1351 3545 1424">
    <p class='ocr_par' dir='ltr' id='par_1_27' title="bbox 1953 1351 3545 1424">
     <span class='ocr_line' id='line_1_27' title="bbox 1953 1351 3545 1424; baseline 0 -18"><span class='ocrx_word' id='word_1_183' title='bbox 1953 1353 2094 1417; x_wconf 82' lang='lat' dir='ltr'><strong>dedi,</strong></span> <span class='ocrx_word' id='word_1_184' title='bbox 2147 1369 2253 1407; x_wconf 79' lang='lat' dir='ltr'><strong>non</strong></span> <span class='ocrx_word' id='word_1_185' title='bbox 2287 1370 2460 1406; x_wconf 80' lang='lat' dir='ltr'><strong>escam</strong></span> <span class='ocrx_word' id='word_1_186' title='bbox 2484 1351 2540 1423; x_wconf 87' lang='lat' dir='ltr'><strong>(I</strong></span> <span class='ocrx_word' id='word_1_187' title='bbox 2567 1351 2689 1406; x_wconf 83' lang='lat' dir='ltr'><strong>Cor.</strong></span> <span class='ocrx_word' id='word_1_188' title='bbox 2719 1353 2795 1422; x_wconf 88' lang='lat' dir='ltr'><strong>v).</strong></span> <span class='ocrx_word' id='word_1_189' title='bbox 2829 1351 2898 1407; x_wconf 84' lang='lat' dir='ltr'><strong>Et</strong></span> <span class='ocrx_word' id='word_1_190' title='bbox 2925 1353 3119 1408; x_wconf 83' lang='lat' dir='ltr'><strong>iterum</strong></span> <span class='ocrx_word' id='word_1_191' title='bbox 3145 1371 3158 1406; x_wconf 90' lang='lat'><strong>:</strong></span> <span class='ocrx_word' id='word_1_192' title='bbox 3189 1352 3545 1424; x_wconf 73' lang='lat' dir='ltr'><strong>Perfectorum</strong></span> 
     </span>
    </p>
   </div>
   <div class='ocr_carea' id='block_1_28' title="bbox 1955 1441 3546 1513">
    <p class='ocr_par' dir='ltr' id='par_1_28' title="bbox 1955 1441 3546 1513">
     <span class='ocr_line' id='line_1_28' title="bbox 1955 1441 3546 1513; baseline -0.001 -16"><span class='ocrx_word' id='word_1_193' title='bbox 1955 1452 2124 1497; x_wconf 87' lang='lat' dir='ltr'><strong>autem</strong></span> <span class='ocrx_word' id='word_1_194' title='bbox 2155 1452 2230 1498; x_wconf 86' lang='lat' dir='ltr'><strong>est</strong></span> <span class='ocrx_word' id='word_1_195' title='bbox 2257 1444 2426 1497; x_wconf 79' lang='lat' dir='ltr'><strong>solida</strong></span> <span class='ocrx_word' id='word_1_196' title='bbox 2455 1459 2574 1496; x_wconf 85' lang='lat' dir='ltr'><strong>esca</strong></span> <span class='ocrx_word' id='word_1_197' title='bbox 2601 1441 2787 1513; x_wconf 82' lang='lat' dir='ltr'><strong>(Hebr.</strong></span> <span class='ocrx_word' id='word_1_198' title='bbox 2826 1442 2916 1513; x_wconf 90' lang='lat' dir='ltr'><strong>v);</strong></span> <span class='ocrx_word' id='word_1_199' title='bbox 2945 1443 3036 1511; x_wconf 90' lang='lat' dir='ltr'><strong>qui</strong></span> <span class='ocrx_word' id='word_1_200' title='bbox 3071 1441 3091 1480; x_wconf 71' lang='grc' dir='ltr'>ί</span> <span class='ocrx_word' id='word_1_201' title='bbox 3127 1451 3350 1513; x_wconf 83' lang='lat' dir='ltr'><strong>propter</strong></span> <span class='ocrx_word' id='word_1_202' title='bbox 3393 1442 3546 1497; x_wconf 64' lang='lat' dir='ltr'><strong>babio</strong></span> 
     </span>
    </p>
   </div>
   <div class='ocr_carea' id='block_1_29' title="bbox 1955 1533 3544 1604">
    <p class='ocr_par' dir='ltr' id='par_1_29' title="bbox 1955 1533 3544 1604">
     <span class='ocr_line' id='line_1_29' title="bbox 1955 1533 3544 1604; baseline 0 -16"><span class='ocrx_word' id='word_1_203' title='bbox 1955 1543 2070 1589; x_wconf 86' lang='lat' dir='ltr'><strong>tum</strong></span> <span class='ocrx_word' id='word_1_204' title='bbox 2099 1550 2288 1588; x_wconf 90' lang='lat' dir='ltr'><strong>sensus</strong></span> <span class='ocrx_word' id='word_1_205' title='bbox 2312 1535 2638 1588; x_wconf 80' lang='lat' dir='ltr'><strong>exercitatos</strong></span> <span class='ocrx_word' id='word_1_206' title='bbox 2666 1533 2885 1596; x_wconf 89' lang='lat' dir='ltr'><strong>habent,</strong></span> <span class='ocrx_word' id='word_1_207' title='bbox 2931 1549 2996 1588; x_wconf 87' lang='lat' dir='ltr'><strong>ac</strong></span> <span class='ocrx_word' id='word_1_208' title='bbox 3027 1534 3272 1604; x_wconf 79' lang='lat' dir='ltr'><strong>spiritum</strong></span> <span class='ocrx_word' id='word_1_209' title='bbox 3299 1543 3544 1588; x_wconf 83' lang='lat' dir='ltr'><strong>nostrum</strong></span> 
     </span>
    </p>
   </div>
   <div class='ocr_carea' id='block_1_30' title="bbox 1958 1622 3544 1695">
    <p class='ocr_par' dir='ltr' id='par_1_30' title="bbox 1958 1622 3544 1695">
     <span class='ocr_line' id='line_1_30' title="bbox 1958 1622 3544 1695; baseline -0.002 -14"><span class='ocrx_word' id='word_1_210' title='bbox 1958 1627 2105 1681; x_wconf 90' lang='lat' dir='ltr'><strong>omni</strong></span> <span class='ocrx_word' id='word_1_211' title='bbox 2135 1627 2469 1681; x_wconf 80' lang='lat' dir='ltr'><strong>humanitate</strong></span> <span class='ocrx_word' id='word_1_212' title='bbox 2497 1624 2814 1695; x_wconf 81' lang='lat' dir='ltr'><strong>puriﬁcans,</strong></span> <span class='ocrx_word' id='word_1_213' title='bbox 2854 1625 3004 1680; x_wconf 87' lang='lat' dir='ltr'><strong>velut</strong></span> <span class='ocrx_word' id='word_1_214' title='bbox 3051 1624 3405 1692; x_wconf 89' lang='lat' dir='ltr'><strong>similaginem</strong></span> <span class='ocrx_word' id='word_1_215' title='bbox 3432 1622 3544 1678; x_wconf 89' lang='lat' dir='ltr'><strong>Deo</strong></span> 
     </span>
    </p>
   </div>
   <div class='ocr_carea' id='block_1_31' title="bbox 1957 1715 3548 1786">
    <p class='ocr_par' dir='ltr' id='par_1_31' title="bbox 1957 1715 3548 1786">
     <span class='ocr_line' id='line_1_31' title="bbox 1957 1715 3548 1786; baseline -0.003 -13"><span class='ocrx_word' id='word_1_216' title='bbox 1957 1719 2152 1775; x_wconf 83' lang='lat' dir='ltr'><strong>oil&#39;erre</strong></span> <span class='ocrx_word' id='word_1_217' title='bbox 2178 1720 2484 1784; x_wconf 86' lang='lat' dir='ltr'><strong>contendit;</strong></span> <span class='ocrx_word' id='word_1_218' title='bbox 2525 1719 2666 1773; x_wconf 80' lang='lat' dir='ltr'><strong>sicut</strong></span> <span class='ocrx_word' id='word_1_219' title='bbox 2708 1717 2874 1771; x_wconf 88' lang='lat' dir='ltr'><strong>David</strong></span> <span class='ocrx_word' id='word_1_220' title='bbox 2921 1724 3140 1772; x_wconf 89' lang='lat' dir='ltr'><strong>sanctus</strong></span> <span class='ocrx_word' id='word_1_221' title='bbox 3167 1717 3242 1770; x_wconf 88' lang='lat' dir='ltr'><strong>ait</strong></span> <span class='ocrx_word' id='word_1_222' title='bbox 3275 1734 3288 1768; x_wconf 88' lang='lat'><strong>:</strong></span> <span class='ocrx_word' id='word_1_223' title='bbox 3323 1715 3548 1786; x_wconf 67' lang='lat' dir='ltr'><strong>Sacriﬁ-</strong></span> 
     </span>
    </p>
   </div>
   <div class='ocr_carea' id='block_1_32' title="bbox 248 1802 3546 1888">
    <p class='ocr_par' dir='ltr' id='par_1_32' title="bbox 248 1802 3546 1888">
     <span class='ocr_line' id='line_1_32' title="bbox 248 1802 3546 1888; baseline -0.003 -22"><span class='ocrx_word' id='word_1_224' title='bbox 248 1818 454 1871; x_wconf 72' lang='lat' dir='ltr'><strong>solme</strong></span> <span class='ocrx_word' id='word_1_225' title='bbox 480 1818 662 1888; x_wconf 68' lang='lat' dir='ltr'><strong>legem,</strong></span> <span class='ocrx_word' id='word_1_226' title='bbox 695 1817 786 1870; x_wconf 75' lang='lat' dir='ltr'><strong>sed</strong></span> <span class='ocrx_word' id='word_1_227' title='bbox 812 1816 1096 1887; x_wconf 69' lang='lat' dir='ltr'><strong>adimplere</strong></span> <span class='ocrx_word' id='word_1_228' title='bbox 1117 1817 1309 1885; x_wconf 70' lang='lat' dir='ltr'><strong>(Marc,</strong></span> <span class='ocrx_word' id='word_1_229' title='bbox 1350 1818 1428 1888; x_wconf 82' lang='grc' dir='ltr'><strong>ν),</strong></span> <span class='ocrx_word' id='word_1_230' title='bbox 1462 1819 1529 1872; x_wconf 55' lang='lat' dir='ltr'><strong>Et</strong></span> <span class='ocrx_word' id='word_1_231' title='bbox 1548 1819 1614 1873; x_wconf 71' lang='lat' dir='ltr'><strong>ad</strong></span> <span class='ocrx_word' id='word_1_232' title='bbox 1636 1830 1662 1858; x_wconf 71' lang='grc' dir='ltr'><strong>ι</strong></span> <span class='ocrx_word' id='word_1_233' title='bbox 1683 1823 1856 1875; x_wconf 69' lang='lat' dir='ltr'><strong>vicem</strong></span> <span class='ocrx_word' id='word_1_234' title='bbox 1890 1802 1932 1859; x_wconf 85' lang='grc' dir='ltr'>Β</span> <span class='ocrx_word' id='word_1_235' title='bbox 1958 1813 2094 1864; x_wconf 85' lang='lat' dir='ltr'><strong>cium</strong></span> <span class='ocrx_word' id='word_1_236' title='bbox 2131 1810 2242 1864; x_wconf 86' lang='lat' dir='ltr'><strong>Deo</strong></span> <span class='ocrx_word' id='word_1_237' title='bbox 2267 1810 2479 1880; x_wconf 79' lang='lat' dir='ltr'><strong>spiritus</strong></span> <span class='ocrx_word' id='word_1_238' title='bbox 2504 1807 2881 1864; x_wconf 75' lang='lat' dir='ltr'><strong>contribulatus</strong></span> <span class='ocrx_word' id='word_1_239' title='bbox 2920 1806 3091 1878; x_wconf 81' lang='lat' dir='ltr'><strong>(Psal.</strong></span> <span class='ocrx_word' id='word_1_240' title='bbox 3125 1813 3201 1875; x_wconf 77' lang='grc' dir='ltr'>ι).</span> <span class='ocrx_word' id='word_1_241' title='bbox 3234 1805 3405 1860; x_wconf 89' lang='lat' dir='ltr'><strong>Tanta</strong></span> <span class='ocrx_word' id='word_1_242' title='bbox 3445 1820 3546 1858; x_wconf 85' lang='lat' dir='ltr'><strong>au-</strong></span> 
     </span>
    </p>
   </div>
   <div class='ocr_carea' id='block_1_33' title="bbox 251 1906 1859 1980">
    <p class='ocr_par' dir='ltr' id='par_1_33' title="bbox 251 1906 1859 1980">
     <span class='ocr_line' id='line_1_33' title="bbox 251 1906 1859 1980; baseline 0.001 -18"><span class='ocrx_word' id='word_1_243' title='bbox 251 1907 528 1962; x_wconf 84' lang='lat' dir='ltr'><strong>molarum</strong></span> <span class='ocrx_word' id='word_1_244' title='bbox 575 1906 721 1960; x_wconf 82' lang='lat' dir='ltr'><strong>aliud</strong></span> <span class='ocrx_word' id='word_1_245' title='bbox 767 1906 916 1974; x_wconf 91' lang='lat' dir='ltr'><strong>prius</strong></span> <span class='ocrx_word' id='word_1_246' title='bbox 962 1907 1078 1961; x_wconf 91' lang='lat' dir='ltr'><strong>solo</strong></span> <span class='ocrx_word' id='word_1_247' title='bbox 1120 1908 1380 1977; x_wconf 90' lang='lat' dir='ltr'><strong>positum,</strong></span> <span class='ocrx_word' id='word_1_248' title='bbox 1442 1909 1584 1962; x_wconf 88' lang='lat' dir='ltr'><strong>aliud</strong></span> <span class='ocrx_word' id='word_1_249' title='bbox 1638 1910 1859 1980; x_wconf 89' lang='lat' dir='ltr'><strong>insuper</strong></span> 
     </span>
    </p>
   </div>
   <div class='ocr_carea' id='block_1_34' title="bbox 249 1996 1859 2067">
    <p class='ocr_par' dir='ltr' id='par_1_34' title="bbox 249 1996 1859 2067">
     <span class='ocr_line' id='line_1_34' title="bbox 249 1996 1859 2067; baseline 0.002 -16"><span class='ocrx_word' id='word_1_250' title='bbox 249 1996 606 2062; x_wconf 84' lang='lat' dir='ltr'><strong>collocatum,</strong></span> <span class='ocrx_word' id='word_1_251' title='bbox 638 1997 744 2051; x_wconf 88' lang='lat' dir='ltr'><strong>hoc</strong></span> <span class='ocrx_word' id='word_1_252' title='bbox 771 2005 856 2052; x_wconf 88' lang='lat' dir='ltr'><strong>est</strong></span> <span class='ocrx_word' id='word_1_253' title='bbox 883 1997 1057 2064; x_wconf 85' lang='lat' dir='ltr'><strong>legem</strong></span> <span class='ocrx_word' id='word_1_254' title='bbox 1084 1999 1317 2067; x_wconf 91' lang='lat' dir='ltr'><strong>primum</strong></span> <span class='ocrx_word' id='word_1_255' title='bbox 1337 1999 1645 2054; x_wconf 90' lang='lat' dir='ltr'><strong>hominibus</strong></span> <span class='ocrx_word' id='word_1_256' title='bbox 1664 2001 1859 2056; x_wconf 87' lang='lat' dir='ltr'><strong>consti-</strong></span> 
     </span>
    </p>
   </div>
   <div class='ocr_carea' id='block_1_35' title="bbox 253 2086 1855 2158">
    <p class='ocr_par' dir='ltr' id='par_1_35' title="bbox 253 2086 1855 2158">
     <span class='ocr_line' id='line_1_35' title="bbox 253 2086 1855 2158; baseline 0.005 -19"><span class='ocrx_word' id='word_1_257' title='bbox 253 2094 455 2153; x_wconf 88' lang='lat' dir='ltr'><strong>tutam,</strong></span> <span class='ocrx_word' id='word_1_258' title='bbox 494 2088 691 2143; x_wconf 90' lang='lat' dir='ltr'><strong>deinde</strong></span> <span class='ocrx_word' id='word_1_259' title='bbox 737 2086 1037 2158; x_wconf 78' lang='lat' dir='ltr'><strong>perfectum</strong></span> <span class='ocrx_word' id='word_1_260' title='bbox 1093 2088 1442 2158; x_wconf 86' lang='lat' dir='ltr'><strong>Evangelium</strong></span> <span class='ocrx_word' id='word_1_261' title='bbox 1490 2090 1540 2145; x_wconf 71' lang='grc' dir='ltr'>δ.</span> <span class='ocrx_word' id='word_1_262' title='bbox 1585 2091 1715 2158; x_wconf 68' lang='lat' dir='ltr'><strong>Quae</strong></span> <span class='ocrx_word' id='word_1_263' title='bbox 1744 2094 1855 2157; x_wconf 80' lang='lat' dir='ltr'><strong>lex,</strong></span> 
     </span>
    </p>
   </div>
   <div class='ocr_carea' id='block_1_36' title="bbox 253 2179 1856 2253">
    <p class='ocr_par' dir='ltr' id='par_1_36' title="bbox 253 2179 1856 2253">
     <span class='ocr_line' id='line_1_36' title="bbox 253 2179 1856 2253; baseline 0.004 -21"><span class='ocrx_word' id='word_1_264' title='bbox 253 2180 407 2234; x_wconf 77' lang='lat' dir='ltr'><strong>velut</strong></span> <span class='ocrx_word' id='word_1_265' title='bbox 433 2179 704 2236; x_wconf 82' lang='lat' dir='ltr'><strong>inferioris</strong></span> <span class='ocrx_word' id='word_1_266' title='bbox 729 2181 887 2235; x_wconf 61' lang='lat' dir='ltr'><strong>molae</strong></span> <span class='ocrx_word' id='word_1_267' title='bbox 915 2189 1137 2248; x_wconf 79' lang='lat' dir='ltr'><strong>saxum,</strong></span> <span class='ocrx_word' id='word_1_268' title='bbox 1169 2182 1243 2235; x_wconf 91' lang='lat' dir='ltr'><strong>ita</strong></span> <span class='ocrx_word' id='word_1_269' title='bbox 1272 2191 1391 2237; x_wconf 91' lang='lat' dir='ltr'><strong>erat</strong></span> <span class='ocrx_word' id='word_1_270' title='bbox 1418 2183 1589 2249; x_wconf 90' lang='lat' dir='ltr'><strong>tarda,</strong></span> <span class='ocrx_word' id='word_1_271' title='bbox 1622 2186 1772 2253; x_wconf 90' lang='lat' dir='ltr'><strong>pigra</strong></span> <span class='ocrx_word' id='word_1_272' title='bbox 1800 2194 1856 2239; x_wconf 91' lang='lat' dir='ltr'><strong>et</strong></span> 
     </span>
    </p>
   </div>
   <div class='ocr_carea' id='block_1_37' title="bbox 249 2270 1855 2342">
    <p class='ocr_par' dir='ltr' id='par_1_37' title="bbox 249 2270 1855 2342">
     <span class='ocr_line' id='line_1_37' title="bbox 249 2270 1855 2342; baseline 0.004 -21"><span class='ocrx_word' id='word_1_273' title='bbox 249 2272 474 2337; x_wconf 82' lang='lat' dir='ltr'><strong>penitus</strong></span> <span class='ocrx_word' id='word_1_274' title='bbox 499 2271 700 2334; x_wconf 84' lang='lat' dir='ltr'><strong>otiosa,</strong></span> <span class='ocrx_word' id='word_1_275' title='bbox 731 2278 792 2324; x_wconf 93' lang='lat' dir='ltr'><strong>ut</strong></span> <span class='ocrx_word' id='word_1_276' title='bbox 837 2270 1093 2339; x_wconf 84' lang='lat' dir='ltr'><strong>quidquid</strong></span> <span class='ocrx_word' id='word_1_277' title='bbox 1139 2272 1416 2341; x_wconf 84' lang='lat' dir='ltr'><strong>operando</strong></span> <span class='ocrx_word' id='word_1_278' title='bbox 1456 2283 1769 2342; x_wconf 87' lang='lat' dir='ltr'><strong>acceperat,</strong></span> <span class='ocrx_word' id='word_1_279' title='bbox 1800 2274 1855 2328; x_wconf 91' lang='lat' dir='ltr'><strong>id</strong></span> 
     </span>
    </p>
   </div>
   <div class='ocr_carea' id='block_1_38' title="bbox 251 2357 1854 2430">
    <p class='ocr_par' dir='ltr' id='par_1_38' title="bbox 251 2357 1854 2430">
     <span class='ocr_line' id='line_1_38' title="bbox 251 2357 1854 2430; baseline 0.002 -19"><span class='ocrx_word' id='word_1_280' title='bbox 251 2373 424 2413; x_wconf 88' lang='lat' dir='ltr'><strong>omne</strong></span> <span class='ocrx_word' id='word_1_281' title='bbox 454 2359 780 2428; x_wconf 88' lang='lat' dir='ltr'><strong>perdiderit;</strong></span> <span class='ocrx_word' id='word_1_282' title='bbox 803 2359 1017 2413; x_wconf 87' lang='lat' dir='ltr'><strong>dicente</strong></span> <span class='ocrx_word' id='word_1_283' title='bbox 1035 2357 1102 2412; x_wconf 90' lang='lat' dir='ltr'><strong>de</strong></span> <span class='ocrx_word' id='word_1_284' title='bbox 1126 2358 1321 2414; x_wconf 74' lang='lat' dir='ltr'><strong>Judzeis</strong></span> <span class='ocrx_word' id='word_1_285' title='bbox 1349 2361 1640 2430; x_wconf 85' lang='lat' dir='ltr'><strong>propheta:</strong></span> <span class='ocrx_word' id='word_1_286' title='bbox 1661 2360 1854 2415; x_wconf 78' lang='lat' dir='ltr'><strong>Omnes</strong></span> 
     </span>
    </p>
   </div>
   <div class='ocr_carea' id='block_1_39' title="bbox 249 2447 1854 2523">
    <p class='ocr_par' dir='ltr' id='par_1_39' title="bbox 249 2447 1854 2523">
     <span class='ocr_line' id='line_1_39' title="bbox 249 2447 1854 2523; baseline 0.004 -24"><span class='ocrx_word' id='word_1_287' title='bbox 249 2447 670 2512; x_wconf 74' lang='lat' dir='ltr'><strong>declinaverunt,</strong></span> <span class='ocrx_word' id='word_1_288' title='bbox 693 2447 847 2500; x_wconf 75' lang='lat' dir='ltr'><strong>simul</strong></span> <span class='ocrx_word' id='word_1_289' title='bbox 874 2448 1083 2501; x_wconf 77' lang='lat' dir='ltr'><strong>inutiles</strong></span> <span class='ocrx_word' id='word_1_290' title='bbox 1103 2450 1232 2518; x_wconf 84' lang='lat' dir='ltr'><strong>[acti</strong></span> <span class='ocrx_word' id='word_1_291' title='bbox 1259 2459 1401 2513; x_wconf 74' lang='lat' dir='ltr'><strong>sntit,</strong></span> <span class='ocrx_word' id='word_1_292' title='bbox 1423 2467 1526 2504; x_wconf 83' lang='lat' dir='ltr'><strong>non</strong></span> <span class='ocrx_word' id='word_1_293' title='bbox 1556 2461 1632 2503; x_wconf 60' lang='grc' dir='ltr'><strong>εει</strong></span> <span class='ocrx_word' id='word_1_294' title='bbox 1658 2453 1747 2523; x_wconf 83' lang='lat' dir='ltr'><strong>qui</strong></span> <span class='ocrx_word' id='word_1_295' title='bbox 1770 2455 1854 2523; x_wconf 79' lang='lat' dir='ltr'><strong>fa-</strong></span> 
     </span>
    </p>
   </div>
   <div class='ocr_carea' id='block_1_40' title="bbox 245 2539 1848 2612">
    <p class='ocr_par' dir='ltr' id='par_1_40' title="bbox 245 2539 1848 2612">
     <span class='ocr_line' id='line_1_40' title="bbox 245 2539 1848 2612; baseline 0.005 -24"><span class='ocrx_word' id='word_1_296' title='bbox 245 2539 356 2589; x_wconf 84' lang='lat' dir='ltr'><strong>ciat</strong></span> <span class='ocrx_word' id='word_1_297' title='bbox 387 2539 594 2604; x_wconf 69' lang='lat' dir='ltr'><strong>bonum,</strong></span> <span class='ocrx_word' id='word_1_298' title='bbox 623 2556 728 2593; x_wconf 82' lang='lat' dir='ltr'><strong>non</strong></span> <span class='ocrx_word' id='word_1_299' title='bbox 754 2548 833 2591; x_wconf 85' lang='lat' dir='ltr'><strong>est</strong></span> <span class='ocrx_word' id='word_1_300' title='bbox 859 2555 1023 2608; x_wconf 69' lang='lat' dir='ltr'><strong>usque</strong></span> <span class='ocrx_word' id='word_1_301' title='bbox 1051 2539 1118 2592; x_wconf 85' lang='lat' dir='ltr'><strong>ad</strong></span> <span class='ocrx_word' id='word_1_302' title='bbox 1144 2556 1305 2593; x_wconf 82' lang='lat' dir='ltr'><strong>unum</strong></span> <span class='ocrx_word' id='word_1_303' title='bbox 1335 2540 1504 2610; x_wconf 81' lang='lat' dir='ltr'><strong>(Psal.</strong></span> <span class='ocrx_word' id='word_1_304' title='bbox 1538 2559 1627 2596; x_wconf 78' lang='lat' dir='ltr'><strong>xm</strong></span> <span class='ocrx_word' id='word_1_305' title='bbox 1657 2552 1707 2596; x_wconf 90' lang='lat' dir='ltr'><strong>et</strong></span> <span class='ocrx_word' id='word_1_306' title='bbox 1735 2543 1848 2612; x_wconf 87' lang='lat' dir='ltr'><strong>cu).</strong></span> 
     </span>
    </p>
   </div>
   <div class='ocr_carea' id='block_1_41' title="bbox 248 2627 1850 2700">
    <p class='ocr_par' dir='ltr' id='par_1_41' title="bbox 248 2627 1850 2700">
     <span class='ocr_line' id='line_1_41' title="bbox 248 2627 1850 2700; baseline 0.003 -16"><span class='ocrx_word' id='word_1_307' title='bbox 248 2627 396 2697; x_wconf 79' lang='lat' dir='ltr'><strong>Ergo</strong></span> <span class='ocrx_word' id='word_1_308' title='bbox 420 2631 517 2684; x_wconf 90' lang='lat' dir='ltr'><strong>nisi</strong></span> <span class='ocrx_word' id='word_1_309' title='bbox 545 2630 898 2698; x_wconf 84' lang='lat' dir='ltr'><strong>Evangelium</strong></span> <span class='ocrx_word' id='word_1_310' title='bbox 926 2633 1322 2700; x_wconf 88' lang='lat' dir='ltr'><strong>superpositum</strong></span> <span class='ocrx_word' id='word_1_311' title='bbox 1349 2631 1535 2687; x_wconf 82' lang='lat' dir='ltr'><strong>fuisset</strong></span> <span class='ocrx_word' id='word_1_312' title='bbox 1563 2635 1738 2688; x_wconf 87' lang='lat' dir='ltr'><strong>adhuc</strong></span> <span class='ocrx_word' id='word_1_313' title='bbox 1766 2635 1850 2691; x_wconf 81' lang='lat' dir='ltr'><strong>lex</strong></span> 
     </span>
    </p>
   </div>
   <div class='ocr_carea' id='block_1_42' title="bbox 249 2706 1852 2792">
    <p class='ocr_par' dir='ltr' id='par_1_42' title="bbox 249 2706 1852 2792">
     <span class='ocr_line' id='line_1_42' title="bbox 249 2706 1852 2792; baseline 0.005 -22"><span class='ocrx_word' id='word_1_314' title='bbox 249 2720 423 2773; x_wconf 82' lang='lat' dir='ltr'><strong>veluti</strong></span> <span class='ocrx_word' id='word_1_315' title='bbox 451 2722 622 2792; x_wconf 88' lang='lat' dir='ltr'><strong>tarda,</strong></span> <span class='ocrx_word' id='word_1_316' title='bbox 656 2728 713 2774; x_wconf 90' lang='lat' dir='ltr'><strong>et</strong></span> <span class='ocrx_word' id='word_1_317' title='bbox 755 2706 934 2788; x_wconf 75' lang='lat' dir='ltr'><strong>gravis</strong></span> <span class='ocrx_word' id='word_1_318' title='bbox 974 2720 1180 2788; x_wconf 90' lang='lat' dir='ltr'><strong>jaceret</strong></span> <span class='ocrx_word' id='word_1_319' title='bbox 1220 2723 1272 2775; x_wconf 91' lang='lat' dir='ltr'><strong>in</strong></span> <span class='ocrx_word' id='word_1_320' title='bbox 1322 2731 1462 2776; x_wconf 91' lang='lat' dir='ltr'><strong>terra</strong></span> <span class='ocrx_word' id='word_1_321' title='bbox 1509 2722 1752 2786; x_wconf 82' lang='lat' dir='ltr'><strong>Judaica,</strong></span> <span class='ocrx_word' id='word_1_322' title='bbox 1796 2733 1852 2778; x_wconf 89' lang='lat' dir='ltr'><strong>et</strong></span> 
     </span>
    </p>
   </div>
   <div class='ocr_carea' id='block_1_43' title="bbox 249 2795 1851 2882">
    <p class='ocr_par' dir='ltr' id='par_1_43' title="bbox 249 2795 1851 2882">
     <span class='ocr_line' id='line_1_43' title="bbox 249 2795 1851 2882; baseline 0.004 -20"><span class='ocrx_word' id='word_1_323' title='bbox 249 2811 414 2865; x_wconf 83' lang='lat' dir='ltr'><strong>unius</strong></span> <span class='ocrx_word' id='word_1_324' title='bbox 442 2795 728 2880; x_wconf 73' lang='lat' dir='ltr'><strong>provincia:</strong></span> <span class='ocrx_word' id='word_1_325' title='bbox 757 2812 1131 2880; x_wconf 82' lang='lat' dir='ltr'><strong>cooperiretur</strong></span> <span class='ocrx_word' id='word_1_326' title='bbox 1159 2813 1437 2879; x_wconf 86' lang='lat' dir='ltr'><strong>angustiis.</strong></span> <span class='ocrx_word' id='word_1_327' title='bbox 1472 2812 1580 2867; x_wconf 88' lang='lat' dir='ltr'><strong>Nisi</strong></span> <span class='ocrx_word' id='word_1_328' title='bbox 1610 2811 1851 2882; x_wconf 83' lang='lat' dir='ltr'><strong>Evange-</strong></span> 
     </span>
    </p>
   </div>
   <div class='ocr_carea' id='block_1_44' title="bbox 255 2898 1849 2968">
    <p class='ocr_par' dir='ltr' id='par_1_44' title="bbox 255 2898 1849 2968">
     <span class='ocr_line' id='line_1_44' title="bbox 255 2898 1849 2968; baseline 0.005 -17"><span class='ocrx_word' id='word_1_329' title='bbox 255 2898 416 2962; x_wconf 86' lang='lat' dir='ltr'><strong>lium,</strong></span> <span class='ocrx_word' id='word_1_330' title='bbox 446 2902 682 2968; x_wconf 88' lang='lat' dir='ltr'><strong>inquam,</strong></span> <span class='ocrx_word' id='word_1_331' title='bbox 709 2901 894 2954; x_wconf 89' lang='lat' dir='ltr'><strong>datum</strong></span> <span class='ocrx_word' id='word_1_332' title='bbox 940 2909 1102 2965; x_wconf 88' lang='lat' dir='ltr'><strong>esset,</strong></span> <span class='ocrx_word' id='word_1_333' title='bbox 1143 2901 1228 2956; x_wconf 80' lang='lat' dir='ltr'><strong>les</strong></span> <span class='ocrx_word' id='word_1_334' title='bbox 1281 2903 1585 2956; x_wconf 88' lang='lat' dir='ltr'><strong>necessaria</strong></span> <span class='ocrx_word' id='word_1_335' title='bbox 1628 2905 1849 2959; x_wconf 87' lang='lat' dir='ltr'><strong>omnino</strong></span> 
     </span>
    </p>
   </div>
   <div class='ocr_carea' id='block_1_45' title="bbox 250 2990 1846 3062">
    <p class='ocr_par' dir='ltr' id='par_1_45' title="bbox 250 2990 1846 3062">
     <span class='ocr_line' id='line_1_45' title="bbox 250 2990 1846 3062; baseline 0.004 -20"><span class='ocrx_word' id='word_1_336' title='bbox 250 3004 363 3042; x_wconf 87' lang='lat' dir='ltr'><strong>non</strong></span> <span class='ocrx_word' id='word_1_337' title='bbox 384 3000 546 3045; x_wconf 85' lang='lat' dir='ltr'><strong>esset.</strong></span> <span class='ocrx_word' id='word_1_338' title='bbox 566 2990 683 3045; x_wconf 78' lang='lat' dir='ltr'><strong>Hoc</strong></span> <span class='ocrx_word' id='word_1_339' title='bbox 705 3001 886 3045; x_wconf 89' lang='lat' dir='ltr'><strong>autem</strong></span> <span class='ocrx_word' id='word_1_340' title='bbox 916 2991 1004 3044; x_wconf 80' lang='lat' dir='ltr'><strong>lex</strong></span> <span class='ocrx_word' id='word_1_341' title='bbox 1033 2992 1360 3060; x_wconf 87' lang='lat' dir='ltr'><strong>operabatur</strong></span> <span class='ocrx_word' id='word_1_342' title='bbox 1386 2993 1504 3047; x_wconf 89' lang='lat' dir='ltr'><strong>sine</strong></span> <span class='ocrx_word' id='word_1_343' title='bbox 1531 2992 1846 3062; x_wconf 80' lang='lat' dir='ltr'><strong>Evangelia,</strong></span> 
     </span>
    </p>
   </div>
   <div class='ocr_carea' id='block_1_46' title="bbox 250 3078 1843 3151">
    <p class='ocr_par' dir='ltr' id='par_1_46' title="bbox 250 3078 1843 3151">
     <span class='ocr_line' id='line_1_46' title="bbox 250 3078 1843 3151; baseline 0.004 -19"><span class='ocrx_word' id='word_1_344' title='bbox 250 3080 396 3148; x_wconf 86' lang='lat' dir='ltr'><strong>quod</strong></span> <span class='ocrx_word' id='word_1_345' title='bbox 430 3097 534 3136; x_wconf 87' lang='lat' dir='ltr'><strong>uno</strong></span> <span class='ocrx_word' id='word_1_346' title='bbox 561 3096 698 3136; x_wconf 81' lang='lat' dir='ltr'><strong>saxo</strong></span> <span class='ocrx_word' id='word_1_347' title='bbox 726 3078 841 3134; x_wconf 81' lang='lat' dir='ltr'><strong>ﬁeri</strong></span> <span class='ocrx_word' id='word_1_348' title='bbox 871 3089 1067 3151; x_wconf 89' lang='lat' dir='ltr'><strong>potest.</strong></span> <span class='ocrx_word' id='word_1_349' title='bbox 1093 3079 1445 3149; x_wconf 79' lang='lat' dir='ltr'><strong>Confringere</strong></span> <span class='ocrx_word' id='word_1_350' title='bbox 1472 3090 1702 3151; x_wconf 91' lang='lat' dir='ltr'><strong>poterat,</strong></span> <span class='ocrx_word' id='word_1_351' title='bbox 1735 3101 1843 3139; x_wconf 92' lang='lat' dir='ltr'><strong>non</strong></span> 
     </span>
    </p>
   </div>
   <div class='ocr_carea' id='block_1_47' title="bbox 252 3153 1919 3241">
    <p class='ocr_par' dir='ltr' id='par_1_47' title="bbox 252 3153 1919 3241">
     <span class='ocr_line' id='line_1_47' title="bbox 252 3153 1919 3241; baseline 0.002 -17"><span class='ocrx_word' id='word_1_352' title='bbox 252 3170 513 3238; x_wconf 87' lang='lat' dir='ltr'><strong>prodesse</strong></span> <span class='ocrx_word' id='word_1_353' title='bbox 554 3189 566 3224; x_wconf 92' lang='lat'>:</span> <span class='ocrx_word' id='word_1_354' title='bbox 613 3172 755 3225; x_wconf 89' lang='lat' dir='ltr'><strong>sicut</strong></span> <span class='ocrx_word' id='word_1_355' title='bbox 788 3171 864 3224; x_wconf 87' lang='lat' dir='ltr'><strong>ait</strong></span> <span class='ocrx_word' id='word_1_356' title='bbox 908 3173 1100 3226; x_wconf 88' lang='lat' dir='ltr'><strong>beatus</strong></span> <span class='ocrx_word' id='word_1_357' title='bbox 1141 3172 1478 3241; x_wconf 85' lang='lat' dir='ltr'><strong>Apostolus:</strong></span> <span class='ocrx_word' id='word_1_358' title='bbox 1526 3172 1635 3226; x_wconf 65' lang='grc' dir='ltr'><strong>ιω</strong></span> <span class='ocrx_word' id='word_1_359' title='bbox 1675 3185 1848 3228; x_wconf 79' lang='lat' dir='ltr'><strong>autem</strong></span> <span class='ocrx_word' id='word_1_360' title='bbox 1873 3153 1919 3214; x_wconf 79' lang='lat' dir='ltr'>C</span> 
     </span>
    </p>
   </div>
   <div class='ocr_carea' id='block_1_48' title="bbox 253 3259 1848 3333">
    <p class='ocr_par' dir='ltr' id='par_1_48' title="bbox 253 3259 1848 3333">
     <span class='ocr_line' id='line_1_48' title="bbox 253 3259 1848 3333; baseline 0.004 -22"><span class='ocrx_word' id='word_1_361' title='bbox 253 3259 390 3312; x_wconf 68' lang='lat' dir='ltr'><strong>iram</strong></span> <span class='ocrx_word' id='word_1_362' title='bbox 423 3272 665 3330; x_wconf 75' lang='lat' dir='ltr'><strong>operatur</strong></span> <span class='ocrx_word' id='word_1_363' title='bbox 696 3260 889 3331; x_wconf 86' lang='lat' dir='ltr'><strong>(Rom.</strong></span> <span class='ocrx_word' id='word_1_364' title='bbox 923 3277 993 3325; x_wconf 77' lang='lat' dir='ltr'><strong>tv,</strong></span> <span class='ocrx_word' id='word_1_365' title='bbox 1027 3259 1140 3331; x_wconf 86' lang='grc'><strong>15),</strong></span> <span class='ocrx_word' id='word_1_366' title='bbox 1168 3262 1396 3330; x_wconf 87' lang='lat' dir='ltr'><strong>gratiam</strong></span> <span class='ocrx_word' id='word_1_367' title='bbox 1421 3279 1548 3318; x_wconf 85' lang='lat' dir='ltr'><strong>vero</strong></span> <span class='ocrx_word' id='word_1_368' title='bbox 1579 3279 1682 3318; x_wconf 92' lang='lat' dir='ltr'><strong>non</strong></span> <span class='ocrx_word' id='word_1_369' title='bbox 1720 3280 1848 3333; x_wconf 65' lang='lat' dir='ltr'><strong>prte-</strong></span> 
     </span>
    </p>
   </div>
   <div class='ocr_carea' id='block_1_49' title="bbox 256 3349 1847 3420">
    <p class='ocr_par' dir='ltr' id='par_1_49' title="bbox 256 3349 1847 3420">
     <span class='ocr_line' id='line_1_49' title="bbox 256 3349 1847 3420; baseline 0.003 -18"><span class='ocrx_word' id='word_1_370' title='bbox 256 3359 382 3403; x_wconf 87' lang='lat' dir='ltr'><strong>stat.</strong></span> <span class='ocrx_word' id='word_1_371' title='bbox 416 3349 603 3406; x_wconf 89' lang='lat' dir='ltr'><strong>Stante</strong></span> <span class='ocrx_word' id='word_1_372' title='bbox 645 3362 669 3390; x_wconf 72' lang='grc' dir='ltr'><strong>ο</strong></span> <span class='ocrx_word' id='word_1_373' title='bbox 715 3359 897 3406; x_wconf 87' lang='lat' dir='ltr'><strong>autem</strong></span> <span class='ocrx_word' id='word_1_374' title='bbox 947 3351 1091 3419; x_wconf 78' lang='lat' dir='ltr'><strong>lege.</strong></span> <span class='ocrx_word' id='word_1_375' title='bbox 1134 3351 1483 3420; x_wconf 84' lang='lat' dir='ltr'><strong>Evangelium</strong></span> <span class='ocrx_word' id='word_1_376' title='bbox 1521 3353 1705 3407; x_wconf 92' lang='lat' dir='ltr'><strong>datum</strong></span> <span class='ocrx_word' id='word_1_377' title='bbox 1743 3362 1847 3420; x_wconf 89' lang='lat' dir='ltr'><strong>est,</strong></span> 
     </span>
    </p>
   </div>
   <div class='ocr_carea' id='block_1_50' title="bbox 260 3439 1850 3512">
    <p class='ocr_par' dir='ltr' id='par_1_50' title="bbox 260 3439 1850 3512">
     <span class='ocr_line' id='line_1_50' title="bbox 260 3439 1850 3512; baseline 0.004 -21"><span class='ocrx_word' id='word_1_378' title='bbox 260 3440 403 3507; x_wconf 90' lang='lat' dir='ltr'><strong>quod</strong></span> <span class='ocrx_word' id='word_1_379' title='bbox 424 3440 600 3495; x_wconf 89' lang='lat' dir='ltr'><strong>Veteri</strong></span> <span class='ocrx_word' id='word_1_380' title='bbox 620 3442 1020 3510; x_wconf 88' lang='lat' dir='ltr'><strong>superpositum</strong></span> <span class='ocrx_word' id='word_1_381' title='bbox 1041 3439 1388 3496; x_wconf 86' lang='lat' dir='ltr'><strong>Testamento</strong></span> <span class='ocrx_word' id='word_1_382' title='bbox 1415 3451 1700 3512; x_wconf 83' lang='lat' dir='ltr'><strong>utrumque</strong></span> <span class='ocrx_word' id='word_1_383' title='bbox 1727 3459 1850 3497; x_wconf 90' lang='lat' dir='ltr'><strong>con-</strong></span> 
     </span>
    </p>
   </div>
   <div class='ocr_carea' id='block_1_51' title="bbox 263 3530 1848 3601">
    <p class='ocr_par' dir='ltr' id='par_1_51' title="bbox 263 3530 1848 3601">
     <span class='ocr_line' id='line_1_51' title="bbox 263 3530 1848 3601; baseline 0.002 -18"><span class='ocrx_word' id='word_1_384' title='bbox 263 3530 478 3583; x_wconf 75' lang='lat' dir='ltr'><strong>decorat</strong></span> <span class='ocrx_word' id='word_1_385' title='bbox 508 3549 522 3582; x_wconf 91' lang='lat'><strong>:</strong></span> <span class='ocrx_word' id='word_1_386' title='bbox 559 3534 659 3601; x_wconf 79' lang='grc' dir='ltr'>ιι</span> <span class='ocrx_word' id='word_1_387' title='bbox 690 3545 756 3584; x_wconf 91' lang='lat' dir='ltr'><strong>ac</strong></span> <span class='ocrx_word' id='word_1_388' title='bbox 785 3539 933 3583; x_wconf 49' lang='lat' dir='ltr'><strong>tanta</strong></span> <span class='ocrx_word' id='word_1_389' title='bbox 963 3530 1248 3584; x_wconf 87' lang='lat' dir='ltr'><strong>velocitate</strong></span> <span class='ocrx_word' id='word_1_390' title='bbox 1276 3531 1359 3584; x_wconf 92' lang='lat' dir='ltr'><strong>sui</strong></span> <span class='ocrx_word' id='word_1_391' title='bbox 1402 3532 1656 3585; x_wconf 62' lang='lat' dir='ltr'><strong>sacculum</strong></span> <span class='ocrx_word' id='word_1_392' title='bbox 1688 3547 1848 3587; x_wconf 91' lang='lat' dir='ltr'><strong>omne</strong></span> 
     </span>
    </p>
   </div>
   <div class='ocr_carea' id='block_1_52' title="bbox 267 3619 1843 3690">
    <p class='ocr_par' dir='ltr' id='par_1_52' title="bbox 267 3619 1843 3690">
     <span class='ocr_line' id='line_1_52' title="bbox 267 3619 1843 3690; baseline 0.002 -20"><span class='ocrx_word' id='word_1_393' title='bbox 267 3619 576 3685; x_wconf 78' lang='lat' dir='ltr'><strong>circumeat;</strong></span> <span class='ocrx_word' id='word_1_394' title='bbox 608 3621 712 3674; x_wconf 89' lang='lat' dir='ltr'><strong>hoc</strong></span> <span class='ocrx_word' id='word_1_395' title='bbox 740 3629 824 3674; x_wconf 86' lang='lat' dir='ltr'><strong>est</strong></span> <span class='ocrx_word' id='word_1_396' title='bbox 851 3620 1056 3673; x_wconf 83' lang='lat' dir='ltr'><strong>inferna</strong></span> <span class='ocrx_word' id='word_1_397' title='bbox 1083 3620 1280 3682; x_wconf 88' lang='lat' dir='ltr'><strong>visitet,</strong></span> <span class='ocrx_word' id='word_1_398' title='bbox 1304 3621 1544 3675; x_wconf 77' lang='lat' dir='ltr'><strong>cmlestia</strong></span> <span class='ocrx_word' id='word_1_399' title='bbox 1575 3629 1843 3690; x_wconf 88' lang='lat' dir='ltr'><strong>penetret,</strong></span> 
     </span>
    </p>
   </div>
   <div class='ocr_carea' id='block_1_53' title="bbox 270 3708 1850 3780">
    <p class='ocr_par' dir='ltr' id='par_1_53' title="bbox 270 3708 1850 3780">
     <span class='ocr_line' id='line_1_53' title="bbox 270 3708 1850 3780; baseline 0.004 -22"><span class='ocrx_word' id='word_1_400' title='bbox 270 3715 476 3762; x_wconf 81' lang='lat' dir='ltr'><strong>terrena</strong></span> <span class='ocrx_word' id='word_1_401' title='bbox 503 3710 801 3764; x_wconf 86' lang='lat' dir='ltr'><strong>collustret.</strong></span> <span class='ocrx_word' id='word_1_402' title='bbox 841 3709 996 3774; x_wconf 85' lang='lat' dir='ltr'><strong>Quod</strong></span> <span class='ocrx_word' id='word_1_403' title='bbox 1028 3708 1376 3776; x_wconf 79' lang='lat' dir='ltr'><strong>Evangelium</strong></span> <span class='ocrx_word' id='word_1_404' title='bbox 1407 3717 1662 3780; x_wconf 90' lang='lat' dir='ltr'><strong>tanquam</strong></span> <span class='ocrx_word' id='word_1_405' title='bbox 1689 3725 1850 3780; x_wconf 86' lang='lat' dir='ltr'><strong>supe-</strong></span> 
     </span>
    </p>
   </div>
   <div class='ocr_carea' id='block_1_54' title="bbox 274 3799 1855 3870">
    <p class='ocr_par' dir='ltr' id='par_1_54' title="bbox 274 3799 1855 3870">
     <span class='ocr_line' id='line_1_54' title="bbox 274 3799 1855 3870; baseline 0.004 -19"><span class='ocrx_word' id='word_1_406' title='bbox 274 3799 378 3852; x_wconf 89' lang='lat' dir='ltr'><strong>rior</strong></span> <span class='ocrx_word' id='word_1_407' title='bbox 416 3800 550 3854; x_wconf 88' lang='lat' dir='ltr'><strong>mola</strong></span> <span class='ocrx_word' id='word_1_408' title='bbox 578 3809 806 3854; x_wconf 89' lang='lat' dir='ltr'><strong>cunctos</strong></span> <span class='ocrx_word' id='word_1_409' title='bbox 848 3801 1132 3855; x_wconf 75' lang='lat' dir='ltr'><strong>credentes</strong></span> <span class='ocrx_word' id='word_1_410' title='bbox 1163 3802 1419 3870; x_wconf 82' lang='lat' dir='ltr'><strong>suscipit,</strong></span> <span class='ocrx_word' id='word_1_411' title='bbox 1469 3817 1657 3856; x_wconf 90' lang='lat' dir='ltr'><strong>omnes</strong></span> <span class='ocrx_word' id='word_1_412' title='bbox 1694 3805 1855 3858; x_wconf 90' lang='lat' dir='ltr'><strong>adve-</strong></span> 
     </span>
    </p>
   </div>
   <div class='ocr_carea' id='block_1_55' title="bbox 280 3890 1857 3960">
    <p class='ocr_par' dir='ltr' id='par_1_55' title="bbox 280 3890 1857 3960">
     <span class='ocr_line' id='line_1_55' title="bbox 280 3890 1857 3960; baseline 0.003 -19"><span class='ocrx_word' id='word_1_413' title='bbox 280 3890 477 3944; x_wconf 87' lang='lat' dir='ltr'><strong>nientes</strong></span> <span class='ocrx_word' id='word_1_414' title='bbox 526 3891 747 3960; x_wconf 89' lang='lat' dir='ltr'><strong>accipit,</strong></span> <span class='ocrx_word' id='word_1_415' title='bbox 794 3899 850 3944; x_wconf 90' lang='lat' dir='ltr'><strong>et</strong></span> <span class='ocrx_word' id='word_1_416' title='bbox 890 3890 1037 3944; x_wconf 77' lang='lat' dir='ltr'><strong>velut</strong></span> <span class='ocrx_word' id='word_1_417' title='bbox 1090 3906 1188 3960; x_wconf 91' lang='lat' dir='ltr'><strong>per</strong></span> <span class='ocrx_word' id='word_1_418' title='bbox 1228 3891 1487 3959; x_wconf 84' lang='lat' dir='ltr'><strong>quasdam</strong></span> <span class='ocrx_word' id='word_1_419' title='bbox 1539 3894 1857 3947; x_wconf 83' lang='lat' dir='ltr'><strong>cavernulas</strong></span> 
     </span>
    </p>
   </div>
   <div class='ocr_carea' id='block_1_56' title="bbox 283 3979 1856 4051">
    <p class='ocr_par' dir='ltr' id='par_1_56' title="bbox 283 3979 1856 4051">
     <span class='ocr_line' id='line_1_56' title="bbox 283 3979 1856 4051; baseline 0.001 -15"><span class='ocrx_word' id='word_1_420' title='bbox 283 3991 655 4051; x_wconf 69' lang='lat' dir='ltr'><strong>pmceptorum</strong></span> <span class='ocrx_word' id='word_1_421' title='bbox 676 3981 744 4034; x_wconf 90' lang='lat' dir='ltr'><strong>ad</strong></span> <span class='ocrx_word' id='word_1_422' title='bbox 760 3982 1018 4035; x_wconf 90' lang='lat' dir='ltr'><strong>interiora</strong></span> <span class='ocrx_word' id='word_1_423' title='bbox 1042 3982 1356 4036; x_wconf 87' lang='lat' dir='ltr'><strong>transmittit</strong></span> <span class='ocrx_word' id='word_1_424' title='bbox 1370 4000 1383 4035; x_wconf 89' lang='lat'><strong>:</strong></span> <span class='ocrx_word' id='word_1_425' title='bbox 1397 3990 1456 4037; x_wconf 91' lang='lat' dir='ltr'><strong>ut</strong></span> <span class='ocrx_word' id='word_1_426' title='bbox 1469 3979 1497 4019; x_wconf 68' lang='grc' dir='ltr'><strong><em>ἀ</em></strong></span> <span class='ocrx_word' id='word_1_427' title='bbox 1509 3983 1583 4038; x_wconf 89' lang='lat' dir='ltr'><strong>ibi</strong></span> <span class='ocrx_word' id='word_1_428' title='bbox 1593 3984 1718 4038; x_wconf 86' lang='lat' dir='ltr'><strong>hinc</strong></span> <span class='ocrx_word' id='word_1_429' title='bbox 1732 3984 1856 4038; x_wconf 88' lang='lat' dir='ltr'><strong>inde</strong></span> 
     </span>
    </p>
   </div>
   <div class='ocr_carea' id='block_1_57' title="bbox 285 4068 1854 4144">
    <p class='ocr_par' dir='ltr' id='par_1_57' title="bbox 285 4068 1854 4144">
     <span class='ocr_line' id='line_1_57' title="bbox 285 4068 1854 4144; baseline 0.003 -19"><span class='ocrx_word' id='word_1_430' title='bbox 285 4068 489 4130; x_wconf 66' lang='lat' dir='ltr'><strong>duorum</strong></span> <span class='ocrx_word' id='word_1_431' title='bbox 513 4071 986 4128; x_wconf 87' lang='lat' dir='ltr'><strong>Testamentorum</strong></span> <span class='ocrx_word' id='word_1_432' title='bbox 1026 4071 1351 4128; x_wconf 88' lang='lat' dir='ltr'><strong>salutaribus</strong></span> <span class='ocrx_word' id='word_1_433' title='bbox 1381 4074 1650 4129; x_wconf 82' lang='lat' dir='ltr'><strong>mandatis</strong></span> <span class='ocrx_word' id='word_1_434' title='bbox 1676 4077 1854 4144; x_wconf 88' lang='lat' dir='ltr'><strong>genti-</strong></span> 
     </span>
    </p>
   </div>
   <div class='ocr_carea' id='block_1_58' title="bbox 351 4377 1842 4443">
    <p class='ocr_par' dir='ltr' id='par_1_58' title="bbox 351 4377 1842 4443">
     <span class='ocr_line' id='line_1_58' title="bbox 351 4377 1842 4443; baseline -0.001 -10"><span class='ocrx_word' id='word_1_435' title='bbox 351 4385 374 4414; x_wconf 79' lang='grc' dir='ltr'>ι</span> <span class='ocrx_word' id='word_1_436' title='bbox 405 4377 531 4433; x_wconf 84' lang='lat' dir='ltr'><strong>Cod.</strong></span> <span class='ocrx_word' id='word_1_437' title='bbox 558 4377 628 4432; x_wconf 86' lang='lat'><strong>99</strong></span> <span class='ocrx_word' id='word_1_438' title='bbox 663 4379 724 4434; x_wconf 93' lang='lat' dir='ltr'><strong>S.</strong></span> <span class='ocrx_word' id='word_1_439' title='bbox 755 4378 944 4435; x_wconf 82' lang='lat' dir='ltr'><strong>Crucis</strong></span> <span class='ocrx_word' id='word_1_440' title='bbox 979 4388 1036 4435; x_wconf 91' lang='lat' dir='ltr'><strong>et</strong></span> <span class='ocrx_word' id='word_1_441' title='bbox 1061 4379 1258 4436; x_wconf 82' lang='lat' dir='ltr'><strong>Novar.</strong></span> <span class='ocrx_word' id='word_1_442' title='bbox 1280 4377 1378 4442; x_wconf 71' lang='lat'><strong>27,</strong></span> <span class='ocrx_word' id='word_1_443' title='bbox 1411 4388 1461 4433; x_wconf 88' lang='lat' dir='ltr'><strong>et</strong></span> <span class='ocrx_word' id='word_1_444' title='bbox 1497 4379 1569 4432; x_wconf 82' lang='lat' dir='ltr'><strong>ad</strong></span> <span class='ocrx_word' id='word_1_445' title='bbox 1594 4381 1842 4443; x_wconf 83' lang='lat' dir='ltr'><strong>invicem;</strong></span> 
     </span>
    </p>
   </div>
   <div class='ocr_carea' id='block_1_59' title="bbox 294 4447 1846 4570">
    <p class='ocr_par' dir='ltr' id='par_1_59' title="bbox 294 4447 1846 4570">
     <span class='ocr_line' id='line_1_59' title="bbox 294 4447 1846 4570; baseline 0.001 -69"><span class='ocrx_word' id='word_1_446' title='bbox 294 4447 498 4570; x_wconf 49' lang='lat' dir='ltr'><strong>ssi</strong></span> <span class='ocrx_word' id='word_1_447' title='bbox 525 4449 595 4502; x_wconf 84' lang='lat'><strong>90</strong></span> <span class='ocrx_word' id='word_1_448' title='bbox 622 4449 681 4504; x_wconf 89' lang='lat' dir='ltr'><strong>S.</strong></span> <span class='ocrx_word' id='word_1_449' title='bbox 712 4447 900 4504; x_wconf 88' lang='lat' dir='ltr'><strong>Crucis</strong></span> <span class='ocrx_word' id='word_1_450' title='bbox 919 4449 974 4503; x_wconf 91' lang='lat' dir='ltr'><strong>in</strong></span> <span class='ocrx_word' id='word_1_451' title='bbox 1004 4448 1116 4505; x_wconf 84' lang='lat' dir='ltr'><strong>Jer.</strong></span> <span class='ocrx_word' id='word_1_452' title='bbox 1141 4449 1302 4520; x_wconf 87' lang='lat' dir='ltr'><strong>plane</strong></span> <span class='ocrx_word' id='word_1_453' title='bbox 1330 4465 1453 4503; x_wconf 86' lang='lat' dir='ltr'><strong>cum</strong></span> <span class='ocrx_word' id='word_1_454' title='bbox 1483 4457 1633 4503; x_wconf 82' lang='lat' dir='ltr'><strong>textu</strong></span> <span class='ocrx_word' id='word_1_455' title='bbox 1660 4459 1846 4503; x_wconf 86' lang='lat' dir='ltr'><strong>nostro</strong></span> 
     </span>
     <span class='ocr_line' id='line_1_60' title="bbox 422 4533 514 4570; baseline 0.011 -1"><span class='ocrx_word' id='word_1_456' title='bbox 422 4533 476 4570; x_wconf 88' lang='lat' dir='ltr'><strong>re</strong></span> <span class='ocrx_word' id='word_1_457' title='bbox 499 4557 514 4570; x_wconf 93' lang='lat'><strong>.</strong></span> 
     </span>
    </p>
   </div>
   <div class='ocr_carea' id='block_1_60' title="bbox 422 4533 514 4572">
    <p class='ocr_par' dir='ltr' id='par_1_60' title="bbox 422 4533 514 4572">
     <span class='ocr_line' id='line_1_61' title="bbox 422 4533 514 4572; baseline 0.033 -3"><span class='ocrx_word' id='word_1_458' title='bbox 422 4533 514 4572; x_wconf 91' lang='lat' dir='ltr'><strong>ret.</strong></span> 
     </span>
    </p>
   </div>
   <div class='ocr_carea' id='block_1_61' title="bbox 356 4585 1850 4659">
    <p class='ocr_par' dir='ltr' id='par_1_61' title="bbox 356 4585 1850 4659">
     <span class='ocr_line' id='line_1_62' title="bbox 356 4585 1850 4659; baseline -0.001 -19"><span class='ocrx_word' id='word_1_459' title='bbox 356 4594 375 4621; x_wconf 57' lang='grc' dir='ltr'><em>ν</em></span> <span class='ocrx_word' id='word_1_460' title='bbox 391 4585 521 4659; x_wconf 66' lang='grc' dir='ltr'>βοά.</span> <span class='ocrx_word' id='word_1_461' title='bbox 553 4585 819 4659; x_wconf 58' lang='lat' dir='ltr'><strong>Sangam,</strong></span> <span class='ocrx_word' id='word_1_462' title='bbox 861 4588 1047 4642; x_wconf 78' lang='lat' dir='ltr'><strong>deinde</strong></span> <span class='ocrx_word' id='word_1_463' title='bbox 1073 4588 1143 4642; x_wconf 86' lang='lat' dir='ltr'><strong>ad</strong></span> <span class='ocrx_word' id='word_1_464' title='bbox 1182 4589 1464 4659; x_wconf 59' lang='lat' dir='ltr'><strong>perfectum</strong></span> <span class='ocrx_word' id='word_1_465' title='bbox 1505 4585 1850 4659; x_wconf 50' lang='lat' dir='ltr'><strong>Etiangetium</strong></span> 
     </span>
    </p>
   </div>
   <div class='ocr_carea' id='block_1_62' title="bbox 307 4655 1846 4726">
    <p class='ocr_par' dir='ltr' id='par_1_62' title="bbox 307 4655 1846 4726">
     <span class='ocr_line' id='line_1_63' title="bbox 307 4655 1846 4726; baseline 0.002 -19"><span class='ocrx_word' id='word_1_466' title='bbox 307 4656 645 4724; x_wconf 73' lang='lat' dir='ltr'><strong>:oaﬂrmatam.</strong></span> <span class='ocrx_word' id='word_1_467' title='bbox 697 4657 879 4712; x_wconf 82' lang='lat' dir='ltr'><strong>Codex</strong></span> <span class='ocrx_word' id='word_1_468' title='bbox 910 4655 1193 4726; x_wconf 37' lang='lat' dir='ltr'><strong>pneterea’</strong></span> <span class='ocrx_word' id='word_1_469' title='bbox 1214 4655 1285 4710; x_wconf 83' lang='lat'><strong>90</strong></span> <span class='ocrx_word' id='word_1_470' title='bbox 1312 4656 1370 4710; x_wconf 92' lang='lat' dir='ltr'><strong>S.</strong></span> <span class='ocrx_word' id='word_1_471' title='bbox 1417 4656 1603 4711; x_wconf 88' lang='lat' dir='ltr'><strong>Crucis</strong></span> <span class='ocrx_word' id='word_1_472' title='bbox 1631 4655 1684 4710; x_wconf 82' lang='lat' dir='ltr'><strong>in</strong></span> <span class='ocrx_word' id='word_1_473' title='bbox 1711 4655 1846 4723; x_wconf 80' lang='lat' dir='ltr'><strong>Jer.,</strong></span> 
     </span>
    </p>
   </div>
   <div class='ocr_carea' id='block_1_63' title="bbox 1958 1895 3546 1966">
    <p class='ocr_par' dir='ltr' id='par_1_63' title="bbox 1958 1895 3546 1966">
     <span class='ocr_line' id='line_1_64' title="bbox 1958 1895 3546 1966; baseline -0.003 -11"><span class='ocrx_word' id='word_1_474' title='bbox 1958 1909 2067 1955; x_wconf 90' lang='lat' dir='ltr'><strong>tem</strong></span> <span class='ocrx_word' id='word_1_475' title='bbox 2092 1900 2382 1956; x_wconf 87' lang='lat' dir='ltr'><strong>velocitate</strong></span> <span class='ocrx_word' id='word_1_476' title='bbox 2414 1898 2788 1954; x_wconf 78' lang='lat' dir='ltr'><strong>circumfertur</strong></span> <span class='ocrx_word' id='word_1_477' title='bbox 2813 1897 3182 1966; x_wconf 83' lang='lat' dir='ltr'><strong>Evangelium,</strong></span> <span class='ocrx_word' id='word_1_478' title='bbox 3213 1905 3273 1950; x_wconf 91' lang='lat' dir='ltr'><strong>ut</strong></span> <span class='ocrx_word' id='word_1_479' title='bbox 3307 1911 3414 1950; x_wconf 91' lang='lat' dir='ltr'><strong>non</strong></span> <span class='ocrx_word' id='word_1_480' title='bbox 3443 1895 3546 1950; x_wconf 72' lang='lat' dir='ltr'><strong>nisi</strong></span> 
     </span>
    </p>
   </div>
   <div class='ocr_carea' id='block_1_64' title="bbox 1966 1985 3548 2063">
    <p class='ocr_par' dir='ltr' id='par_1_64' title="bbox 1966 1985 3548 2063">
     <span class='ocr_line' id='line_1_65' title="bbox 1966 1985 3548 2063; baseline -0.006 -16"><span class='ocrx_word' id='word_1_481' title='bbox 1966 1995 2066 2063; x_wconf 69' lang='lat'><strong>12</strong></span> <span class='ocrx_word' id='word_1_482' title='bbox 2092 1991 2364 2060; x_wconf 87' lang='lat' dir='ltr'><strong>sapientes</strong></span> <span class='ocrx_word' id='word_1_483' title='bbox 2390 2003 2606 2045; x_wconf 88' lang='lat' dir='ltr'><strong>cursum</strong></span> <span class='ocrx_word' id='word_1_484' title='bbox 2634 1989 2750 2057; x_wconf 84' lang='lat' dir='ltr'><strong>ejus</strong></span> <span class='ocrx_word' id='word_1_485' title='bbox 2792 1988 3126 2056; x_wconf 82' lang='lat' dir='ltr'><strong>intelligant;</strong></span> <span class='ocrx_word' id='word_1_486' title='bbox 3167 2001 3329 2054; x_wconf 85' lang='lat' dir='ltr'><strong>quem</strong></span> <span class='ocrx_word' id='word_1_487' title='bbox 3355 1985 3548 2039; x_wconf 86' lang='lat' dir='ltr'><strong>beatus</strong></span> 
     </span>
    </p>
   </div>
   <div class='ocr_carea' id='block_1_65' title="bbox 1958 2073 3547 2147">
    <p class='ocr_par' dir='ltr' id='par_1_65' title="bbox 1958 2073 3547 2147">
     <span class='ocr_line' id='line_1_66' title="bbox 1958 2073 3547 2147; baseline -0.006 -11"><span class='ocrx_word' id='word_1_488' title='bbox 1958 2082 2156 2136; x_wconf 88' lang='lat' dir='ltr'><strong>Paulus</strong></span> <span class='ocrx_word' id='word_1_489' title='bbox 2183 2081 2487 2147; x_wconf 89' lang='lat' dir='ltr'><strong>intelligens</strong></span> <span class='ocrx_word' id='word_1_490' title='bbox 2514 2079 2590 2132; x_wconf 91' lang='lat' dir='ltr'><strong>ait</strong></span> <span class='ocrx_word' id='word_1_491' title='bbox 2613 2096 2628 2131; x_wconf 91' lang='lat'><strong>:</strong></span> <span class='ocrx_word' id='word_1_492' title='bbox 2664 2077 2732 2132; x_wconf 87' lang='lat' dir='ltr'><strong>Ut</strong></span> <span class='ocrx_word' id='word_1_493' title='bbox 2760 2094 2932 2132; x_wconf 76' lang='lat' dir='ltr'><strong>sermo</strong></span> <span class='ocrx_word' id='word_1_494' title='bbox 2955 2076 3058 2130; x_wconf 87' lang='lat' dir='ltr'><strong>Dei</strong></span> <span class='ocrx_word' id='word_1_495' title='bbox 3075 2084 3248 2129; x_wconf 72' lang='lat' dir='ltr'><strong>cum:</strong></span> <span class='ocrx_word' id='word_1_496' title='bbox 3276 2085 3324 2137; x_wconf 70' lang='grc' dir='ltr'><strong>κ,</strong></span> <span class='ocrx_word' id='word_1_497' title='bbox 3354 2081 3405 2128; x_wconf 88' lang='lat' dir='ltr'><strong>et</strong></span> <span class='ocrx_word' id='word_1_498' title='bbox 3437 2073 3547 2127; x_wconf 77' lang='lat' dir='ltr'><strong>cla-</strong></span> 
     </span>
    </p>
   </div>
   <div class='ocr_carea' id='block_1_66' title="bbox 1957 2166 3545 2244">
    <p class='ocr_par' dir='ltr' id='par_1_66' title="bbox 1957 2166 3545 2244">
     <span class='ocr_line' id='line_1_67' title="bbox 1957 2166 3545 2244; baseline -0.006 -16"><span class='ocrx_word' id='word_1_499' title='bbox 1957 2175 2188 2244; x_wconf 77' lang='lat' dir='ltr'><strong>riﬁcetur</strong></span> <span class='ocrx_word' id='word_1_500' title='bbox 2209 2171 2238 2210; x_wconf 67' lang='grc' dir='ltr'>ὶι</span> <span class='ocrx_word' id='word_1_501' title='bbox 2267 2174 2320 2227; x_wconf 85' lang='lat' dir='ltr'><strong>in</strong></span> <span class='ocrx_word' id='word_1_502' title='bbox 2340 2171 2499 2226; x_wconf 65' lang='lat' dir='ltr'><strong>vobis.</strong></span> <span class='ocrx_word' id='word_1_503' title='bbox 2526 2169 2695 2224; x_wconf 81' lang='lat' dir='ltr'><strong>Amen</strong></span> <span class='ocrx_word' id='word_1_504' title='bbox 2715 2170 2781 2238; x_wconf 88' lang='lat' dir='ltr'><strong>(ll</strong></span> <span class='ocrx_word' id='word_1_505' title='bbox 2797 2169 2976 2223; x_wconf 81' lang='lat' dir='ltr'><strong>Thess.</strong></span> <span class='ocrx_word' id='word_1_506' title='bbox 3003 2168 3105 2239; x_wconf 89' lang='grc' dir='ltr'>ιιι).</span> <span class='ocrx_word' id='word_1_507' title='bbox 3137 2167 3152 2204; x_wconf 80' lang='grc' dir='ltr'><strong>ί</strong></span> <span class='ocrx_word' id='word_1_508' title='bbox 3178 2166 3545 2237; x_wconf 85' lang='lat' dir='ltr'><strong>insipientium</strong></span> 
     </span>
    </p>
   </div>
   <div class='ocr_carea' id='block_1_67' title="bbox 1955 2256 3547 2328">
    <p class='ocr_par' dir='ltr' id='par_1_67' title="bbox 1955 2256 3547 2328">
     <span class='ocr_line' id='line_1_68' title="bbox 1955 2256 3547 2328; baseline -0.004 -10"><span class='ocrx_word' id='word_1_509' title='bbox 1955 2273 2135 2318; x_wconf 88' lang='lat' dir='ltr'><strong>autem</strong></span> <span class='ocrx_word' id='word_1_510' title='bbox 2160 2264 2330 2320; x_wconf 88' lang='lat' dir='ltr'><strong>oculis</strong></span> <span class='ocrx_word' id='word_1_511' title='bbox 2354 2262 2566 2316; x_wconf 89' lang='lat' dir='ltr'><strong>videtur</strong></span> <span class='ocrx_word' id='word_1_512' title='bbox 2598 2259 2947 2328; x_wconf 85' lang='lat' dir='ltr'><strong>Evangeiium</strong></span> <span class='ocrx_word' id='word_1_513' title='bbox 2975 2266 3140 2316; x_wconf 88' lang='lat' dir='ltr'><strong>stare.</strong></span> <span class='ocrx_word' id='word_1_514' title='bbox 3171 2258 3307 2313; x_wconf 92' lang='lat' dir='ltr'><strong>dum-</strong></span> <span class='ocrx_word' id='word_1_515' title='bbox 3325 2256 3547 2321; x_wconf 88' lang='lat' dir='ltr'><strong>vident;</strong></span> 
     </span>
    </p>
   </div>
   <div class='ocr_carea' id='block_1_68' title="bbox 1955 2346 3547 2422">
    <p class='ocr_par' dir='ltr' id='par_1_68' title="bbox 1955 2346 3547 2422">
     <span class='ocr_line' id='line_1_69' title="bbox 1955 2346 3547 2422; baseline -0.006 -14"><span class='ocrx_word' id='word_1_516' title='bbox 1955 2363 2120 2418; x_wconf 87' lang='lat' dir='ltr'><strong>stare,</strong></span> <span class='ocrx_word' id='word_1_517' title='bbox 2145 2354 2381 2422; x_wconf 90' lang='lat' dir='ltr'><strong>inquam,</strong></span> <span class='ocrx_word' id='word_1_518' title='bbox 2413 2353 2544 2406; x_wconf 85' lang='lat' dir='ltr'><strong>illud</strong></span> <span class='ocrx_word' id='word_1_519' title='bbox 2566 2359 2778 2421; x_wconf 87' lang='lat' dir='ltr'><strong>putant,</strong></span> <span class='ocrx_word' id='word_1_520' title='bbox 2815 2365 2936 2404; x_wconf 87' lang='lat' dir='ltr'><strong>cum</strong></span> <span class='ocrx_word' id='word_1_521' title='bbox 2958 2349 3210 2402; x_wconf 86' lang='lat' dir='ltr'><strong>mandata</strong></span> <span class='ocrx_word' id='word_1_522' title='bbox 3238 2346 3359 2416; x_wconf 84' lang='lat' dir='ltr'><strong>ejus</strong></span> <span class='ocrx_word' id='word_1_523' title='bbox 3376 2346 3547 2416; x_wconf 81' lang='lat' dir='ltr'><strong>negli-</strong></span> 
     </span>
    </p>
   </div>
   <div class='ocr_carea' id='block_1_69' title="bbox 1954 2437 3547 2513">
    <p class='ocr_par' dir='ltr' id='par_1_69' title="bbox 1954 2437 3547 2513">
     <span class='ocr_line' id='line_1_70' title="bbox 1954 2437 3547 2513; baseline -0.005 -15"><span class='ocrx_word' id='word_1_524' title='bbox 1954 2452 2105 2513; x_wconf 90' lang='lat' dir='ltr'><strong>gunt,</strong></span> <span class='ocrx_word' id='word_1_525' title='bbox 2123 2459 2245 2498; x_wconf 89' lang='lat' dir='ltr'><strong>cum</strong></span> <span class='ocrx_word' id='word_1_526' title='bbox 2263 2459 2370 2497; x_wconf 92' lang='lat' dir='ltr'><strong>non</strong></span> <span class='ocrx_word' id='word_1_527' title='bbox 2387 2440 2615 2497; x_wconf 89' lang='lat' dir='ltr'><strong>credunt</strong></span> <span class='ocrx_word' id='word_1_528' title='bbox 2629 2447 2888 2494; x_wconf 86' lang='lat' dir='ltr'><strong>eventura</strong></span> <span class='ocrx_word' id='word_1_529' title='bbox 2903 2453 3040 2502; x_wconf 90' lang='lat' dir='ltr'><strong>esse,</strong></span> <span class='ocrx_word' id='word_1_530' title='bbox 3057 2451 3176 2506; x_wconf 69' lang='lat' dir='ltr'><strong>quae</strong></span> <span class='ocrx_word' id='word_1_531' title='bbox 3191 2437 3389 2507; x_wconf 89' lang='lat' dir='ltr'><strong>scripta</strong></span> <span class='ocrx_word' id='word_1_532' title='bbox 3399 2444 3547 2490; x_wconf 86' lang='lat' dir='ltr'><strong>sunt.</strong></span> 
     </span>
    </p>
   </div>
   <div class='ocr_carea' id='block_1_70' title="bbox 1954 2527 3550 2603">
    <p class='ocr_par' dir='ltr' id='par_1_70' title="bbox 1954 2527 3550 2603">
     <span class='ocr_line' id='line_1_71' title="bbox 1954 2527 3550 2603; baseline -0.004 -14"><span class='ocrx_word' id='word_1_533' title='bbox 1954 2534 2106 2589; x_wconf 82' lang='lat' dir='ltr'><strong>Molit</strong></span> <span class='ocrx_word' id='word_1_534' title='bbox 2129 2541 2311 2588; x_wconf 90' lang='lat' dir='ltr'><strong>autem</strong></span> <span class='ocrx_word' id='word_1_535' title='bbox 2340 2542 2396 2590; x_wconf 90' lang='lat' dir='ltr'><strong>et</strong></span> <span class='ocrx_word' id='word_1_536' title='bbox 2417 2531 2720 2603; x_wconf 83' lang='lat' dir='ltr'><strong>Synagoga,</strong></span> <span class='ocrx_word' id='word_1_537' title='bbox 2749 2529 2845 2585; x_wconf 91' lang='lat' dir='ltr'><strong>sed</strong></span> <span class='ocrx_word' id='word_1_538' title='bbox 2866 2529 3124 2583; x_wconf 84' lang='lat' dir='ltr'><strong>inutiliter</strong></span> <span class='ocrx_word' id='word_1_539' title='bbox 3141 2527 3324 2593; x_wconf 83' lang='lat' dir='ltr'><strong>molit;</strong></span> <span class='ocrx_word' id='word_1_540' title='bbox 3350 2528 3550 2597; x_wconf 86' lang='lat' dir='ltr'><strong>quippe</strong></span> 
     </span>
    </p>
   </div>
   <div class='ocr_carea' id='block_1_71' title="bbox 1951 2617 3549 2694">
    <p class='ocr_par' dir='ltr' id='par_1_71' title="bbox 1951 2617 3549 2694">
     <span class='ocr_line' id='line_1_72' title="bbox 1951 2617 3549 2694; baseline -0.005 -15"><span class='ocrx_word' id='word_1_541' title='bbox 1951 2640 2071 2694; x_wconf 74' lang='lat' dir='ltr'><strong>qua:</strong></span> <span class='ocrx_word' id='word_1_542' title='bbox 2100 2640 2208 2679; x_wconf 90' lang='lat' dir='ltr'><strong>uno</strong></span> <span class='ocrx_word' id='word_1_543' title='bbox 2228 2639 2361 2678; x_wconf 80' lang='lat' dir='ltr'><strong>saxo</strong></span> <span class='ocrx_word' id='word_1_544' title='bbox 2391 2623 2405 2673; x_wconf 87' lang='lat' dir='ltr'>i</span> <span class='ocrx_word' id='word_1_545' title='bbox 2448 2624 2636 2676; x_wconf 90' lang='lat' dir='ltr'><strong>nititur</strong></span> <span class='ocrx_word' id='word_1_546' title='bbox 2663 2622 2943 2685; x_wconf 88' lang='lat' dir='ltr'><strong>laborare;</strong></span> <span class='ocrx_word' id='word_1_547' title='bbox 2965 2627 3128 2690; x_wconf 88' lang='lat' dir='ltr'><strong>atque</strong></span> <span class='ocrx_word' id='word_1_548' title='bbox 3155 2617 3278 2673; x_wconf 91' lang='lat' dir='ltr'><strong>ideo</strong></span> <span class='ocrx_word' id='word_1_549' title='bbox 3307 2633 3415 2672; x_wconf 91' lang='lat' dir='ltr'><strong>non</strong></span> <span class='ocrx_word' id='word_1_550' title='bbox 3437 2626 3549 2672; x_wconf 89' lang='lat' dir='ltr'><strong>tam</strong></span> 
     </span>
    </p>
   </div>
   <div class='ocr_carea' id='block_1_72' title="bbox 1951 2708 3548 2784">
    <p class='ocr_par' dir='ltr' id='par_1_72' title="bbox 1951 2708 3548 2784">
     <span class='ocr_line' id='line_1_73' title="bbox 1951 2708 3548 2784; baseline -0.004 -15"><span class='ocrx_word' id='word_1_551' title='bbox 1951 2717 2107 2771; x_wconf 88' lang='lat' dir='ltr'><strong>moiit</strong></span> <span class='ocrx_word' id='word_1_552' title='bbox 2153 2730 2315 2784; x_wconf 89' lang='lat' dir='ltr'><strong>quam</strong></span> <span class='ocrx_word' id='word_1_553' title='bbox 2352 2715 2576 2784; x_wconf 87' lang='lat' dir='ltr'><strong>dissipat</strong></span> <span class='ocrx_word' id='word_1_554' title='bbox 2619 2719 2674 2768; x_wconf 90' lang='lat' dir='ltr'><strong>et</strong></span> <span class='ocrx_word' id='word_1_555' title='bbox 2719 2710 3025 2780; x_wconf 83' lang='lat' dir='ltr'><strong>confringit.</strong></span> <span class='ocrx_word' id='word_1_556' title='bbox 3067 2708 3365 2780; x_wconf 88' lang='lat' dir='ltr'><strong>Propterea</strong></span> <span class='ocrx_word' id='word_1_557' title='bbox 3403 2710 3548 2764; x_wconf 91' lang='lat' dir='ltr'><strong>enim</strong></span> 
     </span>
    </p>
   </div>
   <div class='ocr_carea' id='block_1_73' title="bbox 1951 2789 3551 2876">
    <p class='ocr_par' dir='ltr' id='par_1_73' title="bbox 1951 2789 3551 2876">
     <span class='ocr_line' id='line_1_74' title="bbox 1951 2789 3551 2876; baseline -0.006 -14"><span class='ocrx_word' id='word_1_558' title='bbox 1951 2822 2087 2876; x_wconf 91' lang='lat' dir='ltr'><strong>opus</strong></span> <span class='ocrx_word' id='word_1_559' title='bbox 2127 2806 2243 2873; x_wconf 87' lang='lat' dir='ltr'><strong>ejus</strong></span> <span class='ocrx_word' id='word_1_560' title='bbox 2270 2805 2517 2874; x_wconf 89' lang='lat' dir='ltr'><strong>disciplet</strong></span> <span class='ocrx_word' id='word_1_561' title='bbox 2544 2789 2596 2868; x_wconf 9' lang='grc' dir='ltr'><strong>ιη,</strong></span> <span class='ocrx_word' id='word_1_562' title='bbox 2625 2811 2681 2858; x_wconf 90' lang='lat' dir='ltr'><strong>et</strong></span> <span class='ocrx_word' id='word_1_563' title='bbox 2722 2803 2790 2856; x_wconf 93' lang='lat' dir='ltr'><strong>ad</strong></span> <span class='ocrx_word' id='word_1_564' title='bbox 2817 2801 3032 2861; x_wconf 68' lang='lat' dir='ltr'><strong>Judaaos</strong></span> <span class='ocrx_word' id='word_1_565' title='bbox 3061 2801 3256 2858; x_wconf 86' lang='lat' dir='ltr'><strong>dicitur</strong></span> <span class='ocrx_word' id='word_1_566' title='bbox 3300 2816 3400 2870; x_wconf 86' lang='lat' dir='ltr'><strong>per</strong></span> <span class='ocrx_word' id='word_1_567' title='bbox 3423 2815 3551 2870; x_wconf 88' lang='lat' dir='ltr'><strong>pro-</strong></span> 
     </span>
    </p>
   </div>
   <div class='ocr_carea' id='block_1_74' title="bbox 1949 2892 3551 2968">
    <p class='ocr_par' dir='ltr' id='par_1_74' title="bbox 1949 2892 3551 2968">
     <span class='ocr_line' id='line_1_75' title="bbox 1949 2892 3551 2968; baseline -0.004 -16"><span class='ocrx_word' id='word_1_568' title='bbox 1949 2897 2207 2968; x_wconf 90' lang='lat' dir='ltr'><strong>phetam:</strong></span> <span class='ocrx_word' id='word_1_569' title='bbox 2248 2894 2264 2933; x_wconf 82' lang='grc' dir='ltr'>ι</span> <span class='ocrx_word' id='word_1_570' title='bbox 2299 2894 2372 2948; x_wconf 83' lang='lat' dir='ltr'><strong>Et</strong></span> <span class='ocrx_word' id='word_1_571' title='bbox 2409 2897 2457 2949; x_wconf 86' lang='lat' dir='ltr'><strong>si</strong></span> <span class='ocrx_word' id='word_1_572' title='bbox 2481 2895 2716 2963; x_wconf 64' lang='lat' dir='ltr'><strong>aieratis</strong></span> <span class='ocrx_word' id='word_1_573' title='bbox 2755 2893 3101 2963; x_wconf 64' lang='lat' dir='ltr'><strong>similaginis;</strong></span> <span class='ocrx_word' id='word_1_574' title='bbox 3129 2892 3448 2946; x_wconf 78' lang='lat' dir='ltr'><strong>abomiaatio</strong></span> <span class='ocrx_word' id='word_1_575' title='bbox 3474 2900 3551 2945; x_wconf 85' lang='lat' dir='ltr'><strong>est</strong></span> 
     </span>
    </p>
   </div>
   <div class='ocr_carea' id='block_1_75' title="bbox 1954 2983 3551 3059">
    <p class='ocr_par' dir='ltr' id='par_1_75' title="bbox 1954 2983 3551 3059">
     <span class='ocr_line' id='line_1_76' title="bbox 1954 2983 3551 3059; baseline -0.004 -16"><span class='ocrx_word' id='word_1_576' title='bbox 1954 2989 2109 3059; x_wconf 87' lang='lat' dir='ltr'><strong>(Isai.</strong></span> <span class='ocrx_word' id='word_1_577' title='bbox 2135 3005 2171 3052; x_wconf 89' lang='grc' dir='ltr'>ι,</span> <span class='ocrx_word' id='word_1_578' title='bbox 2199 2988 2310 3056; x_wconf 76' lang='grc'>15),</span> <span class='ocrx_word' id='word_1_579' title='bbox 2329 3002 2429 3042; x_wconf 92' lang='lat' dir='ltr'><strong>nec</strong></span> <span class='ocrx_word' id='word_1_580' title='bbox 2447 3002 2558 3040; x_wconf 91' lang='lat' dir='ltr'><strong>non</strong></span> <span class='ocrx_word' id='word_1_581' title='bbox 2579 2994 2634 3039; x_wconf 88' lang='lat' dir='ltr'><strong>et</strong></span> <span class='ocrx_word' id='word_1_582' title='bbox 2663 2986 2778 3054; x_wconf 84' lang='lat' dir='ltr'><strong>ipse</strong></span> <span class='ocrx_word' id='word_1_583' title='bbox 2805 2984 3065 3038; x_wconf 85' lang='lat' dir='ltr'><strong>Dominus</strong></span> <span class='ocrx_word' id='word_1_584' title='bbox 3093 2983 3395 3053; x_wconf 88' lang='lat' dir='ltr'><strong>reprobans</strong></span> <span class='ocrx_word' id='word_1_585' title='bbox 3423 2996 3551 3054; x_wconf 85' lang='lat' dir='ltr'><strong>ope-</strong></span> 
     </span>
    </p>
   </div>
   <div class='ocr_carea' id='block_1_76' title="bbox 1948 3065 3553 3148">
    <p class='ocr_par' dir='ltr' id='par_1_76' title="bbox 1948 3065 3553 3148">
     <span class='ocr_line' id='line_1_77' title="bbox 1948 3065 3553 3148; baseline -0.006 -11"><span class='ocrx_word' id='word_1_586' title='bbox 1948 3082 2175 3138; x_wconf 89' lang='lat' dir='ltr'><strong>rationis</strong></span> <span class='ocrx_word' id='word_1_587' title='bbox 2203 3079 2321 3148; x_wconf 88' lang='lat' dir='ltr'><strong>ejus</strong></span> <span class='ocrx_word' id='word_1_588' title='bbox 2337 3077 2572 3133; x_wconf 75' lang='lat' dir='ltr'><strong>oﬂicium</strong></span> <span class='ocrx_word' id='word_1_589' title='bbox 2589 3077 2664 3131; x_wconf 90' lang='lat' dir='ltr'><strong>ait</strong></span> <span class='ocrx_word' id='word_1_590' title='bbox 2683 3094 2696 3128; x_wconf 90' lang='lat'><strong>:</strong></span> <span class='ocrx_word' id='word_1_591' title='bbox 2731 3074 2916 3130; x_wconf 79' lang='lat' dir='ltr'><strong>Cavete</strong></span> <span class='ocrx_word' id='word_1_592' title='bbox 2929 3092 2969 3138; x_wconf 47' lang='lat' dir='ltr'><strong>a,</strong></span> <span class='ocrx_word' id='word_1_593' title='bbox 2984 3076 3240 3146; x_wconf 78' lang='lat' dir='ltr'><strong>fermento</strong></span> <span class='ocrx_word' id='word_1_594' title='bbox 3256 3065 3553 3128; x_wconf 58' lang='lat' dir='ltr'><strong>Pharisao</strong></span> 
     </span>
    </p>
   </div>
   <div class='ocr_carea' id='block_1_77' title="bbox 1955 3163 3552 3242">
    <p class='ocr_par' dir='ltr' id='par_1_77' title="bbox 1955 3163 3552 3242">
     <span class='ocr_line' id='line_1_78' title="bbox 1955 3163 3552 3242; baseline -0.005 -18"><span class='ocrx_word' id='word_1_595' title='bbox 1955 3187 2072 3224; x_wconf 83' lang='lat' dir='ltr'><strong>rum</strong></span> <span class='ocrx_word' id='word_1_596' title='bbox 2095 3169 2300 3242; x_wconf 75' lang='lat' dir='ltr'><strong>(Marc.</strong></span> <span class='ocrx_word' id='word_1_597' title='bbox 2333 3167 2481 3236; x_wconf 77' lang='lat' dir='ltr'><strong>Vill).</strong></span> <span class='ocrx_word' id='word_1_598' title='bbox 2513 3167 2754 3221; x_wconf 83' lang='lat' dir='ltr'><strong>Conatur</strong></span> <span class='ocrx_word' id='word_1_599' title='bbox 2779 3167 2942 3233; x_wconf 90' lang='lat' dir='ltr'><strong>igitur</strong></span> <span class='ocrx_word' id='word_1_600' title='bbox 2985 3163 3269 3235; x_wconf 87' lang='lat' dir='ltr'><strong>Synagoga</strong></span> <span class='ocrx_word' id='word_1_601' title='bbox 3319 3163 3552 3228; x_wconf 88' lang='lat' dir='ltr'><strong>molens,</strong></span> 
     </span>
    </p>
   </div>
   <div class='ocr_carea' id='block_1_78' title="bbox 1955 3251 3552 3330">
    <p class='ocr_par' dir='ltr' id='par_1_78' title="bbox 1955 3251 3552 3330">
     <span class='ocr_line' id='line_1_79' title="bbox 1955 3251 3552 3330; baseline -0.006 -13"><span class='ocrx_word' id='word_1_602' title='bbox 1955 3275 2195 3317; x_wconf 88' lang='lat' dir='ltr'><strong>errorem</strong></span> <span class='ocrx_word' id='word_1_603' title='bbox 2216 3261 2503 3316; x_wconf 86' lang='lat' dir='ltr'><strong>sustinens.</strong></span> <span class='ocrx_word' id='word_1_604' title='bbox 2530 3256 2743 3310; x_wconf 84' lang='lat' dir='ltr'><strong>Etenim</strong></span> <span class='ocrx_word' id='word_1_605' title='bbox 2763 3256 2890 3323; x_wconf 92' lang='lat' dir='ltr'><strong>quia</strong></span> <span class='ocrx_word' id='word_1_606' title='bbox 2920 3253 3132 3325; x_wconf 81' lang='lat' dir='ltr'><strong>Moyses</strong></span> <span class='ocrx_word' id='word_1_607' title='bbox 3153 3251 3287 3307; x_wconf 89' lang='lat' dir='ltr'><strong>duas</strong></span> <span class='ocrx_word' id='word_1_608' title='bbox 3310 3253 3552 3330; x_wconf 84' lang='lat' dir='ltr'><strong>lapideas</strong></span> 
     </span>
    </p>
   </div>
   <div class='ocr_carea' id='block_1_79' title="bbox 1956 3342 3555 3419">
    <p class='ocr_par' dir='ltr' id='par_1_79' title="bbox 1956 3342 3555 3419">
     <span class='ocr_line' id='line_1_80' title="bbox 1956 3342 3555 3419; baseline -0.006 -13"><span class='ocrx_word' id='word_1_609' title='bbox 1956 3353 2164 3406; x_wconf 87' lang='lat' dir='ltr'><strong>tabulas</strong></span> <span class='ocrx_word' id='word_1_610' title='bbox 2211 3357 2498 3419; x_wconf 88' lang='lat' dir='ltr'><strong>acceperat</strong></span> <span class='ocrx_word' id='word_1_611' title='bbox 2541 3346 2902 3411; x_wconf 88' lang='lat' dir='ltr'><strong>Testamenti,</strong></span> <span class='ocrx_word' id='word_1_612' title='bbox 2955 3345 3188 3398; x_wconf 66' lang='lat' dir='ltr'><strong>aestimat</strong></span> <span class='ocrx_word' id='word_1_613' title='bbox 3241 3359 3300 3398; x_wconf 91' lang='lat' dir='ltr'><strong>se</strong></span> <span class='ocrx_word' id='word_1_614' title='bbox 3341 3342 3555 3397; x_wconf 86' lang='lat' dir='ltr'><strong>duobus</strong></span> 
     </span>
    </p>
   </div>
   <div class='ocr_carea' id='block_1_80' title="bbox 1954 3433 3551 3506">
    <p class='ocr_par' dir='ltr' id='par_1_80' title="bbox 1954 3433 3551 3506">
     <span class='ocr_line' id='line_1_81' title="bbox 1954 3433 3551 3506; baseline -0.005 -10"><span class='ocrx_word' id='word_1_615' title='bbox 1954 3440 2321 3496; x_wconf 87' lang='lat' dir='ltr'><strong>instrumentis</strong></span> <span class='ocrx_word' id='word_1_616' title='bbox 2346 3438 2666 3493; x_wconf 89' lang='lat' dir='ltr'><strong>necessariis</strong></span> <span class='ocrx_word' id='word_1_617' title='bbox 2695 3436 2932 3506; x_wconf 90' lang='lat' dir='ltr'><strong>operari,</strong></span> <span class='ocrx_word' id='word_1_618' title='bbox 2981 3435 3239 3503; x_wconf 90' lang='lat' dir='ltr'><strong>ignorans</strong></span> <span class='ocrx_word' id='word_1_619' title='bbox 3287 3435 3437 3501; x_wconf 73' lang='lat' dir='ltr'><strong>quod</strong></span> <span class='ocrx_word' id='word_1_620' title='bbox 3459 3433 3551 3489; x_wconf 89' lang='lat' dir='ltr'><strong>illa</strong></span> 
     </span>
    </p>
   </div>
   <div class='ocr_carea' id='block_1_81' title="bbox 1953 3525 3554 3584">
    <p class='ocr_par' dir='ltr' id='par_1_81' title="bbox 1953 3525 3554 3584">
     <span class='ocr_line' id='line_1_82' title="bbox 1953 3525 3554 3584; baseline -0.004 0"><span class='ocrx_word' id='word_1_621' title='bbox 1953 3531 2260 3584; x_wconf 89' lang='lat' dir='ltr'><strong>tabularum</strong></span> <span class='ocrx_word' id='word_1_622' title='bbox 2305 3530 2537 3584; x_wconf 87' lang='lat' dir='ltr'><strong>societas</strong></span> <span class='ocrx_word' id='word_1_623' title='bbox 2582 3528 2813 3582; x_wconf 89' lang='lat' dir='ltr'><strong>duorum</strong></span> <span class='ocrx_word' id='word_1_624' title='bbox 2857 3525 3327 3580; x_wconf 81' lang='lat' dir='ltr'><strong>Testameittorum</strong></span> <span class='ocrx_word' id='word_1_625' title='bbox 3370 3525 3554 3578; x_wconf 75' lang='lat' dir='ltr'><strong>coita:-</strong></span> 
     </span>
    </p>
   </div>
   <div class='ocr_carea' id='block_1_82' title="bbox 1955 3615 3553 3688">
    <p class='ocr_par' dir='ltr' id='par_1_82' title="bbox 1955 3615 3553 3688">
     <span class='ocr_line' id='line_1_83' title="bbox 1955 3615 3553 3688; baseline -0.004 -13"><span class='ocrx_word' id='word_1_626' title='bbox 1955 3623 2186 3675; x_wconf 88' lang='lat' dir='ltr'><strong>rentium</strong></span> <span class='ocrx_word' id='word_1_627' title='bbox 2215 3621 2316 3674; x_wconf 90' lang='lat' dir='ltr'><strong>sibi</strong></span> <span class='ocrx_word' id='word_1_628' title='bbox 2342 3617 2716 3688; x_wconf 71' lang='lat' dir='ltr'><strong>pneiigurabat</strong></span> <span class='ocrx_word' id='word_1_629' title='bbox 2745 3615 3053 3680; x_wconf 86' lang='lat' dir='ltr'><strong>adventum,</strong></span> <span class='ocrx_word' id='word_1_630' title='bbox 3079 3626 3135 3669; x_wconf 91' lang='lat' dir='ltr'><strong>et</strong></span> <span class='ocrx_word' id='word_1_631' title='bbox 3161 3615 3282 3668; x_wconf 90' lang='lat' dir='ltr'><strong>ideo</strong></span> <span class='ocrx_word' id='word_1_632' title='bbox 3311 3627 3553 3668; x_wconf 82' lang='lat' dir='ltr'><strong>assume-</strong></span> 
     </span>
    </p>
   </div>
   <div class='ocr_carea' id='block_1_83' title="bbox 1956 3703 3552 3776">
    <p class='ocr_par' dir='ltr' id='par_1_83' title="bbox 1956 3703 3552 3776">
     <span class='ocr_line' id='line_1_84' title="bbox 1956 3703 3552 3776; baseline -0.004 -11"><span class='ocrx_word' id='word_1_633' title='bbox 1956 3712 2113 3766; x_wconf 91' lang='lat' dir='ltr'><strong>batur</strong></span> <span class='ocrx_word' id='word_1_634' title='bbox 2133 3711 2199 3764; x_wconf 86' lang='lat' dir='ltr'><strong>ad</strong></span> <span class='ocrx_word' id='word_1_635' title='bbox 2227 3719 2483 3764; x_wconf 65' lang='lat' dir='ltr'><strong>aeternam</strong></span> <span class='ocrx_word' id='word_1_636' title='bbox 2511 3707 2736 3776; x_wconf 89' lang='lat' dir='ltr'><strong>gloriam</strong></span> <span class='ocrx_word' id='word_1_637' title='bbox 2764 3717 2950 3762; x_wconf 87' lang='lat' dir='ltr'><strong>sancta</strong></span> <span class='ocrx_word' id='word_1_638' title='bbox 2981 3704 3243 3770; x_wconf 86' lang='lat' dir='ltr'><strong>Ecclesia,</strong></span> <span class='ocrx_word' id='word_1_639' title='bbox 3273 3718 3394 3773; x_wconf 66' lang='lat' dir='ltr'><strong>qua:</strong></span> <span class='ocrx_word' id='word_1_640' title='bbox 3439 3703 3552 3759; x_wconf 86' lang='lat' dir='ltr'><strong>Do-</strong></span> 
     </span>
    </p>
   </div>
   <div class='ocr_carea' id='block_1_84' title="bbox 1959 3796 3554 3867">
    <p class='ocr_par' dir='ltr' id='par_1_84' title="bbox 1959 3796 3554 3867">
     <span class='ocr_line' id='line_1_85' title="bbox 1959 3796 3554 3867; baseline -0.003 -12"><span class='ocrx_word' id='word_1_641' title='bbox 1959 3803 2105 3856; x_wconf 91' lang='lat' dir='ltr'><strong>mino</strong></span> <span class='ocrx_word' id='word_1_642' title='bbox 2135 3801 2312 3855; x_wconf 91' lang='lat' dir='ltr'><strong>cibum</strong></span> <span class='ocrx_word' id='word_1_643' title='bbox 2343 3800 2644 3854; x_wconf 90' lang='lat' dir='ltr'><strong>sanctitatis</strong></span> <span class='ocrx_word' id='word_1_644' title='bbox 2670 3799 2878 3864; x_wconf 84' lang='lat' dir='ltr'><strong>emotit,</strong></span> <span class='ocrx_word' id='word_1_645' title='bbox 2908 3797 3244 3867; x_wconf 85' lang='lat' dir='ltr'><strong>relinquetur</strong></span> <span class='ocrx_word' id='word_1_646' title='bbox 3271 3808 3452 3850; x_wconf 88' lang='lat' dir='ltr'><strong>autem</strong></span> <span class='ocrx_word' id='word_1_647' title='bbox 3481 3796 3554 3851; x_wconf 86' lang='lat' dir='ltr'><strong>ad</strong></span> 
     </span>
    </p>
   </div>
   <div class='ocr_carea' id='block_1_85' title="bbox 1960 3891 3552 3964">
    <p class='ocr_par' dir='ltr' id='par_1_85' title="bbox 1960 3891 3552 3964">
     <span class='ocr_line' id='line_1_86' title="bbox 1960 3891 3552 3964; baseline -0.001 -16"><span class='ocrx_word' id='word_1_648' title='bbox 1960 3895 2131 3950; x_wconf 90' lang='lat' dir='ltr'><strong>molas</strong></span> <span class='ocrx_word' id='word_1_649' title='bbox 2159 3901 2407 3949; x_wconf 89' lang='lat' dir='ltr'><strong>cruentas</strong></span> <span class='ocrx_word' id='word_1_650' title='bbox 2428 3891 2710 3963; x_wconf 86' lang='lat' dir='ltr'><strong>Synagoga</strong></span> <span class='ocrx_word' id='word_1_651' title='bbox 2738 3906 2927 3964; x_wconf 85' lang='lat' dir='ltr'><strong>gyrum</strong></span> <span class='ocrx_word' id='word_1_652' title='bbox 2954 3905 3168 3961; x_wconf 87' lang='lat' dir='ltr'><strong>semper</strong></span> <span class='ocrx_word' id='word_1_653' title='bbox 3190 3905 3300 3947; x_wconf 73' lang='lat' dir='ltr'><strong>sua:</strong></span> <span class='ocrx_word' id='word_1_654' title='bbox 3327 3905 3552 3961; x_wconf 88' lang='lat' dir='ltr'><strong>passura</strong></span> 
     </span>
    </p>
   </div>
   <div class='ocr_carea' id='block_1_86' title="bbox 1962 3968 3068 4054">
    <p class='ocr_par' dir='ltr' id='par_1_86' title="bbox 1962 3968 3068 4054">
     <span class='ocr_line' id='line_1_87' title="bbox 1962 3968 3068 4054; baseline -0.008 -15"><span class='ocrx_word' id='word_1_655' title='bbox 1962 3981 2218 4054; x_wconf 68' lang='lat' dir='ltr'><strong>perﬁdiae.</strong></span> <span class='ocrx_word' id='word_1_656' title='bbox 2251 3981 2503 4053; x_wconf 81' lang='lat' dir='ltr'><strong>Esplicit.</strong></span> <span class='ocrx_word' id='word_1_657' title='bbox 3065 3968 3068 3972; x_wconf 27' lang='grc' dir='ltr'>ί</span> 
     </span>
    </p>
   </div>
   <div class='ocr_carea' id='block_1_87' title="bbox 1950 4379 2837 4449">
    <p class='ocr_par' dir='ltr' id='par_1_87' title="bbox 1950 4379 2837 4449">
     <span class='ocr_line' id='line_1_88' title="bbox 1950 4379 2837 4449; baseline 0.003 -16"><span class='ocrx_word' id='word_1_658' title='bbox 1950 4387 2038 4433; x_wconf 90' lang='lat' dir='ltr'><strong>tur</strong></span> <span class='ocrx_word' id='word_1_659' title='bbox 2069 4397 2081 4432; x_wconf 89' lang='lat'>:</span> <span class='ocrx_word' id='word_1_660' title='bbox 2116 4379 2479 4449; x_wconf 84' lang='lat' dir='ltr'><strong>Insipientium</strong></span> <span class='ocrx_word' id='word_1_661' title='bbox 2507 4389 2699 4444; x_wconf 81' lang='lat' dir='ltr'><strong>autem,</strong></span> <span class='ocrx_word' id='word_1_662' title='bbox 2729 4388 2837 4449; x_wconf 69' lang='lat' dir='ltr'><strong>etc.</strong></span> 
     </span>
    </p>
   </div>
   <div class='ocr_carea' id='block_1_88' title="bbox 2032 4448 3554 4518">
    <p class='ocr_par' dir='ltr' id='par_1_88' title="bbox 2032 4448 3554 4518">
     <span class='ocr_line' id='line_1_89' title="bbox 2032 4448 3554 4518; baseline 0.003 -17"><span class='ocrx_word' id='word_1_663' title='bbox 2032 4449 2048 4486; x_wconf 69' lang='grc' dir='ltr'><strong>ί</strong></span> <span class='ocrx_word' id='word_1_664' title='bbox 2106 4448 2482 4518; x_wconf 83' lang='lat' dir='ltr'><strong>Fragmentum</strong></span> <span class='ocrx_word' id='word_1_665' title='bbox 2550 4449 2752 4505; x_wconf 89' lang='lat' dir='ltr'><strong>codicis</strong></span> <span class='ocrx_word' id='word_1_666' title='bbox 2808 4448 3210 4518; x_wconf 74' lang='lat' dir='ltr'><strong>Sangallensis,</strong></span> <span class='ocrx_word' id='word_1_667' title='bbox 3274 4449 3554 4518; x_wconf 83' lang='lat' dir='ltr'><strong>reperitur</strong></span> 
     </span>
    </p>
   </div>
   <div class='ocr_carea' id='block_1_89' title="bbox 1953 4515 3550 4576">
    <p class='ocr_par' dir='ltr' id='par_1_89' title="bbox 1953 4515 3550 4576">
     <span class='ocr_line' id='line_1_90' title="bbox 1953 4515 3550 4576; baseline -0.001 0"><span class='ocrx_word' id='word_1_668' title='bbox 1953 4521 2117 4576; x_wconf 91' lang='lat' dir='ltr'><strong>etiam</strong></span> <span class='ocrx_word' id='word_1_669' title='bbox 2145 4515 2262 4572; x_wconf 82' lang='lat' dir='ltr'><strong>sine</strong></span> <span class='ocrx_word' id='word_1_670' title='bbox 2292 4518 2574 4573; x_wconf 90' lang='lat' dir='ltr'><strong>intervallo</strong></span> <span class='ocrx_word' id='word_1_671' title='bbox 2604 4519 2657 4571; x_wconf 94' lang='lat' dir='ltr'><strong>in</strong></span> <span class='ocrx_word' id='word_1_672' title='bbox 2698 4520 2886 4575; x_wconf 88' lang='lat' dir='ltr'><strong>codice</strong></span> <span class='ocrx_word' id='word_1_673' title='bbox 2915 4515 2984 4570; x_wconf 83' lang='grc'><strong>99</strong></span> <span class='ocrx_word' id='word_1_674' title='bbox 3028 4517 3085 4572; x_wconf 92' lang='lat' dir='ltr'><strong>S.</strong></span> <span class='ocrx_word' id='word_1_675' title='bbox 3127 4515 3318 4572; x_wconf 85' lang='lat' dir='ltr'><strong>Crucis</strong></span> <span class='ocrx_word' id='word_1_676' title='bbox 3342 4515 3403 4572; x_wconf 83' lang='lat' dir='ltr'><strong>in</strong></span> <span class='ocrx_word' id='word_1_677' title='bbox 3433 4518 3550 4574; x_wconf 81' lang='lat' dir='ltr'><strong>Jcr.</strong></span> 
     </span>
    </p>
   </div>
   <div class='ocr_carea' id='block_1_90' title="bbox 2029 4585 3548 4657">
    <p class='ocr_par' dir='ltr' id='par_1_90' title="bbox 2029 4585 3548 4657">
     <span class='ocr_line' id='line_1_91' title="bbox 2029 4585 3548 4657; baseline 0.003 -18"><span class='ocrx_word' id='word_1_678' title='bbox 2029 4589 2044 4639; x_wconf 84' lang='lat' dir='ltr'>i</span> <span class='ocrx_word' id='word_1_679' title='bbox 2092 4588 2271 4643; x_wconf 85' lang='lat' dir='ltr'><strong>Codex</strong></span> <span class='ocrx_word' id='word_1_680' title='bbox 2305 4605 2322 4642; x_wconf 90' lang='grc' dir='ltr'><strong>ι</strong></span> <span class='ocrx_word' id='word_1_681' title='bbox 2345 4587 2598 4641; x_wconf 84' lang='lat' dir='ltr'><strong>Laurent.</strong></span> <span class='ocrx_word' id='word_1_682' title='bbox 2624 4595 2850 4657; x_wconf 82' lang='lat' dir='ltr'><strong>uterque</strong></span> <span class='ocrx_word' id='word_1_683' title='bbox 2875 4588 2997 4643; x_wconf 90' lang='lat' dir='ltr'><strong>cod.</strong></span> <span class='ocrx_word' id='word_1_684' title='bbox 3027 4587 3083 4642; x_wconf 93' lang='lat' dir='ltr'><strong>S.</strong></span> <span class='ocrx_word' id='word_1_685' title='bbox 3111 4585 3300 4642; x_wconf 86' lang='lat' dir='ltr'><strong>Crucis</strong></span> <span class='ocrx_word' id='word_1_686' title='bbox 3331 4589 3386 4643; x_wconf 85' lang='lat' dir='ltr'><strong>in</strong></span> <span class='ocrx_word' id='word_1_687' title='bbox 3413 4587 3548 4655; x_wconf 60' lang='grc' dir='ltr'>λετ..</span> 
     </span>
    </p>
   </div>
   <div class='ocr_carea' id='block_1_91' title="bbox 1955 4657 3550 4724">
    <p class='ocr_par' dir='ltr' id='par_1_91' title="bbox 1955 4657 3550 4724">
     <span class='ocr_line' id='line_1_92' title="bbox 1955 4657 3550 4724; baseline -0.001 -10"><span class='ocrx_word' id='word_1_688' title='bbox 1955 4658 2141 4714; x_wconf 89' lang='lat' dir='ltr'><strong>etVat.</strong></span> <span class='ocrx_word' id='word_1_689' title='bbox 2176 4657 2311 4710; x_wconf 70' lang='grc'>1267</span> <span class='ocrx_word' id='word_1_690' title='bbox 2333 4659 2532 4711; x_wconf 88' lang='lat' dir='ltr'><strong>habent</strong></span> <span class='ocrx_word' id='word_1_691' title='bbox 2552 4675 2654 4711; x_wconf 83' lang='lat' dir='ltr'><strong>uno</strong></span> <span class='ocrx_word' id='word_1_692' title='bbox 2684 4675 2848 4724; x_wconf 73' lang='lat' dir='ltr'><strong>saxo;</strong></span> <span class='ocrx_word' id='word_1_693' title='bbox 2884 4658 2978 4711; x_wconf 80' lang='lat' dir='ltr'><strong>hoc</strong></span> <span class='ocrx_word' id='word_1_694' title='bbox 2994 4666 3070 4711; x_wconf 80' lang='lat' dir='ltr'><strong>est</strong></span> <span class='ocrx_word' id='word_1_695' title='bbox 3096 4657 3208 4712; x_wconf 85' lang='lat' dir='ltr'><strong>solo</strong></span> <span class='ocrx_word' id='word_1_696' title='bbox 3247 4657 3416 4712; x_wconf 77' lang='lat' dir='ltr'><strong>Veteri</strong></span> <span class='ocrx_word' id='word_1_697' title='bbox 3449 4658 3550 4713; x_wconf 84' lang='lat' dir='ltr'><strong>Te-</strong></span> 
     </span>
    </p>
   </div>
   <div class='ocr_carea' id='block_1_92' title="bbox 301 4726 2702 4798">
    <p class='ocr_par' dir='ltr' id='par_1_92' title="bbox 301 4726 2702 4798">
     <span class='ocr_line' id='line_1_93' title="bbox 301 4726 2702 4798; baseline 0.001 -21"><span class='ocrx_word' id='word_1_698' title='bbox 301 4734 342 4777; x_wconf 87' lang='lat' dir='ltr'><strong>et</strong></span> <span class='ocrx_word' id='word_1_699' title='bbox 363 4730 483 4798; x_wconf 77' lang='lat' dir='ltr'><strong>alter</strong></span> <span class='ocrx_word' id='word_1_700' title='bbox 513 4726 608 4789; x_wconf 81' lang='lat'><strong>99;</strong></span> <span class='ocrx_word' id='word_1_701' title='bbox 649 4726 748 4782; x_wconf 84' lang='lat' dir='ltr'><strong>sed</strong></span> <span class='ocrx_word' id='word_1_702' title='bbox 771 4726 1097 4782; x_wconf 85' lang='lat' dir='ltr'><strong>Vailicellan.</strong></span> <span class='ocrx_word' id='word_1_703' title='bbox 1129 4743 1165 4781; x_wconf 85' lang='lat' dir='ltr'><strong>li</strong></span> <span class='ocrx_word' id='word_1_704' title='bbox 1197 4728 1358 4781; x_wconf 86' lang='lat' dir='ltr'><strong>habet</strong></span> <span class='ocrx_word' id='word_1_705' title='bbox 1385 4726 1573 4780; x_wconf 82' lang='lat' dir='ltr'><strong>deinde</strong></span> <span class='ocrx_word' id='word_1_706' title='bbox 1599 4726 1668 4777; x_wconf 85' lang='lat' dir='ltr'><strong>ad</strong></span> <span class='ocrx_word' id='word_1_707' title='bbox 1687 4730 1851 4798; x_wconf 55' lang='grc' dir='ltr'><strong>ρει-ιδ-</strong></span> <span class='ocrx_word' id='word_1_708' title='bbox 1887 4790 1923 4798; x_wconf 33' lang='lat' dir='ltr'><strong>ﬁ</strong></span> <span class='ocrx_word' id='word_1_709' title='bbox 1957 4738 2209 4798; x_wconf 80' lang='lat' dir='ltr'><strong>stamento</strong></span> <span class='ocrx_word' id='word_1_710' title='bbox 2239 4729 2420 4798; x_wconf 72' lang='lat' dir='ltr'><strong>nititur</strong></span> <span class='ocrx_word' id='word_1_711' title='bbox 2440 4727 2702 4798; x_wconf 79' lang='lat' dir='ltr'><strong>laborare.</strong></span> 
     </span>
    </p>
   </div>
   <div class='ocr_carea' id='block_1_93' title="bbox 298 4795 789 4849">
    <p class='ocr_par' dir='ltr' id='par_1_93' title="bbox 298 4795 789 4849">
     <span class='ocr_line' id='line_1_94' title="bbox 298 4795 789 4849; baseline 0.008 -4"><span class='ocrx_word' id='word_1_712' title='bbox 298 4804 409 4848; x_wconf 74' lang='lat' dir='ltr'><strong>urat</strong></span> <span class='ocrx_word' id='word_1_713' title='bbox 435 4795 789 4849; x_wconf 69' lang='lat' dir='ltr'><strong>Bruttedium.</strong></span> 
     </span>
    </p>
   </div>
   <div class='ocr_carea' id='block_1_94' title="bbox 355 4863 1849 4936">
    <p class='ocr_par' dir='ltr' id='par_1_94' title="bbox 355 4863 1849 4936">
     <span class='ocr_line' id='line_1_95' title="bbox 355 4863 1849 4936; baseline 0.001 -18"><span class='ocrx_word' id='word_1_714' title='bbox 355 4875 373 4902; x_wconf 73' lang='grc' dir='ltr'><strong>ε</strong></span> <span class='ocrx_word' id='word_1_715' title='bbox 565 4863 852 4936; x_wconf 64' lang='lat' dir='ltr'><strong>LaurenL,</strong></span> <span class='ocrx_word' id='word_1_716' title='bbox 874 4864 1052 4936; x_wconf 69' lang='lat' dir='ltr'><strong>paulo</strong></span> <span class='ocrx_word' id='word_1_717' title='bbox 1073 4873 1199 4936; x_wconf 78' lang='lat' dir='ltr'><strong>ante</strong></span> <span class='ocrx_word' id='word_1_718' title='bbox 1229 4865 1491 4936; x_wconf 76' lang='lat' dir='ltr'><strong>indicatus</strong></span> <span class='ocrx_word' id='word_1_719' title='bbox 1518 4873 1690 4918; x_wconf 79' lang='lat' dir='ltr'><strong>stante</strong></span> <span class='ocrx_word' id='word_1_720' title='bbox 1727 4881 1849 4936; x_wconf 86' lang='lat' dir='ltr'><strong>ergo</strong></span> 
     </span>
    </p>
   </div>
   <div class='ocr_carea' id='block_1_95' title="bbox 297 4932 1852 5014">
    <p class='ocr_par' dir='ltr' id='par_1_95' title="bbox 297 4932 1852 5014">
     <span class='ocr_line' id='line_1_96' title="bbox 297 4932 1852 5014; baseline 0.001 -28"><span class='ocrx_word' id='word_1_721' title='bbox 297 4936 400 5014; x_wconf 61' lang='lat' dir='ltr'><strong>iege.</strong></span> <span class='ocrx_word' id='word_1_722' title='bbox 431 4933 580 4987; x_wconf 79' lang='lat' dir='ltr'><strong>Haud</strong></span> <span class='ocrx_word' id='word_1_723' title='bbox 607 4949 764 4989; x_wconf 84' lang='lat' dir='ltr'><strong>secus</strong></span> <span class='ocrx_word' id='word_1_724' title='bbox 940 4932 1010 4987; x_wconf 85' lang='lat'><strong>99</strong></span> <span class='ocrx_word' id='word_1_725' title='bbox 1030 4934 1091 5014; x_wconf 89' lang='lat' dir='ltr'><strong>S._</strong></span> <span class='ocrx_word' id='word_1_726' title='bbox 1109 4934 1295 5014; x_wconf 59' lang='lat' dir='ltr'><strong>grucis</strong></span> <span class='ocrx_word' id='word_1_727' title='bbox 1401 4933 1535 4999; x_wconf 83' lang='lat' dir='ltr'><strong>Jer.,</strong></span> <span class='ocrx_word' id='word_1_728' title='bbox 1563 4937 1656 5003; x_wconf 90' lang='lat' dir='ltr'><strong>qui</strong></span> <span class='ocrx_word' id='word_1_729' title='bbox 1682 4932 1852 4989; x_wconf 72' lang='lat' dir='ltr'><strong>variat</strong></span> 
     </span>
    </p>
   </div>
   <div class='ocr_carea' id='block_1_96' title="bbox 296 5003 1854 5076">
    <p class='ocr_par' dir='ltr' id='par_1_96' title="bbox 296 5003 1854 5076">
     <span class='ocr_line' id='line_1_97' title="bbox 296 5003 1854 5076; baseline 0 -20"><span class='ocrx_word' id='word_1_730' title='bbox 296 5003 343 5056; x_wconf 78' lang='lat' dir='ltr'><strong>in</strong></span> <span class='ocrx_word' id='word_1_731' title='bbox 360 5005 418 5076; x_wconf 84' lang='lat' dir='ltr'><strong>iis</strong></span> <span class='ocrx_word' id='word_1_732' title='bbox 443 5018 562 5071; x_wconf 66' lang='lat' dir='ltr'><strong>qua:</strong></span> <span class='ocrx_word' id='word_1_733' title='bbox 587 5013 886 5072; x_wconf 85' lang='lat' dir='ltr'><strong>sequuntur</strong></span> <span class='ocrx_word' id='word_1_734' title='bbox 913 5023 926 5057; x_wconf 91' lang='lat'>:</span> <span class='ocrx_word' id='word_1_735' title='bbox 955 5005 1094 5076; x_wconf 80' lang='lat' dir='ltr'><strong>quod</strong></span> <span class='ocrx_word' id='word_1_736' title='bbox 1123 5003 1292 5058; x_wconf 83' lang='lat' dir='ltr'><strong>Veteri</strong></span> <span class='ocrx_word' id='word_1_737' title='bbox 1318 5003 1644 5058; x_wconf 85' lang='lat' dir='ltr'><strong>Testamento</strong></span> <span class='ocrx_word' id='word_1_738' title='bbox 1673 5021 1854 5075; x_wconf 81' lang='lat' dir='ltr'><strong>super-</strong></span> 
     </span>
    </p>
   </div>
   <div class='ocr_carea' id='block_1_97' title="bbox 291 5075 1855 5156">
    <p class='ocr_par' dir='ltr' id='par_1_97' title="bbox 291 5075 1855 5156">
     <span class='ocr_line' id='line_1_98' title="bbox 291 5075 1855 5156; baseline 0.002 -31"><span class='ocrx_word' id='word_1_739' title='bbox 291 5075 488 5156; x_wconf 56' lang='lat' dir='ltr'><strong>periuri!</strong></span> <span class='ocrx_word' id='word_1_740' title='bbox 505 5080 776 5145; x_wconf 64' lang='lat' dir='ltr'><strong>utrum</strong></span> <span class='ocrx_word' id='word_1_741' title='bbox 799 5075 1129 5156; x_wconf 62' lang='lat' dir='ltr'><strong>condecorat,</strong></span> <span class='ocrx_word' id='word_1_742' title='bbox 1155 5089 1216 5155; x_wconf 80' lang='lat' dir='ltr'><strong>ac</strong></span> <span class='ocrx_word' id='word_1_743' title='bbox 1237 5082 1382 5156; x_wconf 67' lang='lat' dir='ltr'><strong>tanta</strong></span> <span class='ocrx_word' id='word_1_744' title='bbox 1401 5075 1855 5155; x_wconf 69' lang='lat' dir='ltr'><strong>oetocitateoperis</strong></span> 
     </span>
    </p>
   </div>
   <div class='ocr_carea' id='block_1_98' title="bbox 292 5143 1856 5212">
    <p class='ocr_par' dir='ltr' id='par_1_98' title="bbox 292 5143 1856 5212">
     <span class='ocr_line' id='line_1_99' title="bbox 292 5143 1856 5212; baseline 0.001 -18"><span class='ocrx_word' id='word_1_745' title='bbox 292 5145 642 5212; x_wconf 62' lang='lat' dir='ltr'><strong>circumfertur,</strong></span> <span class='ocrx_word' id='word_1_746' title='bbox 669 5143 728 5195; x_wconf 77' lang='lat' dir='ltr'><strong>sit</strong></span> <span class='ocrx_word' id='word_1_747' title='bbox 753 5143 1068 5212; x_wconf 66' lang='lat' dir='ltr'><strong>volubilitate</strong></span> <span class='ocrx_word' id='word_1_748' title='bbox 1093 5144 1174 5198; x_wconf 69' lang='lat' dir='ltr'><strong>sui</strong></span> <span class='ocrx_word' id='word_1_749' title='bbox 1197 5143 1444 5212; x_wconf 68' lang='lat' dir='ltr'><strong>secutum</strong></span> <span class='ocrx_word' id='word_1_750' title='bbox 1469 5160 1618 5198; x_wconf 75' lang='lat' dir='ltr'><strong>omne</strong></span> <span class='ocrx_word' id='word_1_751' title='bbox 1638 5143 1856 5212; x_wconf 67' lang='lat' dir='ltr'><strong>circum-</strong></span> 
     </span>
    </p>
   </div>
   <div class='ocr_carea' id='block_1_99' title="bbox 288 5209 1852 5336">
    <p class='ocr_par' dir='ltr' id='par_1_99' title="bbox 288 5209 1852 5336">
     <span class='ocr_line' id='line_1_100' title="bbox 288 5209 1852 5336; baseline -0.001 -69"><span class='ocrx_word' id='word_1_752' title='bbox 288 5209 706 5336; x_wconf 44' lang='lat' dir='ltr'><strong>aut;Y</strong></span> <span class='ocrx_word' id='word_1_753' title='bbox 733 5214 858 5268; x_wconf 91' lang='lat' dir='ltr'><strong>cod.</strong></span> <span class='ocrx_word' id='word_1_754' title='bbox 887 5211 957 5267; x_wconf 84' lang='lat'><strong>90</strong></span> <span class='ocrx_word' id='word_1_755' title='bbox 995 5211 1053 5268; x_wconf 89' lang='lat' dir='ltr'><strong>S.</strong></span> <span class='ocrx_word' id='word_1_756' title='bbox 1089 5212 1276 5268; x_wconf 87' lang='lat' dir='ltr'><strong>Crucis</strong></span> <span class='ocrx_word' id='word_1_757' title='bbox 1304 5214 1358 5266; x_wconf 86' lang='lat' dir='ltr'><strong>in</strong></span> <span class='ocrx_word' id='word_1_758' title='bbox 1384 5211 1520 5278; x_wconf 76' lang='lat' dir='ltr'><strong>Jer.,</strong></span> <span class='ocrx_word' id='word_1_759' title='bbox 1548 5212 1668 5268; x_wconf 90' lang='lat' dir='ltr'><strong>Vat.</strong></span> <span class='ocrx_word' id='word_1_760' title='bbox 1694 5209 1852 5278; x_wconf 72' lang='grc'>1267,</span> 
     </span>
    </p>
   </div>
   <div class='ocr_carea' id='block_1_100' title="bbox 345 5348 1530 5409">
    <p class='ocr_par' dir='ltr' id='par_1_100' title="bbox 345 5348 1530 5409">
     <span class='ocr_line' id='line_1_101' title="bbox 345 5348 1530 5409; baseline -0.001 -4"><span class='ocrx_word' id='word_1_761' title='bbox 345 5348 370 5388; x_wconf 71' lang='grc' dir='ltr'><em>δ</em></span> <span class='ocrx_word' id='word_1_762' title='bbox 406 5351 463 5405; x_wconf 79' lang='lat' dir='ltr'><strong>in</strong></span> <span class='ocrx_word' id='word_1_763' title='bbox 490 5349 626 5406; x_wconf 85' lang='lat' dir='ltr'><strong>Cod.</strong></span> <span class='ocrx_word' id='word_1_764' title='bbox 657 5352 726 5405; x_wconf 83' lang='lat'><strong>90</strong></span> <span class='ocrx_word' id='word_1_765' title='bbox 746 5351 804 5408; x_wconf 91' lang='lat' dir='ltr'><strong>S.</strong></span> <span class='ocrx_word' id='word_1_766' title='bbox 837 5351 1028 5409; x_wconf 91' lang='lat' dir='ltr'><strong>Crucis</strong></span> <span class='ocrx_word' id='word_1_767' title='bbox 1049 5353 1103 5407; x_wconf 92' lang='lat' dir='ltr'><strong>in</strong></span> <span class='ocrx_word' id='word_1_768' title='bbox 1133 5351 1245 5408; x_wconf 84' lang='lat' dir='ltr'><strong>Jer.</strong></span> <span class='ocrx_word' id='word_1_769' title='bbox 1273 5351 1425 5407; x_wconf 89' lang='lat' dir='ltr'><strong>deest</strong></span> <span class='ocrx_word' id='word_1_770' title='bbox 1438 5351 1530 5405; x_wconf 83' lang='lat' dir='ltr'><strong>ibi.</strong></span> 
     </span>
    </p>
   </div>
   <div class='ocr_carea' id='block_1_101' title="bbox 352 5419 1850 5493">
    <p class='ocr_par' dir='ltr' id='par_1_101' title="bbox 352 5419 1850 5493">
     <span class='ocr_line' id='line_1_102' title="bbox 352 5419 1850 5493; baseline -0.002 -16"><span class='ocrx_word' id='word_1_771' title='bbox 352 5430 374 5458; x_wconf 85' lang='grc'>⁶</span> <span class='ocrx_word' id='word_1_772' title='bbox 411 5419 542 5493; x_wconf 62' lang='lat' dir='ltr'><strong>Vide</strong></span> <span class='ocrx_word' id='word_1_773' title='bbox 573 5420 632 5478; x_wconf 91' lang='lat' dir='ltr'><strong>S.</strong></span> <span class='ocrx_word' id='word_1_774' title='bbox 678 5424 1026 5479; x_wconf 80' lang='lat' dir='ltr'><strong>Ambrosium</strong></span> <span class='ocrx_word' id='word_1_775' title='bbox 1051 5423 1118 5477; x_wconf 90' lang='lat' dir='ltr'><strong>de</strong></span> <span class='ocrx_word' id='word_1_776' title='bbox 1146 5422 1350 5493; x_wconf 88' lang='lat' dir='ltr'><strong>Spiritu</strong></span> <span class='ocrx_word' id='word_1_777' title='bbox 1395 5431 1580 5478; x_wconf 91' lang='lat' dir='ltr'><strong>sancto</strong></span> <span class='ocrx_word' id='word_1_778' title='bbox 1631 5421 1724 5476; x_wconf 88' lang='lat' dir='ltr'><strong>lib.</strong></span> <span class='ocrx_word' id='word_1_779' title='bbox 1775 5437 1850 5487; x_wconf 88' lang='grc' dir='ltr'>ιιι,</span> 
     </span>
    </p>
   </div>
   <div class='ocr_carea' id='block_1_102' title="bbox 280 5489 508 5561">
    <p class='ocr_par' dir='ltr' id='par_1_102' title="bbox 280 5489 508 5561">
     <span class='ocr_line' id='line_1_103' title="bbox 280 5489 508 5561; baseline -0.009 -17"><span class='ocrx_word' id='word_1_780' title='bbox 280 5505 393 5561; x_wconf 86' lang='lat' dir='ltr'><strong>cap.</strong></span> <span class='ocrx_word' id='word_1_781' title='bbox 420 5489 508 5561; x_wconf 60' lang='grc' dir='ltr'><strong>ξι.</strong></span> 
     </span>
    </p>
   </div>
   <div class='ocr_carea' id='block_1_103' title="bbox 354 5559 1166 5644">
    <p class='ocr_par' dir='ltr' id='par_1_103' title="bbox 354 5559 1166 5644">
     <span class='ocr_line' id='line_1_104' title="bbox 354 5559 1166 5644; baseline 0.002 -30"><span class='ocrx_word' id='word_1_782' title='bbox 354 5560 373 5644; x_wconf 56' lang='grc' dir='ltr'><strong>ξ</strong></span> <span class='ocrx_word' id='word_1_783' title='bbox 648 5563 804 5644; x_wconf 42' lang='grc' dir='ltr'><strong>γεεί,</strong></span> <span class='ocrx_word' id='word_1_784' title='bbox 836 5580 937 5644; x_wconf 66' lang='lat' dir='ltr'><strong>pro</strong></span> <span class='ocrx_word' id='word_1_785' title='bbox 962 5561 1166 5644; x_wconf 64' lang='lat' dir='ltr'><strong>habita.</strong></span> 
     </span>
    </p>
   </div>
   <div class='ocr_carea' id='block_1_104' title="bbox 348 5629 1178 5696">
    <p class='ocr_par' dir='ltr' id='par_1_104' title="bbox 348 5629 1178 5696">
     <span class='ocr_line' id='line_1_105' title="bbox 348 5629 1178 5696; baseline 0.001 -12"><span class='ocrx_word' id='word_1_786' title='bbox 348 5641 373 5675; x_wconf 74' lang='grc' dir='ltr'><em>α</em></span> <span class='ocrx_word' id='word_1_787' title='bbox 411 5629 529 5689; x_wconf 83' lang='lat' dir='ltr'><strong>Cod.</strong></span> <span class='ocrx_word' id='word_1_788' title='bbox 561 5631 703 5690; x_wconf 84' lang='lat'><strong>99$.</strong></span> <span class='ocrx_word' id='word_1_789' title='bbox 731 5629 949 5696; x_wconf 78' lang='lat' dir='ltr'><strong>Crucis,</strong></span> <span class='ocrx_word' id='word_1_790' title='bbox 981 5641 1178 5685; x_wconf 70' lang='lat' dir='ltr'><strong>currat.</strong></span> 
     </span>
    </p>
   </div>
   <div class='ocr_carea' id='block_1_105' title="bbox 349 5699 1862 5769">
    <p class='ocr_par' dir='ltr' id='par_1_105' title="bbox 349 5699 1862 5769">
     <span class='ocr_line' id='line_1_106' title="bbox 349 5699 1862 5769; baseline -0.007 -6"><span class='ocrx_word' id='word_1_791' title='bbox 349 5700 376 5738; x_wconf 77' lang='grc'><strong>⁸⁸</strong></span> <span class='ocrx_word' id='word_1_792' title='bbox 410 5701 664 5765; x_wconf 76' lang='lat' dir='ltr'><strong>ldemcod.</strong></span> <span class='ocrx_word' id='word_1_793' title='bbox 682 5705 770 5769; x_wconf 89' lang='lat'><strong>90,</strong></span> <span class='ocrx_word' id='word_1_794' title='bbox 795 5708 853 5759; x_wconf 83' lang='lat' dir='ltr'><strong>in</strong></span> <span class='ocrx_word' id='word_1_795' title='bbox 874 5703 1046 5767; x_wconf 80' lang='lat' dir='ltr'><strong>nobis,</strong></span> <span class='ocrx_word' id='word_1_796' title='bbox 1073 5711 1146 5768; x_wconf 90' lang='lat' dir='ltr'><strong>et,</strong></span> <span class='ocrx_word' id='word_1_797' title='bbox 1165 5701 1363 5756; x_wconf 90' lang='lat' dir='ltr'><strong>omisso</strong></span> <span class='ocrx_word' id='word_1_798' title='bbox 1378 5700 1559 5765; x_wconf 75' lang='lat' dir='ltr'><strong>Anien,</strong></span> <span class='ocrx_word' id='word_1_799' title='bbox 1582 5699 1862 5769; x_wconf 85' lang='lat' dir='ltr'><strong>prosequi-</strong></span> 
     </span>
    </p>
   </div>
   <div class='ocr_carea' id='block_1_106' title="bbox 1887 4790 3548 4868">
    <p class='ocr_par' dir='ltr' id='par_1_106' title="bbox 1887 4790 3548 4868">
     <span class='ocr_line' id='line_1_107' title="bbox 1887 4790 3548 4868; baseline 0.002 -21"><span class='ocrx_word' id='word_1_800' title='bbox 1887 4790 1932 4847; x_wconf 92' lang='lat' dir='ltr'><strong>D</strong></span> <span class='ocrx_word' id='word_1_801' title='bbox 1957 4867 1993 4868; x_wconf 19' lang='grc' dir='ltr'><em>η</em></span> <span class='ocrx_word' id='word_1_802' title='bbox 2030 4799 2057 4835; x_wconf 78' lang='grc' dir='ltr'><strong>ιι</strong></span> <span class='ocrx_word' id='word_1_803' title='bbox 2094 4797 2240 4868; x_wconf 73' lang='lat' dir='ltr'><strong>idem</strong></span> <span class='ocrx_word' id='word_1_804' title='bbox 2292 4796 2416 4851; x_wconf 92' lang='lat' dir='ltr'><strong>cod.</strong></span> <span class='ocrx_word' id='word_1_805' title='bbox 2451 4795 2728 4868; x_wconf 76' lang='lat' dir='ltr'><strong>Laurent.,</strong></span> <span class='ocrx_word' id='word_1_806' title='bbox 2756 4814 2884 4868; x_wconf 81' lang='lat' dir='ltr'><strong>opus</strong></span> <span class='ocrx_word' id='word_1_807' title='bbox 2928 4799 2976 4851; x_wconf 83' lang='lat' dir='ltr'><strong>ei</strong></span> <span class='ocrx_word' id='word_1_808' title='bbox 3022 4797 3276 4868; x_wconf 71' lang='lat' dir='ltr'><strong>displicet.</strong></span> <span class='ocrx_word' id='word_1_809' title='bbox 3305 4795 3392 4868; x_wconf 25' lang='lat' dir='ltr'><strong>in;</strong></span> <span class='ocrx_word' id='word_1_810' title='bbox 3420 4796 3548 4852; x_wconf 88' lang='lat' dir='ltr'><strong>cod.</strong></span> 
     </span>
    </p>
   </div>
   <div class='ocr_carea' id='block_1_107' title="bbox 1955 4864 3553 4948">
    <p class='ocr_par' dir='ltr' id='par_1_107' title="bbox 1955 4864 3553 4948">
     <span class='ocr_line' id='line_1_108' title="bbox 1955 4864 3553 4948; baseline 0 -27"><span class='ocrx_word' id='word_1_811' title='bbox 1955 4867 2078 4948; x_wconf 72' lang='lat' dir='ltr'><strong>Vat.</strong></span> <span class='ocrx_word' id='word_1_812' title='bbox 2106 4866 2240 4948; x_wconf 59' lang='lat'><strong>126:7</strong></span> <span class='ocrx_word' id='word_1_813' title='bbox 2263 4866 2569 4920; x_wconf 90' lang='lat' dir='ltr'><strong>annectitur</strong></span> <span class='ocrx_word' id='word_1_814' title='bbox 2590 4864 3002 4948; x_wconf 48' lang='lat' dir='ltr'><strong>pars&#39;se&#39;rrnonis</strong></span> <span class='ocrx_word' id='word_1_815' title='bbox 3019 4864 3332 4948; x_wconf 77' lang='lat' dir='ltr'><strong>demuliere</strong></span> <span class='ocrx_word' id='word_1_816' title='bbox 3359 4864 3553 4948; x_wconf 82' lang='lat' dir='ltr'><strong>Sama-</strong></span> 
     </span>
    </p>
   </div>
   <div class='ocr_carea' id='block_1_108' title="bbox 1953 4935 3552 5006">
    <p class='ocr_par' dir='ltr' id='par_1_108' title="bbox 1953 4935 3552 5006">
     <span class='ocr_line' id='line_1_109' title="bbox 1953 4935 3552 5006; baseline -0.001 -15"><span class='ocrx_word' id='word_1_817' title='bbox 1953 4939 2130 4991; x_wconf 90' lang='lat' dir='ltr'><strong>ritana</strong></span> <span class='ocrx_word' id='word_1_818' title='bbox 2147 4977 2166 4999; x_wconf 88' lang='lat'><strong>,</strong></span> <span class='ocrx_word' id='word_1_819' title='bbox 2189 4935 2336 5006; x_wconf 83' lang='lat' dir='ltr'><strong>Aqua</strong></span> <span class='ocrx_word' id='word_1_820' title='bbox 2381 4952 2504 5006; x_wconf 83' lang='lat' dir='ltr'><strong>ergo</strong></span> <span class='ocrx_word' id='word_1_821' title='bbox 2532 4935 2925 5006; x_wconf 64' lang='lat' dir='ltr'><strong>misericordiae,</strong></span> <span class='ocrx_word' id='word_1_822' title='bbox 2955 4945 3085 5006; x_wconf 68' lang='lat' dir='ltr'><strong>etc,</strong></span> <span class='ocrx_word' id='word_1_823' title='bbox 3119 4937 3343 4992; x_wconf 85' lang='lat' dir='ltr'><strong>omnino</strong></span> <span class='ocrx_word' id='word_1_824' title='bbox 3365 4943 3552 5006; x_wconf 76' lang='lat' dir='ltr'><strong>extra-</strong></span> 
     </span>
    </p>
   </div>
   <div class='ocr_carea' id='block_1_109' title="bbox 1956 5004 3547 5066">
    <p class='ocr_par' dir='ltr' id='par_1_109' title="bbox 1956 5004 3547 5066">
     <span class='ocr_line' id='line_1_110' title="bbox 1956 5004 3547 5066; baseline 0.002 -6"><span class='ocrx_word' id='word_1_825' title='bbox 1956 5021 2057 5061; x_wconf 88' lang='lat' dir='ltr'><strong>nea</strong></span> <span class='ocrx_word' id='word_1_826' title='bbox 2085 5007 2153 5059; x_wconf 92' lang='lat' dir='ltr'><strong>ab</strong></span> <span class='ocrx_word' id='word_1_827' title='bbox 2170 5004 2271 5059; x_wconf 83' lang='lat' dir='ltr'><strong>hac</strong></span> <span class='ocrx_word' id='word_1_828' title='bbox 2296 5004 2531 5060; x_wconf 84' lang='lat' dir='ltr'><strong>homiiia.</strong></span> <span class='ocrx_word' id='word_1_829' title='bbox 2563 5005 2620 5061; x_wconf 92' lang='lat' dir='ltr'><strong>ln</strong></span> <span class='ocrx_word' id='word_1_830' title='bbox 2642 5007 2765 5061; x_wconf 89' lang='lat' dir='ltr'><strong>cod.</strong></span> <span class='ocrx_word' id='word_1_831' title='bbox 2796 5022 2926 5061; x_wconf 89' lang='lat' dir='ltr'><strong>vero</strong></span> <span class='ocrx_word' id='word_1_832' title='bbox 2955 5005 3024 5059; x_wconf 87' lang='lat'><strong>90</strong></span> <span class='ocrx_word' id='word_1_833' title='bbox 3051 5005 3112 5061; x_wconf 83' lang='lat' dir='ltr'><strong>S.</strong></span> <span class='ocrx_word' id='word_1_834' title='bbox 3137 5006 3327 5062; x_wconf 88' lang='lat' dir='ltr'><strong>Crucis</strong></span> <span class='ocrx_word' id='word_1_835' title='bbox 3355 5007 3410 5062; x_wconf 85' lang='lat' dir='ltr'><strong>in</strong></span> <span class='ocrx_word' id='word_1_836' title='bbox 3430 5004 3547 5066; x_wconf 69' lang='grc' dir='ltr'>ιω».</span> 
     </span>
    </p>
   </div>
   <div class='ocr_carea' id='block_1_110' title="bbox 1956 5075 2939 5144">
    <p class='ocr_par' dir='ltr' id='par_1_110' title="bbox 1956 5075 2939 5144">
     <span class='ocr_line' id='line_1_111' title="bbox 1956 5075 2939 5144; baseline 0 -14"><span class='ocrx_word' id='word_1_837' title='bbox 1956 5077 2185 5144; x_wconf 88' lang='lat' dir='ltr'><strong>habetur</strong></span> <span class='ocrx_word' id='word_1_838' title='bbox 2220 5075 2382 5130; x_wconf 89' lang='lat' dir='ltr'><strong>lectio</strong></span> <span class='ocrx_word' id='word_1_839' title='bbox 2412 5085 2471 5128; x_wconf 91' lang='lat' dir='ltr'><strong>ut</strong></span> <span class='ocrx_word' id='word_1_840' title='bbox 2501 5077 2554 5129; x_wconf 90' lang='lat' dir='ltr'><strong>in</strong></span> <span class='ocrx_word' id='word_1_841' title='bbox 2583 5075 2939 5144; x_wconf 86' lang='lat' dir='ltr'><strong>Sangallensi.</strong></span> 
     </span>
    </p>
   </div>
   <div class='ocr_carea' id='block_1_111' title="bbox 2033 5143 3551 5214">
    <p class='ocr_par' dir='ltr' id='par_1_111' title="bbox 2033 5143 3551 5214">
     <span class='ocr_line' id='line_1_112' title="bbox 2033 5143 3551 5214; baseline -0.001 -15"><span class='ocrx_word' id='word_1_842' title='bbox 2033 5143 2050 5183; x_wconf 79' lang='grc' dir='ltr'>ι</span> <span class='ocrx_word' id='word_1_843' title='bbox 2097 5143 2333 5214; x_wconf 88' lang='lat' dir='ltr'><strong>Uterque</strong></span> <span class='ocrx_word' id='word_1_844' title='bbox 2360 5145 2532 5200; x_wconf 79' lang='lat' dir='ltr'><strong>codex</strong></span> <span class='ocrx_word' id='word_1_845' title='bbox 2555 5145 2611 5200; x_wconf 95' lang='lat' dir='ltr'><strong>S.</strong></span> <span class='ocrx_word' id='word_1_846' title='bbox 2645 5143 2832 5200; x_wconf 76' lang='lat' dir='ltr'><strong>crucis</strong></span> <span class='ocrx_word' id='word_1_847' title='bbox 2859 5147 2912 5201; x_wconf 91' lang='lat' dir='ltr'><strong>in</strong></span> <span class='ocrx_word' id='word_1_848' title='bbox 2941 5143 3052 5200; x_wconf 80' lang='lat' dir='ltr'><strong>Jer.</strong></span> <span class='ocrx_word' id='word_1_849' title='bbox 3083 5152 3206 5214; x_wconf 82' lang='lat' dir='ltr'><strong>post</strong></span> <span class='ocrx_word' id='word_1_850' title='bbox 3231 5145 3418 5209; x_wconf 80' lang='lat' dir='ltr'><strong>verba,</strong></span> <span class='ocrx_word' id='word_1_851' title='bbox 3452 5145 3551 5200; x_wconf 86' lang='lat' dir='ltr'><strong>etsi</strong></span> 
     </span>
    </p>
   </div>
   <div class='ocr_carea' id='block_1_112' title="bbox 1960 5215 3546 5285">
    <p class='ocr_par' dir='ltr' id='par_1_112' title="bbox 1960 5215 3546 5285">
     <span class='ocr_line' id='line_1_113' title="bbox 1960 5215 3546 5285; baseline 0 -17"><span class='ocrx_word' id='word_1_852' title='bbox 1960 5216 2196 5284; x_wconf 75' lang='lat' dir='ltr'><strong>offeratis</strong></span> <span class='ocrx_word' id='word_1_853' title='bbox 2222 5215 2590 5283; x_wconf 75' lang='lat' dir='ltr'><strong>similaginem,</strong></span> <span class='ocrx_word' id='word_1_854' title='bbox 2619 5215 3086 5285; x_wconf 82' lang='lat' dir='ltr'><strong>prosequentibus</strong></span> <span class='ocrx_word' id='word_1_855' title='bbox 3114 5215 3430 5285; x_wconf 56' lang='lat' dir='ltr'><strong>dominatio</strong></span> <span class='ocrx_word' id='word_1_856' title='bbox 3447 5225 3546 5280; x_wconf 87' lang='lat' dir='ltr'><strong>est,</strong></span> 
     </span>
    </p>
   </div>
   <div class='ocr_carea' id='block_1_113' title="bbox 1959 5284 3548 5355">
    <p class='ocr_par' dir='ltr' id='par_1_113' title="bbox 1959 5284 3548 5355">
     <span class='ocr_line' id='line_1_114' title="bbox 1959 5284 3548 5355; baseline -0.001 -16"><span class='ocrx_word' id='word_1_857' title='bbox 1959 5285 2160 5355; x_wconf 82' lang='lat' dir='ltr'><strong>habent</strong></span> <span class='ocrx_word' id='word_1_858' title='bbox 2179 5301 2363 5355; x_wconf 66' lang='lat' dir='ltr'><strong>vanum</strong></span> <span class='ocrx_word' id='word_1_859' title='bbox 2391 5293 2500 5355; x_wconf 82' lang='lat' dir='ltr'><strong>est;</strong></span> <span class='ocrx_word' id='word_1_860' title='bbox 2527 5284 2670 5354; x_wconf 81' lang='lat' dir='ltr'><strong>quod</strong></span> <span class='ocrx_word' id='word_1_861' title='bbox 2699 5284 3270 5355; x_wconf 12' lang='lat' dir='ltr'><strong>desdmptumpvidetur</strong></span> <span class='ocrx_word' id='word_1_862' title='bbox 3289 5300 3359 5338; x_wconf 73' lang='lat' dir='ltr'><strong>ex</strong></span> <span class='ocrx_word' id='word_1_863' title='bbox 3377 5285 3548 5355; x_wconf 77' lang='lat' dir='ltr'><strong>veteri</strong></span> 
     </span>
    </p>
   </div>
   <div class='ocr_carea' id='block_1_114' title="bbox 1956 5353 3551 5424">
    <p class='ocr_par' dir='ltr' id='par_1_114' title="bbox 1956 5353 3551 5424">
     <span class='ocr_line' id='line_1_115' title="bbox 1956 5353 3551 5424; baseline 0.001 -17"><span class='ocrx_word' id='word_1_864' title='bbox 1956 5354 2087 5408; x_wconf 88' lang='lat' dir='ltr'><strong>Itala</strong></span> <span class='ocrx_word' id='word_1_865' title='bbox 2116 5353 2500 5424; x_wconf 76' lang='lat' dir='ltr'><strong>versione,_ubi</strong></span> <span class='ocrx_word' id='word_1_866' title='bbox 2527 5353 2736 5424; x_wconf 79' lang='lat' dir='ltr'><strong>integer</strong></span> <span class='ocrx_word' id='word_1_867' title='bbox 2758 5353 2908 5410; x_wconf 80' lang='lat' dir='ltr'><strong>locus</strong></span> <span class='ocrx_word' id='word_1_868' title='bbox 2948 5357 3021 5409; x_wconf 93' lang='lat' dir='ltr'><strong>ita</strong></span> <span class='ocrx_word' id='word_1_869' title='bbox 3051 5353 3245 5424; x_wconf 89' lang='lat' dir='ltr'><strong>iegitur</strong></span> <span class='ocrx_word' id='word_1_870' title='bbox 3283 5354 3423 5424; x_wconf 87' lang='lat' dir='ltr'><strong>apud</strong></span> <span class='ocrx_word' id='word_1_871' title='bbox 3449 5353 3551 5408; x_wconf 84' lang='lat' dir='ltr'><strong>Sa-</strong></span> 
     </span>
    </p>
   </div>
   <div class='ocr_carea' id='block_1_115' title="bbox 1957 5368 3549 5494">
    <p class='ocr_par' dir='ltr' id='par_1_115' title="bbox 1957 5368 3549 5494">
     <span class='ocr_line' id='line_1_116' title="bbox 1957 5368 3549 5424; baseline 0.001 -17"><span class='ocrx_word' id='word_1_872' title='bbox 1957 5368 2087 5408; x_wconf 82' lang='lat' dir='ltr'><strong>Itata</strong></span> <span class='ocrx_word' id='word_1_873' title='bbox 2116 5368 2382 5416; x_wconf 79' lang='lat' dir='ltr'><strong>versione,</strong></span> <span class='ocrx_word' id='word_1_874' title='bbox 2408 5368 2500 5408; x_wconf 86' lang='lat' dir='ltr'><strong>um</strong></span> <span class='ocrx_word' id='word_1_875' title='bbox 2527 5368 2638 5409; x_wconf 78' lang='lat' dir='ltr'><strong>inte</strong></span> <span class='ocrx_word' id='word_1_876' title='bbox 2677 5371 2736 5409; x_wconf 92' lang='lat' dir='ltr'><strong>er</strong></span> <span class='ocrx_word' id='word_1_877' title='bbox 2758 5368 2908 5410; x_wconf 83' lang='lat' dir='ltr'><strong>locus</strong></span> <span class='ocrx_word' id='word_1_878' title='bbox 2948 5368 3021 5409; x_wconf 81' lang='lat' dir='ltr'><strong>Ita</strong></span> <span class='ocrx_word' id='word_1_879' title='bbox 3051 5373 3068 5407; x_wconf 85' lang='grc' dir='ltr'><strong>ι</strong></span> <span class='ocrx_word' id='word_1_880' title='bbox 3140 5368 3245 5408; x_wconf 80' lang='lat' dir='ltr'><strong>itur</strong></span> <span class='ocrx_word' id='word_1_881' title='bbox 3283 5368 3423 5424; x_wconf 82' lang='lat' dir='ltr'><strong>apud</strong></span> <span class='ocrx_word' id='word_1_882' title='bbox 3449 5368 3549 5408; x_wconf 69' lang='lat' dir='ltr'><strong>aa-</strong></span> 
     </span>
     <span class='ocr_line' id='line_1_117' title="bbox 1957 5368 3549 5494; baseline 0.001 -17"><span class='ocrx_word' id='word_1_883' title='bbox 1957 5425 2148 5478; x_wconf 89' lang='lat' dir='ltr'><strong>batier.</strong></span> <span class='ocrx_word' id='word_1_884' title='bbox 2182 5432 2313 5477; x_wconf 91' lang='lat' dir='ltr'><strong>tom.</strong></span> <span class='ocrx_word' id='word_1_885' title='bbox 2340 5421 2427 5487; x_wconf 82' lang='lat' dir='ltr'><strong>lli,</strong></span> <span class='ocrx_word' id='word_1_886' title='bbox 2461 5437 2583 5494; x_wconf 86' lang='lat' dir='ltr'><strong>pag.</strong></span> <span class='ocrx_word' id='word_1_887' title='bbox 2611 5370 2714 5477; x_wconf 40' lang='lat'><strong>517</strong></span> <span class='ocrx_word' id='word_1_888' title='bbox 2752 5425 2883 5479; x_wconf 86' lang='lat' dir='ltr'><strong>edit.</strong></span> <span class='ocrx_word' id='word_1_889' title='bbox 2916 5368 3262 5488; x_wconf 45' lang='lat' dir='ltr'><strong>Romff&#39;ﬂi’),</strong></span> <span class='ocrx_word' id='word_1_890' title='bbox 3287 5427 3332 5478; x_wconf 89' lang='lat' dir='ltr'><strong>si</strong></span> <span class='ocrx_word' id='word_1_891' title='bbox 3353 5423 3549 5492; x_wconf 62' lang='lat' dir='ltr'><strong>afera-</strong></span> 
     </span>
    </p>
   </div>
   <div class='ocr_carea' id='block_1_116' title="bbox 1960 5493 3548 5565">
    <p class='ocr_par' dir='ltr' id='par_1_116' title="bbox 1960 5493 3548 5565">
     <span class='ocr_line' id='line_1_118' title="bbox 1960 5493 3548 5565; baseline -0.001 -19"><span class='ocrx_word' id='word_1_892' title='bbox 1960 5496 2024 5547; x_wconf 90' lang='lat' dir='ltr'><strong>tis</strong></span> <span class='ocrx_word' id='word_1_893' title='bbox 2044 5494 2406 5565; x_wconf 6' lang='lat' dir='ltr'><strong>psimilaginem</strong></span> <span class='ocrx_word' id='word_1_894' title='bbox 2427 5509 2614 5565; x_wconf 67' lang='lat' dir='ltr'><strong>vanum</strong></span> <span class='ocrx_word' id='word_1_895' title='bbox 2649 5503 2759 5565; x_wconf 79' lang='lat' dir='ltr'><strong>est:</strong></span> <span class='ocrx_word' id='word_1_896' title='bbox 3096 5493 3423 5565; x_wconf 60' lang='lat' dir='ltr'><strong>abominatio</strong></span> <span class='ocrx_word' id='word_1_897' title='bbox 3467 5502 3548 5565; x_wconf 85' lang='lat' dir='ltr'><strong>est</strong></span> 
     </span>
    </p>
   </div>
   <div class='ocr_carea' id='block_1_117' title="bbox 1958 5561 3546 5630">
    <p class='ocr_par' dir='ltr' id='par_1_117' title="bbox 1958 5561 3546 5630">
     <span class='ocr_line' id='line_1_119' title="bbox 1958 5561 3546 5630; baseline -0.001 -14"><span class='ocrx_word' id='word_1_898' title='bbox 1958 5563 2104 5617; x_wconf 76' lang='lat' dir='ltr'><strong>mihi.</strong></span> <span class='ocrx_word' id='word_1_899' title='bbox 2128 5561 2352 5628; x_wconf 83' lang='lat' dir='ltr'><strong>Vulgata</strong></span> <span class='ocrx_word' id='word_1_900' title='bbox 2381 5571 2561 5617; x_wconf 89' lang='lat' dir='ltr'><strong>autem</strong></span> <span class='ocrx_word' id='word_1_901' title='bbox 2589 5564 2749 5618; x_wconf 85' lang='lat' dir='ltr'><strong>habet</strong></span> <span class='ocrx_word' id='word_1_902' title='bbox 2777 5582 2791 5616; x_wconf 89' lang='lat'><strong>:</strong></span> <span class='ocrx_word' id='word_1_903' title='bbox 2822 5561 2945 5619; x_wconf 74' lang='lat' dir='ltr'><strong>issi.</strong></span> <span class='ocrx_word' id='word_1_904' title='bbox 2977 5579 3023 5626; x_wconf 86' lang='grc' dir='ltr'>ι,</span> <span class='ocrx_word' id='word_1_905' title='bbox 3062 5562 3148 5624; x_wconf 76' lang='grc'><strong>15,</strong></span> <span class='ocrx_word' id='word_1_906' title='bbox 3183 5561 3268 5615; x_wconf 86' lang='lat' dir='ltr'><strong>Ne</strong></span> <span class='ocrx_word' id='word_1_907' title='bbox 3312 5563 3546 5630; x_wconf 56' lang='lat' dir='ltr'><strong>olentis</strong></span> 
     </span>
    </p>
   </div>
   <div class='ocr_carea' id='block_1_118' title="bbox 1957 5631 3546 5703">
    <p class='ocr_par' dir='ltr' id='par_1_118' title="bbox 1957 5631 3546 5703">
     <span class='ocr_line' id='line_1_120' title="bbox 1957 5631 3546 5703; baseline -0.001 -19"><span class='ocrx_word' id='word_1_908' title='bbox 1957 5636 2096 5684; x_wconf 79' lang='lat' dir='ltr'><strong>ultra</strong></span> <span class='ocrx_word' id='word_1_909' title='bbox 2123 5631 2434 5699; x_wconf 78' lang='lat' dir='ltr'><strong>sacriﬁcium</strong></span> <span class='ocrx_word' id='word_1_910' title='bbox 2479 5635 2673 5703; x_wconf 78' lang='lat' dir='ltr'><strong>[rustra</strong></span> <span class='ocrx_word' id='word_1_911' title='bbox 2727 5651 2744 5688; x_wconf 92' lang='lat'><strong><em>:</em></strong></span> <span class='ocrx_word' id='word_1_912' title='bbox 2793 5636 3054 5688; x_wconf 76' lang='lat' dir='ltr'><strong>incensum</strong></span> <span class='ocrx_word' id='word_1_913' title='bbox 3101 5631 3416 5686; x_wconf 69' lang='lat' dir='ltr'><strong>abominatio</strong></span> <span class='ocrx_word' id='word_1_914' title='bbox 3470 5642 3546 5682; x_wconf 79' lang='lat' dir='ltr'><strong>est</strong></span> 
     </span>
    </p>
   </div>
   <div class='ocr_carea' id='block_1_119' title="bbox 1961 5703 2109 5754">
    <p class='ocr_par' dir='ltr' id='par_1_119' title="bbox 1961 5703 2109 5754">
     <span class='ocr_line' id='line_1_121' title="bbox 1961 5703 2109 5754; baseline 0.007 -1"><span class='ocrx_word' id='word_1_915' title='bbox 1961 5703 2109 5754; x_wconf 79' lang='lat' dir='ltr'><strong>mihi.</strong></span> 
     </span>
    </p>
   </div>
  </div>
