3924 6232
3273 341 3374 394 ’ἐπι

141 345 224 404 E53
663 402 678 409 _
1551 341 1835 399 llOMllJA
1869 341 1955 397 IV.

143 464 292 515 vinum
313 469 552 514 naturam
576 462 1189 538 humanamsumpsnsse
1219 467 1699 538 conquererentur.
1734 455 1964 538 (Fervent,
1997 457 2166 538 inquit
2296 455 2557 538 pontifex,
2589 473 2759 538 coram
2789 456 3031 538 querela,
3080 458 3162 527 qui
3212 459 3370 538 impar

141 547 363 602 murmure
383 531 566 584 divinis
599 526 1078 602 dispensationibus
1106 526 1433 602 obloquentes
1456 529 1517 580 de
1548 526 1833 602 Dominicaé
1854 527 2137 579 nativitatis
2192 527 2450 602 tarditate
2475 534 2775 602 causantur,
2803 526 3375 602 'tanquain_..prte_teri_tis

141 597 412 678 temporibus
460 616 567 653 non
623 593 697 652 sit
743 601 1053 678 impensum,
1083 599 1219 678 quod
1237 593 1291 650 in
1319 598 1501 678 ultima
1527 595 1704 678 mundi
1733 603 1884 647 (etate
1905 604 1981 647 est
1996 603 2219 678 gestum.
2254 595 2407 649 Verbi
2421 596 2723 678 incarnatio
2746 595 2852 647 hara
2879 593 3368 678 φζιιιιιξι[αι’ἰιιπιάα2

139 662 251 736 quod
271 669 430 735 facta;
460 677 511 719 et
528 662 924 746 sacramentum
953 662 1136 746 salutis
1165 667 1402 746 [annonas
1426 666 1481 746 in
1502 665 1644 746 nulla
1663 662 2221 746 utiquam‘antiquitate
2237 667 2566 744 cessavit”...
2593 680 2683 744 nec
2702 680 2815 716 sero
2839 673 2915 716 est
2933 662 3218 731 impletum,
3232 665 3368 746 quod

139 732 308 804 imper
332 746 405 814 est
426 737 706 789 creditum.
735 735 1010 814 Sapientia
1035 751 1170 814 vero,
1199 744 1247 787 et
1267 735 1554 814 benignitas
1587 732 1679 785 Dei
1701 732 2078 814 hacsalutiferi
2107 734 2773 814 operisnnorancapaciores
2806 748 2902 814 rios
2942 747 3051 786 sua:
3094 732 3370 787 vocationis

140 800 339 870 cferit...
369 803 474 858 Sed
503 823 534 857 a
560 800 936 858 constitutione
964 805 1139 856 mundi
1158 800 1315 856 unam
1336 800 1664 881 eamdemque
1684 800 1918 881 omnibus
1943 800 2154 854 causam
2177 802 2415 881 instituit.
2441 800 2622 855 Gratia
2641 801 2926 881 enim.D_ei_,
2955 817 3055 870 qua
3075 817 3366 881 semperest

138 874 407 926 universitas
422 875 726 942 justiﬁcata
755 882 1071 938 sanctorum,
1104 883 1256 926 aucta
1285 882 1381 938 est,
1414 872 1617 949 Christo
1639 879 1902 949 nascente,
1927 887 2033 949 non
2046 879 2335 949 Δωρίῳ-,ει
2363 872 2474 949 loco
2495 886 2698 940 magna:
2742 872 2947 949 pietatis
2993 880 3366 949 sacramentum

138 958 218 1022 qua
239 951 360 996 totus
380 938 495 1011 jam
523 938 756 995 mundus
784 943 1018 1021 impletus
1040 952 1139 1007 estl
1163 950 1265 1022 tam
1288 951 1469 1011 potens
1496 941 1654 1022 etigm
1676 939 1730 990 in
1760 939 1875 1022 sui:
1893 938 2355 1022 signiﬁcationibus
2386 938 2714 1022 fuit,_ut'non
2739 938 2907 1022 minus
2937 938 3124 1022 adepti
3139 941 3264 1022 sint,
3288 959 3368 1011 qm

138 1007 183 1061 in
205 1011 321 1062 illud
338 1007 605 1081 credidere
632 1007 966 1081 promissum.
991 1027 1143 1081 quam
1161 1012 1245 1081 qui
1266 1007 1534 1081 suscepere
1553 1008 1820 1060 donatum.
1839 1007 2058 1081 Brevius
2080 1007 2325 1081 eamdem
2348 1007 2661 1081 complexus
2681 1015 2765 1081 est
2779 1007 3148 1081 doctrinamS.
3175 1007 3366 1081 Thom.

143 1077 242 1142 l-Q,
267 1089 444 1146 quaest.
478 1080 568 1144 98,
605 1076 710 1134 art.
741 1079 778 1130 ‘2
819 1079 884 1131 ad
912 1079 945 1130 4
977 1076 1280 1146 :'Quam'vis,
1320 1076 1425 1145 ait,
1458 1079 1540 1131 lea:
1560 1087 1695 1129 vetus
1726 1093 1829 1129 non
1858 1078 2106 1144 sufﬁceret
2134 1076 2203 1128 ad
2229 1077 2535 1146 saluandam
2563 1077 2814 1146 homines,
2840 1087 3005 1129 tamen
3025 1077 3205 1130 aderat
3225 1079 3371 1130 aliud

139 1145 355 1202 auxilium
380 1166 410 1202 a
432 1149 543 1203 Deo
565 1147 866 1202 hominibus
892 1150 1042 1201 simul
1067 1165 1180 1200 cum
1201 1148 1326 1217 lege,
1359 1165 1448 1216 per
1475 1164 1571 1217 quo
1590 1146 1782 1217 salvari
1812 1154 2071 1217 poterant,
2098 1145 2291 1217 scilicet
2309 1146 2438 1215 ﬁdes
2463 1145 2788 1217 Media'toris,
2811 1163 2902 1217 per
2922 1162 3074 1217 quam
3096 1147 3374 1216 justiﬁcati

141 1228 238 1269 sunt
277 1221 462 1288 antiqui
492 1228 796 1298 patres.....
832 1227 879 1270 et
904 1218 974 1270 sic
1015 1217 1155 1271 Deus
1183 1213 1286 1271 non
1316 1213 1586 1284 deﬁciebat
1632 1213 1945 1279 hominibus,
1976 1216 2092 1282 quin
2137 1214 2283 1294 daret
2309 1213 2383 1267 eis
2404 1215 2586 1267 salutis
2607 1215 2825 1294 auagilia.
2853 1213 2961 1268 Sed
2986 1215 3119 1338 (gold
3137 1213 3272 1296 Opus
3295 1227 3376 1269 est

141 1286 325 1338 multis?
353 1286 602 1338 Omnium
634 1289 753 1338 hmo
783 1294 868 1338 est
894 1286 985 1338 SS.
1015 1285 1231 1338 Patrum
1255 1301 1322 1338 ex
1342 1282 1492 1338 Pauli
1522 1282 2034 1338 Evangeliorumone
2063 1282 2295 1337 fontibus
2323 1284 2510 1338 hausta
2538 1283 2800 1338 doctrina.
2823 1298 2852 1336 a
2871 1299 2974 1338 uua
3041 1324 3052 1335 .
3081 1283 3369 1338 Maximum

141 1286 325 1340 multis?
353 1282 602 1341 Omnium
634 1289 753 1342 hmo
783 1294 868 1340 est
894 1286 985 1340 SS.
1015 1285 1231 1340 Patrum
1255 1301 1322 1340 ex
1342 1282 1492 1338 Pauli
1522 1282 2034 1352 Evangeliorumqne
2063 1282 2295 1337 fontibus
2323 1284 2510 1338 hausta
2538 1283 2800 1349 doctrina,
2823 1298 2852 1336 a
2871 1299 2974 1351 qua
2997 1282 3052 1338 S.
3081 1283 3369 1338 Maximum

141 1353 365 1412 defecisse
392 1373 556 1413 nemo
576 1358 684 1412 erit
711 1355 1138 1411 orthodoxorum
1168 1356 1258 1426 qui
1281 1354 1485 1410 credat.

1491 1457 1839 1518 HOMILIA
1886 1457 1992 1517 IV.

1240 1558 1425 1628 Incipit
1447 1559 1638 1610 dictum
1666 1565 1785 1609 ante
1813 1554 2008 1608 Natale
2028 1553 2260 1610 Domini.

1558 1646 1943 1702 ADMONITIO.

204 1747 286 1816 13
311 1746 385 1801 Ex
425 1733 840 1816 antiquissimo
860 1760 920 1800 ac
965 1743 1313 1816 celeberrimo
1334 1740 1664 1816 Sangallensi
1693 1740 1879 1816 codice
1896 1739 2236 1816 litabillonius
2262 1740 2546 1816 duodecim
2555 1741 2627 1816 _S.
2661 1742 2875 1798 Maximi
2905 1745 3152 1801 homilias
3175 1747 3368 1802 decer-

140 1808 411 1885 psii'quas
439 1818 492 1871 in
522 1808 683 1871 suum
720 1814 970 1869 Musarum
1019 1813 1261 1885 Italicum
1281 1808 1592 1885 transtulit,
1617 1809 1756 1885 ut_in
1779 1808 2224 1885 prmfationejam
2245 1811 2507 1885 diximus.
2528 1811 2671 1877 Haec,
2695 1829 2814 1882 qua:
2835 1824 2921 1885 est
2943 1825 3133 1882 quarta
3156 1816 3207 1870 in
3231 1820 3370 1873 serie

142 1876 544 1940 null-iusalterius
573 1903 706 1940 mss.
733 1884 1061 1938 monumenti
1091 1882 1407 1936 auctoritate
1436 1885 1637 1933 asserta
1671 1876 1902 1950 Maximo
1924 1876 2037 1950 fuit.
2071 1876 2221 1950 Nunc
2243 1880 2471 1950 primum
2495 1876 2664 1950 ipsam
2692 1876 3006 1938 auctoritate
3034 1885 3232 1940 codicis
3252 1902 3365 1940 ma-

141 1954 247 2020 joris
283 1956 510 2010 ecclesiae
541 1955 894 2009 Taurinensis
921 1953 1323 2020 confirmamus;
1356 1951 1407 2003 in
1429 1964 1536 2020 quo
1557 1956 1638 2020 est
1669 1948 1754 2020 illa
1778 1962 1922 2020 num.
1955 1947 1990 2020 ξ)
2015 1963 2133 2020 cum
2179 1949 2342 2020 titulo
2365 1966 2384 2020 :_
2406 1947 2538 2003 [teni
2564 1960 2614 2003 et
2640 1952 2702 2004 de
2730 1953 2820 2005 illo
2848 1968 2865 2005 :
2896 1953 3109 2007 Iromilia
3129 1971 3204 2016 ιιι,
3235 1964 3284 2009 et
3314 1958 3366 2010 in

142 2016 298 2091 rigidis
326 2026 515 2078 natalis
549 2024 800 2094 Domini.
819 2023 1172 2094 Alluditvero»
1190 2019 1256 2094 ad
1282 2016 1535 2094 tituiuml
1563 2016 1794 2094 homilicc
1815 2016 2116 2085 incipientis
2149 2036 2162 2070 :
2213 2016 2417 2072 Laetitia
2441 2028 2636 2086 quanta
2662 2028 2758 2086 est,
2786 2030 3102 2094 quantusque
3147 2041 3369 2078 concur-

141 2086 226 2152 διά,
253 2101 370 2158 etc.,
401 2095 492 2163 qui
519 2109 655 2148 sane
683 2086 872 2145 titulus
900 2101 981 2145 est
1011 2093 1137 2144 item
1161 2090 1284 2143 huic
1307 2088 1536 2142 homilite
1563 2086 1871 2154 inscriptus.

141 2200 979 2275 Mevianum—Renovationem
997 2201 1274 2275 quamdam
1305 2199 1439 2253 brevi
1466 2199 1693 2275 futuram
1722 2203 1765 2258 Α
1797 2197 2171 2254 sollicitudinis
2199 2200 2292 2256 Det
2318 2217 2454 2271 opus
2495 2202 2610 2258 sine
2639 2204 2847 2259 macula
2887 2205 3181 2269 custodire,
3207 2221 3369 2275 quam

194 2272 366 2324 mundo
384 2272 508 2340 ipsa
539 2274 740 2325 dierum
763 2272 895 2324 ratio
924 2269 1194 2323 annuntiat
1223 2286 1240 2322 :
1271 2279 1319 2322 et
1344 2269 1532 2348 qute'in
1556 2279 1690 2348 terra

196 2342 433 2416 meliorem
484 2351 774 2416 aspectum,
790 2410 815 2416 η
824 2344 1139 2416 formamque
1167 2356 1351 2416 rerum.
1365 2342 1688 2416 promittunt,

194 2409 378 2477 signum
403 2420 524 2463 sunt
549 2406 844 2476 spiritualis
876 2406 1238 2477 repara'tionis,
1283 2406 1526 2477 adquam
1554 2406 1689 2459 obti-

194 2478 395 2532 nendam
427 2480 608 2532 ﬁdeles
640 2487 745 2531 toto
766 2480 937 2532 animo
958 2478 1262 2532 contendere
1291 2478 1490 2529 debent.

197 2652 398 2708 Etiamsi
429 2668 531 2723 ego
562 2649 797 2720 taceam,
821 2653 1029 2719 fratres,
1064 2659 1275 2721 tempus
1305 2666 1408 2706 nos
1440 2648 1691 2705 admonet

139 2743 260 2811 quod
301 2744 507 2798 Domini
547 2741 750 2798 Christi
797 2744 987 2797 natalis
1036 2743 1087 2795 in
1129 2743 1376 2811 proximo
1423 2751 1524 2795 est.
1556 2741 1688 2794 Nam

137 2834 540 2902 medicationem
589 2849 768 2889 meam
803 2832 906 2906 14
932 2832 1188 2902 prznvenit
1223 2831 1428 2886 dierum
1449 2839 1689 2884 extrema

139 2923 398 2978 conclusio.
429 2924 566 2994 Ipsis
597 2925 740 2978 enim
769 2924 1026 2992 angustiis
1052 2923 1163 2977 suis
1202 2922 1431 2976 mundus
1458 2921 1693 2991 loquitur

140 3009 386 3068 imminere
413 3013 638 3084 aliquid,
663 3014 848 3084 quoin
871 3013 1062 3067 melius
1094 3020 1390 3080 reparetur,
1423 3019 1476 3066 et
1507 3024 1692 3079 exspe-

139 3102 343 3158 ctatione
372 3103 565 3158 festina
612 3103 900 3167 desiderat,
933 3110 992 3156 ut
1021 3102 1273 3156 tenebras
1300 3115 1425 3154 suas
1446 3099 1686 3169 splendi-

139 3188 278 3244 dioris
300 3194 422 3247 solis
442 3192 650 3248 candor
671 3193 951 3247 illuminet.
983 3192 1116 3246 Dum
1137 3191 1283 3245 enim
1306 3204 1516 3244 cursum
1533 3204 1687 3247 suum

140 3279 368 3336 brevitate
395 3283 655 3336 horarum
697 3281 947 3336 concludi
975 3282 1187 3345 meruit,
1220 3295 1314 3349 spe
1337 3279 1566 3348 quadam
1594 3294 1689 3332 an-

139 3383 245 3424 num
265 3385 409 3424 suum
441 3372 646 3425 indicat
691 3370 986 3425 reformari.
1033 3370 1157 3425 llaec
1178 3370 1338 3438 igitur
1359 3370 1688 3438 exspectatio

138 3466 384 3524 creaturae,
417 3462 582 3515 etiam
605 3476 703 3515 nos
725 3468 1045 3528 exspectare
1073 3459 1382 3529 persuadet,
1413 3467 1470 3512 ut
1497 3473 1715 3528 pecca-.

1793 2304 1956 2358 opera
1987 2291 2258 2345 hominum
2291 2292 2570 2361 impolluta
2594 2309 2824 2349 servare.
2857 2295 3181 2350 Mundanum
3226 2298 3368 2353 enim

1791 2383 2196 2449 vestimentum,
2231 2384 2289 2438 si
2331 2384 2611 2439 sordidum
2657 2386 2834 2450 fuerit,
2868 2395 3048 2456 potest
3077 2387 3208 2444 illud
3237 2387 3367 2450 fullo

1791 2471 2073 2526 conductis
2114 2473 2322 2539 eluere;
2374 2475 2565 2528 animm
2592 2484 2769 2529 autem
2797 2476 3190 2543 vestimentum,
3220 2478 3265 2532 si
3286 2493 3368 2544 θεν

1792 2561 1898 2614 mel
1945 2562 2278 2631 inquinatum
2329 2562 2508 2629 fuerit,
2555 2565 2653 2619 nisi
2684 2568 2782 2636 ιδ
2810 2566 3042 2636 propriis
3065 2575 3119 2620 et
3141 2567 3368 2622 assidui:

1791 2654 2042 2722 operibus
2062 2655 2152 2709 vix
2182 2656 2407 2710 lavatur.
2435 2657 2576 2710 Nihil
2597 2658 2646 2712 ei
2669 2657 2892 2727 prodest
2917 2675 3108 2714 manus
3129 2659 3366 2719 artificis.

1793 2745 1924 2798 nihil
1977 2744 2193 2802 fullonis
2241 2749 2523 2817 operatio:
2568 2749 2915 2803 conscientia:
2965 2751 3108 2804 enim
3129 2749 3367 2806 membra

1789 2836 1993 2904 polluta
2020 2852 2157 2907 aqua
2201 2839 2421 2893 abluere
2445 2846 2644 2908 potest,
2673 2855 2781 2893 non
2806 2848 2985 2909 potest
3012 2848 3191 2894 tamen
3215 2855 3356 2893 mun

1790 2924 1941 2979 dare.
1971 2924 2099 2981 Hmc
2123 2925 2248 2981 sunt
2269 2929 2458 2982 animae
2492 2930 2808 2986 vestimenta
2836 2931 3071 2999 pretiosa
3099 2945 3218 2999 quin
3239 2930 3364 2984 Man

1784 3027 1884 3067 cus
1929 3017 2254 3083 evangelista
2299 3017 2450 3087 (Cap.
2483 3018 2560 3087 ιι)
2586 3020 2637 3072 in
2663 3018 2942 3073 Salvatore
2970 3021 3260 3084 collaudat,
3285 3021 3367 3074 di-

1789 3119 1918 3159 (ens
1947 3123 1958 3157 :
1988 3103 2056 3158 Et
2085 3108 2382 3160 vestimenta
2401 3109 2510 3177 ejus
2541 3111 2679 3179 facta
2706 3118 2824 3161 sunt
2853 3110 3122 3179 fulgentia,
3146 3111 3368 3183 candida

1785 3195 1943 3247 nimis
1991 3195 2125 3247 velut
2150 3198 2259 3258 uix,
2311 3198 2486 3267 qualia
2516 3197 2643 3266 {ulla
2688 3215 2838 3268 super
2862 3209 3052 3252 terram
3080 3216 3184 3253 non
3204 3211 3368 3271 potest

1790 3285 1976 3353 facere.
2003 3283 2278 3339 Laudatur
2300 3285 2458 3353 igitur
2477 3285 2675 3341 Christi
2699 3289 3101 3355 vestimentum,
3135 3292 3259 3360 quia
3282 3293 3365 3346 ni-

1789 3375 1955 3440 tebat,
1991 3390 2098 3428 non
2130 3384 2362 3440 textura,
2389 3378 2487 3432 sed
2531 3379 2701 3446 gratia
2733 3397 2744 3431 :
2779 3379 3031 3435 laudatur
3086 3382 3366 3438 indumen-

1789 3469 1922 3526 tum,
1974 3481 2083 3519 non
2121 3467 2275 3535 quod
2315 3470 2602 3522 staminum
2643 3471 2939 3526 subtilitate
2961 3473 3240 3527 densatum
3264 3485 3363 3540 est,

138 3555 288 3602 tonnn
325 3560 630 3606 nostrorum
679 3553 929 3606 tenebras
973 3567 1141 3605 novus
1167 3551 1250 3604 sol
1269 3549 1516 3604 Christus
1537 3557 1685 3603 ortus
1721 3559 1760 3615 Β
1790 3551 1885 3605 sed
1929 3553 2073 3622 quod
2115 3556 2360 3624 corporis
2405 3557 2707 3624 integritate
2729 3569 3048 3628 conceptum
3077 3581 3088 3613 :
3117 3562 3366 3618 laudatur

135 3636 387 3706 illuminet,
437 3651 495 3696 et
537 3643 749 3709 longam
794 3641 849 3694 in
889 3641 1043 3694 nobis
1065 3641 1345 3708 caliginem
1368 3639 1685 3696 delictorum

134 3728 322 3796 iustitia:
342 3735 420 3788 sol
446 3735 742 3789 nativitatis
778 3735 876 3805 15
899 3749 1008 3787 sua:
1032 3734 1216 3812 vigore
1261 3732 1515 3787 discutiat
1543 3751 1555 3785 :
1591 3749 1689 3788 nec

135 3824 342 3887 patiatur
366 3840 584 3880 cursum
624 3828 747 3880 vitae
794 3835 989 3881 nostra:
1011 3825 1244 3879 tenebris
1265 3825 1388 3880 vita:
1418 3824 1684 3888 concludi,

134 3911 214 3963 sed
254 3913 456 3968 virtutis
503 3930 615 3969 suat
657 3917 826 3982 gratia
857 3914 1090 3968 dilatari.
1114 3914 1277 3982 igitur
1304 3916 1427 3984 quia
1453 3915 1684 3968 natalem

136 3995 317 4054 Domini
361 4004 531 4057 etiam
589 4005 787 4059 mundo
817 4005 1085 4058 indicante
1105 4006 1498 4071 cognoscimus,
1524 4004 1686 4057 facia-

135 4102 300 4144 muset
321 4109 434 4158 nos,
467 4094 617 4163 quod
647 4094 877 4148 mundus
900 4093 1076 4148 facere
1099 4093 1379 4148 consuevit
1405 4112 1416 4145 :
1448 4095 1550 4146 hoc
1579 4101 1680 4157 est,

134 4176 320 4233 sicutin
340 4181 426 4235 illa
454 4182 545 4236 die
575 4183 805 4238 mundus
829 4185 1000 4254 spatia
1022 4198 1132 4237 sua:
1170 4183 1303 4238 lucis
1324 4183 1581 4246 extendit,
1611 4184 1682 4249 ita

134 4274 180 4317 et
221 4279 442 4325 nostram
481 4273 748 4340 justitiam
777 4273 1164 4341 protendamus
1195 4290 1208 4325 :
1243 4283 1297 4327 et
1324 4274 1462 4327 sicut
1485 4273 1590 4326 diei
1622 4273 1684 4327 il-

136 4352 216 4408 lius
234 4358 440 4415 claritas
462 4363 791 4430 pauperibus
811 4370 866 4417 et
885 4361 1138 4416 divitibus
1161 4363 1459 4418 communis
1481 4372 1580 4429 est,
1607 4365 1678 4418 ita

134 4454 178 4497 et
215 4458 381 4504 nostra
436 4452 733 4507 liberalitas
780 4455 1078 4523 peregrinis
1125 4462 1181 4509 et
1223 4456 1584 4523 indigentibus
1613 4458 1681 4511 sit

133 4542 399 4595 communis
434 4559 448 4594 :
495 4549 552 4596 et
596 4543 737 4597 sicut
785 4551 914 4598 tunc
936 4545 1163 4600 mundus
1203 4546 1437 4600 noctium
1461 4563 1677 4601 suarum

133 4626 296 4681 recidit
318 4632 622 4698 caliginem,
650 4634 721 4684 ita
750 4640 804 4686 et
825 4649 923 4686 nos
951 4634 1186 4686 avaritiae
1209 4643 1402 4688 nostra:
1433 4638 1678 4691 tenebras

133 4725 468 4784 amputemus;
503 4729 668 4789 atque
696 4721 764 4774 ad
789 4723 957 4775 instar
983 4723 1192 4777 hiberni
1215 4726 1489 4794 temporis,
1541 4728 1676 4781 sicut

131 4802 172 4854 in
192 4808 448 4874 segetibus
474 4811 604 4866 solis
632 4825 828 4879 vapore
850 4812 1090 4866 resoluto
1110 4813 1233 4880 gelu
1259 4815 1564 4868 nutriuntur
1588 4832 1675 4870 sc-

1791 3643 2187 3708 vestimentum,
2213 3662 2323 3699 non
2346 3647 2490 3715 quod
2515 3649 2797 3702 niulierum
2821 3665 3011 3706 manus
3039 3655 3226 3719 texuit,
3271 3655 3361 3710 sed

1785 3733 1932 3801 quod
1963 3734 2141 3789 Maria:
2168 3734 2448 3804 virginitas
2476 3742 2801 3807 procreavit.
2830 3741 2897 3796 Et
2919 3743 3042 3798 ideo
3067 3744 3119 3798 in
3149 3760 3216 3800 eo
3245 3761 3365 3800 ma-

1785 3824 2067 3890 gniﬁcatur
2090 3827 2346 3882 candoris
2392 3831 2584 3898 gratia,
2636 3833 2760 3900 quia
2803 3833 3198 3890 immaculatum
3234 3838 3361 3894 illud

1787 3930 1894 3968 non
1939 3915 2161 3972 artiticis
2214 3933 2342 3972 cura
2384 3921 2725 3988 pnestiterat.
2773 3920 2964 3984 Qualia
2987 3926 3132 3995 fullo,
3166 3927 3357 3996 inquit.

1779 4022 1934 4075 super
1961 4017 2153 4061 terram
2176 4026 2284 4062 non
2306 4020 2468 4077 potest
2490 4014 2678 4082 facere.
2709 4013 2826 4067 Non
2848 4023 3028 4084 potest
3048 4018 3205 4086 plane
3229 4019 3358 4075 fullo

1784 4094 1982 4149 Christi
2010 4096 2186 4152 facere
2207 4101 2619 4163 vestimentum;
2642 4101 2771 4156 fullo
2796 4104 2942 4156 enim
2966 4115 3230 4174 prtestare
3255 4125 3356 4178 po-

1785 4193 1892 4239 test
1920 4187 2170 4253 nitorcm,
2196 4189 2535 4255 munditiam,
2555 4192 2862 4260 puritatem,
2887 4204 3143 4266 praestare
3177 4204 3357 4253 tamen

1783 4289 1890 4328 non
1913 4284 2095 4346 potest
2139 4279 2519 4347 virginitatem,
2560 4281 2841 4349 justitiam,
2875 4285 3195 4341 bonitatem.
3230 4288 3360 4344 lliud

1783 4367 1926 4422 enim
1949 4369 2003 4422 in
2032 4377 2147 4425 arte
2175 4380 2260 4426 est
2287 4373 2483 4442 operis,
2511 4373 2652 4427 istud
2679 4375 2732 4428 in
2757 4384 2946 4429 natura
2969 4378 3199 4433 virtutis.
3240 4379 3366 4434 llarc

1781 4459 1924 4512 enim
1949 4460 2000 4512 in
2031 4459 2245 4515 Christo
2286 4462 2511 4517 Domino
2539 4463 2595 4516 S.
2628 4463 2965 4532 Evangelista
2993 4468 3252 4522 virtutum
3278 4472 3350 4523 in-

1782 4551 2037 4609 dumenta
2074 4553 2378 4620 collaudat,
2431 4571 2551 4625 qua:
2597 4563 2653 4628 et
2678 4556 2870 4610 beatus
2903 4557 3068 4612 David
3092 4560 3206 4630 pari
3235 4577 3350 4616 sen-

1783 4643 1946 4695 tentia
1969 4643 2281 4711 prmdicavit
2302 4645 2489 4699 dicens
2514 4664 2525 4698 :
2558 4645 2798 4716 Myrrha,
2822 4658 2870 4702 et
2894 4659 3056 4719 gutta,
3085 4661 3138 4704 et
3165 4654 3307 4707 casia
3328 4674 3360 4710 a

1778 4735 2095 4787 vestimentis
2137 4736 2238 4788 tuis
2273 4737 2516 4804 pretiosis
2547 4736 2715 4807 (Psal.
2746 4740 2911 4808 XLIV).
2961 4739 3056 4794 His
3077 4742 3219 4794 enim
3244 4759 3352 4797 aro-

1777 4831 1978 4875 matum
2031 4823 2288 4877 odoribus
2311 4834 2615 4878 sanctarum
2657 4825 3024 4892 signiﬁcantur
3045 4827 3356 4884 indumenta

130 4896 265 4959 mina,
289 4898 360 4952 ita
382 4908 446 4953 θι-
465 4901 518 4952 in
552 4901 861 4968 pectoribus
883 4903 1081 4956 nostris
1102 4903 1337 4958 resoluta
1367 4904 1562 4959 duritie
1586 4905 1672 4979 juo

1784 4915 2051 4968 virtutum.
2081 4914 2242 4982 Ergo,
2269 4915 2479 4981 fratres,
2519 4918 2614 4986 l7
2645 4917 2880 4972 natalem
2915 4918 3125 4976 Domini
3174 4937 3351 4977 susce-

126 4984 258 5039 stitia:
284 5002 468 5042 semen
494 4989 820 5058 tepefactum
861 4991 1157 5047 Salvatoris
1207 4994 1359 5048 radio
1380 4997 1667 5050 coalescat.

127 5074 263 5143 Ergo,
287 5079 495 5142 fratres,
524 5082 762 5136 natalem
782 5082 997 5137 Domini
1023 5087 1324 5154 suscepturi
1348 5101 1672 5142 exornemus

124 5177 204 5218 nos
223 5170 360 5235 puris
388 5178 444 5224 et
465 5171 652 5225 nitidis
675 5171 1019 5228 indumentis.
1055 5174 1256 5228 Anima:
1279 5183 1458 5229 autem
1481 5177 1671 5245 loquor

126 5254 424 5324 indumenta,
452 5278 559 5316 non
581 5264 776 5316 carnis.
799 5263 989 5318 Carnis
1008 5266 1152 5319 enim
1175 5265 1548 5320 indumentum
1590 5269 1668 5321 vi—

126 5343 174 5397 lis
198 5349 410 5403 amictus
436 5367 468 5405 e
485 5361 553 5414 at;
604 5354 795 5406 anima:
821 5357 1196 5410 vestimentum
1218 5372 1412 5426 corpus
1436 5366 1516 5411 est
1547 5373 1665 5426 pre-

125 5435 306 5492 tiosum.
361 5442 494 5496 Illud
537 5443 782 5499 humanis
805 5447 1048 5501 manibus
1069 5447 1349 5502 densatum
1376 5459 1488 5514 est;
1522 5451 1661 5503 istud

125 5525 198 5579 Dei
223 5533 459 5588 manibus
487 5536 790 5589 institutum
832 5545 914 5591 est
946 5556 958 5590 :
986 5546 1146 5610 atque
1170 5541 1290 5595 ideo
1315 5540 1534 5609 majoris
1579 5552 1660 5596 cst

1779 5006 1918 5073 pturi
1935 5005 2000 5057 ab
2012 5005 2159 5059 omni
2186 5007 2573 5060 conscientiam
2596 5016 2835 5062 nostram
2864 5009 2990 5063 ﬁuce
3010 5011 3350 5068 mundemus.

1779 5095 2105 5150 Accuremus
2153 5110 2252 5171 nos
2298 5112 2404 5149 non
2456 5096 2643 5150 sericis
2697 5099 2955 5164 vestibus.
2978 5102 3072 5154 sed
3102 5104 3353 5171 operibus

1776 5184 2046 5252 pretiosis.
2099 5168 2426 5239 Vestimenta
2471 5187 2616 5239 enim
2665 5187 2831 5242 nitida
2873 5191 3111 5244 membra
3139 5168 3352 5262 operire

1777 5283 2021 5342 possunt,
2072 5275 2460 5329 conscientiam
2498 5276 2759 5331 mundare
2811 5293 2918 5331 non
2964 5290 3225 5347 possunt:
3254 5284 3356 5339 nisi

1773 5365 1916 5434 quod
1942 5365 2158 5433 majoris
2198 5373 2281 5420 est
2301 5362 2638 5420 verecundia:
2667 5367 2898 5422 nitidum
2924 5372 3181 5429 membris
3203 5373 3341 5430 ince-

1772 5455 1920 5517 dere,
1946 5462 2001 5508 et
2025 5456 2284 5524 pollutum
2315 5456 2871 5525 sensibuslambulare.
2908 5458 3182 5518 lnterioris
3205 5474 3230 5500 ι
3253 5462 3351 5531 ig'i-

1770 5554 1856 5598 tur
1896 5545 2044 5613 prius
2091 5546 2323 5600 hominis
2365 5562 2619 5603 ornemus
2665 5547 2936 5613 allectum,
2978 5560 3038 5606 ut
3066 5554 3345 5608 exteriorie

179 5693 198 5720 ³
233 5686 485 5742 Callandii
516 5690 685 5744 editio
708 5693 1063 5765 emendanda,
1098 5700 1146 5751 in
1178 5715 1278 5769 qua
1302 5701 1537 5754 interiori
1562 5699 1786 5755 habetur
1815 5717 1910 5765 pro
1932 5706 2209 5758 interioris.

379 5783 647 5841 Part-.01..
707 5784 890 5844 LVII.
