3924 6232
496 316 597 371 εδδ
1723 318 1779 373 S.
1822 315 2066 373 MAXIM
2104 310 2554 371 TAURINENSIS
3661 310 3766 367 238

493 440 708 497 quoque
738 431 976 488 hominis
996 431 1067 488 sit
1088 432 1320 488 amictus
1347 438 1592 487 ornatus.
1622 429 1941 500 Spirituales
1974 429 2078 499 18
2107 440 2157 499 Α
2179 424 2531 484 conscientia:
2573 427 2809 477 maculas
2841 423 3156 480 ahluamus:
3186 420 3449 494 scriptum
3472 432 3558 477 cst
3584 422 3758 476 enim:

495 522 739 578 maculas
779 522 1080 589 abluamus,
1129 530 1189 577 ut
1220 522 1454 577 carnalia
1486 521 1540 574 in
1562 520 1717 575 nobis
1738 519 1975 590 fulgeant
1996 532 2084 572 ve-
2184 516 2321 570 Date
2362 516 2760 583 elemosynam,
2819 515 3066 568 etomnia
3090 514 3283 568 munda
3311 515 3418 567 sint
3446 513 3587 567 vobis
3617 509 3744 581 (Luc

498 613 777 669 alimenta.
826 612 967 668 Nihil
1012 621 1193 667 autem
1250 611 1471 681 prodest
1524 609 1727 679 fulgere
1750 609 1987 664 vestibus
2025 616 2083 662 et
2186 624 2257 673 ιι,
2284 605 2398 676 41).
2449 605 2657 660 Βοηυω
2699 605 3059 676 eleemosynte
3096 604 3434 669 mandatum,
3480 618 3581 673 per
3625 602 3764 673 quod

497 703 724 761 sordere
744 703 975 774 ﬂagitiis.
1008 703 1107 759 Ubi
1130 705 1273 759 enim
1296 703 1625 758 conscientia
1653 702 1940 757 tenebrosa
1975 708 2080 766 est,
2185 699 2435 755 omnibus
2461 710 2768 768 operemur,
2794 700 2851 751 ut
2869 696 3036 753 “corde
3063 694 3405 750 mundemnr.
3440 692 3693 762 Explicit.

499 801 673 851 totum
699 809 895 866 corpus
914 796 1260 851 obscuratum
1311 802 1413 849 est.
1444 793 1717 848 Habemus
1738 802 1945 858 autem,
1974 807 2084 863 quo

1896 901 2241 963 HOMILIA
2289 899 2370 962 ν.

1974 1026 2054 1079 De
2090 1025 2289 1079 eodem.

1950 1137 2351 1195 ADMONITIO.

563 1226 874 1302 Egeodent
895 1227 1227 1302 Sangallensi
1255 1220 1444 1302 codice
1462 1229 1609 1302 hanc
1639 1227 1770 1302 item
1800 1226 2606 1302 ho.ni'lia_m,__que_madmodum
2652 1230 2986 1302 superiorem
3025 1226 3278 1302 exscrihi,
3322 1223 3521 1302 ediqne
3558 1223 3766 1302 curavit

496 1296 845 1368 ﬂabillpnius
860 1297 915 1351 in
943 1292 1118 1368 primo
1146 1297 1335 1355 Musaei
1367 1297 1541 1352 Italici
1568 1296 1861 1368 volumine.
1894 1295 1937 1350 Α
1958 1292 2292 1368 _Mabill_on_io
2315 1300 2525 1368 accepit
2566 1292 2898 1365 Gallahdius,
2933 1299 3317 1367 transtulitque
3341 1292 3761 1368 Ain—tomumulx

495 1364 766 1436 BiblaPP.
800 1363 994 1421 Venet.
1033 1365 1168 1436 edit.
1206 1382 1295 1422 an.
1326 1368 1483 1427 1775.
1515 1367 1674 1421 titulo
1708 1365 1903 1436 Incipit
1932 1365 1994 1436 de
2019 1366 2187 1419 natali
2211 1366 2424 1422 Domini
2449 1363 2763 1435 Saluatoris,
2795 1363 3028 1432 rete-nte,
3051 1383 3211 1435 quem
3229 1363 3447 1420 titulum
3477 1381 3546 1419 ex
3578 1363 3764 1436 codice

494 1436 610 1516 ipso
632 1433 983 1518 Sangallensi‘
1006 1434 1349 1518 Mabillpniu's‘
1373 1436 1514 1518 idem
1544 1433 1995 1518 expresserat..ld
2041 1436 2435 1518 vero_h_omi_li:e
2456 1452 2625 1518 genus
2660 1433 2899 1518 maximo
2942 1433 3137 1518 ascribi
3178 1447 3435 1518 oportere
3478 1435 3761 1515 confirmat

491 1504 755 1577 majorem
782 1505 836 1559 in
859 1504 1082 1577 modum
1110 1506 1282 1577 codex
1307 1504 1673 1577 Taurinensis,
1704 1506 1755 1559 in
1777 1520 1887 1573 quo
1908 1504 2024 1577 haec
2042 1505 2326 1577 est‘eidetn
2350 1504 2583 1561 homilite
2604 1508 2820 1577 praeﬁxa
2846 1507 3143 1576 inscriptio.
3172 1504 3303 1559 Item
3324 1514 3374 1558 et
3401 1504 3465 1558 de
3493 1504 3763 1577 nativitate

490 1572 715 1654 Dor-nini.
740 1573 961 1654 humilia
990 1574 1077 1654 5_5.
1104 1574 1240 1654 Quid
1268 1577 1313 1631 si
1340 1575 1510 1654 stylus
1540 1583 1596 1630 ct
1622 1572 2003 1654 interpretatio
2042 1573 2147 1626 loci
2170 1574 2341 1654 lsai:e_,
2364 1590 2527 1654 quem
2567 1572 2757 1654 auctor
2789 1577 2964 1654 adert,
2990 1572 3124 1654 satis
3149 1578 3384 1638 evincat,
3423 1583 3622 1654 sahncto
3663 1572 3760 1641 ipsi

490 1643 718 1713 antistiti
741 1644 989 1699 eamdem
1017 1644 1296 1700 homiliam
1326 1642 1604 1713 acceptam
1631 1642 1827 1713 referri
1850 1650 2126 1713 oportere,
2151 1659 2274 1697 cum
2318 1642 2620 1701 istiusmodi
2644 1648 2783 1701 ratio
2813 1647 3448 1703 adducendorumsacrte
3471 1642 3762 1713 Scriptum:

488 1711 733 1786 locorum
764 1714 815 1767 ei
836 1714 1066 1786 antistiti
1088 1713 1247 1786 fuerit
1268 1710 1573 1786 peculiaris,
1603 1727 1724 1783 qua:
1743 1710 1961 1781 quidem
1990 1712 2110 1767 loca
2127 1714 2226 1768 -vcl
2266 1714 2459 1769 Latina
2488 1715 2603 1786 ipse
2630 1716 2865 1772 faciebat
2890 1716 2960 1771 de
2979 1714 3201 1782 Graecis,
3232 1714 3324 1770 vel
3359 1712 3669 1783 excipiebat
3692 1726 3759 1765 ex

489 1781 681 1836 Latina
709 1783 961 1837 versione
987 1783 1238 1854 quapiam
1266 1781 1514 1839 ratione?

492 1916 890 1971 Assenserunt.
912 1946 984 1985 τ-
1003 1912 1195 1971 Chritti
1221 1916 1463 1985 nativitas
1492 1914 1602 1969 Deo
1632 1913 1787 1985 digna
1813 1913 1871 1985 in
1904 1911 2073 1985 o-mni-
2101 1912 2148 1973 Β
2176 1910 2319 1976 bole,
2350 1928 2472 1984 quae
2501 1921 2586 1969 est
2624 1913 2811 1982 ignara
2838 1913 2907 1969 de
2933 1912 3196 1981 conjuge;
3227 1919 3389 1980 atque
3412 1908 3674 1964 infantem
3705 1921 3762 1962 se

558 1986 654 2039 ιω
671 1995 783 2039 erat
802 1983 1116 2054 exhibenda.
1130 1985 1288 2054 Virgo
1301 1984 1555 2037 Altiuimi
1569 1979 1752 2038 virtute
1772 1979 2073 2054 obumbrata

560 2055 700 2126 parit
722 2050 1043 2126 incorrupta,
1065 2050 1241 2126 Filius
1261 2055 1493 2107 nascitur
1508 2061 1743 2126 sanctus,
1769 2050 1959 2104 caelites
1980 2064 2074 2119 pa-

556 2121 665 2177 cem
684 2133 733 2177 et
755 2121 974 2177 salutem
993 2121 1281 2178 hominibus
1301 2124 1685 2187 annuntiantes,
1700 2136 1886 2175 novum
1907 2133 2075 2190 quem-

560 2194 683 2247 dam
704 2192 883 2247 mundi
910 2204 1079 2247 ortum
1106 2191 1429 2261 pollicentur.

558 2367 819 2423 Proxima
840 2366 1115 2423 dominica
1136 2367 1481 2424 dilectionem
1514 2374 1758 2423 vestram
1783 2366 2074 2439 admonui-

489 2471 632 2523 mus,
677 2456 892 2523 fratres,
923 2455 994 2510 de
1017 2455 1124 2511 diei
1149 2457 1306 2527 huius
1330 2457 1590 2523 adventu,
1625 2457 1679 2511 in
1706 2471 1814 2526 qua
1840 2455 2075 2510 diximus

488 2558 587 2599 nos
613 2542 853 2599 natalem
881 2544 1093 2599 Domini
1123 2545 1287 2601 hodie
1310 2548 1473 2601 etiam
1496 2546 1700 2602 mundo
1728 2554 1873 2601 teste
1901 2546 2075 2601 susci-

487 2646 635 2701 pere.
662 2630 895 2687 Mundus
921 2633 1065 2687 enim
1109 2634 1478 2690 testimonium
1501 2635 1774 2705 perhibet,
1812 2635 1941 2690 dum
1972 2651 2069 2690 na-

484 2730 674 2779 scente
702 2722 944 2788 Christo,
972 2732 1029 2779 et
1056 2724 1173 2794 ipse
1202 2728 1524 2782 renascitur.
1551 2725 1872 2781 Renmcitur
1901 2726 2071 2792 enim,

488 2827 612 2866 cum
640 2812 711 2866 de
750 2811 1034 2881 profundis
1074 2814 1315 2869 noctium
1356 2815 1594 2870 tenebris
1635 2822 1793 2885 partu
1830 2813 2074 2884 quodam

488 2903 625 2957 lucis
645 2904 872 2956 eruitur.
907 2903 1247 2970 “enascitur,
1275 2904 1513 2975 inquam,
1538 2919 1660 2960 cum
1690 2904 1809 2974 ejus
1834 2900 2076 2957 defectio

489 2997 696 3062 linitur,
721 2996 939 3051 claritas
966 3003 1271 3067 reparatur.
1296 2997 1472 3067 Atque
1492 2996 1614 3052 ideo
1638 2998 1698 3050 in
1722 3003 1847 3052 ortu
1870 2994 2075 3049 Christi

489 3092 708 3155 oportet
738 3086 909 3153 magis
930 3093 1110 3140 ortum
1130 3088 1312 3141 saeculi
1337 3102 1434 3142 nos
1460 3101 1678 3143 vocare.
1710 3086 1772 3141 In
1799 3087 1902 3142 hac
1926 3086 2075 3141 enim

488 3172 579 3230 die
618 3175 689 3230 ad
727 3175 987 3229 salvanda
1027 3175 1210 3231 omnia
1251 3176 1440 3231 oritur.
1472 3174 1655 3231 Oritur
1682 3176 1827 3230 enim
1857 3174 1944 3230 die
1970 3174 2073 3229 hac

489 3266 584 3325 lux
624 3266 859 3333 mundo,
899 3266 1164 3323 defunctis
1204 3267 1560 3333 resurrectio,
1605 3266 1715 3321 vita
1758 3264 2073 3320 mortalibus
2099 3271 2143 3336 α

490 3372 553 3413 ac
574 3364 864 3429 propterea
913 3356 1078 3411 hodie
1118 3373 1225 3414 non
1269 3366 1378 3412 tam
1416 3357 1710 3413 Salvatoris
1747 3356 1944 3412 natalis
1989 3364 2072 3411 est

489 3467 650 3524 quam
684 3451 889 3507 salutis.
925 3448 1173 3505 Nascitur
1198 3465 1327 3521 ergo
1354 3451 1498 3506 salus
1522 3450 1763 3505 omnium
1803 3447 2072 3513 Christus,

495 3540 658 3611 auem
686 3554 871 3610 regem
912 3542 1150 3609 gentium
1185 3543 1464 3612 pr0pheta:
1500 3549 1805 3596 testantur:
1834 3541 2074 3595 nascitur

492 3645 564 3685 ex
599 3630 829 3698 virgine,
870 3630 1008 3685 sicut
1053 3628 1216 3686 Isaias
1245 3630 1400 3703 (Cap.
1432 3630 1525 3704 vu)
1572 3631 1812 3687 declarat
1837 3632 2023 3687 dicens
2055 3649 2071 3687 :

494 3722 629 3780 Ecce
655 3722 871 3797 virgo-in
891 3734 1042 3780 utero
1062 3725 1338 3796 concipiet,
1357 3734 1407 3780 cl
1442 3727 1610 3796 pariet
1634 3724 1821 3796 ﬁlium,
1850 3734 1901 3779 et
1924 3741 2075 3779 voca-

498 3814 625 3868 bnnt
670 3830 855 3869 nomen
903 3813 1013 3884 ejus
1053 3813 1381 3881 Emmanuel,
1421 3815 1556 3885 quod
1582 3824 1660 3869 est
1686 3817 2075 3887 interpretatum

496 3905 770 3959 nobiscum
796 3904 956 3959 Deus.
984 3903 1185 3960 Probat
1212 3919 1340 3973 ergo
1366 3906 1647 3960 veritatem
1683 3906 1894 3962 Domini
1938 3890 2073 3963 ordo

496 3996 775 4051 nascendi.
824 3994 1087 4066 Concepit
1128 3996 1279 4063 virgo
1319 3996 1486 4051 virilis
1535 3996 2012 4065 ignaraconsortii
2058 4016 2075 4053 :

494 4085 751 4157 impletur
781 4089 968 4141 uterus
996 4085 1143 4140 nullo
1190 4086 1385 4142 libatus
1424 4088 1697 4159 amplexu,
1722 4099 1779 4145 et
1817 4089 2073 4160 Spiritum

493 4187 743 4236 sanctum
784 4187 963 4235 castus
985 4186 1179 4234 venter
1206 4180 1440 4249 excepit,
1471 4195 1631 4249 quem
1660 4197 1795 4251 pura
1836 4183 2074 4237 membra

487 4276 800 4331 servarunt,
830 4269 1095 4323 innecens
1111 4282 1309 4339 corpus
1326 4268 1519 4337 gessit.
1543 4264 1731 4326 Videte
1762 4271 2080 4327 miraculum

493 4359 685 4414 matris
707 4360 1010 4415 dominica.
1041 4359 1204 4428 Virgo
1223 4370 1326 4428 est,
1352 4374 1473 4417 cum
1501 4358 1755 4434 concipit,
1777 4366 1926 4435 virgo
1954 4382 2076 4422 cum

494 4453 741 4523 parturit,
775 4453 925 4521 virgo
963 4456 1088 4523 pust
1123 4452 1359 4523 partum.
1396 4452 1645 4510 Gloriosa
1682 4457 1981 4526 virginitas,
2021 4465 2079 4512 et

494 4544 752 4615 praeclara
774 4542 1098 4598 fecunditas!
1124 4541 1307 4599 Virtus
1334 4542 1520 4598 mundi
1548 4544 1803 4609 nascitur,
1826 4556 1882 4600 et
1902 4546 2077 4600 nullus

2174 2002 2423 2066 genuisse
2462 2004 2705 2069 miratur,
2746 2017 2869 2061 cum
2908 2002 3167 2073 Spiritum
3197 2009 3443 2056 sanetum
3482 2013 3543 2053 se
3578 2012 3763 2053 susce-

2174 2092 2317 2162 pisse
2350 2099 2615 2159 testatur;
2660 2108 2781 2158 nec,
2823 2093 2946 2162 quia
2976 2092 3191 2162 peperit
3216 2092 3460 2158 innupta,
3494 2094 3759 2149 terretur,

2173 2186 2298 2256 quia
2322 2186 2629 2241 testimonio
2656 2186 2826 2240 utitur
2852 2182 3176 2253 virginitatis
3195 2190 3251 2238 et
3278 2180 3501 2236 sobolis.
3526 2176 3761 2234 Soboles

2174 2279 2319 2335 enim
2357 2278 2683 2334 dominicum
2717 2275 2936 2331 Patrem
2975 2274 3203 2339 indicat;
3228 2269 3509 2338 virginitas
3536 2276 3761 2336 stupen-

2175 2374 2307 2426 tium
2335 2370 2696 2441 suspicionem
2734 2374 2980 2423 excusat.
3011 2364 3144 2419 inde
3170 2359 3462 2429 virginitati
3507 2357 3765 2412 divinitas

2174 2462 2545 2519 testimonium
2572 2460 2847 2531 perhibet;
2878 2459 3011 2514 hinc
3034 2464 3240 2511 naturae
3268 2458 3559 2509 secretum.
3583 2448 3760 2504 Testio

2174 2558 2437 2622 monium,
2464 2556 2703 2623 inquam,
2726 2551 2976 2621 perhibet
3003 2547 3258 2603 divinitas
3278 2542 3457 2614 partui
3485 2538 3765 2607 virginali.

2176 2647 2249 2703 Ut
2275 2646 2610 2715 concipiatur
2637 2641 2783 2697 enim
2808 2636 3056 2694 Christus
3098 2634 3391 2691 secundum
3428 2627 3763 2699 prmnuntia-

2118 2796 2123 2801 ,
2174 2738 2379 2794 tionem
2401 2732 2678 2803 Evangelii
2702 2731 2934 2802 Spiritus
2954 2728 3127 2786 sancti
3154 2726 3393 2797 repletur
3411 2721 3624 2791 gratia;
3654 2720 3764 2775 vir-

2175 2837 2294 2885 tute
2321 2827 2418 2882 Dei
2444 2825 2629 2880 Patris
2643 2822 3014 2886 obumbratur,
3044 2818 3185 2873 sicut
3212 2815 3283 2870 ad
3308 2812 3530 2868 Mariam
3558 2810 3769 2865 dictum

2175 2928 2294 2975 est:
2325 2917 2559 2988 Spiritus
2577 2923 2788 2969 sanctus
2809 2909 3133 2979 superveniet
3161 2906 3216 2959 in
3247 2914 3314 2971 te,
3342 2910 3392 2957 et
3417 2902 3585 2955 virtus
3604 2897 3768 2951 Altio-

2173 3013 2292 3069 simi
2326 3013 2433 3083 ιθ
2454 3006 2778 3065 obumbrabit
2809 3006 2922 3071 tibi,
2955 3012 3005 3057 et
3040 3002 3157 3057 ideo
3191 2999 3329 3073 quod
3360 3004 3609 3052 nascetur
3628 3008 3695 3047 et:
3720 3002 3769 3047 te

2174 3113 2428 3167 sanctum,
2456 3099 2723 3157 vocabitur
2750 3094 2798 3149 F
2802 3097 2922 3150 ilius
2961 3092 3060 3147 Dei
3094 3090 3244 3163 (Luc.
3278 3089 3339 3159 l).
3374 3085 3442 3143 in
3478 3083 3770 3138 nativitate

2174 3207 2305 3262 ergo
2351 3189 2647 3249 Salvatoris
2693 3185 2963 3256 completa
3010 3188 3095 3238 est
3138 3180 3229 3235 illa
3257 3177 3439 3232 divina
3467 3173 3767 3233 sententia,

2174 3303 2295 3361 qua:
2337 3285 2469 3341 dicit
2499 3301 2511 3337 :
2544 3282 2765 3337 Duobus
2787 3286 2882 3361 aut
2922 3277 3094 3331 tribus
3131 3273 3362 3329 testibus
3402 3267 3573 3324 stabit
3601 3279 3765 3361 omne

2173 3354 2418 3438 verbum.
2448 3375 2593 3433 Ecce
2630 3372 2773 3428 enim
2801 3359 3038 3425 Verbum
3067 3365 3163 3420 Dei
3183 3362 3424 3418 nascitur
3452 3354 3771 3412 testimonio

2175 3470 2473 3528 Trinitatis.
2498 3467 2631 3521 Nam
2660 3464 2846 3533 utique
2875 3462 2931 3516 in
2958 3468 3114 3515 utero
3136 3456 3197 3511 S.
3230 3454 3411 3509 Mariae
3437 3466 3561 3506 cum
3591 3449 3767 3519 Spiri-

2173 3573 2260 3619 tus
2289 3568 2507 3619 sanctus
2548 3555 2883 3627 supervenit,
2925 3566 3047 3608 cum
3095 3546 3387 3605 obumbrat
3433 3541 3765 3601 Altissimus,

2173 3670 2297 3711 cum
2325 3652 2568 3708 Christus
2594 3654 2914 3717 generatur,
2942 3640 3212 3699 confessio
3246 3639 3301 3694 in
3331 3651 3399 3691 eo
3429 3634 3555 3689 fidei
3582 3634 3766 3690 conti-

2175 3752 2355 3800 netur.
2408 3741 2635 3809 Dignum
2667 3738 2809 3792 enim
2840 3741 2959 3790 erat
2987 3739 3048 3788 ut
3083 3731 3257 3785 Mater
3285 3728 3518 3783 salutem
3548 3724 3767 3795 populis

2175 3833 2385 3888 editura
2424 3830 2574 3901 prius
2601 3828 2655 3882 in
2683 3824 2988 3881 visceribus
3004 3822 3116 3878 suis
3162 3815 3515 3876 conﬁrmaret
3560 3823 3769 3886 myste-

2176 3925 2313 3978 rium
2343 3919 2653 3983 Trinitatis;
2684 3926 2740 3972 et
2772 3916 2851 3970 sic
2889 3912 3316 3979 intelligeremus
3344 3913 3474 3962 ante
3509 3904 3769 3960 Salvato-

2178 4012 2252 4066 ris
2281 4018 2461 4065 ortum
2493 4006 2865 4064 conllrmtitum
2895 4017 3016 4057 esse
3045 3999 3170 4055 fidei
3198 4004 3625 4055 sacramentum.
3652 3994 3768 4049 Ma-

2178 4100 2258 4154 ria
2287 4099 2427 4153 cnim
2469 4102 2727 4165 tanquam
2763 4092 2817 4148 in
2859 4090 3099 4147 sacrario
3143 4088 3351 4143 ventris
3396 4086 3479 4140 sui
3526 4084 3771 4155 portavit

2178 4206 2303 4247 cum
2328 4188 2588 4262 mysterio
2616 4185 2989 4252 sacerdotem;
3033 4197 3159 4237 nam
3188 4177 3454 4252 quidquid
3481 4178 3539 4233 in
3565 4179 3771 4234 saeclo

2178 4270 2519 4351 profuturum
2544 4274 2680 4341 erat,
2705 4276 2761 4331 id
2787 4282 2963 4330 tctum
2993 4272 3065 4328 de
3090 4272 3209 4341 eius
3237 4271 3428 4325 ventre
3453 4286 3465 4322 :
3490 4268 3660 4333 Deus,
3684 4285 3770 4324 sa-

2179 4369 2370 4425 cerdos
2396 4375 2454 4424 et
2478 4367 2687 4433 hostia;
2712 4365 2853 4419 Deus
2869 4361 3305 4424 resurrectionis,
3328 4357 3587 4414 sacerdos
3617 4359 3771 4413 obta-

2180 4458 2365 4515 tionis.
2387 4458 2502 4514 Hoc
2521 4464 2704 4512 autem
2728 4462 2903 4510 totum
2927 4452 2981 4508 in
3000 4450 3216 4508 Christo
3238 4450 3606 4519 agnomimus.
3630 4450 3773 4505 Dens

2180 4548 2324 4603 enim
2353 4555 2458 4613 est,
2486 4546 2630 4617 quod
2660 4544 2731 4600 ad
2764 4543 2979 4599 Patrem
3010 4542 3153 4599 redit
3184 4560 3197 4595 :
3228 4540 3493 4613 pontifex,
3531 4540 3683 4611 quod
3711 4555 3770 4596 se

494 4642 575 4690 est
599 4632 832 4702 gemitus
858 4632 1236 4704 parturientis;
1264 4640 1523 4687 vamatur
1551 4641 1754 4700 uterus,
1785 4634 1962 4689 infans
1984 4649 2077 4689 ex—
2108 4638 2162 4697 ι)
2182 4638 2378 4694 obtulit
2402 4656 2415 4691 :
2446 4637 2689 4703 victima,
2720 4634 2866 4706 quod
2894 4649 2994 4705 pro
3021 4633 3177 4689 nobis
3207 4634 3421 4689 occisus
3445 4641 3549 4690 est.
3590 4633 3771 4689 Maria:

494 4726 713 4797 cipitur,
736 4739 837 4779 nec
856 4718 1141 4793 virginitas
1164 4724 1420 4779 violatur.
1448 4724 1671 4793 Dignum
1695 4724 1838 4779 enim
1869 4732 1987 4779 erat
2015 4733 2075 4779 ut

494 4816 607 4874 Deo
645 4824 903 4872 nascente
931 4817 1180 4871 meritum
1209 4825 1480 4871 orescerct
1513 4816 1776 4873 castitatis
1809 4836 1821 4871 :
1854 4830 1955 4873 nec
1982 4834 2080 4888 per

494 4909 612 4977 ejus
645 4907 935 4962 adVentu‘m
964 4906 1263 4962 violaretur
1292 4908 1589 4987 integritas,
1615 4910 1705 4979 qui
1734 4919 1959 4966 venerat
1993 4926 2078 4966 sa-

495 5012 627 5053 nare
654 5004 910 5067 corrupta
947 5013 959 5049 :
992 5010 1093 5051 nec
1116 4996 1218 5066 per
1257 5011 1379 5051 eum
1419 4998 1674 5065 pudicitia
1715 5000 1955 5069 corporis
1984 5000 2075 5053 lm-

495 5089 733 5151 deretur,
758 5102 855 5156 per
875 5102 1041 5157 quem
1066 5084 1300 5139 donatur
1321 5082 1604 5155 virginitas
1622 5085 1955 5157 baptismatis
1983 5088 2082 5141 im-

496 5172 725 5248 pudicis.
764 5168 942 5229 Natus
970 5175 1134 5243 igitur
1172 5189 1309 5245 puer
1344 5171 1569 5245 ponltur
1614 5174 1669 5230 in
1704 5176 1992 5246 prresepio,
2025 5183 2092 5231 et

487 5271 615 5343 llaec
640 5273 764 5325 sunt
789 5269 881 5323 Dei
904 5268 1076 5339 prima
1096 5266 1361 5335 cunabula
1388 5285 1401 5320 :
1427 5282 1527 5322 nec
1556 5274 1812 5336 regnator
1833 5267 1958 5323 cali
1980 5267 2083 5323 has

500 5360 805 5429 indignatur
832 5358 1121 5426 angustias,
1153 5358 1239 5413 cui
1281 5356 1650 5412 habitaculum
1681 5356 1781 5411 fuit
1811 5357 2083 5424 virgineus

500 5459 708 5507 venter.
737 5449 995 5505 Idoneum
1033 5447 1193 5521 plane
1233 5446 1401 5503 Maria
1438 5446 1655 5503 Christo
1691 5446 2073 5508 habitaculum,

502 5558 611 5597 non
633 5554 732 5611 pro
759 5540 943 5594 habitu
964 5539 1229 5607 corporis,
1246 5538 1342 5593 sed
1369 5539 1467 5608 pro
1488 5537 1659 5605 gratia
1688 5535 1956 5605 originali.
1981 5533 2081 5589 Er-

505 5645 573 5699 go
602 5638 895 5686 exonerata
924 5626 1061 5683 felici
1091 5642 1257 5683 onere
1294 5627 1458 5683 Maria
1488 5635 1716 5683 matrem
1745 5641 1804 5681 se
1839 5625 1961 5687 laeta
1988 5639 2080 5680 co-

506 5720 745 5789 gnoscit;
767 5732 886 5787 qum
904 5733 961 5771 se
982 5717 1155 5772 nescit
1173 5732 1396 5773 uxorem
1418 5735 1430 5785 ;
1463 5727 1518 5773 et
1542 5726 1626 5772 est
1647 5717 1880 5785 gloriosa
1900 5717 1967 5771 de
1988 5731 2080 5772 so-

2178 4740 2308 4795 ergo
2355 4726 2463 4797 20
2506 4733 2744 4791 uterum,
2775 4720 2886 4778 non
2933 4732 3141 4779 uterum
3182 4723 3410 4779 dixerim
3453 4723 3649 4789 fuisse,
3677 4724 3770 4780 sed

2181 4815 2467 4886 templum;
2511 4814 2775 4894 templum
2809 4813 2973 4883 plane
3015 4823 3115 4881 est,
3156 4814 3214 4869 in
3238 4828 3348 4883 quo
3388 4813 3605 4869 habitat
3644 4829 3770 4871 san—

2182 4913 2325 4960 ctum
2364 4904 2622 4976 quidquid
2656 4905 2709 4959 in
2750 4904 2888 4960 melo
2933 4913 3016 4959 est
3052 4922 3067 4958 :
3106 4905 3207 4961 nisi
3235 4904 3577 4976 quod'supra
3605 4907 3772 4964 celos

2183 4994 2557 5050 mstimandum
2581 5002 2683 5059 est,
2715 4994 2805 5049 ubi
2835 4994 2987 5065 quasi
3016 4996 3070 5049 in
3099 4997 3399 5053 secretidre
3422 4996 3770 5055 labet-nactae

2185 5084 2499 5155 mysterium
2526 5098 2558 5137 a
2585 5083 2875 5139 divinitate
2896 5083 3217 5155 disponitur,
3247 5085 3713 5155 quemadmodum
3739 5104 3767 5143 a

2184 5172 2425 5241 pluribts
2464 5171 2787 5228 ascendatur
2828 5171 2901 5227 ad
2941 5166 3157 5229 omium.
3200 5174 3370 5244 Supra
3410 5178 3591 5235 ctelos
3614 5180 3769 5251 plane

2184 5260 2528 5318 mstimandus
2547 5270 2631 5318 est
2652 5269 2836 5318 uterus
2856 5255 3058 5329 nerito,
3076 5263 3204 5332 quia
3231 5264 3424 5320 Filium
3448 5264 3547 5321 Dei
3571 5268 3769 5335 glorio-

2184 5352 2383 5409 siorem
2426 5353 2639 5408 remisit
2663 5352 2731 5408 ad
2758 5353 2974 5419 caelum,
3005 5367 3170 5423 quam
3194 5352 3265 5409 de
3302 5355 3442 5410 cosio
3471 5353 3769 5412 descende—

2186 5450 2287 5495 rat.
2317 5440 2445 5497 lnde
2473 5442 2618 5497 enim
2638 5451 2698 5497 ut
2721 5450 3015 5511 pateretur,
3041 5441 3165 5498 hinc
3186 5458 3436 5499 reversus
3460 5453 3566 5512 est,
3596 5454 3658 5501 ut
3684 5461 3765 5502 re-

2158 5539 2375 5599 .gnaret
2399 5549 2412 5584 :
2442 5532 2566 5586 inde
2590 5532 2900 5587 humiliatus
2927 5532 3204 5588 descendit
3225 5534 3284 5587 in
3309 5533 3614 5604 hominem,
3644 5537 3770 5592 hinc

2186 5619 2517 5690 gloriﬁcatus
2562 5620 2629 5675 ad
2673 5620 2886 5675 Patrem
2926 5620 3186 5678 ascendit.
3218 5620 3410 5679 Melius
3434 5623 3604 5694 plane
3638 5633 3757 5681 tell:-

2186 5716 2335 5786 plum
2361 5715 2604 5785 corporis
2632 5721 2734 5781 est,
2765 5726 2927 5781 quam
2965 5713 3105 5770 cali.
3140 5712 3399 5773 Residens
3422 5713 3573 5771 enim
3616 5712 3762 5773 Citri-
