3924 6232
157 286 242 343 257
1531 288 1708 343 ΠΟΜῙ]

1848 288 1952 345 Vll.

3301 298 3406 352 238

154 415 247 457 stus
271 412 345 459 est
372 421 383 456 :
413 404 484 458 ibi
514 404 804 467 terribilis,
821 402 914 458 hic
934 402 1271 467 manufestus;
1302 400 1378 455 tbi
1406 400 1708 463 invisibilis,
1744 404 1793 463 Α
1817 403 1994 455 ctione
2023 398 2215 453 fratres
2246 400 2509 461 hortatur.
2545 400 2719 470 Atque
2751 401 2871 458 ideo
2910 411 2991 458 est
3019 402 3217 481 bonum
3246 410 3401 465 nobis

151 494 221 549 hic
246 493 452 547 visibilis
479 501 649 561 atque
690 493 1016 562 palpabilis;
1065 492 1137 545 ibi
1184 497 1408 560 peccata
1456 489 1711 553 vindicat,

151 590 220 644 hic
241 589 527 647 condonat:
563 589 640 643 ibi
668 594 949 653 potestate
990 586 1183 654 judicia
1218 585 1405 648 utitur,
1451 583 1538 637 hic
1576 583 1713 637 dile—

1822 492 2047 546 adorare
2074 506 2219 556 cuni,
2250 506 2371 545 cum
2408 491 2620 555 invitat,
2652 500 2709 555 ut
2748 494 3014 564 possimus
3039 510 3165 551 eum
3194 513 3299 552 non
3332 507 3398 551 u-

1821 597 1988 643 mere,
2021 596 2143 635 cum
2160 580 2388 647 judicat.
2418 578 2674 643 Explicit.

1520 715 1863 776 HOMILIA
1912 715 2019 777 νι.

1406 814 1486 870 De
1518 814 1803 870 Nativitate
1839 814 2048 869 Domini
2086 813 2138 870 1.

1585 907 1975 963 ΑΒΜΟΝΙΤῙΟ.

204 1004 277 1059 Ex
294 1006 671 1062 vetustissimo
700 1004 889 1061 codice
927 1002 1157 1057 abbatiae
1202 1001 1329 1055 olim
1372 999 1429 1055 S.
1446 980 1735 1064 Dalmatii,
1761 996 1828 1052 de
1868 1013 1973 1067 quo
1996 998 2126 1052 satis
2148 1008 2232 1051 est
2256 1012 2285 1050 a
2310 998 2465 1052 nobis
2494 998 2697 1053 dictum
2721 999 2774 1052 in
2793 1002 3220 1065 commentariis,
3261 1006 3399 1061 hanc

148 1090 231 1131 nos
251 1075 521 1130 homiliam
544 1076 957 1145 descripsimus,
980 1072 1301 1146 edimusque
1319 1084 1463 1134 nunc
1480 1069 1724 1146 primum
1754 1068 1808 1121 in
1834 1067 2028 1121 lucem.
2060 1068 2117 1121 In
2132 1067 2331 1146 codice
2353 1068 2571 1146 quidem
2595 1068 2651 1122 S.
2679 1068 2898 1123 Maximi
2927 1086 3126 1126 nomen
3160 1073 3396 1142 prtefert,

148 1160 299 1215 neque
325 1146 431 1199 ulla
459 1152 549 1200 est
567 1135 765 1208 causa,
789 1135 1139 1213 quamobrem
1162 1135 1356 1199 sancto
1376 1135 1611 1199 antistiti
1637 1152 1758 1191 eam
1794 1152 1904 1191 non
1933 1151 2054 1192 esse
2081 1135 2497 1211 adjodicandum
2523 1147 2793 1207 putemus.

148 1258 513 1314 mortus-run.
556 1292 636 1302 —
678 1262 923 1323 Quam
968 1256 1200 1314 Christus
1246 1255 1518 1324 dupliciter
1558 1260 1709 1324 natus

206 1330 519 1401 medicatur,
548 1319 903 1401 unus'tanmt
921 1324 1206 1401 Filius-Dei
1235 1319 1522 1401 nuncupari
1542 1319 1706 1401 debet.

209 1393 340 1451 idm
375 1401 516 1452 enim
546 1407 649 1462 est,
676 1399 764 1468 qui
804 1415 835 1449 a
863 1396 1022 1468 Patre
1046 1395 1118 1468 ab
1147 1393 1435 1449 teter-nitate
1459 1400 1536 1445 est
1565 1393 1711 1460 geni-

207 1475 295 1533 tus,
324 1477 371 1521 et
394 1469 484 1539 qui
509 1469 567 1521 in
586 1465 826 1537 tempore
851 1483 883 1520 a
911 1465 1124 1536 Virgine
1142 1472 1464 1535 procreatus.

209 1620 403 1674 Domini
432 1620 609 1675 nostri
630 1618 764 1675 Iesu
783 1617 998 1684 Christi,
1028 1616 1243 1679 fratres,
1263 1612 1597 1667 nativitatem
1619 1623 1710 1663 so-

151 1714 506 1768 lemnissiinam
544 1714 762 1768 honore
809 1710 990 1766 debito
1012 1708 1356 1765 celebrantes
1384 1702 1714 1758 exsultemus

1810 1249 1965 1314 Sion,
2008 1248 2262 1317 quoniam
2301 1250 2368 1304 ab
2406 1249 2552 1303 omni
2578 1250 2847 1317 quondam
2877 1261 3117 1319 paternae
3146 1256 3400 1320 pnevari-

1817 1338 2043 1394 cationis
2072 1344 2221 1394 metu
2263 1338 2487 1393 liberata
2513 1353 2592 1393 es.
2624 1337 2785 1395 Ortus
2812 1341 2957 1397 enim
2985 1342 3076 1397 ille
3102 1352 3185 1399 est
3211 1344 3393 1400 Domi-

1816 1442 1917 1482 nus
1961 1428 2015 1482 in
2060 1428 2274 1483 civitate
2318 1428 2500 1493 David,
2532 1444 2652 1498 qua:
2698 1440 2923 1485 vocatur
2966 1432 3263 1500 Bethleem,
3306 1440 3397 1505 qui

1815 1527 2022 1579 reatum
2058 1528 2324 1585 nostrum,
2356 1535 2464 1589 quo
2505 1521 2786 1578 diabolicis
2816 1522 3111 1590 fraudibus,
3144 1530 3340 1597 quibus
3364 1546 3395 1586 a

1818 1614 1966 1661 tanto
1996 1616 2240 1677 tempore
2266 1609 2629 1666 circumventa
2658 1612 2833 1669 fuerat
2856 1616 3157 1689 miseranda
3186 1630 3392 1677 morta-

1816 1695 1955 1763 litas,
1980 1697 2275 1752 clementer
2306 1699 2555 1765 absolvit,
2585 1709 2748 1771 atque
2771 1702 2955 1777 jugum
2985 1708 3259 1764 servitutis
3298 1725 3395 1765 an-

146 1810 289 1871 atque
323 1803 571 1857 lmtemur
602 1802 658 1856 in
686 1800 914 1856 Domino
944 1798 1093 1852 illum
1122 1794 1339 1849 tandem
1378 1806 1409 1846 e
1438 1791 1586 1845 omlis
1615 1787 1713 1841 ad—
1748 1794 1789 1850 Β
1820 1785 1979 1853 tiquze
2023 1788 2221 1842 nostris
2259 1803 2291 1842 e
2332 1790 2631 1846 cervicibus
2668 1793 2791 1863 pius
2826 1798 3085 1852 excussit.
3118 1798 3283 1854 Natus
3311 1812 3395 1857 es;

151 1892 333 1947 venisse
353 1891 407 1947 in
438 1901 620 1947 terras
650 1890 943 1954 hominem,
967 1887 1058 1959 qui
1086 1884 1273 1941 aeterni
1301 1882 1396 1937 Dci
1419 1882 1584 1935 Filius
1606 1886 1707 1942 est,

152 1991 200 2034 ut
226 1996 313 2037 nos
338 1997 369 2036 a
409 1981 616 2037 diaboli
647 1981 911 2035 servitute
947 1977 1255 2033 redimeret.
1283 1973 1433 2027 Illum
1465 1970 1533 2025 de
1563 1968 1713 2024 cmlis

150 2070 463 2127 descendisse
487 2070 858 2125 habitatorem
895 2066 1173 2129 cmlorum,
1201 2062 1293 2133 qui
1326 2069 1589 2115 terrarum
1631 2057 1713 2110 in-

149 2160 278 2215 colas
303 2160 581 2215 induceret
601 2160 655 2215 in
676 2157 895 2214 caelum.
926 2153 1099 2210 Hodie
1122 2152 1263 2207 enim
1285 2165 1353 2205 ex
1373 2148 1577 2215 virgine
1596 2143 1713 2198 nul-

151 2248 239 2303 lius
279 2248 375 2303 viri
400 2262 569 2317 gnara
598 2246 912 2303 commercii
940 2245 1105 2299 homo
1138 2239 1419 2312 processit,
1450 2236 1543 2307 qui
1572 2236 1713 2289 Deus

148 2341 287 2394 simul
305 2349 384 2396 est
422 2349 479 2396 et
506 2341 699 2397 homo.
728 2338 903 2395 Hodie
927 2353 1065 2393 unus
1086 2335 1339 2406 idemque
1361 2330 1566 2387 carnali
1596 2329 1712 2385 sine

151 2430 241 2485 ulla
260 2433 611 2502 conceptione
636 2442 795 2485 natus
816 2438 898 2485 est
926 2430 1086 2486 Deus.
1112 2435 1167 2483 et
1186 2428 1303 2482 sine
1321 2425 1431 2479 ullo
1460 2436 1713 2491 generan-

152 2527 197 2571 te
219 2517 376 2574 iactus
404 2530 487 2575 est
515 2521 706 2575 homo.
738 2519 892 2595 illum
922 2521 988 2572 ab
1008 2526 1215 2572 mterno
1243 2515 1426 2583 genuit
1465 2512 1627 2577 Deus,
1656 2520 1714 2566 et

151 2604 196 2659 in
218 2614 447 2678 tempore
477 2608 577 2664 Dei
618 2609 1005 2679 omnipotentis
1032 2613 1292 2677 Operante
1318 2606 1518 2659 virtute
1558 2611 1709 2657 casta

152 2696 278 2764 virgo
310 2701 564 2769 suscepit.
596 2699 768 2753 Natus
801 2706 884 2753 est
923 2698 991 2751 ab
1017 2704 1221 2751 aeterno
1250 2695 1363 2748 sine
1387 2694 1497 2747 ullo
1526 2690 1712 2746 conli-

153 2786 290 2843 donis
312 2789 609 2857 principio;
642 2797 796 2843 ortus
823 2794 907 2841 est
934 2786 987 2840 in
1008 2794 1253 2855 tempore
1271 2797 1341 2838 ex
1369 2780 1710 2836 immaculata

151 2874 346 2941 Virgine.
384 2876 441 2931 In
468 2878 645 2948 prima
676 2877 956 2933 nativitatc
1000 2884 1157 2930 natus
1186 2883 1270 2929 est
1313 2872 1492 2939 Deus;
1545 2872 1595 2925 in
1625 2886 1713 2925 se-

150 2968 296 3021 cunda
317 2978 635 3040 procreatus
662 2978 747 3025 est
776 2970 958 3024 homo.
988 2968 1045 3022 In
1076 2969 1245 3038 prima
1276 2975 1335 3020 ut
1357 2964 1500 3020 Deus
1532 2964 1709 3018 homi-

152 3074 254 3113 nem
280 3058 438 3127 fecit;
479 3062 536 3116 in
578 3060 814 3117 secunda
856 3059 1128 3114 hominem
1156 3073 1185 3112 a
1215 3056 1423 3127 peccati
1466 3053 1706 3119 vinculis,

150 3151 315 3217 quibus
331 3152 693 3219 detinebatur,
718 3153 967 3208 absolvit.
996 3151 1217 3207 Exsulta
1247 3150 1412 3218 igitur
1432 3158 1487 3205 et
1508 3148 1708 3207 laetare,
1740 3141 1785 3201 C

1814 1874 1957 1930 Deus
1982 1876 2078 1930 Dei
2116 1876 2282 1932 Filius
2308 1892 2376 1932 ex
2399 1878 2618 1955 femina,
2667 1884 2954 1943 obvolutus
2982 1897 3065 1942 est
3098 1892 3310 1959 pannis,
3340 1903 3401 1948 ct

1812 1972 2020 2038 positus
2042 1972 2094 2025 in
2116 1987 2355 2042 praesepe
2377 1973 2554 2044 (Deest
2576 1975 2659 2030 hic
2679 1978 2883 2048 folium,
2902 1980 3095 2035 deinde
3108 1985 3394 2052 sequitur).

1815 2059 1894 2114 Ad
1920 2060 2063 2115 hunc
2100 2062 2260 2129 igitur
2288 2062 2456 2116 Deum
2491 2064 2645 2119 simul
2688 2076 2851 2136 atque
2888 2068 3160 2123 hominem
3206 2071 3391 2125 humili

1809 2153 1995 2219 conde,
2014 2153 2221 2209 sincera
2246 2162 2446 2222 mente,
2466 2156 2627 2211 castis
2648 2158 2921 2229 obsequiis
2932 2161 3265 2216 accedamus.
3286 2163 3394 2219 Nec

1812 2243 2067 2309 quoniam
2097 2242 2490 2313 allophylorum
2508 2245 3079 2316 circumstrepentibus
3115 2250 3279 2305 armis
3306 2265 3395 2305 an-

1815 2331 2009 2398 gimur,
2032 2345 2152 2400 quae
2180 2331 2548 2387 dissidentium
2578 2347 2761 2402 regum
2800 2337 3077 2393 suscitavit
3102 2340 3389 2405 discordia,

1814 2421 1935 2477 ideo
1966 2423 2325 2478 sacratissima
2370 2421 2531 2491 hujus
2575 2423 2681 2478 diei
2733 2428 2989 2496 mysteria
3035 2443 3157 2483 cum
3196 2428 3393 2497 gaudio

1810 2512 2087 2568 celebrare
2142 2527 2249 2567 non
2294 2512 2581 2579 debemus;
2628 2515 2765 2583 quin.
2801 2516 2909 2571 imo
2966 2517 3143 2586 potius
3201 2517 3393 2574 eadem

1812 2607 2244 2676 competentibus
2269 2606 2477 2675 gaudiis
2502 2621 2840 2673 veneremur,
2882 2608 3050 2665 Deum
3078 2617 3389 2677 exorantes,

1813 2706 1871 2753 ut
1897 2698 1967 2752 ab
1996 2697 2112 2752 istis
2148 2690 2403 2767 periculis
2443 2711 2542 2751 nos
2582 2696 2829 2759 liberare,
2880 2706 2935 2753 et
2980 2698 3253 2755 custodire
3297 2712 3393 2753 sua

1812 2787 2015 2857 pietate
2042 2786 2293 2853 dignetur
2323 2784 2450 2855 (Hic
2478 2785 2663 2840 desunt
2684 2787 2863 2841 decem
2890 2788 3063 2854 linere,
3094 2805 3209 2857 qua
3236 2790 3289 2843 in
3310 2806 3399 2843 co-

1814 2878 1927 2931 dice
1952 2876 2308 2947 evanuerunt).
2342 2875 2450 2932 Nos
2473 2876 2636 2945 igitur
2657 2878 2803 2947 ipsos
2822 2878 2897 2932 illi
2918 2877 3227 2947 oneramus,
3253 2888 3311 2934 ut
3330 2879 3397 2935 ab

1814 2968 2182 3037 ingruentibus
2252 2967 2407 3021 malis
2452 2966 2696 3036 ejusdem
2739 2968 2941 3037 pietate
2978 2968 3235 3033 liberati,
3286 2976 3394 3023 etc.

1823 3056 2001 3128 (Deest
2031 3055 2325 3127 reliquum.)

1499 3259 1838 3320 HOMILIA
1886 3258 2021 3319 νη.

1360 3359 1441 3413 De
1480 3358 1769 3413 Nativitate
1804 3358 2017 3412 Domini
2058 3356 2120 3411 II
2162 3426 2165 3427 ν

1563 3446 1953 3501 ADMONITIO.

208 3548 305 3630 ιι
336 3546 414 3630 E.‘
438 3548 635 3630 9049'“
661 3545 888 3630 εδὶίἒξίῖἓ
912 3545 981 3630 δ’.
1010 3541 1857 3630 Dalmaticae“?stertis?“
1876 3540 2042 3630 -i.‘°‘l‘.
2054 3540 2407 3630 “9.915355%
2432 3558 2599 3630 ίῐυθπῑδ.
2623 3546 2855 3630 Ρθῖἑηάθ.
2872 3560 3013 3629 ηυηὲ
3048 3548 3400 3630 PI“!!!me

151 3610 414 3690 bliafjuris
440 3617 690 3690 facimus.
748 3614 882 3690 Nihil
907 3622 989 3670 est
1003 3622 1217 3690 autem,
1247 3612 1391 3690 quod
1432 3610 1664 3690 _oﬂ_l_ciat,
1694 3611 1822 3690 quin
1868 3625 1957 3690 ea,
1986 3619 2047 3690 ut
2070 3619 2155 3690 est
2195 3612 2357 3690 etiam
2388 3610 2669 3690 inmodice
2694 3614 3031 3690 Taurinensi,
3050 3610 3131 3679 'S.
3167 3610 3399 3677 Maximo

150 3679 445 3755 aseribatur,
472 3689 632 3755 cujus
660 3694 808 3740 certe
827 3684 1037 3741 dicendi
1062 3679 1382 3754 ratio'pl'ane
1402 3680 1591 3737 similis
1618 3679 1789 3748 majus
1816 3679 1964 3733 addit
1992 3680 2117 3735 huic
2139 3681 2371 3736 homilim
2400 3684 2500 3755 ipsi
2524 3686 2828 3741 asserenda:
2857 3679 3252 3756 argumentum.

151 3839 519 3915 Incolumi.
558 3874 629 3885 —
656 3841 848 3897 Contra
875 3842 1101 3915 ethnicos
1132 3840 1301 3915 [λαυρ
1336 3838 1595 3915 hominem
1629 3850 1707 3915 “ea:

220 3910 413 3983 Virgine
438 3921 624 3967 natum
644 3920 917 3983 negantes,
940 3910 1125 3983 probat
1154 3910 1215 3964 S.
1248 3908 1513 3983 ﬁngimus
1540 3905 1709 3983 divino

212 3972 363 4035 terim
390 3984 624 4037 omnium
651 3972 921 4036 Co'nditori
941 3972 1123 4033 omnia
1153 3977 1420 4048 possibilia
1447 3992 1577 4029 esse.
1610 3972 1707 4048 Iu-

208 4050 345 4104 ειιίω
362 4054 498 4105 enim
526 4052 783 4121 sapientia
814 4059 864 4104 et
889 4050 1118 4120 potentia
1153 4044 1363 4120 quando
1383 4054 1435 4100 et
1457 4044 1708 4115 quomodo

212 4122 299 4173 rult
325 4131 508 4175 cuncta
538 4130 802 4191 operatur.

203 4290 443 4349 Sanctum
468 4302 528 4349 et
548 4292 857 4349 venerabile
881 4292 1162 4349 dominica!
1202 4290 1500 4347 nativitatis
1527 4306 1706 4347 sacra—

151 4393 377 4453 mentum,
399 4385 549 4457 quod
570 4385 972 4440 recurrentibus
1000 4384 1155 4439 annis
1182 4383 1527 4441 devotissima
1566 4398 1707 4438 sem-

152 4488 234 4541 ῐιετ
254 4477 563 4533 celebritate
590 4490 929 4541 veneramur,
963 4483 1109 4529 tanta
1158 4475 1240 4529 sui
1270 4474 1579 4542 dignatione
1606 4489 1704 4528 ex-

153 4567 276 4621 cellit
295 4570 557 4643 mysterii,
587 4576 648 4623 ut
675 4576 729 4624 et
748 4568 1022 4636 gentilium
1044 4566 1343 4633 audaciam,
1360 4573 1416 4621 et
1442 4566 1700 4631 omnium,

1810 3833 2029 3890 demum
2058 3834 2217 3905 hujus
2256 3837 2436 3893 saeculi
2485 3838 2645 3894 stulta
2682 3840 2923 3897 doctrina
2942 3881 2963 3908 ,
2994 3843 3165 3899 dicam
3194 3848 3393 3916 potius,

1808 3924 2034 3992 insania,
2067 3927 2289 3983 credere
2318 3928 2567 3997 equidem
2608 3929 2777 3986 Deum
2812 3933 3078 3988 mirabilia
3106 3936 3397 4005 aliquando

1808 4014 2018 4081 fecisse,
2050 4017 2227 4073 facere
2254 4019 2416 4074 etiam
2447 4029 2504 4075 et
2534 4037 2705 4086 nunc;
2738 4022 2791 4077 in
2822 4025 3183 4081 sacratissima
3212 4038 3395 4085 autem

1808 4106 1926 4160 Filii
1950 4108 2032 4163 sui
2060 4108 2273 4163 Domini
2302 4112 2469 4165 nostri
2493 4114 2769 4169 nativitate
2802 4129 2870 4169 cx
2897 4116 3103 4185 virgine
3128 4119 3201 4184 id
3248 4122 3395 4178 nullo

1813 4197 1973 4252 modo
2010 4199 2252 4267 potuisse
2280 4203 2568 4270 praestare?
2606 4201 2701 4258 Ille
2752 4205 2895 4259 enim
2935 4205 3184 4276 idemque
3230 4208 3393 4274 Deus,

1808 4289 1898 4357 qui
1921 4289 2317 4361 coelum,qu
2330 4296 2435 4375 22
2464 4294 2631 4349 caelos
2661 4295 2937 4365 cmlorum,
2970 4299 3179 4368 singula
3208 4303 3394 4369 etiam,

1808 4394 1925 4449 qua:
1955 4380 2007 4433 in
2039 4380 2117 4435 eis
2146 4390 2290 4445 sunt,
2313 4382 2491 4439 divina
2530 4392 2646 4440 arte
2674 4386 2962 4456 aliquando
2988 4390 3190 4443 creavit
3217 4406 3283 4445 ex
3314 4394 3395 4447 ni-

1806 4473 1951 4538 hilo;
1983 4473 2071 4527 ille
2092 4475 2182 4543 qui
2210 4483 2440 4541 terram,
2468 4491 2639 4545 aquas
2665 4479 2939 4545 etmaria,
2972 4489 3135 4549 atque
3166 4483 3252 4537 illa
3275 4499 3397 4553 quae.

1805 4563 1861 4617 in
1890 4564 1966 4618 eis
1982 4565 2330 4620 continentur
2350 4607 2365 4631 ,
2407 4560 2779 4638 omnipotenti
2797 4568 2960 4626 Verbi
2990 4571 3071 4625 sui
3100 4574 3299 4628 virtute
3328 4590 3395 4630 ex

147 4637 412 4717 confmdat
463 4662 847 4717 haereticorum
906 4660 1310 4730 impudentiam.
1354 4658 1507 4716 illum
1562 4659 1703 4714 enim
1732 4637 1780 4696 Ι)
1812 4654 1979 4710 nihilo
2004 4656 2564 4726 pariter'eilormavit;
2609 4660 2699 4715 ille
2722 4670 2812 4715 est
2849 4664 2937 4731 qui
2962 4663 3153 4732 virgini
3181 4676 3395 4735 partum

150 4744 312 4816 θωω,
334 4766 503 4822 Quem
536 4766 637 4806 nos
666 4748 769 4805 ﬁde
810 4750 1018 4817 edocti,
1049 4750 1393 4821 parvulorum
1448 4748 1703 4818 simplici-

145 4845 240 4894 tate
258 4842 687 4899 iudefectibiliter
700 4841 966 4897 credimus
985 4844 1132 4897 nasci
1152 4840 1391 4912 potuisse
1402 4855 1474 4895 ex
1490 4840 1701 4907 femina,

144 4925 228 4994 ipsi
254 4943 283 4984 e
300 4939 491 4986 contra
520 4928 780 4995 Gentiles,
804 4939 863 4984 ut
889 4945 1031 4985 nunc
1050 4930 1331 4985 lunreticos
1358 4943 1701 4999 seponamus,

145 5022 424 5078 carnalibus
454 5023 790 5091 argumentis
817 5021 1054 5077 hebetati
1080 5022 1258 5077 adhuc
1288 5029 1539 5076 recusant
1578 5035 1701 5075 cre-

144 5106 254 5165 da'e
276 5128 340 5168 ex
359 5114 572 5183 virgine
596 5114 745 5169 nasci
774 5114 1035 5184 potuisse,
1060 5122 1123 5169 et
1140 5112 1339 5168 Christi
1364 5113 1700 5169 sacerdotem

148 5193 231 5251 ista
254 5198 798 5258 docentem-irrident.
836 5200 907 5255 Et
933 5203 1278 5271 quantumvis
1302 5203 1471 5259 Deum
1501 5204 1619 5259 aliis
1648 5204 1701 5257 in

1806 4748 1952 4805 dedit
1980 4757 2035 4803 et
2078 4750 2337 4805 sobolem.
2363 4748 2421 4806 si
2460 4748 2629 4808 Deum
2667 4754 2878 4822 credis,
2920 4757 3148 4822 cmlum,
3198 4760 3390 4823 solem,

1809 4839 1992 4893 stellas
2021 4840 2253 4896 condere
2273 4843 2515 4911 potuisse
2544 4859 2610 4901 ex
2639 4842 2806 4900 nihilo
2837 4864 2849 4899 :
2878 4846 2922 4900 si
2952 4854 3168 4914 terram,
3199 4851 3392 4917 maria,

1808 4930 2131 4999 animantia,
2171 4934 2587 5005 universumque
2642 4935 2802 5011 hujus
2848 4940 3156 5008 spectabilis
3208 4943 3393 4998 mundi

1807 5030 2055 5078 ornatum
2090 5042 2103 5076 :
2136 5026 2181 5080 si
2218 5026 2493 5103 hominem
2514 5029 2731 5089 demum
2770 5026 2839 5085 ex
2862 5032 2991 5087 limo
3020 5034 3259 5103 potuisse
3290 5033 3392 5091 lin-

1804 5129 1933 5184 gere
1965 5116 2141 5187 (Deest
2171 5100 2449 5189 admittis),
2479 5134 2577 5174 cur
2594 5119 2745 5175 illum
2766 5120 2977 5177 intacta:
3006 5100 3198 5192 virgini
3227 5125 3397 5194 ipsius

1804 5206 1901 5262 Dei
1946 5216 2205 5279 operante
2233 5210 2432 5264 virtute
2481 5209 2611 5265 dare
2640 5224 2745 5279 non
2781 5212 3023 5280 potuisse
3070 5216 3393 5273 contendis?

146 5287 283 5345 rebus
304 5294 569 5349 mirabiia
622 5294 805 5349 facere
849 5295 1119 5363 quotidie,
1164 5303 1329 5365 atque
1375 5296 1506 5350 alias
1543 5296 1704 5351 toties
1800 5299 1934 5366 Qua:
1959 5302 2101 5355 enim
2126 5300 2298 5369 major
2317 5302 2699 5375 omnipotentis
2721 5301 2815 5359 Dei
2834 5302 3002 5360 virtus
3030 5305 3149 5371 erit,
3175 5314 3391 5372 cuncta,

147 5389 548 5445 operatumesse
574 5385 677 5455 ipsi
697 5385 861 5440 etiam
888 5392 1098 5453 putent,
1125 5391 1292 5454 atque
1323 5387 1615 5451 mirentur;
1649 5386 1701 5440 in
1804 5404 1925 5459 qua:
1954 5392 2005 5445 in
2034 5392 2184 5447 caelis
2212 5399 2268 5447 et
2292 5393 2346 5447 in
2380 5393 2582 5451 mundo
2608 5394 2771 5458 videt,
2804 5378 3072 5451 creavime
3095 5412 3167 5451 cx
3198 5398 3387 5465 nihilo,

146 5468 240 5524 sola
265 5481 440 5531 tamen
477 5475 718 5533 Filiisni
749 5475 1130 5547 Redemptoris
1158 5478 1325 5533 nostri
1364 5478 1698 5533 sanctissima
1805 5489 1897 5535 aut
1925 5482 1977 5536 in
2007 5482 2338 5537 intemerata:
2378 5483 2599 5551 virginis
2642 5466 2832 5551 utero,
2863 5486 3009 5559 nullo
3054 5472 3390 5555 praecedente

147 5560 401 5647 nativitate
414 5574 576 5637 atque
596 5565 841 5621 mirabili
866 5566 1079 5636 operari
1107 5566 1160 5621 id
1182 5582 1280 5622 nec
1307 5564 1567 5638 pctuisse,
1601 5584 1701 5623 nec
1799 5572 2001 5626 carnali
2048 5571 2350 5641 complexu,
2398 5572 2669 5631 hominem
2713 5576 2932 5629 creare?
2960 5574 3018 5630 Si
3045 5579 3095 5630 in
3120 5577 3241 5641 bis,
3273 5593 3390 5647 Qua:

151 5644 363 5712 debuisse
400 5659 754 5713 contendunt.
797 5657 992 5712 Verum
1018 5671 1261 5723 qu'cnam
1298 5659 1427 5715 haec
1461 5667 1545 5715 est
1576 5676 1697 5723 pru-
1802 5663 2066 5718 videntur.
2114 5661 2385 5718 Creatoris
2412 5663 2857 5731 omnipotentiam
2897 5652 3129 5732 miraris,
3191 5644 3304 5723 Cur-
3332 5670 3388 5723 in
