3924 6232
516 318 620 375 259
1717 314 1776 368 S.
1817 310 2060 377 ΜΛΧΙΜΙ

2164 309 2543 371 tURlNENSlS
3669 313 3703 366 Ξ
3714 316 3767 368 20

513 439 839 493 intemerata:
866 433 1083 502 virginis
1110 440 1265 503 partu
1304 432 1447 487 illam
1488 428 1807 496 denegabis?
1828 426 2083 492 Qnmnam
2112 432 2156 485 Α
2187 438 2292 491 que
2316 423 2454 487 ideo,
2488 422 2697 486 fratres,
2730 423 2861 476 tanti
2879 422 3118 493 mysterii
3147 423 3483 492 sanctissima
3508 423 3766 479 soleamia

510 528 615 583 erit
657 525 818 580 stulta
846 524 936 579 illa
985 524 1202 579 vesania
1232 521 1460 592 (Desunt
1498 518 1580 573 hic
1622 519 1739 572 dum
1774 518 1925 571 tinem
1970 531 2085 585 quae
2189 513 2528 567 celebrantes
2556 512 2723 566 Deum
2744 521 3003 577 nostrum,
3027 514 3117 581 qui
3147 520 3293 568 tanta
3321 529 3423 583 pro
3440 510 3674 581 indignis
3702 531 3768 569 tc-

480 633 482 636 '
510 614 719 670 omnino
743 611 1077 681 evanuerunt)
1099 611 1278 666 omnia
1321 607 1531 672 fecisse,
1559 617 1891 675 quaecunque
1914 604 2087 659 voluit
2186 601 2279 665 cit,
2307 614 2622 655 veneremur
2647 616 2859 671 semper
2885 601 3012 672 (Hic
3030 604 3188 661 etiam
3214 603 3401 657 desunt
3423 605 3606 657 deceant
3618 605 3767 658 tim

510 703 563 757 in
591 702 731 758 cmlo
757 708 813 757 et
840 701 894 756 in
922 709 1085 765 terra,
1106 700 1357 770 quoniam
1383 698 1526 751 illius
1552 695 1891 764 omnipotens
1916 692 2086 745 virtus
2186 691 2386 760 penitus
2422 688 2822 765 obliterata)...
2851 690 2932 745 Ad
2960 693 3111 747 illum
3141 693 3302 762 igitur
3327 694 3603 759 continuis
3628 696 3767 749 votis

508 808 573 848 ea
598 793 773 849 facere
796 792 984 858 voluit,
1008 799 1065 854 et
1090 792 1281 861 potuit.
1315 789 1583 858 Virginem
1617 792 1796 856 autem
1824 783 1923 838 Dei
1949 797 2083 852 Ope-
2184 788 2563 847 properemus:
2584 778 2677 847 qui
2693 779 2823 835 vivit
2844 787 2900 836 et
2922 782 3181 851 regnatin
3198 782 3393 839 sarcula
3421 783 3760 839 seculorum.

506 890 662 938 rante
692 883 889 939 virtute
915 897 1106 953 parere
1145 896 1324 951 posse,
1354 889 1408 936 et
1450 894 1578 935 vere
1616 868 1861 947 genuisse
1892 874 2083 950 (Deest
2184 867 2373 923 Amen.
2398 864 2644 940 Explicit.

509 973 588 1027 hic
608 967 818 1042 (ouum,
860 990 1019 1045 neque
1056 980 1286 1029 remanet
1308 972 1417 1026 nisi
1443 969 1625 1024 mittito
1651 966 1959 1033 conclusio).
1984 963 2078 1016 At-

1606 1052 1613 1055 ’
1842 1051 2187 1117 HOMILIA
2233 1051 2379 1113 VIII
2392 1094 2407 1111 .

1744 1157 1815 1213 De
1852 1155 2143 1211 Natioitate
2183 1152 2539 1211 Domini)”.

1917 1242 2319 1311 ,ΑυΜοΝιΤια

572 1348 678 1471 ἓθ
715 1344 950 1430 Tertiam
970 1346 1108 1401 hanc
1131 1344 1407 1427 homiliam
1422 1343 1489 1399 de
1516 1343 1799 1425 nativitate
1822 1341 2033 1421 Domini
2058 1340 2424 1424 suppeditavit
2444 1340 2600 1423 nobis
2622 1343 3014 1400 vetustissimus
3230 1347 3503 1428 quondam

574 1454 577 1458 -
634 1416 1060 1471 nnanms.vul:o
1102 1413 1285 1471 Paano
1314 1432 1366 1467 ιη
1412 1414 1782 1467 marchionatu
1830 1410 2140 1471 Salutiensi,
2167 1421 2288 1471 pag.
2326 1409 2415 1471 ib,
2445 1418 2757 1471 pariterque
2793 1421 2854 1467 ut
2900 1429 3148 1471 sunenor
3182 1415 3383 1471 codicis
3410 1416 3763 1470 Tannnensts

502 1410 1060 1486 de-‘ABpanniSJulgo
1102 1413 1285 1486 Pugno
1314 1416 1366 1467 in
1412 1414 1782 1491 marchionatu
1816 1410 2140 1491 .Salutiensi,
2167 1421 2288 1477 pag.
2326 1410 2415 1476 i6,
2445 1411 2757 1534 pariterqére
2793 1421 2854 1467 ut
2900 1414 3148 1484 superior
3182 1410 3383 1471 codicis
3410 1416 3763 1470 Tanrinensis

503 1487 810 1542 testimonio
838 1486 1049 1553 gaudet.
1075 1484 1397 1540 Enuntiatur
1424 1484 1569 1536 enim
1598 1483 1649 1534 in
1673 1480 2011 1553 eiusmdice1
2026 1477 2157 1531 Item
2185 1475 2333 1553 etde
2364 1487 2659 1553 nativitate
2714 1481 2879 1537 omini
2906 1483 3091 1553 ltomil.
3127 1482 3213 1536 i9.
3243 1482 3353 1539 Sed
3372 1485 3531 1540 valde
3552 1484 3760 1540 adedi-

501 1557 662 1611 tionis
688 1547 883 1610 nostra:
905 1553 1068 1610 decus
1094 1562 1153 1607 et
1177 1561 1547 1608 ornamentum
1577 1550 1848 1625 conducit,
1868 1547 2017 1617 quod
2044 1561 2165 1603 eam
2185 1548 2330 1600 omni
2365 1563 2435 1602 ex
2463 1557 2617 1619 parte
2646 1551 2904 1620 integram
2934 1552 3310 1621 producamus.

501 1688 888 1761 Aucuusnruu.
915 1685 1279 1761 ς--Βεητρῄεἱα
1308 1685 1501 1751 omnia,
1526 1701 1661 1761 qui
1678 1682 2071 1761 madeﬁent}!-

563 1761 625 1812 lit
651 1753 970 1830 dies'natqlis
986 1750 1579 1830 Domini,_reeensentur.
1605 1753 1857 1830 Magnum
1875 1750 2071 1830 ζωιὶιξφ

567 1844 774 1880 causam
803 1825 949 1896 nobis
976 1832 1191 1896 prwstat
1204 1819 1384 1896 divina
1405 1824 1625 1891 bonitas,
1643 1819 2069 1896 etimisericordia

563 1896 784 1951 adventu
810 1894 940 1965 ejus,
970 1893 1057 1965 qui
1081 1894 1219 1964 Deus
1237 1902 1287 1948 et
1314 1893 1465 1948 homo
1493 1901 1589 1960 at,
1620 1893 1863 1961 cujusque
1890 1905 2068 1943 mune-

563 1964 707 2019 ribus
730 1964 975 2020 cumulati
986 1964 1190 2017 sumus.

565 2119 969 2189 SanctisSimum
1008 2141 1063 2188 et
1099 2132 1405 2188 venerabile
1450 2132 1733 2189 dominica!
1778 2130 2070 2187 nativitatis

494 2232 902 2289 sacramentum,
926 2224 1068 2293 quod
1090 2223 1478 2279 exsultantibus
1498 2223 1687 2277 animis
1710 2222 1965 2277 hodierna
1984 2220 2075 2279 die

497 2316 743 2370 universa
799 2321 1082 2368 veneratur
1128 2312 1395 2376 Ecclesia,
1425 2312 1685 2366 similibus
1729 2310 1934 2379 gaudiis
1972 2324 2073 2364 nos

492 2414 707 2474 quoque
733 2404 1009 2458 celebrare
1029 2403 1308 2457 debemus.
1339 2402 1510 2456 Hodie
1547 2402 1688 2456 enim
1716 2409 1947 2455 aeternus
1982 2399 2072 2454 ille

491 2490 587 2545 Dei
616 2490 780 2549 Filius
808 2499 1053 2546 naturam
1082 2491 1367 2546 miseratus
1388 2491 1674 2545 humanam
1704 2490 1772 2544 de
1800 2490 2070 2557 regalibus

490 2579 703 2634 redibus
722 2595 823 2634 nos
865 2588 1209 2648 reparaturum
1257 2579 1550 2635 descendit.
1575 2578 1748 2635 Hodie
1782 2580 2069 2635 novusaille

491 2669 659 2725 Adam
693 2685 787 2724 sua
818 2671 1095 2725 nativitate
1123 2670 1351 2723 mirabili
1377 2678 1612 2725 nostram
1650 2670 1718 2724 de
1755 2686 1896 2725 novo
1923 2671 2065 2740 plas-

487 2758 655 2812 mavit
686 2766 948 2824 naturam,
965 2766 1021 2812 et
1044 2772 1165 2826 qum
1193 2758 1388 2813 veteris
1415 2758 1551 2814 Adae
1585 2759 1873 2814 miserabili
1916 2760 2066 2830 lapsu

489 2847 664 2902 fuerat
694 2846 888 2902 fmdata
914 2855 973 2902 et
993 2855 1266 2917 corrupta,
1298 2849 1531 2917 pretiosa
1581 2862 1675 2901 sua
1706 2849 1986 2905 nativitate
2012 2857 2068 2903 et

488 2938 818 3011 lacrymabili
849 2946 1022 2995 morte
1047 2938 1259 3017 reduxit
1297 2939 1364 2993 ad
1390 2939 1570 2993 vitam.
1628 2936 1801 2992 Hodie
1828 2938 1917 2993 ille
1944 2939 2066 2995 cmli

490 3037 863 3098 terrarumque
905 3026 1160 3084 Dominus
1211 3028 1547 3084 inﬁrmitates
1586 3038 1800 3087 nostras
1846 3030 2065 3085 visitare

486 3122 732 3190 dignatus
756 3130 859 3177 est.
891 3120 1003 3177 Hac
1020 3121 1111 3177 die
1128 3121 1438 3177 Bethlehem
1469 3121 1554 3175 illa
1576 3122 1762 3176 civitas
1786 3122 1884 3177 Dei
1920 3136 2064 3175 sum-

485 3212 581 3279 mi,
612 3219 668 3266 et
713 3228 833 3282 qua:
857 3214 1011 3283 panis
1058 3213 1247 3268 civitas
1288 3219 1655 3282 nuncupatur,
1694 3227 1885 3283 panem
1911 3212 2061 3266 illum

485 3302 762 3376 cmlestem
784 3302 939 3380 nobis
961 3302 1202 3372 protulit,
1225 3310 1280 3356 et
1302 3310 1485 3371 potum
1504 3317 1612 3373 quo
1638 3304 1728 3371 qui
1754 3303 1977 3357 saturati
2006 3310 2063 3357 et

2160 1676 2390 1746 quando
2416 1680 2733 1735 mortalibus
2750 1681 2972 1746 aditum,
2995 1698 3102 1751 quo
3122 1682 3234 1752 ipsa
3253 1682 3513 1738 scandere
3537 1683 3759 1738 valeant

2174 1766 2297 1825 ctuti
2323 1782 2576 1838 superna.
2600 1768 2861 1829 Caelestes
2889 1785 3103 1840 quoque
3130 1770 3319 1825 incolae
3357 1772 3599 1839 gestiunt
3624 1787 3759 1827 cun-

2175 1860 2277 1914 ctis
2319 1860 2625 1915 hominibus
2667 1861 2922 1916 hodierna
2946 1857 3033 1915 die
3073 1876 3223 1932 spem
3257 1859 3452 1916 factam
3477 1860 3757 1916 habitandi

2173 1950 2456 2005 :eternales
2484 1952 2602 2005 illas
2625 1951 2803 2013 sedes,
2836 1966 2969 2019 quas
2994 1950 3309 2021 praeparavit
3337 1948 3480 2006 Deus
3522 1950 3759 2019 diligen-

2174 2039 2319 2093 tibus
2342 2054 2437 2105 se;
2469 2047 2631 2109 atque
2660 2039 2907 2094 lmtantur
2934 2040 3138 2096 futuros
3157 2055 3278 2098 esse
3319 2040 3439 2095 illos
3464 2040 3757 2110 aliquando

2175 2128 2520 2186 beatitudinis
2548 2122 2688 2199 illius
2730 2129 3047 2199 participes,
3077 2129 3495 2205 gaudiorumqne
3524 2146 3757 2185 consor-

2174 2230 2272 2277 tes.
2296 2222 2509 2278 Gaudet
2534 2224 2746 2279 demum
2765 2229 2823 2280 et
2852 2224 2963 2293 ipsa
2984 2238 3241 2293 puerpera
3255 2222 3415 2291 Virgo
3438 2222 3757 2277 beatissima

2172 2326 2232 2365 se
2258 2311 2407 2365 illum
2433 2313 2647 2368 enixam
2676 2313 2837 2369 fuisse
2864 2328 3112 2383 puerum,
3141 2326 3299 2380 quem
3326 2327 3562 2381 superna
3592 2310 3755 2388 Spiri-

2172 2409 2257 2457 tus
2277 2404 2449 2457 sancti
2478 2404 2769 2460 irradiante
2808 2406 3027 2467 virtute.
3064 2406 3181 2460 sine
3230 2402 3338 2462 ullo
3366 2405 3571 2459 carnali
3600 2422 3756 2460 com-

2174 2493 2351 2561 plexu,
2377 2494 2624 2563 concepit
2651 2495 2704 2548 in
2730 2501 2885 2549 utero
2903 2494 3068 2549 Deum
3089 2491 3245 2549 simul
3272 2502 3434 2563 atque
3454 2494 3755 2549 hominem.

2172 2580 2438 2636 Lmtemur
2465 2597 2593 2651 ergo
2621 2592 2677 2637 et
2705 2598 2804 2638 nos
2832 2584 3012 2645 etiam,
3040 2583 3253 2651 fratres,
3284 2585 3337 2638 in
3364 2584 3466 2639 hac
3490 2586 3756 2640 sacratis-

2168 2672 2300 2725 sima
2327 2672 2434 2740 die,
2458 2687 2563 2742 qua
2585 2680 2741 2728 natus
2764 2681 2851 2729 est
2877 2674 3033 2728 nobis
3060 2673 3339 2743 Dominus,
3366 2676 3456 2744 qui
3484 2686 3571 2730 est
3590 2677 3756 2732 Chri-

2167 2769 2284 2815 stus
2309 2760 2466 2815 Jesus
2510 2761 2563 2814 in
2592 2762 2808 2816 civitate
2848 2759 3015 2814 David
3037 2802 3053 2827 ,
3076 2769 3131 2815 et
3174 2760 3241 2816 de
3268 2768 3431 2816 tanta:
3454 2763 3755 2820 nativitatis

2166 2850 2481 2905 celebritate
2506 2849 2848 2918 gaudeamus.
2881 2849 3053 2916 Quem
3077 2850 3218 2904 enim
3252 2850 3416 2905 modo
3442 2860 3633 2906 natum
3662 2870 3757 2909 ve.

2166 2956 2441 3009 neramur,
2468 2957 2572 2996 non
2608 2942 2881 2996 hominem
2909 2950 3117 2996 tantum
3146 2940 3432 3005 credimus,
3456 2942 3553 2997 sed
3583 2946 3755 2999 etiam

2166 3030 2355 3085 Deum.
2374 3031 2548 3088 Homo
2574 3032 2788 3101 quidem
2811 3032 3171 3087 membrorum
3200 3032 3583 3101 teneritudine,
3610 3034 3755 3089 Deus

2164 3129 2369 3189 autem,
2392 3129 2554 3191 atque
2580 3121 2879 3191 procedens
2894 3136 2926 3175 a
2946 3120 3059 3175 Deo
3081 3135 3149 3175 ex
3177 3120 3392 3174 illibata:
3419 3135 3530 3173 sum
3558 3123 3755 3177 matris

2165 3221 2449 3281 conceptu.
2484 3210 2551 3265 Et
2574 3227 2760 3265 revera
2791 3210 2958 3263 Deum
3005 3217 3061 3263 et
3086 3209 3358 3264 hominem
3384 3208 3534 3262 illum
3557 3209 3753 3279 fuisse,

2165 3310 2223 3357 ut
2242 3318 2307 3356 ex
2322 3301 2533 3356 diversa
2555 3299 2827 3367 Evangelii
2849 3299 3077 3355 lectione
3096 3298 3405 3365 audistis,et
3426 3298 3582 3352 stella
3607 3301 3752 3369 ipsa,

483 3393 730 3447 inebriati
777 3392 973 3448 fuerint
1022 3389 1212 3463 gaudia
1244 3406 1466 3463 semper
1500 3394 1786 3463 gustabunt
1834 3399 2051 3448 acterna.
2083 3441 2128 3503 Ο
2162 3408 2281 3464 qum
2300 3398 2479 3447 ortum
2506 3391 2671 3461 ipsius
2694 3390 2863 3458 magis
2883 3388 3240 3454 annuntiavit,
3269 3395 3325 3443 et
3361 3403 3481 3443 cum
3512 3392 3753 3457 pastori-

483 3480 749 3503 m_2-.-.___
780 3482 1013 3503 2_p.____-
1038 3491 1213 3503 ___.____
1243 3482 1386 3503 3n--_-
1426 3498 1533 3503 ---η
1569 3485 1724 3503 nun“
1769 3494 1915 3503 -.____
1953 3486 1967 3503 ι
2002 3502 2011 3503 ,
2158 3486 2173 3503 ι
2199 3500 2254 3503 κ--
2293 3492 2433 3503 -_.-_
2449 3482 2571 3503 ,1--..ι
2605 3480 2970 3503 --11-----..ι,υ.
3001 3475 3171 3503 ---ιοιΛε
3225 3477 3392 3503 “An...
3426 3491 3552 3503 Λα.-
3583 3480 3751 3503 ..ζ-...1

483 3480 752 3539 Tristatur
779 3482 1016 3538 infernus
1036 3491 1220 3537 natum
1243 3482 1390 3537 illum
1420 3498 1539 3538 esse
1566 3485 1730 3538 Deum
1764 3494 1924 3553 atque
1953 3486 2053 3540 ho-

482 3575 701 3640 minem,
727 3576 819 3645 qui
847 3575 1078 3630 claustra
1105 3590 1201 3629 sua
1228 3573 1516 3630 occludens
1550 3584 1813 3629 terrarum
1852 3576 2054 3631 incolas

483 3666 773 3720 transmisit
805 3665 873 3719 ad
897 3666 1110 3720 cmlum.
1134 3664 1268 3719 Caeli
1307 3662 1415 3735 24
1441 3671 1620 3718 autem
1640 3664 1906 3729 laetantur,
1959 3674 2055 3735 per

482 3753 639 3826 hujus
668 3754 952 3810 adventum
985 3754 1232 3811 universo
1260 3754 1378 3811 orbi
1406 3751 1731 3823 patefactum
1763 3752 1924 3809 fuisse
1953 3756 2051 3808 ali-

2158 3486 2259 3540 bus
2286 3482 2574 3539 ostendunt
2601 3480 2972 3549 colloquentes
2999 3475 3192 3546 angeli.
3225 3477 3394 3531 Deum
3424 3491 3554 3545 ergo
3582 3480 3751 3536 simul

2158 3585 2319 3647 atque
2343 3574 2616 3631 hominem
2645 3572 2807 3629 fuisse
2832 3571 3052 3628 credere
3071 3570 3290 3628 omnino
3317 3569 3599 3627 debemus.
3634 3571 3751 3627 Ex-

2156 3666 2324 3737 puczi.

1796 3896 1797 3899 η
1840 3862 2185 3927 HOMILIA
2230 3865 2343 3927 IX.

1739 3958 1817 4013 De
1841 3958 2126 4029 Natioitate
2148 3963 2352 4018 Domini
2383 3960 2486 4016 IV.

1916 4053 2305 4110 ΑΒΜΟΝΙΤΙΟ.

549 4145 695 4218 Satis
718 4145 823 4200 hac
849 4144 1149 4218 dehomilia
1178 4144 1229 4198 in
1257 4151 1551 4199 comment.
1578 4145 1701 4200 vita:
1721 4145 1779 4218 ξ.
1823 4145 2056 4218 Maximi,
2080 4157 2135 4204 et
2178 4150 2234 4204 in
2264 4147 2574 4218 praefatione
2601 4145 2766 4218 locuti
2790 4156 3221 4218 sumns,_neque_
3246 4140 3389 4218 aliud
3427 4141 3743 4218 addendum

479 4216 819 4282 arbitramur,
843 4215 944 4268 nisi
965 4229 1081 4268 eam
1111 4221 1387 4282 acceptam
1407 4227 1527 4268 esse
1553 4228 1621 4268 ex
1647 4214 1839 4275 eodem
1862 4211 2049 4272 codice
2073 4218 2131 4272 S.
2174 4211 2419 4272 Dalmatii
2448 4213 2659 4270 num.'9
2683 4213 2751 4268 de
2780 4214 2988 4268 nativit.
3012 4211 3257 4278 Domini;
3300 4211 3355 4265 in
3393 4211 3518 4267 cod.
3551 4223 3744 4270 autem

480 4278 699 4339 Taurin.
724 4278 812 4338 est
834 4283 1018 4339 homil.
1049 4282 1136 4337 l5.
1168 4282 1223 4336 ln
1239 4278 1479 4351 utroque
1504 4282 1718 4353 prmfert
1744 4286 1957 4341 titulum
1991 4303 2004 4339 :
2038 4285 2167 4341 Item
2195 4296 2245 4341 et
2269 4287 2332 4341 de
2350 4287 2617 4341 nativitate
2640 4282 2869 4337 Domini.

481 4393 865 4449 Aacuusnruu.
888 4425 960 4436 —
978 4391 1214 4447 Meminit
1240 4391 1677 4447 condemnationis
1698 4394 1905 4448 haeresis
1930 4394 2060 4448 Hel-

549 4464 673 4517 vidii
710 4471 758 4515 et
785 4463 1256 4534 Joviniqnihcontra
1302 4460 1544 4534 Deiparc
1587 4464 1950 4534 virginitatem,
1990 4466 2058 4517 ei-

545 4550 641 4604 que
666 4533 855 4603 dogma
882 4531 1187 4586 catholicum
1224 4533 1451 4601 opponit.

544 4660 949 4717 Sanctissimam
988 4659 1127 4715 hanc
1152 4658 1404 4716 dominici
1424 4658 1614 4717 natalis
1640 4662 1802 4729 diem,
1834 4663 2048 4731 fratres,

472 4768 635 4821 quam
664 4758 769 4804 una
808 4750 1083 4804 nobiscum
1111 4750 1355 4804 universa
1400 4752 1675 4805 exsultans
1702 4753 2046 4807 concelebrat

2161 4404 2273 4451 tum
2332 4394 2587 4449 inviolata
2634 4392 2786 4460 virgo
2834 4391 3147 4461 permansit.
3214 4389 3375 4446 Ridet
3423 4392 3559 4446 tanti
3609 4408 3743 4462 pro-

2156 4485 2471 4539 funditatem
2499 4483 2735 4554 mysterii
2771 4496 2912 4538 cmca
2939 4488 2996 4536 et
3020 4480 3182 4536 stulta
3215 4480 3508 4549 gentilitas,
3540 4480 3742 4539 irridet

2154 4589 2368 4645 quoque
2396 4573 2559 4642 impia
2592 4573 2680 4626 illa
2717 4569 3067 4641 blasphemia,
3094 4584 3215 4638 quae
3232 4569 3608 4639 superioribus
3628 4571 3742 4627 die-

2151 4665 2268 4728 bus,
2297 4663 2662 4731 dumpartum
2690 4660 2925 4729 Virginis
2952 4665 3234 4715 attenuere
3255 4659 3622 4729 ιπωειιιῐψεὶιἱ
3654 4670 3741 4716 at-

2147 4771 2250 4822 que
2296 4767 2663 4822 corrumpere,
2701 4751 2972 4809 Christum
3018 4751 3301 4805 Dominum
3354 4757 3609 4805 nostrum
3666 4768 3737 4809 ex

2146 4844 2363 4911 Virgine
2402 4843 2675 4913 procreari
2718 4857 2825 4895 non
2852 4842 3093 4911 potuisse
3130 4839 3543 4909 blasphemavit.
3575 4839 3737 4897 Hanc

470 4841 739 4919 Ecclesia,
767 4840 1193 4910 competentibus
1219 4841 1424 4907 gaudiis
1450 4856 1550 4895 nos
1576 4856 1790 4910 quoque
1811 4844 2045 4897 celebre-

2142 4944 2325 4989 sancta
2355 4933 2763 4988 Mediolanensis
2806 4930 3044 4986 Ecclesia
3071 4930 3281 4985 horruit
3306 4929 3731 4999 blasphemiam,

470 4946 610 4988 mus.
641 4930 814 4987 Hodie
838 4938 1069 4986 aeternus
1088 4930 1177 4985 ille
1198 4929 1295 4985 Dei
1313 4930 1478 4985 Filius
1504 4945 1603 5000 pro
1631 4931 1785 4986 nobis
1810 4932 1876 4985 de
1896 4933 2045 4987 cmlis

469 5020 747 5077 descendit
768 5018 833 5074 ad
856 5027 1049 5088 terras,
1078 5026 1137 5073 ut
1156 5020 1459 5082 universum
1490 5020 1768 5088 mundum,
1797 5035 1953 5090 quem
1975 5020 2043 5073 ab
2144 5026 2287 5079 illam
2315 5024 2587 5095 synodalis
2612 5029 2797 5078 noster
2826 5036 2933 5077 uno
2962 5036 3057 5076 ore
3082 5020 3355 5075 damnavit
3393 5028 3730 5086 conventus,

469 5108 624 5163 initio
664 5116 1263 5177 creaverat,evocaret
1306 5108 1375 5162 ad
1413 5102 1630 5165 Caelum.
1663 5107 1835 5165 Hodie
1858 5110 1909 5163 in
1938 5107 2041 5164 line
2142 5116 2384 5171 eamdem
2415 5122 2693 5169 exsecrata
2732 5122 2816 5167 est
2841 5112 2931 5181 pia
2974 5111 3087 5181 ipsa
3132 5107 3423 5180 imperialis
3448 5117 3728 5179 potestas.

470 5208 772 5268 temporum
816 5198 904 5252 ille
945 5206 1101 5253 natus
1127 5207 1210 5253 est
1236 5197 1423 5267 homo,
1452 5189 1549 5269 qui
1585 5209 1710 5254 ante
1738 5202 1914 5255 omnia
1942 5216 2041 5256 εω-
2141 5204 2230 5259 Ειε
2242 5205 2349 5258 nim
2377 5202 2507 5257 dum
2535 5201 2847 5257 honorabile
2875 5199 3201 5255 connubium
3226 5198 3525 5265 virginitati
3556 5213 3731 5255 ausus

465 5291 588 5347 cuia
609 5291 913 5360 unigenitus
925 5292 1185 5360 processit
1203 5306 1234 5345 a
1254 5288 1431 5345 Patre.
1447 5291 1626 5347 Novus
1644 5292 1853 5360 quidem
1873 5292 2034 5346 homo
2135 5302 2219 5347 est
2238 5303 2477 5362 aequare,
2502 5291 2769 5346 Christum
2797 5289 3133 5357 blasphemat
3156 5302 3225 5342 ex
3251 5286 3462 5356 virgine
3490 5302 3605 5343 non
3634 5305 3729 5360 po.

465 5380 521 5435 in
576 5387 842 5451 t‘emwre,
886 5380 981 5435 sed
1016 5371 1085 5435 ab
1130 5388 1332 5436 aeterne
1369 5379 1543 5447 Deus;
1597 5396 1769 5436 novus
1818 5381 2032 5449 quidem
2134 5383 2299 5437 tuisse
2326 5380 2598 5449 generari;
2630 5394 2751 5434 cum
2779 5391 2976 5445 negare
3015 5392 3120 5430 non
3149 5375 3347 5431 audeat
3373 5390 3439 5429 ex
3482 5377 3725 5433 muliere

462 5470 730 5540 Christus,
758 5470 853 5526 sed
884 5469 1141 5527 Dominus
1168 5472 1402 5527 omnium
1431 5475 1767 5527 seculorum.
1799 5473 1901 5543 25
1931 5471 2033 5527 Ho-
2130 5470 2289 5526 editis
2316 5471 2672 5525 humanorum
2699 5467 2980 5537 pignorum
3017 5465 3280 5536 partubus
3317 5464 3562 5533 virgines
3593 5483 3724 5537 per-

464 5561 551 5616 die
595 5561 902 5617 beatissima
939 5562 1029 5616 illa
1068 5562 1230 5632 Virgo
1264 5562 1429 5619 Maria
1474 5565 1685 5634 peperit
1737 5564 2025 5629 hominem,
2130 5574 2367 5615 manere.
2396 5558 2597 5614 Verum
2622 5570 2869 5626 quaenam
2895 5555 3008 5610 hac
3031 5562 3117 5609 est
3143 5552 3430 5623 impudens
3457 5562 3514 5612 et
3531 5562 3718 5611 teme-

463 5667 624 5723 quem
670 5669 777 5708 non
827 5652 1056 5723 suscepit
1092 5652 1158 5709 ab
1188 5654 1419 5721 homine,
1469 5660 1523 5708 et
1564 5667 1683 5721 qua:
1722 5659 1854 5707 ante
1900 5664 2025 5719 par-
2126 5650 2269 5703 raria
2294 5647 2522 5715 fallacia,
2556 5646 2830 5702 Christum
2855 5642 3139 5699 Dominum
3167 5650 3414 5698 nostrum
3434 5640 3627 5735 dicere
3648 5660 3717 5701 ex
