3924 6232
161 359 241 413 211
1549 348 1835 411 HOMIUA
1866 347 1925 402 Χ.

3306 342 3413 398 212

163 475 344 533 Virgine
385 467 635 534 generari
676 481 800 520 non
845 466 1099 535 potuisse,
1146 478 1267 517 cum
1304 462 1483 530 ipsum
1525 462 1592 514 ab
1621 461 1724 515 illis
1754 466 1800 524 Α
1830 477 1939 514 cem
1967 460 2137 524 linea,
2157 476 2277 530 quia
2299 459 2451 529 periit
2471 456 2784 524 character),
2809 456 2996 520 voluit,
3019 463 3076 512 et
3103 455 3240 517 facta
3262 465 3408 511 sunt.

163 557 386 613 credatur
424 559 701 613 hominem
741 558 872 612 sine
923 556 1111 609 femina
1149 569 1334 608 creare
1364 553 1639 622 potuisse?
1669 551 1738 604 Si

165 646 261 715 ipse
283 648 394 700 sine
420 647 533 701 ullo
565 647 760 701 femini
791 654 852 701 et
883 645 1016 700 virili
1041 659 1201 698 sexus
1227 642 1511 711 complexu
1533 642 1727 695 mulie-

162 756 259 793 rem
279 740 443 809 potuit
466 741 521 793 in
552 740 734 793 lucem
757 738 942 802 edere,
975 753 1068 791 cur
1092 751 1284 790 novum
1316 734 1586 787 hominem
1611 733 1729 786 sine

117 881 124 889 .
164 833 254 887 ullo
276 834 469 886 carnali
493 833 797 901 complexu
819 844 1076 898 generare
1106 843 1209 882 non
1233 827 1472 896 potuisse
1501 825 1729 880 dicitur?

160 920 206 975 Si
231 921 279 975 in
307 921 464 991 primi
493 921 630 975 Δάαι
664 927 939 989 conceptu
967 919 1135 974 solam
1165 918 1258 972 Dei
1284 916 1729 985 omnipotentiam

160 1011 270 1063 satis
297 1009 456 1064 fuisse
482 1010 705 1075 credis;
732 1026 848 1071 cur,
867 1008 1050 1073 frater,
1076 1007 1130 1061 in
1151 1005 1373 1061 secundi
1393 1004 1519 1059 Adae
1540 1005 1731 1058 adven-

163 1106 226 1163 ιιι,
253 1114 345 1168 per
370 1115 538 1170 quem
563 1101 622 1154 in
649 1115 753 1155 nos
779 1099 922 1153 salus
949 1106 1149 1153 aeterna
1174 1095 1473 1160 descendit,
1500 1109 1596 1163 per
1625 1094 1733 1165 26

162 1203 302 1255 quem
321 1205 509 1244 omnes
539 1188 786 1258 reparati
808 1203 1010 1250 sumus,
1037 1185 1273 1241 divinam
1294 1185 1514 1253 negabis
1541 1193 1733 1252 poten-

163 1277 309 1331 tiam?
335 1276 445 1333 Sed
467 1279 515 1332 si
544 1286 745 1332 contra
771 1283 1015 1330 naturam
1046 1291 1153 1329 non
1179 1281 1264 1328 est
1286 1273 1544 1341 virginem
1573 1287 1734 1341 posse

164 1367 447 1434 concipere,
481 1382 613 1421 cum
645 1366 791 1419 Deus
817 1365 993 1419 omnia
1021 1363 1195 1418 facere
1217 1363 1737 1432 potuerit,qua:cun-

165 1469 254 1522 que
294 1455 460 1508 voluit
497 1456 552 1508 in
595 1456 742 1509 cmlo
782 1463 833 1508 et
874 1455 928 1508 in
958 1463 1120 1518 terra,
1150 1469 1246 1507 cur
1272 1461 1460 1507 contra
1490 1460 1735 1505 naturam

166 1559 269 1599 esse
295 1548 490 1601 asseris
511 1547 806 1613 virginem,
831 1545 926 1599 Dei
948 1544 1332 1613 omnipotentis
1352 1551 1611 1613 operante
1639 1543 1739 1595 vir.

170 1641 189 1686 t
219 1643 284 1697 te,
309 1636 468 1690 i'lzesa
497 1636 887 1705 virginitate...
917 1635 1098 1690 omnia
1117 1635 1263 1689 enim
1283 1649 1616 1703 quiscunque
1645 1649 1731 1686 vo-

170 1722 253 1775 luit
291 1723 426 1780 Dcus
453 1725 589 1781 fecit
620 1727 677 1779 in
709 1725 847 1803 caelo
890 1732 946 1779 et
976 1726 1028 1778 in
1061 1731 1220 1779 terra.
1253 1724 1435 1779 Voluit
1467 1725 1739 1778 hominem
1785 1757 1787 1759 ι

170 1809 228 1866 de
251 1811 370 1868 limo
397 1813 650 1870 formare
675 1813 897 1870 et'fecit.
926 1812 1152 1879 leum,
1188 1821 1382 1870 terram
1413 1811 1633 1884 (Desunt
1655 1812 1737 1866 de-
1773 1803 1814 1861 Β

1836 549 2014 603 Voluit
2041 549 2391 602 lsraeliticum
2439 546 2696 616 populum
2727 561 2825 614 per
2853 545 3017 598 maris
3056 545 3226 598 undas
3266 545 3412 599 sicco

1835 641 1972 709 pede
2001 638 2252 705 transire,
2276 645 2330 692 et
2358 637 2557 692 factum
2587 643 2688 691 est.
2716 634 2796 688 Ad
2823 633 3095 688 Gedeonis
3123 647 3313 702 preces
3332 648 3416 686 so-

1834 729 1939 782 lem
1968 728 2020 781 in
2043 743 2141 781 suo
2170 741 2328 781 cursu
2356 733 2498 779 stare
2522 723 2702 793 jussit,
2725 730 2781 777 et
2807 722 2973 776 stetit.
2997 720 3175 775 Voluit
3195 719 3415 774 domum

1836 817 2089 871 intactam
2117 816 2400 883 virginem,
2428 815 2735 882 virginitate
2777 814 2853 866 illi
2882 818 3256 881 permanente.
3282 825 3416 879 pue-

1835 922 1955 960 rum
1980 920 2192 975 parere,
2233 913 2286 958 et
2316 906 2430 973 ipsa
2461 905 2686 974 peperit.
2719 902 2872 969 Quod
2895 916 3025 969 ergo
3047 902 3100 954 in
3129 909 3288 970 partu
3312 901 3417 954 isto

1833 995 2038 1048 cmlesti
2081 993 2258 1064 (Deest
2292 994 2504 1063 folium,
2521 1002 2697 1062 postea
2726 993 2799 1044 ita
2828 991 3196 1060 concluditur).
3251 990 3415 1057 Ergo,

1835 1083 2052 1152 fratres,
2085 1083 2414 1145 ineluetabili
2445 1082 2548 1136 lide
2579 1097 2644 1136 ac
2697 1081 2987 1136 devotione
3026 1079 3187 1134 solita
3235 1093 3419 1132 sacer-

1798 1215 1799 1218 η
1834 1178 1977 1232 dotis
2013 1185 2095 1230 tot
2133 1191 2351 1244 semper
2397 1174 2616 1229 monitis
2661 1173 3007 1237 inhmrentes,
3052 1185 3151 1240 per
3179 1167 3417 1236 religiosi

1836 1266 2045 1321 itineris
2063 1266 2197 1332 vias,
2219 1280 2281 1319 ac
2310 1263 2552 1318 veritatis
2573 1262 2812 1328 semitas,
2836 1275 2974 1328 quas
2995 1260 3245 1323 universa
3268 1264 3418 1311 tenet
3459 1267 3468 1277 ’

1838 1356 2076 1412 Ecclesia
2114 1356 2455 1424 gradientes,
2494 1355 2663 1421 magis
2709 1354 2988 1422 magisque
3035 1351 3416 1406 haereticorum

1837 1447 1992 1501 devia
2022 1455 2076 1501 et
2110 1446 2373 1502 diabolica
2401 1444 2604 1500 calcate
2633 1443 2902 1509 ﬁgmenta.
2930 1440 3115 1510 Neque
3152 1438 3299 1492 enim
3327 1437 3420 1492 de.

1840 1538 1930 1591 bet
1952 1536 2120 1593 fidelis
2141 1537 2339 1601 anima,
2367 1548 2486 1603 quae
2507 1533 2674 1587 Deum
2695 1520 3027 1601 quaecunque
3049 1530 3218 1588 voluit
3239 1529 3418 1584 facere

1841 1628 2078 1696 potuisse
2098 1627 2267 1684 credit
2297 1626 2520 1698 (Desunt
2545 1625 2662 1678 dua:
2687 1622 2888 1693 linere);
2919 1623 3010 1695 qui
3038 1621 3254 1680 aeternis
3281 1621 3418 1690 igni-

1841 1720 1943 1775 bus
1976 1718 2392 1776 consummabit.
2423 1716 2672 1772 Exolicit.

1547 1921 1892 1982 HOMILIA
1935 1921 2022 1980 Χ..
2071 1966 2074 1969 -

1429 2021 1510 2076 De
1534 2021 1823 2076 Natiuit-ate
1853 2021 2063 2075 Domini
2094 2020 2156 2074 γ.

1601 2108 1995 2165 ADMONITIO.

235 2202 408 2258 Plures
434 2211 568 2258 sunt
600 2202 818 2258 codices

843 2215 1176 2270 gravismmte
1214 2211 1356 2257 notae
1391 2199 1704 2270 pneelaram
1755 2197 1898 2254 hanc
1941 2200 2216 2270 homiliam
2255 2198 2489 2270 Maslmo
2529 2203 2852 2270 asserentes.
2897 2192 3168 2270 imprimis
3193 2197 3425 2270 quatuor

175 2271 371 2328 codices
393 2271 702 2344 Vaticauos
729 2260 886 2339 1267,
922 2286 1041 2341 pag.
1072 2271 1168 2344 91_,
1195 2270 1360 2344 4951,
1538 2270 1592 2344 6,
1618 2269 1750 2344 Vatiq

1851 2270 1995 2344 'ala_t.
2028 2268 2155 2344 4'63,
2181 2268 2544 2344 pag._1Q1,__et
2575 2267 2746 2344 vatio.
2774 2260 3154 2344 .Regiuaf$_125,
3185 2275 3315 2344 palgl.‘
3337 2260 3425 2344 70,

176 2342 580 2396 memorabimus
622 2357 758 2463 quos
786 2328 1082 2410 sequuntur
1109 2328 1499 2395 Tauriuensisi':
1539 2328 1617 2392 De
1646 2341 1912 2392 nativitate
1933 2328 2153 2393 Domini
2170 2328 2347 2391 toﬁna.
2375 2336 2424 2403 Ι,
2443 2328 2817 2390 ’Νοντιιδὶθιιδοε
2842 2328 2953 2387 duo
2975 2333 3066 2398 27,
3097 2328 3219 2400 pag.
3248 2328 3338 2394 69,
3361 2337 3426 2408 ,ιιι

176 2409 261 2463 siit.
284 2410 316 2462 Ι.
347 2410 411 2463 0.
441 2428 604 2463 num.
671 2411 720 2463 1.
746 2423 868 2463 nas.
911 2410 1002 2463 20.
1032 2410 1315 2463 Auaiensis
1341 2426 1450 2463 xw.
1481 2408 1790 2462 Casinensis
1819 2407 1941 2463 106.
1973 2421 2094 2463 pag.
2127 2407 2215 2463 12.
2240 2406 2622 2462 Modoetiensis
2650 2407 2747 2463 sig.
2783 2405 2819 2459 l.
2852 2402 2895 2455 E
2923 2417 2999 2463 ιιι,
3026 2400 3426 2462 Lambacensxs,

175 2409 261 2475 sig.
284 2410 316 2462 Ι.
347 2410 411 2476 0,
441 2428 604 2465 num.

177 2490 283 2544 pag.
324 2476 412 2544 95,
439 2495 662 2545 omnes,
694 2476 910 2533 nomine
939 2478 998 2532 S.
1028 2476 1244 2532 Maximi
1286 2479 1518 2532 homilim
1561 2478 1722 2531 inseri

177 2494 283 2544 pag.
324 2494 412 2544 uo,
439 2495 662 2545 omnes,
694 2495 910 2533 nomine
939 2494 998 2532 δ.
1028 2494 1244 2532 maximi
1287 2494 1518 2532 nomune
1561 2494 1722 2531 mSCl'l

177 2546 419 2617 similihus
449 2549 630 2602 innixi
654 2547 947 2617 Gymnicus
966 2560 1096 2617 pag.
1128 2546 1216 2614 12,
1240 2545 1544 2617 Galesinins
1575 2560 1693 2617 pag.
1728 2494 1762 2599 ἕ

183 2613 288 2685 169,
313 2615 644 2685 Baynaudus
669 2613 792 2685 pag.
814 2615 936 2682 195,

181 2682 237 2737 de
263 2682 460 2740 uativit.
496 2682 986 2740 Dom—ediderunt.

186 2790 558 2850 Anconem-run.
577 2794 879 2848 —Verbum
899 2795 1127 2848 divinum
1147 2795 1210 2847 ab
1232 2803 1423 2848 (eterna
1452 2801 1745 2863 generatum

242 2879 271 2914 a
298 2863 474 2929 Patre,
507 2882 628 2917 cum
653 2866 709 2935 in
739 2866 888 2917 terris
909 2864 1057 2917 homo
1091 2866 1235 2935 nasci
1263 2864 1617 2935 dignatusgit,
1642 2880 1745 2935 non

243 2935 490 2986 communi
535 2933 693 2987 modo
731 2940 1039 3002 conceptus,
1092 2933 1182 2986 sed
1225 2948 1449 3002 superna
1492 2933 1746 2984 A‘ltissimi

243 3014 477 3081 operai-tte
512 3005 820 3081 uir-tutata:
848 3011 1014 3079 matre
1058 3003 1500 3081 virginencarnem
1547 3017 1748 3081 (issam-

245 3070 356 3190 ;bsit.
389 3069 621 3125 Docebat
667 3072 803 3125 enim
829 3074 953 3124 tatis
981 3068 1222 3125 ortus'in
1261 3069 1501 3123 humanis
1551 3068 1746 3122 Filiam

291 3155 353 3190 es.

291 3155 353 3192 ει.

249 3334 430 3402 Hodie,
474 3337 674 3392 fratres
712 3335 996 3403 carissimi,
1025 3334 1268 3390 Christus
1305 3342 1464 3389 natus
1499 3344 1602 3398 est,
1652 3352 1751 3390 nos

187 3427 359 3480 renati.
390 3427 566 3482 Hodie
592 3425 842 3480 Salvator
870 3425 1052 3478 mundi
1092 3439 1190 3492 per
1223 3428 1452 3477 matrem
1499 3424 1750 3478 nascendi

188 3523 380 3585 tempus
407 3517 645 3586 accepit,
674 3515 765 3583 qui
794 3514 862 3569 de
905 3513 1064 3568 Patre
1107 3515 1399 3568 nativitatis
1443 3529 1550 3569 non
1591 3514 1753 3569 habet

189 3615 398 3675 tempus.
430 3605 606 3660 Hodie
636 3620 734 3674 per
760 3604 1032 3658 hominem
1060 3603 1225 3657 Filius
1252 3602 1347 3657 Dei
1377 3597 1643 3671 ingressus
1670 3611 1754 3657 est

189 3698 444 3761 mundum,
473 3696 632 3765 cujus
656 3710 820 3748 manu
845 3702 969 3747 ante
998 3693 1270 3747 hominem
1287 3691 1469 3770 'factus
1490 3700 1573 3745 est
1597 3708 1752 3745 mun-

188 3785 290 3838 dus.
322 3786 488 3840 Hodie
517 3784 791 3839 habitator
818 3783 938 3837 θαιιί
967 3782 1112 3836 venit
1139 3781 1206 3835 ad
1240 3788 1434 3848 terras,
1465 3782 1556 3850 qui
1586 3790 1754 3835 terra-

188 3893 288 3930 rnn
329 3879 532 3933 incolas
577 3883 834 3930 evocaret
870 3873 938 3927 ad
978 3873 1191 3927 omium.
1235 3871 1517 3939 Mirabilis,
1564 3871 1753 3939 inquit,

189 3963 314 4018 Deus
337 3969 390 4020 in
415 3967 617 4020 sanctis
653 3966 764 4018 suis
803 3963 975 4034 (Psal.
1009 3962 1195 4032 van).
1222 3961 1280 4016 Si
1323 3963 1378 4016 in
1418 3963 1616 4024 sanctis
1643 3962 1755 4016 suis

188 4053 430 4107 mirabilis
470 4053 638 4119 Deus,
681 4052 956 4120 quomodo
1001 4067 1110 4105 non
1145 4051 1199 4104 in
1227 4065 1288 4105 se
1314 4051 1434 4119 ipso
1459 4051 1755 4104 mirabilis?

191 4140 239 4194 Si
262 4145 518 4198 mirabilis
545 4143 600 4196 in
639 4140 867 4209 Joanne,
896 4156 1056 4210 quem
1079 4140 1226 4195 nasci
1259 4139 1326 4194 de
1353 4139 1514 4194 Patre
1541 4141 1756 4194 senissi-

193 4249 271 4288 uio
302 4246 353 4288 et
380 4234 556 4289 sterili
585 4233 654 4286 de
681 4239 854 4285 matre
884 4231 1159 4300 praecepit,
1183 4238 1387 4299 quanto
1420 4231 1588 4296 magis
1617 4232 1669 4283 in
1696 4245 1756 4284 se

191 4329 266 4373 est
289 4322 573 4389 mirabilis,
602 4321 718 4388 qui,
749 4327 806 4372 ut
835 4327 1031 4374 nostra:
1060 4319 1383 4374 conditionis
1412 4335 1629 4374 carnem
1668 4321 1753 4374 in-

191 4407 386 4481 dueret,
411 4426 615 4464 novum
636 4408 831 4478 virgini
850 4416 906 4463 et
924 4417 1243 4478 conceptum
1265 4409 1413 4465 dedit
1439 4419 1494 4465 et
1518 4420 1752 4484 partum.

257 4567 283 4595 ·
305 4558 360 4612 ιιι
389 4558 518 4613 cod.
566 4557 822 4629 Vaticano
854 4557 1011 4626 1267,
1055 4573 1176 4629 pag.
1224 4557 1313 4626 90,
1354 4560 1548 4628 legitur
1579 4580 1594 4615 :
1628 4563 1756 4617 Sine
1785 4545 1834 4604 ι)

191 4639 456 4696 generante
475 4629 650 4708 [actus
669 4635 743 4680 est
769 4628 934 4681 homo.
1059 4628 1071 4629 ί
1671 4689 1674 4692 ,

254 4698 455 4777 Auctor
473 4695 664 4777 incdit;
693 4712 919 4777 stucle
932 4695 1542 4777 _Mysteriis__red_ei_npt.
1569 4701 1751 4777 (ruma-

191 4780 264 4818 nce
283 4767 332 4819 in
352 4767 478 4821 cod.
497 4764 605 4818 Ott.
622 4765 793 4818 Vatic.
819 4763 942 4832 772,
965 4767 1056 4819 lib.
1078 4763 1114 4834 ἱ,
1135 4782 1254 4836 cap.
1271 4767 1324 4831 5,
1354 4768 1441 4822 ubi
1469 4763 1532 4821 de
1555 4771 1752 4823 duabus

258 4880 272 4908 ⁸
303 4878 392 4930 Est
418 4875 470 4929 id
499 4875 568 4928 de
593 4875 805 4942 gemina
830 4875 1126 4944 substantia
1158 4885 1435 4944 acceptum
1458 4892 1525 4931 ex
1555 4880 1753 4944 hymno

191 4945 294 4999 is.
325 4945 616 5006 Ambrosii,
665 4952 798 4998 tom.
827 4943 892 4997 ιν
914 4960 1039 5013 opp.
1073 4944 1206 4998 edit.
1239 4943 1456 4999 Venetae
1481 4963 1568 4999 an.
1595 4943 1751 5012 1751,

193 5029 303 5137 Et}:
351 5014 480 5078 309,
525 5027 686 5092 quem
745 5013 962 5093 quidem
1008 5013 1264 5082 hymnum
1310 5014 1491 5068 laudat
1536 5016 1590 5069 S.
1641 5016 1758 5097 Cu;-

250 5093 408 5137 ‘unus
454 5083 698 5137 pontifex
743 5096 886 5134 max.
937 5099 988 5134 in
1017 5095 1084 5135 eo
1111 5096 1360 5137 sermone
1382 5099 1540 5137 auem
1571 5085 1756 5137 habuit

250 5084 408 5138 stiuus
454 5083 698 5151 pontifex
743 5096 886 5151 mas.
937 5082 988 5134 in
1017 5095 1084 5135 eo
1099 5096 1360 5151 sermone
1382 5099 1540 5151 quem
1571 5085 1756 5138 habuit

192 5152 240 5204 in
265 5152 494 5207 concilio
523 5150 766 5204 Romano
791 5149 1046 5205 adversus
1066 5150 1295 5206 Nestorii
1315 5149 1580 5206 hmresim.
1611 5154 1756 5208 Con-

193 5219 265 5289 [er
292 5230 422 5289 tom.
465 5218 744 5287 lEpistol.
803 5218 959 5289 Rom.
991 5218 1208 5289 pontii,
1237 5235 1360 5288 pag.
1415 5221 1574 5289 1098,
1619 5223 1751 5276 edit.

194 5286 352 5343 Paris.
375 5285 676 5362 Constantii
700 5301 823 5362 pag.
854 5285 1148 5342 172121am
1175 5285 1302 5362 vero
1315 5285 1584 5362 :Maximus
1604 5294 1761 5362 gemi-

195 5373 304 5409 nant
331 5357 712 5424 substantiam,
742 5359 846 5411 hoc
864 5367 945 5430 est
974 5365 1216 5413 naturam
1240 5359 1292 5411 in
1316 5359 1418 5430 Dei
1442 5357 1759 5430 Verbi'per-

193 5441 316 5497 sona
334 5436 741 5497 commemorat,
763 5426 907 5495 quod
931 5427 1102 5494 ipsum
1125 5433 1206 5497 est
1226 5429 1546 5497 catholicum
1568 5426 1761 5497 dogma

195 5494 568 5568 ab_apostolica
590 5495 720 5550 sede
748 5494 998 5568 primum,
1026 5496 1232 5568 tuniah
1263 5496 1528 5568 Ephesina
1557 5494 1761 5568 synodo

195 5563 458 5632 deﬁnitum
513 5574 705 5619 contra
751 5563 1062 5618 hmreticum
1119 5563 1319 5632 dogma
1360 5563 1756 5622 Nestorianum.

195 5629 387 5703 Eodem
408 5643 590 5703 atque
632 5635 856 5688 Maximi
877 5634 1120 5695 doctrina
1145 5629 1411 5701 recidunt,
1438 5651 1557 5703 qum
1577 5639 1763 5691 scribit

196 5698 247 5754 S.
279 5699 381 5756 Leo
405 5700 472 5759 hi.
504 5698 664 5759 serm.
692 5704 786 5772 20,
819 5704 910 5772 qui
934 5711 1013 5758 est
1035 5704 1238 5773 primus
1258 5704 1325 5759 de
1355 5698 1633 5763 nati'vitatc
1662 5707 1763 5761 Do-

671 2397 720 2477 1,
746 2397 884 2487 pag:
911 2410 1002 2487 29,
1029 2410 1315 2487 Augiensis
1341 2408 1790 2487 xvi,_Casinen_3is
1819 2407 1941 2474 106,
1973 2421 2094 2487 pag.
2127 2407 2215 2475 12,
2240 2397 2622 2487 Modoetieusis
2650 2407 2747 2474 sig.
2783 2405 2819 2487 ll.
2852 2397 3427 2487 Ειιιιιπμξιίιιιιειιξςιὶξξξ,

1767 2485 1842 2544 ιο,
1885 2469 2225 2546 perspicuum
2275 2477 2638 2530 testimonium
2680 2469 2942 2542 prmbent.
2988 2469 3083 2522 llis
3127 2470 3430 2533 harumque

1767 2547 1818 2601 8.
1849 2544 2206 2601 Combeﬁsius
2235 2553 2366 2599 tom.
2393 2543 2434 2601 l.
2466 2558 2589 2601 pag.
2617 2543 2742 2601 206.
2773 2541 3028 2596 Cumdius
3057 2545 3202 2590 tom-
3227 2536 3425 2601 l,‘pag.

1018 2560 1096 2614 ag.
1128 2546 1216 2614 12,
1240 2545 1544 2602 Galesinius
1575 2560 1693 2615 pag.
1728 2541 1750 2599 ε

1018 2617 1300 2685 argarinus
1319 2616 1446 2671 edit.
1477 2616 1648 2684 Lugd.
1673 2631 1744 2669 an

1851 2541 2206 2601 tlombeﬁsius
2235 2553 2366 2599 tom.
2393 2543 2434 2611 l,
2466 2558 2589 2614 pag.
2617 2541 2742 2609 206,
2773 2541 3028 2596 Cumdius
3057 2545 3202 2590 tom-
3227 2541 3427 2614 l,‘pag.

1851 2616 1931 2684 77,
1952 2625 2081 2670 tom.
2099 2631 2172 2684 vi,
2195 2629 2316 2684 pag.
2349 2613 2403 2681 1,
2429 2615 2569 2669 hanc
2588 2613 2814 2683 primam
2844 2608 3195 2664 homiliarum
3212 2605 3431 2658 Maximi

1856 2792 1943 2845 Ait
1970 2793 2028 2847 S.
2069 2791 2321 2847 llabacuc
2350 2792 2614 2861 propheta
2643 2788 2792 2862 (Cap.
2828 2787 2906 2856 ιιι)
2942 2803 2955 2838 :
2986 2784 3226 2844 Domme,
3257 2780 3433 2834 audiui

1847 2879 2162 2933 auditionem
2207 2889 2366 2946 tuam,
2408 2887 2455 2931 et
2482 2879 2657 2941 timui;
2705 2874 3028 2929 consideravi
3057 2887 3214 2940 opera
3242 2878 3353 2935 tua,
3383 2875 3433 2921 et

1849 2973 2052 3040 exponi.
2086 2971 2215 3035 Quis
2245 2987 2351 3025 non
2383 2976 2706 3037 expavescat
2733 2976 2788 3021 et
2814 2974 3020 3020 metuat
3049 2963 3183 3033 tanti
3208 2961 3433 3031 profun-

1849 3059 2074 3113 ditatem
2103 3060 2364 3129 mysterii,
2396 3057 2831 3128 quandoquidem
2858 3070 2998 3110 unus
3038 3054 3287 3121 idemque
3329 3053 3433 3122 27

1851 3152 1967 3206 sine
1993 3152 2349 3221 conceptione
2377 3153 2533 3205 natus
2579 3156 2661 3203 est
2702 3149 2866 3215 Deus,
2918 3157 2942 3185 ι
2972 3155 3027 3201 et
3055 3148 3172 3201 sine
3214 3154 3437 3200 creante

1852 3239 2026 3296 factus
2056 3248 2140 3294 est
2166 3241 2350 3295 homo.
2385 3240 2526 3293 Duas
2556 3240 2608 3292 in
2645 3239 2860 3292 Christo
2887 3237 3270 3306 generationes
3311 3235 3436 3306 lcgi-

1855 3346 1993 3396 mus,
2019 3329 2212 3383 t‘ratres
2243 3328 2527 3395 carissimi,
2555 3327 2654 3382 sed
2688 3327 2744 3380 in
2767 3335 2996 3395 utraque
3018 3323 3437 3392 incomprehen-

1853 3439 1927 3477 sze
1955 3423 2253 3477 divinitatis
2281 3430 2364 3476 est
2385 3421 2573 3475 virtus.
2600 3421 2678 3474 lbi
2704 3421 2848 3475 enim
2878 3420 3024 3473 illum
3048 3434 3114 3473 ex
3143 3418 3437 3487 semetipso

1853 3515 2036 3584 genuit
2063 3514 2204 3568 Deus
2237 3532 2250 3566 :
2282 3513 2369 3567 hic
2390 3528 2513 3568 eum
2545 3513 2696 3579 virgo
2732 3512 2845 3566 Deo
2873 3511 2901 3549 ι’
2943 3519 3203 3581 operante
3242 3525 3438 3566 conce—

1856 3605 1952 3673 pit.
1990 3604 2067 3659 lhi
2108 3604 2226 3657 sine
2264 3603 2440 3669 initio,
2469 3602 2559 3656 hie
2602 3601 2719 3656 sine
2760 3600 3031 3669 exemplo.
3062 3599 3141 3653 lbi
3179 3605 3339 3663 natus
3379 3605 3439 3652 ut

1853 3696 2114 3751 conderet
2155 3696 2341 3760 vitam,
2383 3692 2472 3761 hic
2509 3693 2677 3747 factus
2716 3701 2778 3746 ut
2814 3690 3033 3746 tolleret
3067 3698 3316 3747 mortem.
3358 3689 3436 3748 lhi

1856 3784 2001 3839 Patri
2028 3792 2208 3853 natus,
2235 3784 2324 3843 hic
2342 3777 2647 3837 hominibus
2673 3786 3004 3850 procreatus.
3030 3779 3123 3833 illa
3151 3778 3438 3834 nativitate

1854 3878 2128 3933 hominem
2157 3877 2304 3946 fecit,
2341 3877 2444 3930 hac
2471 3875 2818 3944 generatione
2846 3873 3120 3927 hominem
3153 3874 3435 3939 liberavit;

1857 3977 2162 4037 utramque,
2180 3967 2392 4033 fratres,
2421 3965 2827 4033 generationem
2848 3963 2966 4032 ejus
2988 3979 3097 4018 non
3127 3979 3286 4033 posse
3310 3979 3438 4020 nar-

1856 4057 1964 4109 rari
1991 4056 2262 4110 sententia
2300 4054 2415 4108 hzec
2454 4068 2562 4106 una
2597 4053 2994 4122 complectitur.
3034 4052 3128 4106 llla
3169 4055 3312 4107 enim
3355 4063 3440 4110 est

1857 4153 1982 4199 ante
2003 4144 2298 4210 hominem,
2324 4143 2424 4196 ista
2447 4156 2607 4209 supra
2624 4142 2917 4195 hominem.
2942 4141 3034 4194 llla
3058 4141 3438 4212 incogitabilis,

1857 4236 1958 4288 ista
1985 4234 2264 4291 mirabilis.
2296 4231 2429 4286 Cum
2455 4239 2634 4283 antem
2664 4229 2797 4283 duas
2827 4228 3025 4283 Christi
3048 4230 3306 4284 docemur
3341 4247 3441 4285 na-

1857 4324 2116 4389 tivitates,
2144 4338 2252 4380 non
2283 4322 2365 4376 bis
2391 4321 2649 4375 asseritur
2677 4320 2775 4374 Dei
2815 4319 2982 4375 Filius
3008 4329 3188 4389 natus,
3230 4323 3324 4376 sed
3345 4336 3440 4391 ge-

1857 4413 2001 4466 mina
2030 4413 2089 4469 in.
2111 4427 2224 4467 uno
2251 4411 2348 4466 Dei
2377 4410 2509 4466 Filio
2534 4409 2887 4464 confirmatur
2909 4426 3030 4466 esse
3059 4413 3361 4473 substantia
3393 4417 3434 4469 ⁸.

1858 4560 2269 4634 generationibus
2292 4559 2491 4634 Christi
2516 4561 2648 4629 agit,
2675 4561 2823 4618 hunc
2866 4561 3086 4619 Maximi
3115 4565 3295 4622 locum
3339 4569 3443 4624 sub

1859 4629 1978 4702 ejus
2000 4632 2222 4702 nomine
2251 4629 2425 4702 affert.

1930 4701 1956 4739 ιι
1998 4701 2143 4754 Idem
2167 4699 2289 4754 cod.
2320 4699 2468 4765 Vah,
2501 4698 2611 4755 Deo
2638 4710 2948 4774 cooperante
2973 4706 3231 4776 concepit.

1857 4878 1986 4932 mini
2008 4877 2324 4949 nostri_Jesu
2354 4876 2571 4932 Christi.
2603 4885 2738 4933 tom.
2762 4879 2784 4932 1
2809 4880 2938 4938 edit.
2973 4881 3131 4936 Rom.
3157 4898 3245 4936 an.
3282 4883 3442 4949 1753,

1859 4962 1979 5016 pag.
2011 4946 2081 5020 42")
2107 4965 2141 5020 ε,
2164 4946 2330 5020 Tanto
2362 4949 2552 5017 {aedere
2578 4959 2848 5020 utramque
2878 4961 3120 5005 naturam
3159 4946 3439 5020 conseruit,

1857 5027 1912 5069 ut
1939 5033 2028 5070 nec
2054 5017 2357 5092 inferiorem
2384 5027 2703 5092 consumeret
2734 5017 3049 5092 gloriﬁcatio
3079 5038 3172 5074 nec
3202 5017 3443 5092 superio-l

1858 5104 1966 5140 rem
1995 5087 2242 5158 minueret
2273 5088 2580 5154 assumptio.
2606 5087 2765 5140 Salva
2791 5087 2950 5157 igitur
2971 5087 3281 5158 proprietate
3309 5095 3445 5144 utri-

1857 5172 2017 5226 usque
2040 5155 2362 5226 substantiaa,
2393 5164 2441 5208 et
2467 5158 2523 5208 in
2555 5172 2711 5209 unam
2735 5155 2948 5211 coeunte
2971 5155 3248 5223 personam
3277 5163 3445 5213 susci—

1861 5225 1999 5295 pitur
2032 5241 2064 5276 a
2085 5225 2664 5296 majestate/tumtum.
2698 5226 2856 5290 Quod
2882 5227 3129 5295 adjungit
3156 5229 3444 5296 Maximus,

1867 5293 1972 5364 non
1995 5294 2156 5346 asseri
2179 5294 2255 5347 bis
2276 5293 2372 5364 Dei
2397 5294 2808 5362 Filiumnatum,
2832 5293 3007 5364 neque
3029 5293 3106 5351 bis
3126 5315 3238 5354 esse
3266 5293 3451 5359 natum.

1867 5363 2063 5426 Deum;
2088 5370 2253 5433 ierunt
2280 5362 2510 5433 fortasse
2538 5364 2629 5430 qui
2652 5362 2957 5433 repugnans
2977 5381 3098 5421 esse
3120 5368 3448 5424 arbitrentur

1867 5432 2147 5487 sententia:
2203 5432 2601 5499 theologorum,
2649 5432 2922 5487 Christum
2961 5436 3042 5489 bis
3086 5452 3204 5490 esse
3260 5446 3451 5494 natum

1867 5510 2013 5556 recte
2064 5503 2311 5570 usurpari
2365 5516 2522 5569 posse
2577 5503 2889 5556 dicentium.
2944 5504 3232 5560 Adeundns
3273 5515 3357 5566 est
3387 5508 3444 5558 S.

1869 5571 2101 5625 Thomas
2125 5580 2263 5638 part.
2299 5588 2374 5636 ιιι,
2397 5579 2586 5642 quaest.
2619 5571 2707 5637 55,
2738 5581 2838 5624 art.
2874 5573 2956 5637 11,
2991 5575 3057 5625 ad
3081 5581 3330 5642 quartum
3356 5590 3449 5629 πη

1867 5649 2198 5710 gumentum,
2250 5650 2305 5695 et
2354 5658 2408 5694 ιιι
2448 5641 2846 5710 Sententiarum
2878 5642 3004 5694 dist.
3038 5641 3128 5708 14,
3174 5649 3364 5710 quaest.
3393 5643 3449 5710 1,

1869 5718 1969 5763 art.
2001 5709 2060 5777 2,
2088 5711 2156 5765 ad
2184 5710 2234 5764 4.
2261 5710 2366 5765 Sed
2395 5725 2551 5765 secus
2578 5718 2678 5764 est.
2712 5709 2855 5765 Nihil
2892 5711 3037 5765 enim
3067 5709 3450 5780 esse'pugnans
