3924 6232
435 356 441 363 ’
523 366 628 421 2ξῦ

1720 371 1775 426 S.
1818 368 2059 428 ΜΑΧΙΜΙ
2098 372 2232 428 TAU
2241 372 2540 430 RINENSIS

3689 380 3794 435 ειη

525 483 600 536 lbi
639 483 784 550 quod
823 490 960 551 erat,
991 492 1293 563 natusest;
1343 487 1427 542 hic
1455 486 1597 556 quod
1631 503 1738 542 non
1766 497 1905 556 erat,
1931 489 2101 545 factus
2133 494 2175 549 Α
2205 504 2269 545 ac
2295 493 2564 557 tenebras,
2600 489 2742 558 quod
2764 491 2924 545 vitam
2954 489 3078 547 facit
3112 506 3173 548 ac
3197 494 3465 547 mortem?
3489 492 3546 548 Si
3575 509 3710 564 ergo
3736 504 3790 549 te

523 585 625 631 est.
659 577 747 631 Ait
773 578 840 632 de
869 579 951 632 his
978 580 1165 634 beatus
1196 581 1523 648 evangelista
1562 580 1799 637 Joannes
1828 580 1976 651 (Cap.
2012 582 2050 644 ι)
2087 600 2099 636 :

527 668 592 721 In
613 669 866 737 principio
886 676 997 721 erat
1030 668 1271 737 Verbum,
1292 679 1341 723 et
1371 670 1591 724 Verbum
1612 681 1725 725 erat
1749 672 1887 739 apud
1912 669 2105 737 Deum,

523 767 572 811 et
604 758 739 812 Deus
762 767 873 813 erat
906 758 1145 814 Verbum.
1173 760 1240 813 Et
1262 762 1452 816 iterum
1478 781 1489 814 :
1515 761 1586 815 Et
1614 761 1835 816 Verbum
1862 778 1984 816 caro
2018 764 2102 832 {a-

525 858 657 903 ctum
687 860 779 904 est.
814 848 979 920 Igitur
1008 853 1174 921 Deus,
1198 854 1289 922 qui
1319 854 1460 923 apud
1490 854 1655 909 Deum
1685 862 1824 920 erat,
1868 854 2104 923 prodivit

526 955 557 994 a
580 938 716 1008 Deo,
748 949 803 995 et
845 956 971 997 caro
994 941 1113 1011 Dei,
1143 957 1261 1012 qua:
1302 943 1353 997 in
1384 942 1494 998 Deo
1522 959 1629 998 non
1666 951 1806 1011 erat,
1842 944 2106 1013 processit

525 1048 595 1087 ex
622 1032 839 1089 femina.
872 1034 949 1087 ita
968 1034 1204 1089 Verbum
1229 1048 1354 1089 caro
1380 1034 1575 1090 factum
1605 1043 1687 1088 est
1713 1052 1724 1086 :
1753 1049 1860 1088 non
1884 1040 1942 1087 ut
1966 1034 2105 1089 Deus

529 1132 847 1179 vacuaretur
892 1127 944 1179 in
973 1125 1271 1191 hominem,
1297 1124 1397 1179 sed
1435 1133 1493 1177 ut
1518 1124 1681 1178 homo
1719 1122 2106 1191 gloriﬁcaretur

529 1218 581 1269 in
607 1217 791 1271 Deum.
818 1216 1037 1284 Itaque"
1066 1231 1171 1270 non
1186 1213 1267 1268 bis
1294 1220 1452 1268 natus
1480 1221 1564 1269 est
1584 1214 1751 1280 Deus,
1767 1206 1861 1268 sed
1884 1227 1951 1267 ex
1975 1212 2105 1267 dua-

527 1308 630 1361 bus
653 1306 1042 1373 nativitatibus,
1064 1305 1114 1360 id
1142 1311 1226 1360 est
1244 1304 1439 1372 Dei,'ct
1465 1305 1695 1359 hominis
1718 1304 1951 1373 seipsnm
1986 1302 2105 1357 Uni-

526 1396 739 1464 genitus
762 1395 954 1456 Patris,
980 1403 1142 1462 atque
1165 1409 1284 1448 sese
1306 1393 1577 1447 hominem
1601 1406 1763 1447 unum
1787 1406 1907 1447 esse
1937 1390 2106 1444 voluit

526 1489 714 1543 Deum.
758 1486 1150 1542 Cenerationem
1192 1503 1310 1556 ergo
1346 1486 1457 1555 ejus
1504 1486 1619 1554 quis
1655 1483 1919 1537 enarrabit
1945 1481 2100 1553 (Isai.

526 1576 683 1646 Lm)?
730 1576 967 1640 Fratres,
1013 1576 1288 1644 generatio
1318 1574 1514 1628 Christi
1556 1574 1601 1628 si
1630 1573 1836 1627 narrari
1866 1587 1972 1626 non
2001 1587 2103 1640 po-

526 1673 653 1733 test,
697 1665 845 1720 credi
873 1672 1071 1734 potest.
1126 1663 1183 1719 Si
1227 1663 1407 1731 lingua
1448 1660 1649 1731 deﬁcit,
1697 1660 1831 1717 ﬁdes
1865 1661 2097 1731 proﬁcit.

526 1754 754 1823 Magnus
772 1754 914 1807 enim
936 1752 1210 1823 profectus
1231 1760 1316 1808 est
1344 1750 1492 1817 ﬁdei,
1514 1767 1635 1807 cum
1661 1760 1871 1807 tantum
1896 1753 1963 1808 de
1990 1753 2102 1808 Deo

2209 578 2405 647 ipsum,
2430 594 2463 633 o
2498 580 2685 647 homo,
2709 588 2766 633 et
2791 595 2909 650 quae
2936 590 3159 651 propter
3183 588 3235 636 te
3266 584 3403 637 facta
3436 593 3588 654 sunt,
3613 587 3791 654 quali-

2211 678 2311 738 ter,
2345 679 2437 725 aut
2476 670 2617 725 unde
2645 671 2755 725 sint
2784 670 2925 726 facta
2953 672 3411 741 comprehendere
3441 689 3552 728 non
3597 677 3748 729 vales
3778 694 3789 727 :

2206 777 2312 830 qua
2334 763 2960 833 pmsumptione,quave
2975 764 3202 818 stultitia
3231 774 3379 818 tuum
3410 765 3602 834 ipsius,
3627 772 3795 835 atque

2208 852 2447 905 omnium
2470 850 2695 906 discutis
2716 849 3069 906 Creatorem?
3095 852 3285 906 Natum
3310 866 3441 921 ergo
3463 855 3533 908 de
3554 854 3668 909 Deo
3696 854 3795 909 Pa-

2206 946 2289 995 tre
2335 940 2523 1003 Deum,
2554 939 2913 1009 eumdemque
2940 940 3214 995 hominem
3258 939 3458 995 factum
3485 941 3554 997 de
3580 942 3794 1009 virgine

2205 1031 2545 1086 confitemur.
2578 1031 2688 1087 Sed
2729 1032 2862 1099 haec,
2894 1032 3177 1099 carissimi,
3221 1033 3416 1087 rationi
3454 1048 3599 1087 czcca
3640 1042 3793 1097 sunt,

2206 1120 2327 1177 ﬁdei
2359 1122 2667 1179 manifesta.
2707 1122 2855 1179 Tunc
2879 1125 3020 1179 enim
3051 1132 3204 1194 parte
3234 1138 3304 1178 ex
3328 1124 3505 1192 aliqua
3535 1124 3790 1177 indefini-

2206 1218 2274 1263 tte
2302 1210 2605 1278 majestatis
2626 1210 2741 1279 ejus
2769 1213 3065 1281 poterimus
3094 1213 3349 1266 immensa
3390 1213 3574 1266 rimari
3613 1212 3661 1267 si
3691 1211 3793 1266 ad-

2206 1308 2476 1355 vertamus
2523 1297 2548 1337 δ
2590 1311 2820 1370 quantus
2860 1303 3097 1371 qualisve
3128 1304 3198 1357 sit
3242 1302 3403 1369 Deus,
3430 1316 3461 1356 a
3490 1301 3650 1357 nobis
3678 1317 3791 1356 non

2207 1406 2364 1460 posse
2387 1392 2660 1459 cognosci,
2683 1400 2744 1446 ut
2762 1393 2837 1446 ait
2856 1392 3115 1448 Dominus
3136 1393 3201 1447 ad
3224 1392 3441 1464 Moysen
3470 1411 3483 1446 :
3514 1393 3589 1446 Tu
3615 1403 3790 1446 autem

2206 1498 2307 1535 non
2340 1483 2533 1552 poteris
2552 1483 2721 1536 ridere
2755 1484 2936 1553 faciem
2956 1500 3123 1537 meam
3152 1482 3345 1553 (Exod.
3369 1484 3588 1551 xum),
3606 1484 3657 1537 id
3680 1493 3792 1547 est,

2207 1581 2232 1608 ο
2263 1588 2370 1627 non
2397 1579 2575 1641 potest
2594 1572 2899 1628 carnalibus
2924 1573 3092 1628 oculis
3114 1588 3309 1639 meam,
3334 1574 3473 1627 sicut
3492 1581 3602 1632 est.
3628 1573 3795 1641 inspi-

2204 1676 2328 1715 cere
2360 1661 2645 1717 Deitatem.
2684 1662 2877 1716 Beatus
2900 1677 3129 1731 namque
3157 1662 3348 1728 David,
3373 1664 3630 1717 virtutem
3661 1678 3788 1716 om-

2205 1751 2517 1820 nipotentiae
2536 1754 2653 1821 ejus
2668 1753 3257 1819 intendens,clamabat
3278 1754 3459 1809 dicens
3480 1773 3492 1807 :
3512 1752 3793 1807 Hirabitia

524 1858 625 1897 suo
667 1843 924 1911 concipit,
964 1850 1223 1911 quantum
1250 1857 1427 1897 sermo
1457 1857 1564 1897 non
1598 1849 1777 1912 potest
1802 1842 2101 1912 parturire.
2137 1854 2177 1909 Β
2206 1859 2364 1913 opera
2393 1852 2501 1909 nia,
2534 1842 2775 1909 Domine,
2804 1852 2851 1896 et
2896 1844 3071 1897 anima
3098 1860 3211 1897 mea
3249 1846 3385 1899 nouit
3413 1844 3563 1899 valde
3612 1844 3790 1914 (Psat.

524 1931 744 1993 Cavete,
771 1932 1129 2000 dilectissimi,
1152 1947 1227 1985 ne
1251 1932 1466 1999 quando
1488 1946 1583 1985 vos
1602 1932 1669 1985 de
1696 1932 1783 1985 bis
1817 1931 2104 1986 increduli-

525 2030 609 2076 tzs
656 2010 1037 2090 moveat,quia
1065 2024 1111 2075 si
1136 2023 1299 2076 homo
1336 2037 1447 2076 non
1476 2022 1618 2075 valet
1659 2022 1933 2090 explicare
1958 2022 2104 2088 quod

523 2113 711 2179 sentit,
737 2112 875 2167 Deus
897 2113 1013 2167 sine
1034 2112 1198 2167 dubio
1221 2112 1247 2150 δ
1272 2120 1452 2181 potest
1474 2112 1715 2181 implere,
1740 2112 1884 2181 quod
1911 2112 2098 2166 voluit.

521 2200 591 2254 Et
627 2201 1015 2270 perabsurdum
1052 2211 1162 2268 est,
1207 2200 1432 2268 fratres,
1471 2208 1529 2254 ut
1570 2200 1892 2255 ineffabilem
1933 2200 2101 2255 Deum

521 2290 886 2346 infirmissimo
915 2292 1214 2359 fragilitatis
1254 2296 1451 2346 nosti-re
1494 2306 1746 2345 sermone
1792 2306 2098 2360 pensemus.

523 2382 789 2435 Amentizc
814 2396 900 2435 res
928 2390 1028 2448 est,
1056 2388 1113 2435 ut
1136 2382 1481 2451 Operationes
1500 2381 1799 2449 majestatis
1827 2383 2101 2435 immensae

519 2472 664 2526 inter
684 2472 876 2539 exigua
910 2470 1273 2541 corruptibilis
1300 2472 1410 2526 oris
1439 2471 1609 2526 nostri
1648 2486 1908 2526 conemur
1935 2469 2099 2525 verba

519 2561 868 2617 concludere.
900 2559 1182 2626 Quomodo
1231 2560 1376 2614 enim
1421 2560 1879 2630 comprehendere
1924 2565 2102 2628 potest

518 2651 682 2707 homo
722 2653 831 2722 23
859 2651 1051 2719 Deum,
1088 2650 1256 2707 factus
1300 2652 1615 2720 ingenitum,
1660 2649 1902 2704 mortalis
1943 2656 2101 2702 arter-

517 2756 647 2795 num
681 2742 745 2793 οἳ
773 2739 831 2794 Si
860 2741 1184 2809 investigare
1224 2741 1434 2807 niteris,
1462 2741 1693 2810 qualiter
1730 2739 1873 2793 Deus
1900 2739 1952 2792 in
1994 2739 2099 2791 ho-

518 2831 741 2894 minem,
772 2830 859 2884 vel
880 2831 1042 2883 homo
1065 2830 1308 2885 transivit
1334 2830 1389 2884 in
1418 2830 1618 2895 Deum;
1643 2829 1903 2895 investiga
1927 2828 2094 2896 prius,

517 2922 564 2976 si
591 2928 768 2989 potes,
798 2919 1071 2988 quomodo
1100 2935 1169 2974 ex
1195 2919 1364 2975 nihilo
1385 2918 1557 2973 factus
1586 2926 1669 2973 est
1701 2917 1955 2987 mundus,
1983 2931 2096 2971 ca:-

518 3011 627 3065 lum
652 3011 792 3066 unde
833 3001 1187 3080 resplenduit,
1214 3026 1472 3079 aquarum
1495 3011 1692 3079 liquor,
1722 3018 1881 3064 teme
1903 3009 2095 3065 solidi-

517 3112 600 3156 tas
621 3117 725 3169 qua
756 3102 968 3157 ratione
996 3102 1321 3167 subsistunt;
1369 3102 1642 3170 quomodo
1670 3101 1833 3155 etiam
1862 3099 1929 3154 de
1950 3108 2094 3154 terra

2208 1948 2271 1985 cx
2283 1930 2452 1997 mu).
2481 1930 2646 1986 Valde
2667 1932 2809 1985 enim
2836 1932 3039 1987 sciebat
3061 1934 3236 1988 anima
3259 1935 3593 2004 prophetalis
3620 1952 3791 2005 opera

2207 2018 2301 2072 Dei
2330 2034 2545 2072 omnem
2572 2019 2974 2074 meditationem
2999 2022 3243 2075 humanae
3272 2024 3465 2078 mentis
3494 2025 3791 2091 excedere,

2206 2116 2428 2177 propter
2476 2107 2621 2176 quod
2673 2110 3097 2178 sapientissimus
3147 2113 3486 2181 patriarcha,
3538 2115 3793 2170 mortalis

2204 2212 2393 2252 sensus
2415 2200 2700 2255 conclusus
2734 2200 3010 2267 angustiis,
3042 2216 3160 2270 qua:
3188 2202 3511 2270 investigare
3542 2220 3653 2259 non
3684 2221 3790 2274 po-

2207 2295 2370 2353 terat,
2398 2287 2713 2342 mirabatur.
2748 2287 2877 2354 Quis
2917 2304 3045 2357 ergo
3076 2291 3348 2345 hominum
3383 2292 3661 2349 discutere
3695 2304 3791 2349 aut

2204 2379 2477 2446 inquirere
2517 2378 2733 2447 audeat,
2786 2388 2963 2435 tantus
3011 2380 3155 2449 quod
3204 2383 3465 2451 propheta
3516 2385 3792 2439 miratur?

2202 2466 2493 2536 Mirabilia,
2514 2468 2704 2538 inquit,
2728 2486 2885 2537 opera
2914 2478 3023 2535 tua,
3043 2478 3093 2523 et
3114 2473 3289 2524 anima
3311 2488 3423 2525 mea
3449 2474 3593 2526 norit
3612 2475 3789 2527 valde.

2204 2556 2319 2613 Hoc
2344 2558 2517 2627 ipsum
2562 2558 2703 2613 enim
2732 2557 2879 2628 quod
2928 2559 3591 2629 incomprehensibilis'est
3621 2562 3792 2631 Deus,

2201 2650 2380 2702 anima
2408 2648 2526 2717 ejus
2558 2658 2805 2715 noverat,
2836 2664 2961 2703 caro
2982 2651 3179 2704 sentire
3208 2666 3313 2705 non
3337 2660 3571 2721 poterat.
3598 2651 3792 2709 Omnis

2200 2752 2353 2806 ergo,
2381 2739 2473 2807 qui
2499 2753 2664 2807 opera
2694 2739 2787 2793 Dei
2815 2740 2983 2807 magis
3004 2741 3117 2794 vult
3144 2743 3451 2798 examinare
3476 2760 3642 2814 quam
3666 2762 3791 2802 cre-

2200 2827 2353 2894 dere,
2381 2844 2492 2883 non
2521 2829 2764 2897 sequitur
2791 2830 2981 2884 anima:
3018 2845 3257 2898 sensum,
3285 2832 3378 2886 sed
3407 2847 3653 2889 errorem
3688 2854 3701 2887 :
3731 2846 3792 2890 et

2200 2918 2344 2985 ideo,
2377 2919 2588 2984 fratres,
2618 2934 2725 2973 non
2754 2918 3120 2989 discutiamus,
3147 2922 3378 2990 qualiter
3404 2923 3545 2978 Deus
3570 2924 3640 2980 de
3673 2925 3792 2980 Deo

2200 3016 2356 3063 natus
2394 3016 2499 3076 est,
2544 3008 2641 3063 sed
2682 3008 2993 3075 credamus;
3026 3026 3124 3066 nec
3162 3019 3515 3067 retractemus
3560 3023 3788 3083 partum

2195 3096 2449 3166 virginis,
2479 3098 2577 3155 sed
2623 3099 2898 3166 miremur,
2929 3108 2988 3154 ut
3013 3098 3354 3167 Unigenitum
3385 3102 3481 3157 Dei
3524 3102 3705 3158 Deum
3734 3114 3792 3158 et

520 3192 702 3253 homo,
728 3192 799 3246 de
820 3193 1056 3247 masculo
1083 3192 1297 3256 femina,
1325 3193 1563 3259 itemque
1584 3206 1680 3262 per
1700 3191 1953 3245 feminam
1977 3206 2093 3245 ma-
2122 3203 2167 3266 α
2198 3190 2472 3245 hominem
2515 3188 2838 3245 conﬁtentes
2866 3188 3181 3246 inoﬂensam
3223 3199 3506 3249 teneamus
3541 3195 3792 3251 cmlestis

519 3281 727 3348 sculus;
752 3281 880 3352 quid
902 3279 1033 3336 illud
1059 3288 1144 3336 est
1170 3288 1292 3351 post
1315 3282 1518 3348 omnia,
1544 3281 1692 3349 quod
1714 3281 1896 3337 lumen
1924 3282 2094 3349 gignit

2203 3279 2324 3335 ﬁdei
2352 3282 2658 3338 veritatem.

1888 3368 2231 3429 HOMILIA
2272 3368 2388 3429 XI.

1771 3466 1844 3520 De
1870 3464 2156 3521 Nativitate
2186 3465 2396 3521 Domini
2428 3466 2526 3520 VI.

1943 3556 2331 3613 ADMONITIO.

591 3652 700 3728 29
734 3645 985 3728 Edit_ores
1012 3630 1232 3728 olim
1272 3646 1438 3728 Leoni
1472 3646 1676 3728 Magno
1685 3645 2072 3728 attribuerunt,
2099 3656 2160 3700 ιιι
2188 3644 2461 3728 Dalleripii
2488 3644 2540 3697 in
2568 3642 2881 3728 praefatione
2905 3644 2982 3728 ad
3004 3644 3558 3728 Opp..ejusdem‘pa_g.
3594 3651 3789 3728 79.119.

517 3713 753 3778 ειὶἆῶε
804 3719 1117 3784 admonent,
1166 3716 1395 3771 fatentes
1422 3731 1538 3771 eam
1567 3713 1625 3770 S.
1657 3715 1896 3784 Maximo
1927 3714 2333 3770 restituendam.
2363 3713 2561 3784 Eorum
2579 3713 2836 3781 judicium
2866 3713 3062 3784 nititur
3075 3713 3307 3783 quinque
3326 3713 3601 3772 codicibus
3632 3719 3788 3774 Vati-

517 3791 692 3853 canis;
716 3803 910 3857 nempe
934 3781 1247 3857 4951,'pag.
1275 3784 1331 3852 5,
1350 3800 1381 3857 a
1407 3794 1479 3850 t.;
1505 3785 1663 3857 i267,
1688 3782 1929 3857 pag.__8_9,_
1949 3800 1981 3838 a
2010 3792 2049 3838 t.
2066 3801 2092 3857 ;_

2198 3785 2226 3850 ἱ,
2274 3798 2397 3857 p_ag.
2426 3781 2516 3857 99,
2541 3791 2667 3857 at;
2702 3783 3065 3857 iteginte_l_25_,
3089 3781 3384 3857 pagg—69,7a
3407 3794 3445 3839 t.
3466 3803 3480 3849 ;
3503 3785 3785 3857 Qctobon.

520 3860 641 3925 773,
673 3852 861 3925 quibus
880 3852 1181 3927 copgruunt
1202 3852 1779 3927 Taurinensis,_homil.
1800 3853 1874 3927 ib
1900 3853 1969 3927 de
1983 3852 2522 3927 nativitate’Domini,
2544 3852 2897 3927 Vercellensis
2912 3852 3002 3921 81,
3018 3852 3124 3908 duo
3148 3853 3506 3927 Novarienses
3530 3856 3626 3923 27,
3653 3873 3783 3927 pag.

517 3927 609 3994 68,
632 3922 851 3995 et'sign.
875 3927 908 3979 Ι.
934 3922 1005 3991 0,
1031 3941 1175 3995 num.
1200 3924 1288 3995 il,
1311 3939 1429 3993 pag.
1463 3923 1549 3987 18,
1575 3922 1961 3995 Modoetiensis
1983 3922 2023 3995 Ε
2053 3922 2524 3995 m,Cis_terc_i_ensis
2547 3922 2998 3995 Montis‘gmiataa,
3020 3937 3084 3995 ac
3107 3922 3316 3976 tandem
3339 3922 3452 3995 duo
3475 3922 3787 3993 Augienses

515 3988 613 4063 xu,
632 3988 1027 4063 Xltthlcuinus
1056 3994 1216 4063 eitam
1239 3988 1473 4047 Maximo
1494 3993 1728 4063 ascribit
1746 3991 1957 4063 pag.L26_
1983 3992 2164 4045 homil.
2191 3991 2319 4045 edit.
2334 3991 2535 4063 Venet.
2564 4005 2653 4044 an.
2688 3990 2813 4063 i57l
2830 4032 2845 4056 ,
2866 3988 3156 4063 Gymnicus
3167 4005 3287 4060 pag.
3300 3988 3787 4063 >t6,Combetisius

515 4057 649 4119 tom.
680 4065 723 4134 ι,
748 4062 1020 4134 ραεᾷΟἹ,
1048 4062 1305 4134 Cumdius
1330 4070 1458 4117 tom.
1492 4062 1676 4134 l,_pag_.
1710 4057 1838 4127 ιδις
1863 4059 2162 4134 Galesinins
2182 4075 2304 4134 pag.
2329 4057 2418 4125 90,
2443 4059 2772 4129 Raynaudus
2800 4057 2929 4134 pag;
2953 4058 3072 4113 194.
3107 4057 3435 4134 Margarinus
3463 4062 3605 4134 Bibl.
3626 4064 3781 4118 Max.

513 4135 644 4188 edit.
687 4131 1025 4202 LngfiGTI,
1076 4141 1205 4185 tom.
1239 4131 1327 4198 Vl,
1369 4144 1486 4201 pag.

512 4204 833 4271 scriptorum
863 4202 1182 4258 consensio?

513 4293 995 4348 Ancuusnruu.—
1020 4290 1266 4345 Rationes
1306 4289 1613 4345 Christiana
1641 4290 1997 4343 exsultationis
2034 4289 2087 4340 in

581 4360 793 4416 Domini
836 4361 1102 4414 nativitate
1130 4377 1161 4413 a
1190 4360 1422 4414 Maximo
1448 4362 1700 4413 cumulate
1718 4360 2021 4427 afferuntur,
2038 4366 2086 4410 et

580 4434 835 4500 praetura
858 4431 1220 4499 redemptionis
1245 4428 1488 4498 beneﬁcia
1518 4437 1858 4483 recensentur.

579 4558 901 4627 laetissime,
964 4558 1179 4626 fratres,
1242 4557 1528 4613 festivitate
1567 4557 1842 4626 praesentis
1886 4556 1992 4611 diei
2027 4558 2077 4611 in

581 4705 606 4734 ι
631 4694 764 4751 Cod.
794 4694 917 4751 Cas.
952 4692 1075 4759 106,
1116 4691 1298 4761 Itaque
1324 4692 1469 4747 nobis
1498 4700 1647 4745 natus
1675 4701 1751 4746 est
1779 4691 1935 4747 Deus.

578 4763 605 4803 δ
628 4763 761 4817 Co'd.
798 4762 955 4830 I267,
987 4763 1150 4831 potuit
1178 4771 1488 4831 proipotest.

581 4846 603 4873 ε
626 4832 759 4887 Cod.
783 4828 1036 4887 Laurent.
1059 4839 1113 4887 et
1133 4828 1255 4887 cod.
1274 4828 1409 4883 i267
1426 4830 1545 4883 Vat.
1576 4828 1778 4885 addunt
1814 4828 2079 4893 Quomodo

506 4905 643 4958 enim
687 4901 1137 4971 comprehenderet
1187 4898 1337 4954 homo
1388 4898 1570 4966 Deum,
1622 4901 1788 4971 {actus
1833 4904 2077 4971 genitum,

506 4971 739 5028 mortalis
773 4981 1038 5025 cternum.

505 5099 785 5166 intelliget,
814 5097 905 5166 qui
926 5094 1625 5166 animadvertatbtaximum
1645 5096 1711 5151 de
1732 5097 1866 5164 Deo,
1894 5114 1991 5155 seu
2010 5100 2077 5156 de

501 5170 598 5224 Dei
624 5164 761 5222 Filio
787 5164 971 5235 agere,
1000 5179 1159 5236 quem
1180 5166 1225 5219 si
1247 5164 1488 5236 quis_bis
1514 5172 1699 5236 natum
1728 5166 1891 5236 dicat,
1919 5171 1964 5224 is
1992 5171 2075 5224 vi-

501 5240 663 5293 detur
708 5237 790 5307 (ut
831 5233 974 5291 idem
1004 5233 1089 5289 est
1112 5236 1316 5307 [critus
1344 5233 1631 5307 maximus)
1655 5233 1929 5307 duplicare
1948 5254 2075 5307 per-

500 5303 727 5378 sonam,
758 5303 1439 5378 atque_cum__lfiestorianis
1483 5305 1700 5378 sentire.
1730 5303 1862 5378 Nam
1892 5303 1982 5378 qui
2009 5309 2076 5364 de

500 5377 635 5442 Deo,
686 5374 797 5429 sive
824 5374 892 5429 de
918 5374 1014 5428 Dei
1044 5374 1180 5428 Filio
1221 5374 1477 5442 loquitur,
1506 5374 1653 5427 nulla
1680 5374 1875 5442 injecta
1908 5374 2074 5433 'men-

504 5449 653 5500 tione
679 5455 880 5498 natura:
899 5445 1157 5511 humanm,
1182 5444 1247 5497 ab
1268 5452 1658 5514 eoassumptcc,
1687 5453 1976 5514 natumque
1996 5448 2075 5501 bis

505 5516 657 5581 dicit,
681 5528 726 5567 ts
753 5514 940 5582 Deum,
967 5522 1026 5567 ut
1047 5513 1185 5569 Deus
1211 5521 1313 5581 est,
1340 5511 1421 5567 bis
1441 5511 1623 5582 natum
1643 5514 1823 5569 dicere
1846 5511 2068 5572 videtur.

502 5586 764 5638 Caeterum
812 5581 1075 5638 Maximus
1129 5584 1437 5637 nativitates
1485 5581 1619 5637 duas
1674 5586 1912 5638 nominat
1966 5586 2072 5639 hoc

500 5653 663 5707 modo
690 5672 701 5705 :
738 5652 859 5707 Non
884 5654 960 5708 bis
989 5662 1140 5707 natus
1162 5663 1234 5706 est
1263 5652 1414 5717 Deus,
1448 5653 1537 5705 sed
1554 5668 1619 5706 ea:
1649 5653 1847 5706 duabus
1880 5656 2068 5707 nativi-

506 5724 713 5778 tatibus.
738 5724 792 5776 id
811 5734 885 5779 cst
916 5724 1031 5785 Dei,
1061 5732 1109 5777 et
1132 5724 1347 5777 hominis
1377 5739 1429 5775 se
1460 5724 1622 5790 ipsum
1649 5722 1949 5791 Uniqenitus
1972 5724 2072 5777 Pu-

1578 4171 1594 4197 ,
1623 4132 1764 4187 idem
1808 4131 2144 4185 conﬁrmant.

2197 4130 2325 4195 Quis
2352 4137 2530 4184 autem
2558 4137 2745 4184 contra
2785 4130 3004 4196 sentiat,
3033 4144 3153 4183 cum
3183 4138 3330 4183 tanta
3347 4130 3415 4184 sit
3435 4130 3697 4187 codicum
3726 4142 3785 4188 et

2190 4301 2349 4341 omne
2375 4301 2434 4341 se
2453 4285 2703 4355 gaudium
2727 4292 2871 4342 totus
2899 4286 3097 4357 ubique
3115 4266 3338 4344 suscitat
3364 4287 3625 4357 mundus,
3648 4282 3782 4359 quia

2188 4377 2350 4432 hodie
2378 4378 2670 4447 promissus
2691 4378 2952 4434 asmcuiis
2980 4379 3231 4434 universo
3259 4379 3377 4434 orbi
3398 4379 3416 4417 τ
3428 4379 3599 4449 judex
3621 4389 3781 4436 ortus

2114 4474 2161 4532 1)
2187 4477 2288 4534 est,
2319 4476 2371 4522 et
2407 4466 2738 4537 redemptor.
2761 4466 2827 4521 Et
2853 4483 3071 4524 necesse
3091 4476 3195 4536 est,
3218 4476 3276 4523 ut
3292 4468 3347 4523 in
3367 4484 3661 4526 commune
3678 4486 3780 4527 nos

2188 4573 2375 4615 omnes
2392 4559 2485 4629 qui
2504 4557 2667 4613 futuri
2695 4560 2959 4615 examinis
2986 4558 3506 4629 resurrectionisque
3534 4562 3781 4631 promis-

2257 4691 2295 4729 ἀ
2312 4692 2471 4768 ldem_
2484 4692 2606 4748 cod.
2631 4692 2913 4768 Laurent.,
2936 4693 2982 4747 si
3002 4693 3325 4748 adeertamus
3344 4705 3617 4768 quantum,
3642 4715 3778 4768 qua-

2184 4762 2289 4816 leve
2306 4765 2393 4834 s_it,
2410 4762 2595 4834 Deum
2624 4779 2655 4814 α
2677 4762 2820 4815 nobis
2848 4779 2951 4817 non
2978 4779 3127 4832 posse
3148 4762 3551 4834 cognosci,_etc.

2258 4841 2281 4901 ς
2312 4831 2446 4901 Cod.
2474 4830 2700 4901 Eon},
2728 4846 2833 4884 non
2864 4830 3029 4901 potest
3057 4830 3289 4901 carnalis
3316 4832 3513 4889 oculus.

2259 4900 2278 4939 ί
2307 4898 2441 4955 Cod.
2474 4898 2595 4954 Vat.
2619 4898 2816 4969 Palat.,
2835 4898 3054 4955 universi
3079 4900 3239 4955 orbis.

2183 5102 2299 5167 tris,
2328 5107 2479 5171 atque
2497 5097 2883 5171 s_esehominem
2912 5114 3069 5152 unum
3089 5115 3199 5154 esse
3218 5100 3377 5154 voluit
3403 5099 3597 5171 Deum.
3618 5104 3771 5162 Tito-

2180 5185 2293 5224 mas
2341 5166 2469 5238 vero
2497 5166 2759 5222 Christum
2805 5169 2882 5221 bis
2907 5179 3085 5238 natam
3114 5178 3258 5223 recte
3286 5184 3445 5238 posse
3472 5170 3581 5227 dici
3616 5173 3771 5229 affir-

2181 5248 2310 5313 r_nat.
2349 5237 2620 5313 Christum
2663 5244 2841 5291 autem
2871 5238 2961 5313 qui
2992 5236 3142 5299 dicit,
3165 5236 3303 5292 eum
3319 5248 3467 5294 certe
3506 5241 3647 5313 dicit
3674 5246 3769 5313 qui

2182 5307 2321 5361 Deus
2363 5316 2418 5361 et
2457 5306 2622 5362 homo
2664 5314 2770 5373 est,
2807 5306 2903 5377 seu
2933 5307 2986 5361 in
3021 5322 3129 5376 quo
3164 5313 3367 5377 naturae
3397 5316 3524 5363 sunt
3553 5306 3768 5367 dum'in

2179 5391 2462 5445 personam
2487 5391 2519 5428 u
2528 5391 2646 5429 nam
2662 5374 2947 5439 coeuntes;
2972 5374 3163 5445 quare,
3185 5378 3238 5429 in
3251 5374 3476 5443 Christo,
3508 5379 3691 5445 inquit
3713 5383 3765 5437 in

2179 5461 2328 5515 corp.
2349 5446 2528 5510 artic.,
2553 5456 2671 5498 sunt
2700 5445 2812 5499 dua:
2832 5455 3049 5508 naturae,
3075 5446 3249 5499 divina
3276 5446 3470 5515 scilicet
3497 5458 3549 5499 et
3570 5445 3766 5504 Euma-

2182 5532 2195 5567 t
2217 5513 2511 5584 manarum
2538 5530 2696 5567 unam
2716 5515 2911 5584 accepit
2932 5515 2997 5567 ab
3026 5523 3219 5584 mteruo
3240 5530 3271 5566 α
3319 5513 3499 5580 Patre,
3535 5518 3764 5573 alteram

2177 5601 2265 5636 acc
2299 5582 2372 5652 pit
2388 5583 2779 5651 temporalitera
2802 5582 2984 5649 matre,
3000 5592 3048 5636 et
3063 5582 3176 5636 ideo
3191 5600 3396 5637 necesse
3416 5585 3767 5642 estattribne-

2179 5670 2233 5706 re
2256 5654 2460 5723 Christo
2477 5653 2605 5723 duas
2628 5654 2940 5715 nativitates;
2971 5668 3127 5723 unam
3142 5668 3241 5723 qua
3263 5655 3581 5709 carnaliter
3604 5666 3763 5711 natus

2178 5730 2251 5775 est
2280 5738 2310 5773 a
2332 5720 2512 5786 Patre,
2537 5720 2693 5774 at'iam
2720 5739 2818 5793 qua
2856 5720 3202 5791 temporaliter
3228 5730 3380 5775 natus
3404 5733 3483 5777 est
3509 5741 3543 5778 α
3566 5736 3758 5781 matre.
