3924 6232
259 350 369 403 245

1647 339 1922 396 HOMILIA
1962 341 2046 397 XI.

3425 347 3527 403 246

244 481 335 519 ιω
382 462 667 515 salutarem
720 470 1057 524 suscepunus
1097 453 1279 523 fidem,
1327 454 1618 509 habeamus
1637 462 1836 509 metum
1866 460 1918 515 Α
1946 455 2048 523 tdr,
2079 456 2168 525 qui
2200 456 2253 510 in
2277 457 2500 513 exordio
2537 458 2722 512 mundi
2747 460 3103 527 omnipotenti
3128 473 3290 512 manu
3328 459 3397 513 de
3418 476 3531 513 ma—

246 552 480 621 quidem
496 549 564 603 de
574 548 781 616 judice,
807 546 905 602 sed
923 546 992 600 de
1020 546 1363 617 redemptore
1385 547 1640 600 laetitiam.
1664 545 1848 601 Omnis

250 656 497 709 namque
528 638 701 693 ﬁdelis
730 637 910 691 anima
948 638 1139 691 timore
1166 638 1479 706 corrigitur,
1510 637 1849 693 correctione

259 738 497 784 laetatur.
524 727 591 780 Et
612 728 666 780 in
698 727 827 793 hoc,
849 726 1131 793 carissimi,
1179 735 1381 796 quanta
1404 740 1531 795 erga
1558 726 1848 781 humanum

260 834 432 886 genus
463 818 852 887 onmipotentis
878 815 1051 871 Patris
1081 816 1412 887 dispensatio
1437 824 1540 885 est,
1584 825 1850 887 quantave

260 908 593 975 benignitas,
619 915 700 973 ut,
730 922 889 976 quem
913 905 1152 975 judicem
1175 907 1513 976 praeparabat
1541 906 1849 975 incredulis,

262 999 408 1054 hunc
431 999 717 1053 creditoris
739 1000 846 1068 30
873 999 1227 1068 praemitteret
1253 998 1653 1068 redemptorem
1682 1015 1693 1050 :
1720 1012 1853 1067 qua—

266 1101 446 1159 tenus,
480 1105 819 1161 praecurrens
852 1091 1244 1159 misericordia,
1282 1091 1623 1147 severitatem
1653 1091 1853 1146 adven-

269 1179 436 1235 tantis
452 1180 650 1249 judicis
664 1180 1004 1249 praeveniret.
1024 1180 1194 1237 Hodie
1214 1181 1395 1251 itaque
1418 1188 1577 1235 natus
1600 1180 1852 1236 estChri-

269 1278 409 1339 stus,
430 1270 530 1326 sed
558 1272 613 1324 in
636 1270 919 1325 nativitate
950 1270 1068 1339 ejus
1087 1278 1270 1326 nostra
1299 1271 1538 1325 omnium
1558 1272 1719 1327 habet
1748 1272 1855 1325 vita

271 1361 510 1415 natalem
537 1376 551 1413 :
580 1360 731 1427 quia,
761 1361 853 1429 qui
880 1360 1158 1429 privilegia
1189 1360 1372 1429 prima:
1394 1360 1687 1416 nativitatis
1723 1362 1856 1415 ami-

274 1449 463 1515 simus,
488 1446 744 1501 visitante
766 1463 862 1503 nos
882 1446 1123 1515 Christo,
1147 1447 1417 1503 sanctiore
1440 1456 1599 1518 partu
1621 1448 1858 1505 redimus

274 1541 343 1595 ad
371 1542 555 1594 vitam.
592 1539 768 1595 Hodie
793 1541 1000 1609 peperit
1026 1538 1214 1607 Maria,
1240 1539 1333 1594 sed
1356 1539 1471 1604 ipsa
1498 1555 1654 1594 suum
1682 1548 1859 1610 partu-

276 1646 303 1686 r
322 1632 402 1686 vit
432 1640 733 1687 auctorem.
765 1630 935 1685 Hodie
965 1629 1138 1686 edidit
1169 1630 1372 1685 mundo
1403 1630 1675 1685 hominem
1698 1646 1856 1701 quem

276 1741 390 1781 non
434 1723 673 1792 suscepit
713 1722 780 1776 ab
809 1722 1045 1780 homine.
1071 1732 1096 1759 ι
1127 1721 1267 1788 Quid
1309 1722 1412 1776 hoc
1463 1729 1547 1777 est
1594 1722 1856 1788 miraculi,

1949 547 2099 601 sculo
2128 555 2381 615 operatus
2408 555 2492 601 est
2518 547 2791 602 feminam.
2848 548 2956 603 Sed
2985 548 3127 604 hanc
3169 548 3527 602 humilitatem

1950 638 2203 694 nascendi
2255 638 2529 706 virginalis
2574 640 2760 692 matris
2808 639 3062 693 sublimat
3110 639 3409 708 integritas.
3460 638 3527 693 Et

1949 728 2193 797 quamvis
2214 736 2369 784 natus
2390 726 2633 782 Christus
2654 727 2909 796 femineo,
2936 738 2994 783 ut
3018 729 3214 799 infans,
3254 732 3395 787 lacte
3432 749 3529 803 pa-

1950 826 2160 883 scatur;
2189 816 2204 868 i
2238 824 2414 871 tamen
2435 824 2495 871 ut
2516 833 2693 874 rermn
2719 826 2914 888 potens
2931 818 2955 857 ιι
2977 820 3267 889 virginibus
3295 826 3532 879 nutritur

1951 907 2224 976 uberibus,
2271 915 2433 977 atque
2480 915 2539 962 ut
2558 910 2787 980 primum
2816 911 2963 964 illum
2987 912 3039 965 in
3070 913 3167 967 has
3193 915 3372 969 szeculi
3402 932 3532 985 pro-

1951 998 2136 1064 cellas,
2159 1004 2215 1051 et
2235 996 2540 1053 ﬂuctuantis
2559 999 2824 1053 sentinam
2851 1001 3033 1055 mundi
3058 1010 3241 1057 uterus
3264 1014 3539 1059 maternus

1952 1090 2161 1155 effudit,
2183 1089 2455 1142 vilissimis
2492 1088 2894 1144 1circumdatur
2921 1092 3131 1161 pannis.
3156 1090 3351 1148 Pannis
3379 1095 3539 1162 siqui-

1954 1181 2076 1235 dem
2105 1180 2340 1233 induitur
2388 1181 2477 1235 ille
2498 1196 2598 1250 pro
2627 1181 2802 1249 nobis,
2829 1184 2918 1251 qui
2941 1199 3065 1238 cum
3093 1192 3305 1239 crearet
3333 1186 3533 1249 omnia,

1961 1281 2132 1327 terras
2178 1272 2296 1326 luce
2349 1270 2605 1340 perfudit,
2645 1272 2838 1327 coelum
2868 1272 3132 1329 sideribus
3154 1272 3458 1341 adornavit,
3484 1284 3538 1328 rt

1956 1363 2109 1430 ignea
2130 1362 2297 1417 solem
2317 1362 2559 1417 claritate
2582 1362 2813 1417 vestivit.
2838 1362 3152 1421 Obvolvitur
3172 1365 3385 1433 quidem
3408 1382 3538 1436 pan-

1957 1454 2060 1521 nis,
2107 1453 2203 1507 sed
2248 1453 2301 1507 hi
2326 1455 2488 1522 panni
2519 1469 2656 1508 nova
2679 1455 2831 1511 stella
2861 1456 3104 1511 radiante
3131 1466 3484 1511 munerantur
3509 1473 3539 1512 a

1956 1546 2126 1613 magis
2154 1554 2191 1581 ω
2220 1553 2277 1600 et
2321 1545 2711 1600 exsultantibus
2763 1547 2966 1613 angelis
3005 1548 3356 1602 honorantur.
3388 1547 3456 1601 Et
3485 1556 3542 1602 ut

1956 1635 2265 1689 noverimus
2293 1634 2539 1690 universa
2570 1634 2684 1690 haec
2713 1651 2808 1705 per
2850 1638 3162 1706 mysterium
3199 1638 3283 1691 vel
3316 1635 3430 1693 ﬁeri
3458 1638 3541 1692 vel

1958 1725 2081 1788 dici,
2111 1725 2199 1779 hic
2240 1724 2332 1793 qui
2380 1725 2570 1794 pannis
2602 1733 2628 1759 υ
2655 1725 3111 1793 circumvolvitur,
3133 1726 3451 1795 praedicatus
3477 1729 3541 1780 alt

274 1813 509 1869 fratres?
536 1810 785 1866 Nascitur
804 1826 933 1865 caro
956 1810 1024 1865 de
1045 1825 1229 1878 carne,
1258 1826 1366 1865 non
1397 1820 1578 1865 tamen
1602 1820 1855 1878 generata
1888 1808 1933 1866 Β
1960 1816 2111 1870 initio
2140 1815 2207 1870 de
2232 1816 2351 1870 sinu
2380 1815 2572 1882 Patris,
2601 1823 2911 1885 aiternoque
2941 1818 3175 1871 thalamo
3229 1817 3541 1871 salutarium

275 1916 377 1973 per
396 1915 641 1967 carnem,
681 1898 710 1937 δ
730 1907 790 1954 et
816 1907 1027 1954 secreto
1046 1900 1280 1967 quodam
1306 1898 1861 1971 incomprehensoque

275 1998 551 2057 conceptu
600 1986 846 2056 procedit
887 1987 958 2047 de
1002 1989 1215 2043 mortali
1243 1988 1440 2045 femina
1462 1989 1643 2044 divina
1671 2003 1864 2060 proge-

275 2083 413 2136 nies.
440 2081 551 2136 Nec
574 2080 769 2135 mirum
797 2096 948 2147 sane,
979 2080 1023 2135 si
1046 2081 1257 2135 exstitit
1276 2080 1455 2135 divina
1480 2082 1751 2149 nativitas,
1772 2082 1863 2135 ubi

275 2188 389 2227 non
417 2180 536 2225 erat
565 2172 798 2226 humana
820 2172 1127 2241 conceptio,
1156 2180 1250 2229 aut
1269 2173 1314 2227 si
1340 2173 1483 2228 illam
1508 2182 1732 2229 matrem
1757 2190 1862 2229 non

275 2261 500 2316 violavit
515 2268 726 2331 partus,
738 2276 899 2329 quam
913 2262 1090 2316 coitus
1114 2277 1218 2315 non
1241 2261 1480 2316 foedavit.
1493 2262 1585 2316 ille
1596 2263 1865 2331 quondam
1888 2298 1893 2301 -

274 2351 585 2407 futurorum
597 2352 844 2406 conscius
863 2351 1026 2405 isaias
1047 2352 1258 2421 populis
1283 2361 1338 2406 et
1350 2352 1599 2418 gentibus
1616 2363 1638 2389 ε
1656 2352 1769 2419 sign
1778 2368 1864 2405 um

275 2458 433 2497 novae
470 2442 662 2495 salutis
702 2441 950 2509 aperiens
985 2458 997 2493 :
1043 2440 1197 2509 Ecce,
1245 2442 1439 2509 inquit,
1482 2442 1623 2512 virgo
1647 2442 1701 2494 in
1722 2451 1865 2495 utero

272 2534 559 2603 concipiet,
608 2541 659 2586 et
689 2534 859 2600 pariet
885 2533 987 2601 31
1022 2531 1238 2594 Filium,
1270 2540 1318 2585 et
1347 2530 1373 2567 ἀ
1403 2531 1653 2586 vocabunt
1682 2548 1865 2585 nomen

276 2625 389 2693 ejus
425 2622 759 2688 Emmanuel,
781 2622 917 2691 quod
948 2632 971 2658 ε
1002 2624 1371 2690 interpretatur
1401 2620 1687 2676 Nobiscum
1728 2620 1865 2675 Deus

277 2712 438 2782 (Isai.
462 2713 581 2780 vn).
607 2710 805 2781 Atque,
831 2720 889 2766 ut
910 2710 1250 2772 advel-tamus
1283 2711 1417 2765 Novi
1440 2726 1503 2765 ac
1522 2710 1733 2766 Veteris
1766 2710 1865 2765 Tc-

274 2802 538 2855 stamenti
573 2815 737 2854 unum
762 2815 885 2855 esse
912 2815 1235 2857 consensum
1266 2815 1534 2870 unumque
1564 2800 1863 2868 consilium,

275 2894 355 2945 ait
380 2893 548 2947 etiam
574 2890 919 2945 beatissimus
963 2890 1138 2946 Lucas
1180 2891 1467 2947 dominica:
1503 2893 1867 2960 generationis

275 2984 485 3039 relator
510 2982 757 3051 egregius
783 2981 968 3036 dicens
996 2999 1010 3034 :
1043 2980 1238 3035 Missus
1266 2988 1343 3035 est
1372 2983 1585 3051 angelus
1607 2980 1815 3035 Gabriel
1834 2999 1866 3035 a

277 3076 391 3131 Deo
415 3076 485 3129 ad
503 3077 752 3147 uirginem
774 3074 1137 3144 desponsatam
1160 3074 1289 3141 viro,
1318 3075 1397 3127 cui
1426 3089 1611 3128 nomen
1637 3081 1746 3128 erat
1771 3072 1865 3127 Jo-

1962 1908 2070 1977 32
2096 1907 2396 1975 nuptiarum
2425 1920 2654 1974 sponsus
2680 1907 2880 1961 venite
2907 1906 3069 1973 caelo,
3103 1906 3241 1960 sicut
3269 1906 3343 1959 ait
3385 1920 3545 1960 vene-

1962 1996 2159 2050 randus
2204 1997 2367 2051 David
2405 2012 2416 2049 :
2459 1996 2576 2066 Ipse
2623 2004 2869 2066 tanquam
2906 2013 3127 2067 sponsus
3173 1996 3452 2067 procedens
3483 1996 3543 2048 de

1964 2087 2189 2140 thalamo
2212 2102 2303 2140 suo
2330 2086 2501 2156 (Psal.
2535 2086 2701 2154 xvur).
2736 2085 2936 2139 Deinde
2968 2086 3049 2158 (ut
3090 2085 3307 2155 legitur)
3328 2085 3545 2154 ponitur

1966 2180 2018 2231 in
2058 2193 2310 2247 pnesepe,
2343 2178 2486 2245 quia,
2539 2186 2595 2231 ut
2624 2179 2695 2231 ait
2737 2179 3086 2246 evangelista,
3108 2187 3130 2215 ο
3164 2176 3287 2232 Non
3312 2185 3422 2232 erat
3441 2178 3545 2231 illis

1966 2268 2106 2321 locus
2136 2269 2187 2319 in
2216 2268 2496 2321 diversorio
2529 2265 2678 2336 (Luc.
2726 2266 2805 2334 ιι).
2854 2266 2931 2320 Ne
2978 2282 3155 2334 quem,
3186 2268 3397 2331 fratres,
3446 2266 3546 2321 ista

1967 2364 2332 2427 permoveant,
2354 2355 2477 2424 quia
2506 2356 2681 2409 omnis
2708 2355 2821 2410 haec
2851 2356 2905 2408 in
2928 2356 3206 2411 Salvatore
3239 2357 3412 2410 vilitas
3426 2370 3549 2425 pre-

1969 2446 2271 2501 tiosissimae
2316 2454 2514 2499 nostrae
2563 2445 2750 2499 salutis
2800 2453 2883 2498 est
2913 2454 3321 2500 sacramentum.
3353 2444 3545 2500 Videte

1968 2539 2111 2594 enim
2155 2546 2357 2606 quanta
2403 2536 2666 2605 sapientia
2695 2537 2950 2592 collocari
2994 2534 3242 2592 Christus
3270 2536 3468 2591 dicitur
3496 2536 3549 2589 in

1965 2642 2226 2698 praesepe,
2270 2627 2359 2696 qui
2381 2627 2592 2695 gemina
2638 2626 2868 2694 quadam
2897 2626 3065 2693 gratia
3092 2627 3312 2681 humani
3339 2626 3551 2696 generis

1969 2728 2023 2775 et
2049 2735 2171 2775 esca
2200 2727 2317 2773 erat
2352 2718 2578 2781 futurus,
2602 2726 2657 2773 et
2683 2725 2883 2788 pastor.
2918 2717 3021 2783 Qui
3047 2718 3184 2772 bene
3214 2720 3267 2771 in
3288 2719 3551 2787 pmcpin

1966 2812 2203 2882 ponitur,
2220 2818 2278 2865 ut
2296 2822 2362 2863 an
2379 2808 2570 2879 pabula
2596 2810 2847 2879 perennis
2861 2809 2984 2862 vitm
3001 2809 3355 2879 spiritualium
3372 2808 3548 2863 ovium

1967 2915 2155 2969 greges
2175 2900 2296 2967 agni
2318 2898 2549 2954 cmlestis
2577 2899 2787 2953 balatus
2815 2899 3023 2953 invitet.
3052 2897 3173 2953 Non
3194 2907 3328 2962 erat,
3358 2898 3546 2967 inquit,

1966 2991 2039 3043 eis
2065 2990 2208 3043 locus
2232 2989 2286 3040 in
2309 2988 2610 3040 diversorio.
2635 2986 2884 3054 Nunquid
2917 2994 3078 3040 tanta:
3102 2987 3242 3041 illius
3266 2994 3421 3041 erant
3453 3002 3550 3039 an-

1966 3070 2151 3146 gustize
2194 3076 2506 3138 mansionis,
2537 3083 2595 3129 ut
2640 3076 2750 3129 nati
2775 3077 2873 3131 sub
2900 3078 3034 3131 hora
3061 3075 3268 3146 parvuli
3316 3076 3550 3130 membra

275 3168 431 3237 septi,
451 3174 502 3219 et
530 3168 604 3218 ait
624 3166 694 3217 ad
723 3166 870 3218 illam
895 3182 912 3219 :
940 3164 1074 3219 Ecce
1094 3166 1417 3235 concipiesin
1436 3172 1602 3231 utero,
1629 3173 1676 3218 et
1696 3166 1865 3234 paries
1893 3161 1935 3221 C
1968 3183 2075 3221 non
2105 3167 2359 3237 caperet?
2386 3164 2493 3221 Sed
2518 3165 2720 3221 idcirco
2748 3167 2977 3237 mystico
3016 3166 3244 3222 refertur
3270 3181 3548 3229 sermone,

275 3257 473 3325 ﬁlium,
524 3264 575 3309 et
612 3256 861 3309 uocabunt
890 3272 1074 3308 nomen
1099 3256 1210 3325 ejus
1233 3254 1412 3308 Iesum
1435 3253 1585 3325 (Luc.
1616 3254 1676 3324 ι).
1710 3252 1866 3308 Jesus

274 3354 490 3411 autem,
520 3345 805 3412 carissimi,
836 3344 1031 3400 Latino
1073 3360 1326 3399 sermone
1370 3344 1621 3400 Salvator
1645 3344 1859 3399 dicitur.

275 3424 426 3493 Ecce
465 3437 695 3507 qualiter
720 3452 780 3491 se
830 3437 1060 3491 invicem
1103 3437 1563 3491 concordantibus
1585 3436 1868 3491 sententiis

276 3525 595 3581 testimonia
626 3525 807 3579 divina
831 3526 1239 3593 conlirmantur,
1272 3533 1327 3581 et
1355 3542 1478 3581 cum
1512 3525 1530 3564 ι
1562 3526 1865 3597 praedican-

276 3625 403 3670 tum
433 3615 640 3671 diversa
658 3618 765 3673 sint
788 3625 1053 3686 tempora,
1082 3633 1191 3671 non
1215 3617 1425 3671 diversa
1451 3618 1711 3672 narratio.
1734 3617 1866 3671 Nam

274 3712 503 3775 partum
522 3706 762 3773 virginis,
794 3720 955 3773 quem
980 3707 1068 3762 ille
1104 3707 1450 3776 praedixerat,
1478 3709 1580 3762 iste
1609 3716 1861 3762 testatur.

275 3806 303 3844 s
321 3794 461 3862 Quis
482 3796 641 3863 igitur
651 3794 718 3848 de
736 3795 1017 3849 divinitate
1032 3794 1254 3863 Christi,
1271 3797 1389 3863 quis
1405 3796 1473 3850 de
1488 3796 1865 3866 redemptione

273 3892 590 3950 cunctetur,
619 3899 778 3952 quem
800 3892 857 3938 et
882 3883 1047 3938 Isaias
1068 3883 1347 3953 proﬁtetur
1368 3885 1555 3953 Deum,
1576 3893 1631 3939 et
1652 3884 1868 3940 Gabriel

275 3973 572 4027 annuntiat
599 3972 971 4028 Salvatorem?
1002 3973 1130 4040 Quis
1157 3975 1371 4030 intactae
1392 3992 1667 4045 puerpera:
1688 3978 1867 4031 alvum

273 4064 501 4119 dubitet
527 4062 791 4131 ﬂoruisse,
808 4063 835 4101 δ
864 4065 1009 4135 quod
1035 4082 1143 4121 uno
1171 4081 1308 4135 pene
1329 4082 1444 4135 ore,
1486 4076 1647 4136 atque
1673 4069 1865 4125 eodem

275 4152 482 4221 spiritu
534 4153 926 4222 proloquuntur
969 4154 1319 4223 evangelista,
1371 4157 1590 4225 angelus
1645 4166 1701 4213 et
1740 4175 1866 4228 pro-

277 4241 490 4312 pheta?
511 4239 611 4295 Ubi
640 4244 774 4296 tanti
808 4244 1049 4314 talesque
1072 4252 1197 4299 sunt
1224 4252 1413 4313 testes,
1462 4263 1570 4301 non
1598 4248 1869 4303 erubescit

275 4331 509 4397 veritas,
539 4330 637 4386 sed
659 4334 871 4388 auditor
917 4334 1227 4390 incredulus
1272 4337 1601 4393 confutatur.
1632 4339 1735 4394 Sed
1754 4341 1865 4408 jam

275 4422 571 4477 videamus
598 4440 729 4494 quas
750 4441 851 4494 pro
877 4427 1032 4481 nobis
1071 4435 1229 4482 natus
1256 4429 1491 4498 perferat
1514 4430 1759 4486 Christus
1786 4432 1868 4485 in-

1967 3274 2073 3314 non
2122 3257 2369 3311 invenire
2401 3257 2580 3311 locum
2628 3257 2682 3310 in
2727 3256 3055 3323 diversorio;
3110 3256 3236 3325 quia
3285 3257 3554 3322 ingressus

1964 3348 2222 3404 mundum
2250 3346 2496 3402 Christus
2527 3346 2703 3413 fidem,
2733 3358 2757 3397 ι)
2801 3348 2857 3402 in
2876 3363 2981 3418 qua
3004 3348 3174 3418 possit
3192 3349 3551 3416 requiescere,

1968 3456 2077 3494 non
2100 3439 2322 3502 invenit,
2352 3445 2413 3493 ut
2448 3438 2523 3492 ait
2544 3439 2667 3508 ipse
2696 3438 2751 3492 in
2785 3437 3097 3507 Evangelio,
3128 3440 3311 3493 dicens
3337 3456 3351 3490 :
3385 3436 3553 3491 Filius

1965 3542 2133 3585 autem
2174 3529 2397 3584 hominis
2436 3545 2540 3582 non
2592 3528 2742 3582 habet
2792 3528 2924 3580 subi
2955 3536 3109 3595 caput
3136 3544 3286 3581 suum
3338 3527 3552 3581 reclinet

1967 3624 2178 3696 (Matth.
2230 3622 2365 3691 vui).
2419 3621 2568 3676 Unde
2596 3622 2923 3675 advertimus
2952 3621 3079 3690 quia
3107 3621 3295 3674 unicus
3338 3619 3432 3673 Dei
3462 3618 3551 3672 Fi—

1966 3715 2069 3769 lius
2091 3729 2196 3767 non
2237 3712 2288 3764 in
2319 3712 2573 3781 spatiosis
2601 3711 2848 3766 domibus
2869 3712 3173 3779 auratisque
3200 3721 3223 3748 ι’
3247 3710 3550 3780 laqueariis,

1967 3804 2059 3859 sed
2084 3803 2135 3856 in
2166 3800 2271 3855 ﬁde
2293 3801 2623 3857 credentium
2646 3800 2951 3869 requiescit.
2989 3810 3010 3838 ι
3036 3800 3189 3855 Hunc
3216 3814 3344 3869 ergo
3391 3798 3551 3853 Chri-

1965 3902 2107 3949 stum
2152 3877 2335 3949 Jesum
2372 3904 2648 3963 sugentem
2690 3896 2874 3960 ubera,
2907 3894 3241 3949 nascentium
3272 3891 3551 3947 infantium

1966 4000 2117 4039 more
2137 3986 2462 4054 vagientem,
2492 3986 2685 4040 vilibus
2710 3984 3097 4040 circumdatum
3125 3984 3337 4054 pannis,
3361 3983 3549 4053 jacen-

1970 4080 2076 4127 tem
2098 4074 2150 4127 in
2174 4075 2683 4144 prmsepe,angelica
2710 4075 3002 4129 ministeria
3022 4073 3471 4145 prosequuntur,‘
3499 4084 3554 4129 et

1968 4165 2145 4219 omnis
2199 4167 2468 4221 exercitus
2519 4166 2805 4221 multitudo
2850 4166 3095 4232 miratur,
3146 4150 3387 4222 consona
3429 4182 3551 4221 cum

1967 4271 2100 4309 voce
2130 4256 2510 4310 collaudanset
2535 4255 2752 4311 dicens:
2780 4256 2961 4311 Gloria
3007 4259 3060 4310 in
3094 4257 3311 4310 excelsis
3344 4256 3474 4323 Deo,
3504 4266 3553 4310 et

1968 4348 2021 4399 in
2052 4356 2190 4399 terra
2212 4363 2317 4417 pax
2346 4346 2638 4400 hominibus
2666 4347 2814 4401 bona:
2840 4348 3117 4403 voluntatis
3144 4346 3298 4418 (Luc.
3318 4349 3396 4418 ll).
3419 4346 3552 4403 Glo-

1967 4437 2047 4489 ria
2070 4435 2252 4505 utique
2276 4435 2406 4499 Deo,
2428 4436 2518 4503 qui
2531 4435 2827 4504 desperatis
2846 4438 3161 4491 mortalibus
3183 4452 3376 4492 munus
3390 4445 3550 4492 teter-

274 4512 479 4582 jurias,
508 4512 768 4580 quibusve
813 4529 997 4568 rursus
1040 4514 1245 4583 injuria:
1266 4517 1368 4573 illa:
1396 4519 1681 4574 virtutibus
1708 4520 1871 4576 deco-
1898 4513 1950 4572 D
1976 4543 2057 4581 nae
2101 4526 2289 4579 salutis
2316 4525 2561 4580 exhibuit
2595 4544 2605 4579 ε
2640 4534 2694 4581 et
2718 4541 2824 4596 pax
2845 4517 3153 4581 hominibus
3180 4527 3333 4581 bona:
3358 4527 3551 4582 volun-

276 4612 507 4669 rentur;
533 4612 586 4657 et
601 4612 724 4659 ante
743 4605 921 4659 omnia
944 4606 1174 4663 femineo
1203 4606 1217 4644 ί
1247 4623 1380 4664 sexu
1408 4625 1467 4665 se
1505 4612 1713 4681 concipi
1743 4616 1874 4683 pati-

360 4742 386 4771 ι
418 4731 565 4785 Idem
594 4731 738 4796 cod.,
771 4731 909 4795 Quid
927 4742 1002 4787 est
1022 4735 1116 4787 hoc
1136 4736 1161 4788 ?

278 4802 388 4927 ’κδ
580 4777 1210 4870 secreta
1238 4807 1458 4877 quodam
1490 4777 1540 4861 et
1580 4811 1869 4881 incompre-

353 4887 473 4927 τωο.
505 4885 536 4924 e
562 4885 611 4924 c.

353 4887 473 4932 nso,
505 4885 611 4924 εις.

362 4951 387 5016 εξ
418 4936 556 5016 God.
582 4937 702 5016 Vat.
728 4938 923 5007 Palat.,
946 4957 1128 5016 nouum
1152 4950 1356 5014 signum
1375 4950 1609 5016 aperiens
1631 4966 1774 5005 nova:
1791 4967 1874 5005 sa-

273 5006 801 5080 lutis._Ecce__Virgo_
823 5006 1095 5080 concipiet,
1126 5006 1229 5068 etc.

360 5078 390 5117 ἀ
423 5077 558 5131 Cod.
593 5077 712 5131 Vat.
733 5077 901 5146 1%7,
931 5077 1191 5134 vacabitur
1211 5099 1411 5140 nomen.

362 5158 389 5222 ς
591 5146 715 5222 cod.
751 5145 894 5222 Vat.,
925 5150 1060 5220 quod
1079 5159 1151 5222 est
1179 5153 1585 5222 interpretatum.

367 5215 388 5254 τ
426 5215 573 5289 [dein
763 5216 909 5289 Vat.,
935 5215 1353 5289 praedicantium.
1414 5254 1417 5255 ν

361 5282 559 5365 5-Cod.
602 5284 755 5365 Vat._
787 5282 955 5341 Palat;
1006 5287 1131 5357 455,
1170 5291 1281 5358 quis
1318 5292 1475 5363 igitur
1518 5297 1583 5348 de
1610 5299 1873 5353 nativitate

279 5355 509 5427 Christi,
538 5355 671 5427 quis,
686 5362 811 5427 _etc._

362 5424 405 5506 ιι.
425 5422 568 5506 Ideni
758 5424 919 5506 1297,
940 5433 1075 5506 quod
1094 5445 1196 5482 uno
1223 5446 1351 5499 pene
1375 5449 1463 5485 ore
1481 5434 1870 5506 proloquuntur.

280 5493 430 5575 Cod.
460 5492 568 5575 Ot‘t.
596 5495 720 5575 Vat.
758 5494 883 5563 7T5,
906 5492 1167 5575 qugduno
1188 5492 1314 5568 pene
1345 5519 1450 5567 ore,
1475 5492 1741 5559 cordisauc
1764 5508 1873 5575 spi—

284 5567 394 5619 ritu
420 5559 1110 5638 proloquiturevanyelista,
1140 5559 1248 5623 etc.

366 5638 391 5718 ξ.
414 5636 560 5693 Idem
578 5633 719 5694 'cod.
756 5633 924 5702 1967,
938 5645 1056 5691 ante
1079 5640 1250 5693 omnia
1275 5639 1491 5708 femineo
1513 5659 1636 5698 sexu
1675 5645 1872 5714 concipi

280 5716 494 5780 patitur.

1974 4618 2121 4683 tatis,
2152 4632 2287 4686 quos
2322 4617 2617 4671 certamine
2645 4631 2743 4672 suo
2768 4616 3031 4682 Christus,
3062 4632 3266 4686 suoque
3292 4618 3478 4687 prmlio
3500 4618 3553 4672 in

2049 4747 2061 4795 ἱ
2092 4744 2277 4799 Codex
2304 4746 2427 4799 Vat.
2459 4745 2627 4800 Palat.
2664 4746 2787 4805 455,
2815 4755 2983 4804 tamen
3006 4757 3112 4803 tum
3133 4767 3303 4804 rerum
3349 4760 3546 4807 potens.

2045 4814 2234 4888 FCod.
2266 4815 2386 4888 Vat.
2420 4815 2580 4888 i297,
2610 4818 2852 4888 virgineis
2879 4820 3120 4872 nutritur.

2046 4883 2059 4922 ι
2087 4884 2235 4957 Idem
2263 4884 2383 4957 cod_.
2414 4883 2567 4957 l267,
2590 4883 2923 4940 circumdatis
2950 4890 3161 4957 pannis.

2044 4963 2081 4989 ω
2108 4954 2251 5007 Idem
2274 4954 2419 5019 cod.,
2440 4964 2489 5007 et
2509 4955 2571 5007 ab
2592 4954 2967 5011 exsultantibus
2990 4959 3187 5019 angelis
3208 4959 3546 5014 honorantur.
3622 4966 3633 4979 ‘

2044 5031 2070 5059 ιι
2102 5022 2246 5076 Idem
2268 5023 2388 5077 cod.
2422 5023 2579 5091 2267,

2680 5028 2695 5078 i
2725 5029 2913 5095 pannis
2935 5027 3236 5082 obrolvitur.

2048 5100 2073 5127 ο
2095 5091 2236 5162 idem
2265 5092 2385 5146 cod.
2424 5093 2578 5162 19.67,

2664 5112 2730 5148 on
2756 5106 2870 5151 erat
2899 5097 2974 5150 illi
3001 5097 3140 5151 locus
3168 5099 3219 5152 in
3248 5100 3547 5155 diversorio.

2048 5172 2073 5209 ι’
2102 5160 2246 5235 idem
2274 5162 2425 5235 cod.,
2450 5165 2502 5235 in
2522 5160 2631 5235 qua
2652 5173 2825 5233 posset
2851 5168 3188 5235 requiescere.

2046 5241 2072 5278 q
2102 5230 2249 5302 idem
2278 5231 2428 5302 cod.,
2448 5230 2710 5302 ubi'cap'ut
2732 5230 2962 5289 reclinet.

2052 5310 2071 5336 ι·
2106 5298 2252 5373 [dem
2271 5298 2448 5373 _(_:od.,_
2459 5298 2759 5373 auratisque
2780 5304 3131 5373 laquearibus.

2050 5377 2071 5403 ⁸
2102 5366 2235 5422 Cod.
2271 5368 2388 5423 Vat.
2416 5371 2525 5424 Ott.
2551 5370 2656 5425 675
2677 5366 2877 5426 habet}
2911 5372 3046 5427 Ecce
3068 5373 3324 5429 Christum
3351 5376 3549 5429 Iesum.

1978 5437 2076 5513 llic
2093 5438 2245 5513 locus
2272 5439 2479 5513 integer
2507 5440 2725 5513 affertur
2752 5442 2818 5495 ab
2852 5450 3039 5497 auctor
3059 5445 3225 5499 citato
3253 5461 3371 5513 cap.
3396 5443 3461 5496 72
3490 5447 3549 5499 «te

1981 5508 2243 5583 laudando
2270 5507 2495 5583 Domino
2516 5512 2818 5583 angelorum
2844 5514 3100 5583 exemplo.

2055 5579 2071 5613 ί
2106 5576 2237 5631 Item
2267 5578 2385 5632 cod.
2421 5578 2564 5645 Vat.,
2590 5576 2775 5635 'omnis
2800 5576 3016 5637 catastis
3041 5585 3296 5638 exercitus
3339 5585 3557 5637 miratur

1979 5661 2207 5700 consona
2230 5664 2340 5701 cunt
2371 5665 2507 5711 rore,
2535 5657 2637 5705 clc.
