3924 6232
94 364 173 418 εις)

1473 370 1751 425 IIOMILIA
1791 371 1920 424 XIII.

3248 372 3359 430 250

96 474 362 539 ﬂagitabat;
412 477 705 544 nimirum,
750 484 811 530 ut
857 477 1082 531 cmlestts
1131 476 1347 531 tandem
1386 480 1662 546 generatio
1695 491 1738 542 Α
1767 481 2002 534 satiavit.
2038 479 2174 545 Quid
2228 479 2355 533 illud
2403 479 2676 550 adjiciam,
2708 480 2853 549 quod
2895 480 3065 536 Deum
3098 482 3268 548 illum,
3300 495 3358 538 et

94 573 360 632 repararet,
401 565 558 632 quod
612 567 874 620 nativitas
921 575 1131 620 terrena
1179 566 1506 635 perdiderat.
1557 567 1665 621 Sed

95 654 303 708 fortassis
332 655 502 722 hunc,
524 655 623 722 qui
647 664 815 709 natus
838 655 1156 725 prmdicatur
1184 673 1250 710 ex
1277 655 1497 724 femina,
1538 657 1664 712 dum

94 743 258 798 vilibus
269 744 590 798 obvolvitur
612 746 829 814 pannis,
852 747 974 799 dum
989 745 1170 815 jacere
1193 756 1479 802 contentus
1499 757 1582 802 est
1611 749 1662 802 in

92 848 326 901 pnesepc,
357 833 490 886 dum
541 835 868 906 lacrymosis
909 838 1170 905 vagitibus
1197 846 1510 907 concrepat,
1536 837 1663 892 dum

90 923 318 976 maternis
360 923 608 978 laetatur
633 926 908 995 uberibus,
935 926 1101 980 Deum
1129 943 1250 982 esse
1294 927 1523 983 difﬁdis?
1551 929 1664 983 lmo

96 1030 168 1081 per
193 1015 307 1078 ista,
339 1014 537 1083 frater,
562 1015 792 1072 adverte
820 1033 968 1086 eum,
998 1027 1053 1072 et
1075 1027 1133 1073 ut
1155 1019 1426 1075 hominem
1455 1019 1662 1074 inﬁrma

89 1121 169 1174 pro
189 1104 409 1160 inﬁrmis
438 1108 762 1177 pertulisse,
792 1118 846 1164 et
874 1118 931 1164 ut
970 1112 1137 1165 Deum
1184 1113 1483 1181 potentiam
1510 1127 1664 1167 exer-

89 1200 237 1253 cuisse
263 1201 568 1255 cmlestem.
607 1200 707 1256 Hic
741 1218 1004 1272 namque,
1046 1205 1138 1272 qui
1180 1204 1522 1259 sordentibus
1561 1207 1664 1260 eir-

89 1289 342 1343 cumdatur
365 1294 596 1360 pannis,
629 1294 790 1362 regiis
808 1309 904 1363 per
919 1294 1199 1351 Chaldaeos
1222 1297 1534 1352 muneribus
1563 1299 1662 1350 ho-

91 1391 282 1435 noratur
311 1383 534 1447 (Matth.
586 1400 706 1447 xxr;
743 1385 865 1438 Luc.
896 1387 990 1456 xi).
1053 1386 1151 1442 Hic
1197 1389 1288 1455 qui
1337 1389 1389 1441 in
1437 1390 1663 1458 prmsepi

92 1469 281 1524 humilis
321 1471 498 1540 jacet,
559 1473 762 1529 lumine
809 1475 934 1528 novi
965 1477 1154 1531 sideris
1183 1486 1432 1532 coruscat
1476 1479 1666 1534 ecmlo

92 1562 244 1630 (Joan.
267 1565 358 1632 γι).
385 1564 513 1630 Hic,
535 1566 631 1634 qui
663 1567 872 1633 vagitus
899 1567 1194 1638 reddit36
1215 1568 1471 1636 infantim,
1502 1584 1636 1637 ange
1655 1599 1667 1609 -

93 1651 164 1706 lici
191 1656 460 1711 exercitus
480 1657 716 1712 vocibus
755 1658 1108 1712 collaudatur.
1167 1659 1264 1714 Hic
1295 1661 1386 1728 qui
1434 1661 1668 1715 femineo

1768 586 1956 624 verum
1995 570 2087 623 Dei
2119 585 2236 624 esse
2265 569 2455 624 Filium
2487 585 2772 638 resurgens
2808 586 2838 625 a
2864 572 3093 627 mortuis
3120 571 3358 636 Lazarus

1767 662 1959 730 probat
1988 660 2165 730 (Joan.
2199 661 2299 732 xi),
2332 671 2354 695 “
2383 669 2633 729 receptus
2655 661 2723 714 ad
2748 662 2925 716 lumen
2951 677 3124 717 cmcus
3147 678 3357 718 annun-

1768 752 1867 805 tiat
1924 751 2075 821 (Luc.
2116 753 2299 820 xvul),
2328 752 2652 808 venerandis
2707 752 2822 822 ejus
2878 753 3081 808 calcata
3117 753 3358 823 vestigiis

1771 845 1912 897 unda
1960 851 2190 897 testatur
2221 842 2433 914 (Matth.
2478 843 2614 912 xiv),
2661 852 2716 898 et
2754 843 2899 912 quod
2939 844 3194 912 prmeellit
3239 845 3355 898 haec

1769 935 1972 1000 omnia,
1986 935 2249 989 resultans
2269 949 2298 988 e
2320 934 2458 989 cmlo
2469 951 2570 987 vox
2597 941 2817 1002 paterna
2838 933 3350 1004 conﬁrmatﬂlatth.

1769 1028 1868 1094 tu).
1903 1024 2133 1094 Propter
2178 1025 2344 1093 quod,
2378 1025 2744 1092 dilectissimi,
2787 1034 2898 1080 tam
2945 1040 3198 1094 magnum
3247 1027 3353 1081 hoc

1770 1115 2067 1170 nativitatis
2120 1115 2404 1183 dominicte
2454 1125 2854 1170 sacramentum
2909 1116 3083 1184 dignis
3132 1116 3357 1174 vocibus

1771 1205 2134 1262 honoremus:
2161 1205 2444 1274 diligamus
2466 1223 2574 1275 pra:
2603 1208 2851 1261 omnibus
2879 1200 3203 1273 castitatem,
3227 1207 3353 1274 quia

1774 1306 1832 1351 ut
1862 1298 2076 1366 placere
2105 1298 2244 1352 hanc
2273 1297 2375 1351 sibi
2399 1295 2640 1350 Christus
2669 1297 3010 1359 ostenderet,
3041 1296 3354 1366 pudicitiam

1774 1389 1911 1444 uteri
1939 1389 2214 1457 virginalis
2237 1388 2398 1455 elegit
2423 1405 2434 1440 :
2467 1397 2735 1442 sectemur
2763 1387 3210 1454 misericordiam,
3228 1387 3353 1454 quia

1773 1479 1990 1548 pietatis
2038 1487 2122 1533 cst
2158 1479 2301 1547 quod
2353 1478 2626 1532 salvantur
2658 1497 2669 1529 :
2695 1478 2956 1546 justitiam
3004 1477 3236 1531 sollicite
3275 1483 3355 1530 tc-

1775 1585 2018 1636 neamus,
2050 1571 2175 1638 quia
2219 1570 2288 1623 ob
2335 1570 2438 1622 hoc
2473 1567 2787 1635 Uuigenitus
2815 1568 2913 1622 Dei
2937 1566 3078 1623 ellici
3107 1568 3356 1635 dignatus

1775 1668 1858 1713 est
1885 1662 2074 1726 homo,
2103 1668 2162 1713 ut
2195 1660 2474 1713 veritatem
2501 1659 2803 1728 prazdicaus
2831 1659 3137 1713 universam
3168 1654 3357 1711 mundi

94 1746 210 1803 lacte
236 1749 495 1816 nutritur,
521 1750 692 1804 multa
715 1749 993 1805 hominum
1015 1751 1180 1806 millia
1192 1748 1512 1822 parvissimo
1528 1767 1667 1821 pane
1702 1744 1745 1802 Β
1772 1750 1965 1807 faciem
1992 1752 2014 1787 δ
2045 1751 2305 1806 damnata
2327 1749 2612 1820 iniquitate
2631 1757 2885 1821 purgaret
2917 1759 2964 1803 ε.

1429 1862 1776 1924 HOMILIA
1824 1863 2008 1924 XIII.

1310 1958 1386 2015 De
1407 1957 1698 2015 Nativitate
1717 1959 1932 2015 Domini
1968 1958 2105 2014 vn.

1487 2048 1882 2105 ADMONITIO.

154 2138 344 2204 Nullus,
389 2140 545 2209 quod
597 2139 850 2203 sciamus,
874 2138 1234 2209 estﬂseriptor
1259 2138 1350 2206 qui
1381 2137 1520 2192 hanc
1558 2136 1616 2191 S.
1649 2137 1884 2209 Maximo
1931 2140 2205 2194 homiliam
2236 2155 2341 2194 non
2369 2146 2585 2197 censeat
2612 2153 2732 2209 esse
2761 2137 3355 2209 ascribenda.Summre

97 2205 798 2276 scriptomm'ceiisensiOIii
826 2208 1033 2263 accedit
1061 2205 1309 2261 cedicum
1352 2223 1482 2276 mss.
1512 2216 1568 2261 et
1597 2208 1861 2261 editorum
1893 2209 2051 2271 (\L'l'ie
2076 2219 2438 2265 consentanea
2471 2208 2780 2263 auctoritas.
2813 2208 2893 2263 Ex
2933 2209 3062 2263 bibl.
3095 2208 3357 2262 Vaticana

97 2275 300 2346 quatuor
317 2279 624 2348 concordes
653 2279 876 2348 codices
911 2277 1321 2348 niominrabimus,
1369 2275 1664 2348 495l,_pag

1793 2317 1806 2340 ,
1842 2278 1996 2338 l237,
2030 2294 2148 2346 pag.
2183 2277 2242 2331 9i
2268 2321 2282 2342 ,
2316 2279 2532 2348 Regina:
2579 2278 2714 2340 455,
2764 2293 2884 2348 pag.
2914 2277 3006 2343 98,
3036 2294 3066 2332 a
3099 2287 3269 2345 tergo,
3302 2285 3360 2333 et

97 2345 216 2401 alter
239 2349 476 2416 ejusdem
510 2346 639 2410 125,
668 2362 790 2416 pag.
819 2345 902 2400 72.
936 2347 1248 2417 lnscril'ﬁtur
1275 2354 1452 2400 autem
1485 2362 1503 2401 :
1531 2345 1596 2399 In
1625 2347 1793 2400 natali
1826 2345 2056 2414 Domini,
2097 2366 2261 2402 sermo
2290 2349 2428 2402 beati
2456 2347 2676 2417 Maximi
2700 2345 2945 2417 episcopi.
2981 2347 3237 2417 Eamdem
3267 2348 3354 2417 in-

97 2419 412 2486 scriptionem
437 2415 703 2471 exhibent
730 2417 1079 2486 trescodices
1104 2415 1398 2486 Augieuses
1429 2433 1520 2480 xir,
1555 2433 1659 2479 xvr,
1690 2423 1746 2469 et
1782 2434 1925 2482 xxxx,
1962 2418 2321 2481 Martineusis,
2354 2415 2662 2473 Casiuensis
2701 2415 2906 2486 pariter
2947 2416 3076 2481 106,
3110 2429 3234 2486 pag.
3269 2416 3358 2480 15,

100 2501 152 2540 ac
190 2484 394 2540 demum
441 2486 833 2540 Mudoetiensis
861 2484 902 2537 E
929 2502 1011 2548 ut,
1043 2501 1205 2540 scrm.
1238 2484 1326 2538 23.
1373 2485 1721 2540 Laurentiani
1746 2486 1960 2542 codices
1987 2503 2048 2541 ea
2079 2497 2283 2542 carent.
2338 2488 2524 2542 Exstat
2573 2487 2624 2540 in
2672 2484 2857 2542 codice
2887 2484 3204 2541 Taurinensi
3234 2502 3357 2542 cum

101 2555 234 2608 titulo
265 2574 276 2606 :
309 2555 442 2609 Item
471 2568 523 2609 et
547 2557 610 2607 de
635 2558 901 2608 nativitate
931 2554 1139 2608 Domini
1169 2555 1384 2608 homilia
1413 2555 1496 2608 XI
1514 2555 1575 2609 γ.
1608 2555 1857 2611 Editores
1883 2566 2062 2611 autem
2093 2573 2280 2611 omnes
2304 2562 2442 2612 inter
2463 2557 2710 2619 homilias
2734 2556 3080 2620 Maximianas
3109 2556 3172 2609 de
3192 2555 3360 2609 natali

102 2623 286 2697 Domini
308 2624 574 2688 referunt.
599 2623 890 2697 Gymnicus
919 2638 1039 2695 pag.
1064 2623 1155 2697 14,
1178 2624 1498 2697 Galesinius‘
1511 2623 1752 2697 pa_g.__92,
1784 2623 2296 2697 annbel'tsiustmn.
2330 2627 2373 2694 ι,
2404 2639 2524 2697 pag.
2560 2624 2687 2691 168,
2714 2624 2972 2682 Cumdius
2999 2634 3130 2681 tom.
3164 2626 3209 2696 Ι,
3231 2638 3358 2696 pag.

103 2695 174 2758 65,
197 2696 513 2767 Rayuaudus
537 2693 662 2766 pag.
695 2695 817 2761 197,
846 2693 1180 2764 Margarinus
1207 2703 1340 2750 tom.
1377 2695 1443 2748 Vl
1470 2694 1604 2749 Bibl.
1632 2694 1774 2749 Max.
1808 2693 1941 2767 PP.,
1971 2711 2094 2766 pag.
2128 2695 2182 2750 6.

106 2808 464 2865 Ancnlsttrnu.
499 2843 574 2852 —
604 2806 726 2862 Non
755 2813 1007 2877 repugnat
1045 2807 1238 2859 rationi
1287 2807 1526 2859 humana:
1574 2804 1669 2858 Fi-

162 2881 276 2931 liam
302 2879 400 2933 Dei
428 2897 460 2931 a
506 2879 614 2932 Deo
644 2878 707 2930 ab
737 2886 928 2931 (eterna
954 2877 1333 2945 procedentem,
1358 2879 1412 2928 in
1440 2885 1669 2944 tempore

163 2951 340 3017 factum
360 2951 527 3020 fuisse
558 2949 830 3020 hominem
843 2948 1019 3020 nostri
1045 2946 1284 2999 similem.
1324 2945 1551 3020 Utraque
1581 2961 1667 3014 ge.

162 3013 371 3080 iteratio,
393 3019 655 3086 duplicent
687 3019 742 3070 in
789 3015 993 3070 Christo
1019 3022 1280 3086 naturam,
1304 3013 1666 3086 contprobans,

1775 2807 1856 2861 De
1879 2823 1988 2860 uno
2019 2807 2322 2878 eodemque
2352 2809 2485 2878 legis
2515 2826 2526 2860 :
2561 2807 2628 2861 1η
2657 2808 2914 2878 principio
2955 2817 3069 2860 erat
3117 2804 3362 2871 Verbum,

1774 2907 1822 2953 et
1843 2898 2061 2952 Verbum
2091 2915 2212 2950 caro
2231 2901 2420 2969 factum
2433 2909 2508 2951 est
2523 2897 2576 2967 (1
2582 2914 2702 2950 oau.
2718 2899 2777 2968 ι).
2793 2895 2980 2951 Gaude
2991 2909 3121 2964 ergo
3142 2911 3287 2951 nunc
3308 2902 3364 2951 et

1775 2991 1879 3059 37
1929 2989 2139 3042 exsulta
2173 2987 2190 3025 τ
2223 2987 2293 3040 ad
2339 2987 2506 3041 Deum
2553 2996 2578 3034 ι
2630 2995 2779 3039 tuum
2830 2986 3047 3038 tandem
3097 2998 3361 3040 conversa

163 3097 203 3140 et
226 3074 480 3155 ineffabile
529 3096 910 3144 sacramentum
935 3086 1225 3153 continens,
1247 3083 1370 3154 ﬁdei
1405 3074 1478 3136 est
1507 3074 1666 3153 arqu
1697 3089 1742 3150 ο
1774 3082 2062 3152 gentilitas.
2119 3078 2409 3147 Percepisti
2440 3078 2638 3131 donum
2670 3077 2814 3148 quod
2864 3076 3136 3129 Abraham
3167 3075 3218 3128 in
3249 3074 3362 3144 spi-

169 3168 396 3211 utentum.

165 3265 410 3324 Hodierni
435 3268 684 3341 mysterii
713 3274 1126 3345 sacramentum,
1160 3264 1354 3320 fratres
1381 3263 1665 3323 carissimt.

109 3361 226 3416 sicut
251 3361 555 3419 credidistis
579 3376 796 3430 semper
824 3369 879 3416 et
907 3359 1153 3426 creditis,
1181 3357 1452 3429 reparatio
1472 3362 1556 3410 est
1582 3369 1672 3409 sa-

110 3449 215 3505 lutis
264 3452 532 3520 humanae,
557 3453 817 3506 virtutum
867 3451 1338 3517 nativitas,ruina
1388 3448 1663 3503 vitiorum.

113 3539 258 3596 llodie
285 3559 516 3611 namque
551 3540 799 3596 Christus
836 3541 1022 3609 Jesus,
1068 3540 1331 3596 Dominus
1382 3547 1588 3604 noster,
1612 3537 1664 3590 in

109 3645 200 3698 quo
225 3633 513 3690 divinitatis
541 3642 624 3689 est
649 3632 955 3702 plenitudo,
985 3634 1162 3688 carnis
1209 3640 1408 3687 nostrae
1459 3630 1667 3684 intirma

109 3724 393 3793 suscipiens,
426 3741 600 3781 novus
623 3734 782 3778 natus
810 3732 892 3778 est
921 3723 1107 3779 homo.
1139 3722 1314 3778 Hodie
1339 3722 1549 3780 refulsit
1577 3736 1668 3776 se-

111 3813 290 3870 candus
319 3815 408 3870 ille
433 3815 632 3884 Adam,
653 3830 762 3868 non
798 3813 996 3880 incola,
1026 3813 1121 3868 scd
1143 3813 1390 3868 dominus
1413 3813 1688 3884 paradisi,

107 3915 243 3972 quem
279 3907 580 3963 interdicta:
601 3907 812 3962 arboris
839 3906 1183 3977 pulchritudo
1214 3923 1320 3961 non
1347 3906 1518 3972 fallat,
1549 3922 1667 3962 ser-

109 4008 222 4061 pens
257 4013 361 4052 non
399 3988 659 4067 decipiat,
682 3997 878 4052 mulier
906 4013 1014 4051 non
1043 3997 1286 4050 seducat.
1312 3995 1482 4050 Hodie
1503 4011 1666 4051 exor-

111 4093 205 4139 tum
228 4089 378 4143 estin
411 4088 650 4143 tenebris
665 4089 864 4142 lumen.
892 4087 1061 4143 IIodie
1086 4087 1216 4142 illud
1235 4087 1380 4158 quod
1403 4085 1428 4124 ά
1446 4089 1666 4157 caelum,

111 4183 155 4227 et
179 4178 287 4231 ςαξιὶ
309 4179 570 4234 cmlorum
591 4193 652 4231 se
682 4179 884 4232 habere
903 4177 1243 4245 gaudebant,
1269 4177 1522 4244 mundus,
1541 4179 1668 4232 dum

113 4268 286 4333 nescit,
327 4268 556 4337 accepit.
600 4266 786 4334 Neque
820 4267 963 4321 enim
995 4275 1052 4321 ut
1089 4267 1401 4337 temporalis
1426 4266 1666 4334 quidam,

111 4363 187 4407 aut
209 4358 291 4425 qui
313 4365 436 4412 ante
458 4373 570 4413 non
604 4367 627 4394 °
659 4357 844 4424 fuerit,
868 4357 937 4411 de
958 4355 1154 4411 femina
1169 4358 1328 4411 nobis
1352 4358 1669 4426 repentinus

1772 3174 1878 3229 ritu
1906 3188 1967 3228 se
1993 3171 2190 3227 vidisse
2217 3171 2425 3225 hetatus
2473 3177 2556 3224 est
2598 3187 2612 3220 :
2663 3166 2907 3222 meruisti
2936 3181 3035 3236 per
3066 3163 3363 3231 Christum,

1769 3266 1913 3335 quod
1941 3264 2140 3319 mereri
2189 3261 2464 3332 quondam
2511 3261 2859 3314 Hebrznorum
2889 3271 3020 3326 gens
3048 3257 3222 3312 electa
3254 3271 3363 3313 non

1768 3356 1973 3427 potuit;
2028 3356 2224 3408 timens
2269 3352 2410 3406 enim
2452 3349 2616 3405 Israel
2665 3357 2722 3404 et
2776 3356 3014 3403 tremens
3042 3347 3364 3411 mirabatur,

1770 3455 1830 3501 ut
1857 3446 2102 3515 legimus,
2129 3444 2273 3514 quod
2308 3443 2547 3514 Moyses,
2593 3441 2774 3511 populi
2807 3441 3080 3509 princeps,
3110 3438 3363 3494 recoudi~

1771 3547 1857 3591 tus
1887 3537 1938 3589 in
1962 3536 2124 3602 nube,
2155 3543 2209 3589 et
2237 3535 2290 3588 in
2329 3533 2530 3587 vertice
2559 3532 2760 3585 montis
2789 3530 3035 3585 altissimi
3063 3531 3211 3591 solus
3238 3545 3362 3584 cum

1765 3629 2000 3690 Domino
2030 3627 2338 3695 loqueretur
2369 3623 2562 3696 (Exod.
2598 3624 2730 3690 xix).
2773 3622 2891 3677 Tibi
2926 3637 3058 3677 vero
3098 3622 3177 3677 sic
3205 3630 3367 3677 natus

1770 3727 1852 3774 est
1879 3717 2144 3784 Christus,
2177 3714 2202 3753 ιι
2245 3723 2301 3770 et
2337 3724 2482 3769 tanta
2526 3730 2586 3770 se
2615 3713 2770 3769 nobis
2795 3713 3108 3781 dignatione
3135 3727 3364 3768 conces-

1769 3811 1862 3877 sit,
1892 3818 1951 3864 ut
1981 3809 2292 3878 lodueretur
2324 3797 2597 3873 omnibus,
2626 3805 2770 3860 etab
2791 3804 3042 3861 omnibus
3063 3803 3360 3858 videretur.

1769 3901 1855 3958 Ad
1883 3902 2031 3955 illum
2062 3909 2191 3955 tunc
2219 3910 2455 3954 montem
2485 3897 2613 3952 Sina
2649 3895 2666 3933 ί
2702 3897 3009 3966 quicunque
3037 3895 3360 3953 accessisset

1770 4007 1836 4048 ex
1866 3991 2099 4062 populo,
2146 3987 2396 4060 praesenti
2442 3986 2764 4057 puniebatur
2809 3987 3029 4041 interitu
3065 4004 3080 4040 :
3121 3985 3190 4040 ad
3219 3985 3364 4041 hunc

1773 4098 1901 4138 vero
1931 4088 2170 4136 montem
2191 4121 2208 4148 ,
2256 4079 2348 4148 qui
2376 4077 2540 4133 hodie
2579 4085 2737 4132 natus
2773 4084 2858 4131 est
2883 4075 3108 4143 mundo,
3137 4074 3364 4144 quicun-

1770 4190 1875 4246 que
1905 4189 2011 4231 non
2041 4171 2359 4237 accesserit,
2391 4169 2671 4224 morietur.
2730 4165 2799 4220 Et
2828 4175 2957 4221 tunc
2977 4164 3196 4235 quidem
3226 4177 3365 4221 unus

1768 4267 2000 4340 populus
2042 4263 2386 4320 erudiebatur
2430 4260 2496 4315 ad
2543 4258 2703 4315 ﬁdem
2740 4277 2754 4314 :
2804 4274 2946 4313 nunc
2994 4272 3124 4312 vero
3167 4267 3363 4312 omnes

1771 4369 1960 4428 gentes
1988 4365 2252 4413 vocantur
2283 4355 2353 4409 ad
2382 4351 2568 4409 vitam.
2609 4351 2876 4428 Viderunt
2902 4348 3239 4404 venerabiles
3268 4365 3359 4419 pa-

111 4449 330 4513 emersit;
360 4449 454 4504 sed
477 4449 571 4518 qui
615 4463 832 4517 semper
858 4456 975 4502 erat
1000 4464 1122 4504 cum
1149 4448 1312 4504 Patre
1334 4448 1495 4517 Deus,
1517 4464 1665 4503 sem-
1695 4461 1742 4519 ι)
1773 4427 1879 4508 tres
1911 4451 2080 4506 nostri
2125 4449 2408 4505 innumera
2457 4427 2757 4514 magnaque
2802 4441 3086 4498 mirabilia.
3151 4440 3361 4498 leum

112 4550 283 4605 perque
306 4540 588 4607 regnabat,
617 4554 758 4593 novo
775 4537 1140 4608 pervirginem
1161 4539 1332 4593 voluit
1347 4539 1666 4593 mortalibus

111 4639 340 4694 apparere
359 4629 649 4700 mysterio:
669 4642 841 4681 novus
854 4628 1069 4696 quidem
1089 4629 1277 4695 homo,
1292 4628 1384 4683 sed
1406 4628 1666 4687 Dominus

110 4721 462 4787 sempiternus;
489 4735 663 4774 novus
691 4718 956 4786 Christus,
981 4719 1075 4774 sed
1109 4734 1204 4774 rex
1227 4721 1470 4774 omnium
1497 4734 1666 4775 saecu-

112 4807 275 4864 lorum.
307 4812 424 4882 Ipse
464 4813 632 4867 estin
680 4811 786 4866 ﬁne
814 4819 1121 4881 temporum
1164 4820 1324 4866 natus
1365 4826 1435 4865 ex
1475 4810 1666 4879 Maria,

110 4903 318 4965 quiante
346 4905 528 4958 omnia
558 4903 754 4958 smcula
791 4901 1110 4972 Unigenitus
1133 4905 1402 4973 processit
1429 4918 1459 4958 e
1486 4903 1665 4958 Patre.

111 4985 192 5045 llic
210 5002 287 5046 est
307 4993 594 5063 pra-dictus
619 5007 650 5044 a
681 4992 1024 5062 patriarchis,
1050 5007 1080 5046 a
1100 4993 1382 5062 prophetis
1407 4993 1667 5063 pradica-

113 5088 200 5145 tus,
219 5084 562 5138 annuutiatus
589 5082 656 5137 ab
675 5082 902 5150 angelis,
931 5083 999 5137 ab
1025 5084 1289 5152 apostolis
1312 5084 1666 5155 approbatum.

171 5283 193 5312 ⁸
228 5276 389 5333 Codd.
429 5277 563 5346 Reg.
609 5277 778 5332 Vatic.
823 5274 928 5346 125
968 5285 1025 5332 et
1062 5275 1233 5332 Palat.
1277 5277 1416 5341 435,
1459 5285 1660 5346 recepto

115 5345 276 5400 limine
318 5365 481 5427 circus
519 5345 814 5401 annuntiat.
857 5345 991 5427 Cod.
1015 5346 1172 5427 _4651
1220 5357 1276 5402 et
1315 5347 1539 5403 Vercell.
1565 5345 1654 5410 81,

117 5426 345 5540 Γαῖ’,έὲηέ
748 5425 1044 5567 33131ιὲῗὲ
1064 5487 1364 5540 damnanda
1395 5496 1658 5608 purlqaret.

176 5564 193 5591 ε
220 5553 342 5608 Cod.
371 5555 529 5608 1951.
554 5558 732 5608 damn.
775 5557 902 5608 ima.
931 5567 1174 5608 novaret:
1198 5559 1280 5608 cui
1323 5574 1440 5608 arm
1503 5558 1658 5608 ’atre.

176 5553 342 5626 ‘_Cod.
371 5555 529 5621 1951,
554 5558 732 5609 damn.
775 5553 902 5626 iniq.
931 5567 1174 5620 novaret;
1198 5559 1280 5610 cui
1323 5553 1440 5610 cum
1479 5553 1658 5617 Patre,

118 5634 154 5671 et
180 5622 357 5697 Spiritu
379 5637 556 5680 saneto
576 5627 742 5680 honor
759 5635 810 5679 et
836 5622 1111 5697 imperium
1142 5644 1231 5684 per
1263 5629 1438 5682 omnia
1473 5626 1663 5679 sa'cuta

122 5694 402 5748 toculorum.
431 5697 610 5749 Amen.
911 5694 920 5697 ’

178 5760 199 5798 ⁴
225 5763 344 5819 Cod.
368 5765 644 5822 lartinen.
673 5765 876 5821 omittit
900 5771 1096 5829 cmi-um,
1130 5773 1227 5820 etc.

1773 4546 1876 4599 illis
1904 4543 2173 4611 angelicas
2209 4540 2413 4596 roravit
2459 4552 2638 4602 escas;
2669 4536 2846 4591 dulcia
2878 4535 3070 4607 pocula
3098 4535 3236 4604 lapis
3263 4534 3364 4589 dn-

1771 4634 2016 4690 rissimus
2062 4630 2384 4687 ministravit
2442 4628 2640 4700 (Exod.
2689 4643 2797 4680 xvu
2828 4634 2880 4680 et
2907 4627 3068 4695 XIX);
3114 4621 3365 4680 30rdanis

1775 4731 2049 4796 perpetem
2115 4729 2354 4777 meatum
2388 4735 2547 4775 suum
2595 4717 2814 4774 retorsit
2865 4719 2916 4772 in
2967 4717 3199 4782 fontem;
3230 4717 3365 4771 vali-

1773 4815 1978 4871 dissimi
2025 4815 2259 4869 hostium
2288 4812 2428 4867 muri
2453 4812 2702 4866 tubarum
2741 4811 2969 4880 strepitu
3009 4818 3361 4875 corruerunt;

1767 4907 1850 4962 sol
1879 4919 2097 4976 quoque
2141 4911 2508 4959 commoratus
2548 4903 2601 4956 in
2649 4903 2788 4957 caelo
2827 4901 3128 4970 longiorem
3171 4901 3362 4955 trium-

1767 4997 1959 5067 phanti
1995 4995 2195 5066 populo
2225 4993 2473 5064 praestitit
2513 4992 2656 5048 diem
2687 4991 2822 5064 (Jos.
2856 5005 2934 5060 ut,
2979 5008 3028 5047 v1
3056 4998 3108 5046 et
3128 4993 3215 5064 χ).
3247 4985 3364 5047 Hoc

1771 5101 1900 5142 vero
1927 5085 2089 5141 nullis
2119 5093 2279 5139 antea
2326 5083 2512 5138 videre
2539 5084 2748 5140 amentis
2775 5085 2959 5140 datum
2989 5093 3108 5153 est,
3137 5090 3200 5140 ut
3228 5081 3362 5138 Uni-

1844 5284 1868 5313 ο
1892 5273 2073 5329 Codex
2095 5274 2386 5342 Vaticanus
2415 5269 2572 5342 126⁸1,
2603 5269 2692 5341 qui
2717 5285 2840 5324 ante
2860 5287 2962 5326 non
2993 5291 3179 5342 iuerat.

1843 5343 1860 5382 τ
1903 5344 2036 5398 Cod.
2070 5342 2188 5398 Vat.
2211 5340 2370 5408 4951,
2400 5339 2588 5394 Gaude
2603 5339 2727 5411 ergo
2752 5357 2909 5407 nunc,
2939 5339 3211 5399 et'exxulta
3236 5351 3359 5396 tan-

1767 5416 1884 5468 dem
1908 5415 1977 5466 ad
2003 5413 2187 5466 Deum.

1841 5494 1866 5530 8
1897 5484 1952 5536 In
1983 5482 2116 5537 Cod.
2151 5481 2434 5535 Martinen.
2465 5479 2617 5532 deest
2646 5485 2806 5531 tuum.

1841 5552 1864 5588 δ
1898 5553 2040 5607 Idem
2070 5551 2201 5606 Cod.
2226 5593 2241 5614 ,
2273 5560 2323 5603 et
2352 5558 2548 5620 tantum
2582 5547 2727 5602 nobis
2755 5549 3115 5620 dignationem
3142 5565 3354 5603 conces-

1769 5625 1857 5682 sit,
1884 5631 1938 5672 ut
1963 5623 2248 5682 (armaretur
2278 5617 2589 5673 hominibus.

1849 5701 1862 5727 ι
1896 5685 2063 5744 Codd.
2115 5690 2260 5753 Vat.,
2311 5689 2443 5756 Reg.
2494 5685 2616 5747 125,
2661 5695 2714 5741 ct
2755 5686 2864 5742 Ott.
2895 5685 3026 5758 115,
3071 5690 3354 5758 quicunque

1773 5762 2104 5815 accessissent
2133 5776 2194 5812 ea:
2225 5760 2409 5827 populo
2432 5758 2697 5826 prwscnti,
2731 5757 3096 5827 puniebantur.
