3924 6232
599 286 711 389 £517

1799 337 1854 393 S.
1894 336 2139 393 ΜΑΧῘΜῙ
2178 335 2627 395 TAURINENSIS

3744 344 3836 399 23?.

595 453 807 523 genitus
845 452 1123 518 altissimi,
1165 452 1273 523 38
1298 465 1457 521 quem
1507 457 1797 507 trementes
1826 452 2175 520 archangelo-
2204 459 2252 516 Λ
2276 470 2383 523 quo
2412 453 2584 508 infans
2607 452 2775 522 jacuit
2810 453 3065 523 despicis,
3101 453 3245 522 erige
3272 452 3540 524 paulisper
3567 455 3766 516 oculos,
3791 464 3839 508 et

599 560 717 599 rum
742 553 767 581 ι
791 545 1090 614 suscipiunt
1126 550 1423 614 potestates
1441 582 1455 607 ,
1487 543 1757 599 hominem
1787 559 1846 598 se
1873 545 2179 599 hominibus

595 637 905 703 exhiberet,
935 643 991 690 et
1029 649 1276 699 carnem,
1308 649 1468 703 quam
1499 634 1524 672 δ
1555 634 1841 705 assumpsit
1868 636 1935 689 ab
1961 634 2178 689 homine

595 727 999 781 transformaret
1027 726 1045 758 ⁸
1084 726 1138 780 in
1167 726 1353 780 Deum.
1398 724 1731 795 Amplectere
1758 738 1886 793 ergo
1912 724 2178 793 dignatio-

595 829 715 869 nem
745 814 1043 882 majestatis
1069 823 1303 880 aeterna),
1335 822 1390 870 et
1415 828 1483 869 ne
1502 830 1749 870 arcanam
1779 814 1876 869 Dei
1904 814 1979 868 tui
1999 814 2177 870 discu-

595 904 699 958 tias
742 905 1070 959 voluntatem
1116 923 1129 958 :
1186 909 1309 974 quia
1339 906 1587 960 omnibus
1632 905 1846 973 quidem
1893 913 2048 960 natus
2095 912 2177 958 est

592 986 859 1062 Christus,
889 996 983 1052 sed
1005 994 1248 1051 fidelibus
1274 996 1369 1051 dat
1393 998 1635 1051 salutem.
1667 996 1818 1063 Quod
1846 997 1891 1051 si
1921 996 2017 1051 tibi
2044 1011 2173 1051 sen-

591 1099 749 1140 suum
775 1094 992 1141 tuorum
1036 1085 1323 1156 fragilitate
1370 1088 1546 1143 minus
1581 1086 1797 1157 dignum
1822 1087 2050 1153 videtur,
2080 1087 2171 1141 Fi-

591 1176 721 1230 lium
748 1177 843 1232 Dei
865 1185 1047 1234 natum
1075 1178 1142 1233 de
1167 1178 1362 1235 femina
1390 1178 1608 1233 credere
1651 1196 1664 1231 :
1716 1178 1972 1249 virginem
1996 1178 2171 1246 cogita

592 1265 885 1334 peperisse.
937 1265 992 1321 Si
1038 1266 1135 1320 tibi
1181 1266 1371 1337 panni,
1417 1276 1439 1305 ο
1483 1265 1725 1335 quibusd
1757 1266 2041 1321 obvolutus
2068 1274 2169 1330 est,

591 1354 823 1412 fortasse
853 1356 1113 1411 vilescunt
1141 1357 1395 1425 :angelos
1418 1357 1815 1420 collaudantes,
1846 1365 1902 1412 et
1928 1356 2170 1411 multitu-

591 1446 770 1501 dinem
824 1447 1057 1505 eaalestis
1095 1448 1362 1505 exercitus
1408 1447 1696 1509 admirare.
1735 1447 1792 1504 Si
1820 1462 2057 1518 praesepe
2114 1448 2169 1501 in

2284 560 2476 600 novam
2525 545 2579 599 in
2606 545 2745 600 ccelo
2780 544 2990 600 steliam
3019 553 3406 615 protestantem
3430 545 3635 600 mundo
3666 546 3838 600 nativi-

2282 642 2447 690 tatem
2483 635 2805 690 dominicam
2857 643 3135 699 contuere.
3176 645 3199 673 ο
3226 633 3284 690 Si
3319 635 3443 689 vilia
3471 634 3671 700 credis,
3703 636 3840 688 crede

2280 724 2520 779 miriﬁca.
2559 722 2616 779 Si
2645 725 2712 780 de
2740 725 2807 780 iis
2824 739 2943 794 qua:
2966 724 3279 779 humilitatis
3308 732 3432 778 sunt
3452 722 3714 792 disputas,
3740 737 3840 791 qua:

2281 815 2387 869 alta
2419 823 2544 869 sunt
2570 822 2625 868 et
2651 815 2887 869 cmlestia
2913 829 3191 869 venerare.
3222 813 3415 868 Iisdem
3443 813 3586 868 enim
3617 813 3839 867 referen-

2282 906 2449 969 tibus,
2500 906 2797 975 iisdemque
2826 906 3161 970 auctoribus,
3192 905 3260 959 de
3300 905 3527 959 Domino
3552 902 3837 967 Salvatorr,

2277 1011 2396 1066 qua:
2423 996 2664 1060 humilia,
2696 1004 2751 1051 et
2776 1011 2897 1066 qua:
2934 996 3168 1065 gloriosa
3196 1003 3321 1051 sunt
3346 994 3610 1059 didicisti;
3644 995 3841 1048 univer-

2275 1102 2353 1151 sa,
2385 1102 2506 1157 quae
2532 1086 2601 1142 ad
2627 1088 2813 1142 salutis
2850 1095 2953 1141 tua:
2984 1088 3305 1158 mysterium
3332 1086 3681 1157 pertinebant
3706 1100 3843 1138 sacra

2276 1176 2370 1231 tibi
2420 1176 2706 1247 Evangelia
2747 1177 3110 1248 prodiderunt.
3152 1177 3329 1233 Habes
3367 1178 3421 1230 in
3460 1176 3544 1230 bis
3585 1174 3730 1230 unde
3754 1175 3845 1227 Do-

2277 1266 2478 1321 minum
2520 1266 2704 1322 Jesum
2731 1275 2786 1323 et
2833 1276 3015 1323 natum
3056 1268 3328 1324 hominem
3354 1266 3575 1331 credas,
3606 1273 3665 1322 et
3693 1264 3843 1319 Deum

2276 1372 2395 1413 esse
2421 1356 2665 1412 dubitare
2685 1373 2794 1413 non
2825 1358 2999 1427 possis
3023 1356 3067 1412 ί.

1936 1580 2281 1641 HOMILIA
2326 1580 2496 1643 XIV.

1846 1698 1925 1753 De
1950 1698 2236 1755 Nativitate
2254 1700 2466 1755 Domini
2489 1700 2589 1756 IX.

2000 1809 2370 1865 ADMONITIO

794 1924 1098 1980 Auctoritas
1118 1931 1367 1980 codicum
1394 1924 1733 1979 bibliothecae
1761 1925 2032 1979 Vaticanac
2059 1924 2238 1993 magni
2266 1923 2547 1994 pendenda
2576 1931 2680 1994 est.
2706 1922 2841 1978 Sunt
2860 1924 3003 1994 enim
3031 1924 3247 1994 optimm
3277 1934 3435 1981 notzr.
3468 1937 3593 1994 cum
3615 1933 3671 1977 et
3698 1934 3840 1994 vete-

588 1991 842 2063 res'sint,
860 2002 915 2048 et
937 1996 1118 2063 scripti
1147 2010 1242 2063 per
1264 2008 1423 2063 quam
1448 2003 1716 2048 accurate.
1746 1994 1804 2048 ιη
1830 1996 2021 2048 horum
2052 1991 2475 2062 tribum—nempe
2494 1996 2555 2063 in
2586 1992 2744 2057 1267,
2766 2006 2888 2063 pag.
2921 1993 3007 2053 92.
3040 1995 3091 2046 in
3120 1992 3280 2053 4951,
3313 2005 3431 2060 pag.
3466 1991 3557 2055 25,
3591 1994 3722 2047 etin
3749 1993 3845 2046 Re-

583 2062 724 2131 gina:
744 2062 867 2125 125,
884 2062 1098 2132 pag.73,
1117 2062 1274 2128 hujus
1284 2062 1514 2117 homilize
1527 2063 1583 2117 S.
1606 2064 1867 2117 Maximus
1887 2073 2073 2118 auctor
2091 2065 2449 2118 constituitur.
2475 2062 2611 2129 Quid
2631 2063 2676 2117 si
2692 2062 2837 2117 hisee
2853 2063 3123 2132 praeclaris
3138 2063 3497 2132 monumentis
3524 2063 3653 2124 alia,
3685 2078 3843 2130 eaque

586 2130 813 2187 illustria
844 2130 1135 2187 accedant?
1162 2132 1409 2187 Profecto
1439 2141 1633 2201 przeter
1660 2133 1899 2188 codicem
1925 2133 2330 2199 Taurinensem,
2375 2134 2427 2185 in
2455 2148 2562 2197 quo
2590 2141 2671 2187 est
2700 2130 2919 2201 humilia
2948 2131 3017 2185 30
3041 2132 3103 2183 de
3128 2130 3556 2201 nativ._Domini,
3584 2132 3845 2201 habemus

582 2201 722 2271 duos
746 2200 907 2271 codd.
939 2201 1230 2269 Augienses
1260 2218 1348 2256 xvx
1368 2209 1423 2256 et
1441 2198 1593 2271 3x“,
1618 2202 1912 2257 Lucensem
1940 2202 2030 2268 85,
2057 2203 2399 2256 Casinensem
2432 2201 2555 2269 106,
2583 2216 2703 2271 pag.
2739 2200 2824 2267 15,
2858 2201 3161 2271 ac_Neapol.
3182 2199 3251 2271 S.
3283 2198 3438 2271 .loan.
3472 2202 3540 2254 ad
3568 2199 3844 2254 Carbona-

582 2269 739 2340 rjam.
769 2268 909 2335 Quin
935 2268 1095 2325 etiam
1118 2272 1172 2325 in
1196 2271 1411 2339 egregio
1442 2269 1715 2340 Breviario
1743 2271 2096 2340 Strigoniensi
2126 2272 2183 2325 S.
2216 2271 2448 2325 Maximo
2479 2268 2731 2339 inscripta
2764 2280 2865 2325 est.
2915 2268 3159 2340 Editores
3180 2269 3329 2340 libris
3356 2278 3839 2340 mss._consonant,

582 2336 876 2407 Gymnicus
914 2340 1117 2395 scilicet

1336 2336 1427 2406 27,
1471 2339 1771 2395 Galesinius
1816 2336 1938 2410 pag.
1982 2342 2069 2406 95,
2119 2340 2471 2410 Combeﬁsius
2518 2336 2658 2395 tom.
2679 2339 2721 2405 Ι,
2748 2355 2871 2410 pag.
2903 2338 3025 2404 208,
3059 2337 3315 2393 Cumdius
3335 2347 3467 2394 tom.
3498 2336 3539 2401 l,
3574 2353 3697 2408 pag.
3731 2338 3841 2401 107,

584 2354 876 2407 uymmcus
914 2354 1117 2395 scmcet
1162 2354 1294 2461 ἑ)εῇ
1336 2354 1427 2406 21,
1459 2354 1771 2421 .ualesmius
1816 2354 1938 2410 pag.
1982 2354 2069 2406 uo,
2119 2354 2434 2395 uomueusru

584 2406 912 2477 Raynaudus
939 2423 1057 2479 pag.
1092 2408 1158 2463 19
1201 2449 1215 2475 ,
1299 2423 1575 2477 argarmus
1604 2410 1738 2465 Bibl.
1771 2410 1911 2464 Max.
1946 2420 2076 2464 tom.
2110 2410 2195 2476 VI,
2225 2424 2347 2480 pag.
2380 2409 2434 2463 6.

589 2516 1311 2598 Aaeunsmuu._—E:ccitat
1339 2528 1400 2582 S.
1430 2530 1608 2583 doctor
1635 2529 1817 2598 ﬁdeles
1846 2534 1913 2582 ad
1934 2540 2165 2581 contem-
2196 2530 2244 2589 B
2270 2533 2495 2588 natm-te,
2522 2524 2610 2578 hic
2635 2522 2947 2594 mysterium
2969 2521 3273 2575 voluntatis.
3304 2519 3433 2586 Quis
3457 2533 3611 2588 ergo,
3641 2520 3842 2582 fratres,

652 2594 849 2663 ptanda
896 2595 1070 2670 divina
1109 2599 1351 2670 mysteria
1398 2616 1509 2670 quae
1549 2600 1600 2652 in
1635 2594 1850 2670 'Christi
1891 2599 2161 2670 natiuitate

652 2671 961 2737 coruscant;
1005 2665 1421 2737 laudandumque
1458 2666 1620 2720 Deum
1650 2669 1737 2737 qui
1765 2669 1911 2721 nobis
1945 2667 2161 2720 delicta-

654 2747 769 2785 rum
797 2734 1021 2801 veniam,
1045 2750 1281 2805 spemque
1299 2734 1623 2804 sempiterna:
1655 2734 1840 2791 salutis
1859 2738 2068 2791 invexit.

649 2883 1051 2954 lnvestigahiles
1078 2885 1329 2942 humanis
1355 2889 1603 2944 sensibus
1629 2889 2010 2959 dispositiones
2038 2906 2159 2946 esse

577 2971 811 3040 divinas,
852 2973 967 3042 ipsa
1012 2989 1234 3043 operum
1283 2976 1377 3030 Dei
1415 2977 1641 3033 altitudo
1668 2986 1907 3033 testatur.
1957 2977 2065 3034 Sed
2094 2996 2161 3036 eo

578 3063 753 3131 magis
799 3065 955 3119 nobis
998 3062 1198 3120 Christi
1238 3074 1362 3121 sunt
1406 3070 1709 3123 veneranda
1748 3072 2020 3140 mysteria,
2052 3087 2159 3141 quo

580 3152 948 3221 magnitudine
993 3155 1075 3209 sui
1120 3157 1469 3225 capacitatem
1499 3160 1697 3227 ingenii
1735 3163 1976 3218 mortalis
2003 3178 2161 3220 exce-

578 3243 731 3299 dunt.
773 3241 840 3297 Et
884 3243 1024 3310 ideo,
1067 3245 1291 3313 fratres,
1321 3263 1442 3302 cum
1471 3250 1820 3304 annuntiatur
1844 3252 1998 3307 nobis
2020 3268 2160 3308 sem-

579 3328 823 3404 piternus
856 3334 945 3393 ille
986 3333 1302 3405 Unigenitus
1347 3338 1442 3393 Dei
1491 3338 1698 3406 Patris,
1752 3342 1837 3397 cui
1885 3343 2161 3412 subjacent

580 3425 761 3480 omnia
783 3467 798 3492 ,
830 3433 885 3481 et
922 3442 1019 3497 per
1046 3443 1205 3499 quem
1235 3438 1416 3484 creata
1458 3438 1581 3485 sunt
1624 3432 1901 3499 universa,
1929 3435 2027 3491 sub
2057 3432 2161 3492 ﬁne

577 3523 881 3585 temporum
911 3517 1059 3571 nasci
1086 3518 1319 3573 voluisse
1347 3518 1414 3574 de
1439 3521 1655 3586 femina,
1685 3531 1710 3568 8
1738 3522 2011 3577 infantiam
2037 3539 2159 3593 per-

578 3606 691 3676 peti
737 3614 934 3660 nostrze
980 3608 1189 3672 carnis;
1242 3615 1402 3663 tanta:
1446 3610 1767 3677 dignationis
1795 3614 2019 3680 gratiam
2050 3629 2156 3669 non

577 3696 839 3750 debemus
868 3697 1196 3761 examinare,
1218 3698 1312 3752 sed
1340 3698 1592 3765 credere;
1623 3715 1723 3755 nec
1750 3701 2037 3766 discutere,
2062 3702 2154 3757 sed

574 3786 781 3841 mirari.
810 3786 948 3853 Quid
969 3787 1111 3842 enim
1133 3797 1214 3843 est
1239 3789 1464 3857 :equius,
1482 3790 1675 3858 quidve
1704 3799 1810 3847 tam
1837 3807 2153 3860 congruum,

2265 2612 2587 2685 profundum
2647 2612 2752 2666 hoc
2800 2610 3033 2666 caelestis
3078 2609 3289 2665 consilii
3333 2610 3513 2663 valeat
3558 2610 3840 2670 :estimare,

2264 2703 2409 2773 quod
2456 2701 2870 2756 immortalitatis
2909 2700 3158 2754 dominus
3206 2701 3639 2768 incorruptmque
3678 2700 3693 2735 ί
3727 2698 3841 2752 sub~

2262 2791 2472 2846 stantize
2492 2829 2509 2855 ,
2558 2797 2618 2843 ut
2641 2788 2952 2844 conditione
2983 2789 3160 2843 carnis
3187 2796 3414 2843 mortem
3444 2789 3726 2858 suspicere
3753 2803 3841 2856 pro

2262 2881 2577 2937 mortalibus
2607 2884 2621 2932 ι
2664 2880 2863 2951 possit,
2904 2878 2971 2935 de
3011 2878 3243 2935 femineo
3270 2876 3445 2943 utero,
3478 2879 3626 2933 nulla
3654 2894 3841 2947 eorpo~

2262 2989 2366 3028 rere
2406 2973 2770 3042 generationis
2810 2971 2927 3039 lege
2969 2979 3295 3041 conceptus,
3339 2971 3576 3024 humana
3617 2967 3645 3006 κ
3684 2970 3841 3024 voluit

2261 3064 2362 3119 sub
2391 3064 2509 3133 lege
2538 3062 2787 3132 prodire,
2819 3070 2982 3131 atque
3020 3061 3125 3117 hoc
3165 3061 3275 3133 ω
3316 3060 3411 3123 ita,
3444 3067 3504 3113 ut
3532 3074 3661 3114 eum
3688 3060 3840 3113 beata

2261 3163 2453 3218 mater,
2485 3170 2603 3225 quae
2641 3156 2839 3209 intacta
2868 3159 3221 3222 conceperat,
3253 3152 3507 3206 inviolata
3534 3150 3843 3221 proferret?

2261 3243 2574 3298 Obvolvitur
2599 3252 2858 3313 praeterea
2903 3243 3124 3313 pannis,
3171 3250 3228 3297 et
3264 3242 3483 3311 ponitur
3509 3242 3563 3297 in
3592 3242 3840 3314 praesepi.

2260 3333 2448 3387 Vilitas
2477 3335 2576 3387 ista
2604 3332 2821 3386 infantis
2848 3334 3143 3402 pretiosum
3184 3332 3279 3402 Dei
3308 3339 3389 3387 est
3416 3341 3838 3387 sacramentum.

2256 3421 2316 3476 In
2345 3424 2537 3492 pannis
2564 3423 2704 3478 enim
2747 3430 2959 3477 nostras
2998 3421 3365 3485 infirmitates,
3398 3430 3583 3475 nostra
3608 3436 3677 3475 se
3706 3421 3842 3475 indi-

2260 3519 2348 3566 cat
2393 3512 2693 3580 suscepisse
2738 3522 2982 3582 peccata.
3042 3510 3196 3576 Quod
3225 3526 3357 3565 vero
3382 3511 3436 3565 in
3466 3512 3729 3580 praesepi,
3763 3512 3845 3564 ubi

2259 3611 2441 3673 pastus
2462 3610 2543 3658 est
2571 3602 2903 3668 animalium,
2933 3617 3029 3657 sua
3058 3602 3315 3656 collocari
3341 3602 3584 3655 membra
3617 3600 3844 3671 pennit-

2259 3694 2350 3757 tit,
2381 3693 2433 3746 in
2462 3699 2715 3746 aeternam
2740 3692 3085 3746 refectionem
3112 3691 3436 3746 vescendum
3464 3706 3495 3744 a
3525 3692 3844 3746 mortalibus

2261 3798 2415 3838 suum
2464 3798 2660 3852 corpus
2700 3782 2951 3837 ostendit.
2996 3780 3135 3848 Quid
3175 3781 3305 3835 illud
3354 3782 3559 3849 dicam,
3603 3782 3756 3851 quod
3796 3783 3843 3834 in

572 3890 735 3945 quam
779 3884 842 3932 ut
889 3877 945 3932 in
972 3877 1130 3932 rebus
1170 3878 1364 3933 divinis
1392 3881 1833 3950 omnipotentiam
1873 3884 2041 3951 magis
2068 3898 2156 3938 sc-

2266 3882 2431 3930 lerras
2480 3875 2717 3943 angelica
2774 3874 3061 3928 multitudo
3106 3872 3437 3929 descendens
3459 3911 3475 3937 ,
3537 3875 3847 3942 vagientem

573 3980 805 4035 quamur
830 3963 945 4031 Dei,
976 3980 1135 4035 quam
1157 3968 1512 4036 sapientiam?
1545 3969 1569 4006 '1
1599 3969 1770 4026 Hodie
1789 3971 1951 4040 igitur
1977 3972 2151 4039 nobis,

572 4056 714 4112 sicut
739 4056 966 4112 decursa
996 4055 1271 4126 Evangelii
1299 4060 1529 4116 lectione
1558 4063 1922 4131 cognovimus,
1963 4078 2156 4119 secun-

572 4147 698 4202 dum
727 4162 945 4204 carnem
995 4158 1153 4203 natus
1194 4157 1276 4204 est
1322 4149 1602 4216 Christus,
1653 4154 1912 4224 incipiens
1940 4156 2151 4225 quidem

570 4250 694 4291 esse
733 4236 881 4304 quod
930 4252 1038 4293 non
1067 4245 1211 4304 erat,
1255 4239 1351 4293 sed
1396 4256 1505 4295 non
1548 4241 1798 4299 desinens
1843 4259 1962 4300 esse
2009 4244 2153 4316 quod

570 4333 708 4382 erat.
750 4326 861 4381 Nec
905 4328 1048 4382 enim
1099 4329 1351 4385 nativitas
1395 4332 1627 4389 hominis
1676 4334 2026 4402 imminuere,
2060 4345 2154 4393 aut

571 4430 824 4484 separare
888 4416 1189 4473 indiscreta:
1248 4419 1540 4488 majestatis
1596 4430 1810 4493 poterat
1863 4426 2143 4481 unitatem.

571 4506 725 4572 Quod
774 4506 917 4562 Deus
962 4508 1031 4562 de
1070 4508 1181 4563 Deo
1229 4507 1389 4565 Patre
1439 4515 1727 4580 processit,
1778 4513 2055 4571 ineli'abilis
2083 4530 2148 4574 ac

569 4596 935 4664 permanentis
964 4603 1047 4650 est
1074 4606 1339 4652 secretum
1366 4601 1577 4655 virtutis
1596 4603 1737 4671 quod
1758 4604 1919 4660 homo
1932 4614 2022 4660 est
2047 4622 2144 4661 na-

570 4693 655 4740 tus
681 4699 747 4738 ex
776 4683 972 4740 femina
994 4722 1013 4752 ,
1061 4696 1256 4743 nostra:
1283 4689 1471 4745 salutis
1496 4698 1581 4745 est
1611 4693 1802 4760 gratia.
1832 4692 1946 4749 Illic
1972 4695 2142 4765 gloria

639 4896 666 4961 ξ
695 4886 841 4961 Idem
862 4887 1014 4961 cod,
1039 4890 1324 4959 suspiciunt
1352 4897 1651 4961 potestates.

639 4955 665 4996 δ
693 4955 828 5029 _C_od.
862 4955 1168 5029 Martigenl,
1195 4955 1429 5029 sumpsit.

641 5036 665 5099 ς
693 5022 839 5099 [dem
862 5025 987 5099 _c_od.
1004 5022 1253 5099 ⁸Βιθείῠίξξ,
1279 5022 1461 5099 ᾳίιίιηιε
1480 5028 1745 5085 οὺυιιιιιιιε
1763 5038 1859 5096 est,
1875 5032 2137 5085 silescunt.

634 5094 666 5133 ἀ
696 5093 829 5149 Cod.
861 5093 1167 5160 Martinen.,
1197 5093 1472 5151 involutus.

641 5173 667 5239 ξ
696 5162 840 5239 idem
867 5164 1012 5239 cod.,
1041 5166 1085 5239 si
1108 5182 1217 5239 non
1246 5168 1413 5221 credis
1443 5168 1581 5232 eilia,
1612 5169 1764 5239 crede
1790 5170 2028 5239 miriﬁca.

642 5231 667 5307 ξ
694 5224 838 5307 idem
1024 5234 1266 5307 dubitare
1292 5254 1394 5290 non
1423 5224 1611 5307 possis.
1644 5237 1745 5302 Qui
1772 5254 1886 5293 cum
1910 5224 2072 5293 'Patre
2093 5247 2141 5292 et
2171 5224 2217 5284 Ι)
2245 5224 2391 5295 turre.

568 5302 770 5377 Spiritu
790 5313 968 5377 saan
989 5303 1108 5356 vivit
1150 5314 1201 5377 _et
1243 5302 1432 5377 regnat
1470 5305 1609 5360 Deus
1636 5325 1725 5377 per
1745 5310 1921 5361 omnia
1944 5310 2138 5377 rswcula

569 5369 895 5495 secutam.
919 5370 1222 5428 Concordat
1241 5369 1478 5443 perfecte
1501 5369 1678 5431 textus
1703 5392 1827 5432 cum
1854 5376 1975 5432 cod.
2006 5378 2137 5433 Cas-

566 5455 737 5495 smen.
892 5472 907 5489 .

636 5576 801 5652 "lloc
836 5586 918 5634 est
961 5580 1016 5633 in
1044 5593 1260 5639 carnem
1306 5579 1424 5652 Dei.
1452 5579 1680 5652 Ratione
1706 5582 1849 5635 enim
1878 5584 2135 5652 suppositi

563 5648 726 5719 divini
754 5656 1038 5719 utramque
1060 5655 1305 5719 naturam
1329 5649 1429 5703 sibi
1457 5651 1847 5719 conjungentis,
1875 5648 1993 5719 qum
2014 5661 2139 5706 sunt

563 5717 813 5785 hominis,
843 5717 911 5774 de
950 5717 1076 5775 Deo
1105 5718 1479 5789 pnedicantur,
1522 5717 1577 5778 et
1621 5717 1697 5778 sic
1725 5735 1845 5790 quce
1870 5717 1993 5777 sunt
2020 5722 2133 5780 Dei.

2256 3980 2483 4034 puerum
2532 3965 2766 4034 gloriosa
2814 3963 2973 4017 laude
3014 3963 3391 4033 prosequitur?
3456 3962 3658 4033 Stupet
3707 3964 3845 4018 enim

2256 4055 2431 4111 omnis
2477 4062 2723 4110 creatura
2771 4062 2882 4109 tam
2918 4053 3118 4123 grande
3166 4053 3500 4116 miraculum,
3527 4054 3684 4122 quod
3713 4070 3848 4110 unus

2254 4146 2504 4215 idemque
2542 4155 2597 4201 et
2634 4146 2776 4202 Deus
2800 4155 2989 4215 regnat
3013 4146 3067 4200 in
3088 4146 3226 4202 coelo
3252 4154 3308 4200 et
3335 4146 3497 4200 homo
3526 4148 3774 4201 nutritur
3799 4148 3846 4200 in

2256 4247 2416 4293 terra.
2458 4237 2621 4307 Cujus
2652 4238 2892 4309 mysterii
2920 4238 3111 4292 beatus
3139 4236 3306 4290 David
3334 4236 3669 4293 annuntians
3697 4239 3845 4292 novi-

2256 4339 2421 4386 tatem
2441 4372 2455 4397 ,
2488 4346 2647 4385 omne
2675 4330 2952 4385 hominum
2980 4343 3151 4397 genus
3179 4329 3246 4384 ad
3284 4337 3611 4385 concentum
3651 4330 3844 4385 cantici

2255 4421 2545 4491 spiritualis
2573 4422 2782 4485 invitat,
2810 4422 2993 4475 dicens
3018 4439 3030 4473 :
3064 4420 3282 4474 Caritate
3310 4419 3537 4474 Domino
3579 4421 3845 4473 canticum
3896 4442 3897 4445 η

2252 4529 2468 4576 norum;
2500 4520 2703 4567 cantate
2751 4511 2996 4577 Domino,
3047 4512 3217 4565 omnis
3263 4519 3398 4563 terra
3446 4508 3639 4580 (Psal.
3689 4512 3841 4575 xcv).

2250 4602 2388 4669 Quid
2416 4611 2525 4658 tam
2572 4619 2799 4669 novum,
2850 4603 3146 4668 carissimi,
3188 4617 3349 4672 quam
3394 4602 3539 4671 quod
3589 4604 3845 4672 omnipo-

2249 4703 2369 4752 tens
2409 4694 2551 4751 Deus
2596 4695 2890 4765 majestatis
2919 4697 3224 4762 immensae,
3258 4693 3401 4749 Patri
3430 4703 3765 4761 coaeternus,
3795 4704 3845 4749 et

2318 4902 2344 4943 ς
2370 4892 2554 4951 Codex
2577 4892 2868 4950 Vaticanus
2896 4892 3053 4949 1367.
3100 4892 3233 4951 Item
3277 4892 3413 4949 Cod.
3456 4895 3691 4963 Regina
3721 4897 3841 4963 ηδ,

2249 4965 2525 5036 infantiam
2546 4966 2761 5035 perpeti,
2784 4972 2978 5019 nostri:
2997 4966 3171 5018 carnis
3189 4964 3361 5018 subire
3384 4967 3679 5020 consortia.

2277 5102 2283 5104 _
2319 5032 2348 5071 δ
2374 5032 2508 5088 Cod.
2563 5032 2684 5089 Cas.
2735 5032 2852 5101 106,
2906 5033 3067 5089 Adest
3094 5034 3254 5104 igitur
3280 5031 3449 5098 nobis,
3481 5033 3840 5101 dilectissimi,

2248 5102 2382 5169 dies,
2413 5106 2565 5168 sicut,
2597 5111 2702 5158 etc.

2325 5171 2341 5209 ί
2370 5172 2504 5227 Cod.
2537 5171 2594 5227 S.
2623 5171 2779 5229 Joan.
2809 5170 2878 5227 ad
2904 5169 3065 5227 Carb.
3110 5171 3239 5241 legit
3276 5173 3704 5246 incon-apteque
3745 5191 3836 5227 na-

2323 5294 2339 5381 l
2371 5310 2520 5381 idem
2549 5309 2750 5381 codex,
2774 5327 2867 5381 pro
2896 5308 3201 5381 mortalibus
3228 5294 3424 5381 posset.

2314 5379 2342 5417 ι
2370 5378 2449 5434 Ita
2469 5379 2590 5435 cod.
2624 5378 2847 5447 Regin.;
2880 5380 2969 5433 alii
2994 5378 3249 5434 omittunt
3269 5380 3447 5435 voluit.

2244 5585 2446 5639 homini
2473 5591 2747 5653 assumpto
2784 5582 3178 5647 attribuuntur;
3209 5588 3267 5653 et
3307 5582 3419 5653 hmc
3448 5597 3551 5652 per
3591 5599 3829 5642 commu-

2246 5656 2458 5711 nionem
2488 5650 2821 5720 idiomatum,
2851 5660 2910 5708 ut
2935 5653 3087 5708 aiunt
3112 5650 3365 5719 theologi.
