3924 6232
139 364 223 420 π,
1545 351 1821 408 nemus
1850 353 1992 409 xvr.

3291 358 3400 414 354

137 476 352 549 perpetui
379 476 533 545 regni
565 476 837 531 dominus
867 472 931 527 ad
969 471 1299 526 uitii-mitates
1323 480 1633 534 corporeus,
1666 473 1719 519 et
1749 473 1794 527 Α
1821 464 1982 520 debet
2026 472 2245 519 cantare
2291 472 2450 529 terra,
2500 464 2526 503 δ
2571 466 2672 521 nisi
2714 465 2807 534 qui
2855 464 3099 519 universo
3138 471 3397 523 terrarum

137 568 467 622 humilitatem
495 582 560 621 se
588 565 884 621 inclinavit
912 562 1233 619 humanam?
1263 568 1289 597 ει
1318 558 1453 625 Quid
1484 565 1589 610 tam
1617 572 1717 611 no-

138 672 257 722 tum,
286 672 446 727 quam
476 656 873 725 concipiente,
890 662 944 708 et
967 650 1295 727 metariente
1319 647 1547 711 femina,
1583 645 1716 699 illa:-

136 762 232 800 sam
255 746 631 813 virginitatem
678 742 1039 814 permanere?
1076 739 1149 793 Et
1179 736 1299 793 talis
1325 750 1513 791 revera
1532 732 1720 788 Salva-

138 842 288 889 torem
334 833 526 887 mundi
569 832 813 889 decebat
859 832 1168 899 ingressus,
1222 834 1318 892 ut,
1367 825 1458 893 qui
1499 821 1717 878 humani

132 922 323 991 generis
349 923 621 978 veniebat
650 928 874 993 peccata
901 919 1159 974 mundare
1185 932 1293 988 pne
1320 914 1530 971 caeteris
1556 926 1716 966 mun-

132 1013 235 1066 dius
282 1021 631 1067 nasceretur.
715 1012 862 1066 Bene
902 1010 1062 1065 etiam
1100 1008 1363 1078 propheta
1400 1002 1711 1071 subiunxit:

133 1104 326 1158 Caritate
369 1100 634 1169 Domino,
685 1104 853 1157 ontnis
892 1112 1051 1157 terra.
1100 1099 1199 1155 Cui
1238 1099 1383 1154 enim
1421 1095 1511 1150 alii
1538 1093 1715 1148 omnis

1825 556 1943 611 orbi
1971 554 2287 609 delictorum
2336 555 2548 610 veniam
2582 563 2637 610 et
2663 570 2817 625 spem
2843 554 3179 623 sempiternis
3209 555 3398 609 salutis

1826 645 2067 699 invexit?
2103 643 2501 713 Magniﬁcemus
2543 657 2696 712 ergo,
2744 642 2935 699 fratres
2957 683 2972 709 ,
3023 641 3303 698 Dominum
3334 659 3401 699 ac

1823 734 1993 789 Deum
2020 741 2260 788 nostrum
2285 774 2299 799 ,
2330 734 2623 802 psallamus
2650 734 2700 787 ei
2723 774 2738 799 ,
2772 742 2933 802 atque
2965 740 3243 788 cantemus
3268 752 3278 785 :
3311 733 3397 787 di-

1823 837 1987 893 gnum
2015 832 2098 878 est
2136 823 2278 878 enim
2302 863 2321 889 ,
2350 831 2411 877 ut
2448 838 2636 877 eorum
2664 822 2930 891 praecipue
2958 822 3204 877 laudibus
3224 822 3398 876 bono-

1823 920 1990 978 retur,
2039 926 2177 980 quos
2223 912 2424 982 proprii
2451 911 2693 982 corporis
2728 912 3011 981 passione,
3042 922 3097 967 et
3122 911 3398 980 sanguinis

1820 1001 1905 1055 sui
1932 1000 2189 1058 eﬂ'usioue
2207 998 2448 1055 salvavit.

1504 1178 1849 1243 HOMILIA
1896 1181 2010 1239 XV

1405 1282 1481 1337 De
1508 1281 1795 1336 Natiuitate
1821 1278 2031 1334 Domini
2059 1277 2129 1333 X.

1566 1366 1958 1423 ADMONITIO.

190 1471 285 1552 ῥι
315 1469 456 1552 Etsi
484 1470 654 1552 ηρδξε
684 1468 751 1523 εδ
780 1462 1261 1552 sitriiuendi‘mﬁ;
1288 1460 2009 1552 δέἓιὲπξιὲἔέιπιθαὲοΨξέἓΨ.
2032 1459 3227 1552 WE“.9“2§3{m.‘:“3!;133‘ﬁ9%99dﬂ'9

3257 1474 3396 1530 prae-

135 1527 350 1596 sidio'uti
379 1542 565 1601 liceat,
606 1541 716 1593 hoc
744 1545 825 1593 est
851 1536 973 1602 4'53,
1005 1549 1125 1605 pag.
1161 1534 1283 1599 105,
1313 1542 1368 1588 et
1639 1527 1764 1605 i‘_25,
1794 1544 1916 1599 pag.
1949 1529 2038 1605 21,
2071 1545 2192 1585 cum
2238 1531 2307 1605 in-
2332 1530 2452 1605 aliis
2490 1531 2737 1605 omnibus
2765 1530 2909 1605 nulia
2949 1529 3050 1605 fiat
3069 1527 3306 1605 ejusdem
3336 1531 3395 1585 S.

135 1610 363 1663 antistitis
388 1600 639 1673 mentio;
664 1622 853 1663 eorum
882 1600 1061 1661 tamen
1081 1600 1261 1659 vicem
1289 1603 1507 1673 expiem
1528 1600 1618 1655 alii

1681 1597 1844 1662 iures,
1874 1598 2066 1679 quibus
2088 1614 2206 1654 esse
2233 1600 2554 1669 arbitramur
2577 1597 3162 1720 adiungendamiidem.
3196 1599 3397 1654 Horum

1681 1666 1719 1733 ι,
1763 1666 2153 1733 Valhcellanus,
2179 1676 2308 1723 tom.
2342 1668 2453 1734 VII,
2484 1682 2605 1736 pag.
2676 1668 2726 1735 i,
2762 1668 3016 1724 Lucensis
3044 1667 3131 1734 85,
3173 1668 3393 1736 Neapol.

135 1616 363 1663 antistitis
388 1616 639 1673 mentio;
664 1622 853 1663 eorum
882 1616 1061 1661 tamen
1088 1616 1261 1659 vtcem
1289 1618 1359 1658 ex
1398 1616 1507 1657 ient
1528 1616 1618 1655 aui
1632 1616 1844 1721 plures,
1874 1616 2066 1667 quibus
2088 1616 2206 1654 esse
2233 1616 2548 1669 arnnramur

134 1689 241 1753 s_un_t
264 1678 565 1753 Augienses
601 1692 693 1753 av:
720 1684 946 1753 etum,
976 1672 1284 1753 Casinensis
1311 1618 1434 1753 ξδϐ,
1477 1684 1598 1741 pag.
1631 1739 1646 1753 ‘
1667 1666 1719 1733 4,
1763 1666 2308 1753 Ya‘llicella‘nusgntom.
2342 1668 2453 1753 Vi],
2484 1684 2548 1753 pa

135 1747 183 1800 S.
210 1737 456 1802 JoanTad
484 1744 903 1809 Carbouariam,
934 1737 991 1799 et
1019 1742 1383 1807 Taurinensis,
1414 1742 1467 1795 in
1480 1737 1603 1809 quo
1631 1739 1749 1809 hinc
1767 1744 1860 1809 est
1881 1737 2096 1809 humilia
2118 1737 2189 1790 Ἡ
2206 1739 2269 1792 de
2294 1740 2450 1809 natio:

2676 1668 2726 1735 i,
2762 1668 3016 1724 Lucensis
3044 1667 3131 1734 85,
3173 1668 3393 1737 Neapol.

2533 1737 2711 1792 omini.
2744 1738 2822 1792 Ab
2851 1738 3143 1792 editoribus
3170 1738 3395 1793 perinde

136 1816 179 1869 in
214 1832 487 1871 numerum
516 1814 761 1869 refertur
802 1805 1139 1869 homiliarum
1178 1812 1235 1866 ὃ.
1267 1805 1687 1877 Μωὶίωἰξειιηι
1725 1806 1779 1860 hi
1823 1805 2114 1877 Gymnicus
2139 1822 2260 1877 pag.
2293 1806 2389 1877 5Q,
2424 1806 2723 1862 Galesinius
2764 1822 2881 1875 pag.
2925 1806 3011 1877 9:4,
3042 1805 3397 1877 Combefisius

137 1896 247 1940 tom.
276 1886 315 1949 l,
354 1901 478 1954 pag.
512 1883 647 1947 209,
691 1883 949 1954 Cumdius
987 1890 1119 1954 tom;
1160 1879 1203 1954 I_,
1248 1894 1370 1954 pag.
1424 1876 1547 1954 ititi,
1596 1877 1703 1947 Rcy

1812 1874 1921 1931 ldus
1973 1874 2279 1954 ωαχ-Ἱερᾷ,
2340 1874 2862 1954 MargarinusBib‘l.
2902 1875 3247 1954 _Max..tom.
3306 1876 3395 1931 νη

137 1944 367 2007 ὴοω11.’6’
387 1944 454 2008 αξ
478 1944 649 2022 natio.
681 1952 910 2017 Domini,
934 1950 1140 2022 pag.r7.
1170 1944 1499 2022 Benedictini
1528 1944 1779 2022 monachi
1804 1944 2058 2015 congreg.
2102 1945 2158 2000 S.
2204 1945 2395 2022 Mauri,
2424 1946 2514 2022 qui
2542 1946 2771 2012 genuina
2800 1945 2857 1999 S.
2887 1944 3164 2013 Augustini
3206 1960 3393 2022 app}

136 2024 413 2093 suppositis,
447 2020 842 2093 sejunxerunt,
865 2012 1033 2093 nam;
1064 2020 1337 2093 homiliam
1384 2020 1436 2072 in
1472 2015 1824 2093 appendicem
1860 2012 2030 2070 sei-mi
2055 2030 2203 2070 num.
2235 2012 2340 2069 122
2370 2012 2691 2079 retulerunt,
2721 2012 3150 2084 monueruntque
3175 2012 3297 2069 eam
3333 2013 3392 2069 S.

140 2083 345 2147 ﬂaiimo
374 2083 707 2147 Taufinensi
732 2091 787 2145 in
816 2083 945 2145 mss.
976 2090 1124 2145 libris
1152 2090 1280 2143 etin
1306 2083 1525 2143 excusis
1538 2083 1700 2141 tribui
1727 2083 1923 2140 solere.

139 2203 998 2273 Amwruu.—Derirginitate
1018 2200 1417 2273 Mariteﬂliristi
1440 2198 1703 2273 genitricis
1735 2199 1779 2259 B
1806 2197 1984 2265 daret,
2013 2205 2068 2253 et
2095 2198 2263 2252 Deum
2291 2196 2543 2267 proderet
2570 2197 2847 2265 integritas
2872 2195 3172 2265 virginalis.
3199 2194 3388 2250 Nasci—

197 2277 295 2345 agit
339 2276 421 2328 hic
472 2273 727 2345 Euximi,
775 2267 1139 2345 promtumque
1185 2269 1286 2323 Dei
1332 2267 1605 2322 consilium
1647 2267 1704 2345 in

198 2337 432 2396 sénmda
458 2344 576 2412 ejus
614 2337 915 2412 integritate
952 2337 1194 2412 celebrat,
1215 2347 1385 2412 atque
1401 2354 1507 2412 una
1527 2337 1705 2412 exsul:

198 2413 396 2466 tandum
442 2407 659 2474 niouet,
708 2407 843 2480 quod
890 2411 1158 2480 nativitate
1206 2407 1496 2462 Servatoris
1541 2407 1705 2461 nostri

198 2498 360 2535 ames
384 2498 482 2537 nos
513 2489 672 2534 natos
698 2478 978 2533 sentiamus
1006 2478 1075 2531 ad
1101 2479 1276 2532 vitam.

198 2651 249 2705 In
286 2652 519 2707 adventu
550 2650 851 2717 dominico,
879 2648 1070 2704 fratres
1096 2649 1388 2715 carissimi,
1431 2647 1581 2716 cuius
1607 2648 1705 2702 ho-

146 2756 309 2795 norem
336 2743 581 2797 debitum
605 2741 859 2813 praesenti
886 2740 1174 2797 festivitate
1200 2740 1510 2807 deferimus,
1536 2740 1712 2793 multi-

144 2831 254 2886 tudo
278 2832 580 2888 aelestium
609 2831 989 2902 mysteriorum
1022 2832 1191 2899 gratia
1218 2831 1507 2886 revelatur.
1540 2829 1710 2885 Hodie

142 2922 285 2987 enim,
308 2922 409 2976 hoc
437 2930 546 2988 est,
579 2922 637 2975 in
665 2921 771 2975 line
798 2930 1100 2991 temporum
1121 2920 1297 2976 editus
1319 2932 1401 2975 est
1428 2921 1539 2989 ille,
1558 2920 1709 2988 cujus

144 3014 474 3068 mternitatem
516 3014 667 3068 nulla
708 3012 1024 3068 steculomm
1071 3020 1314 3081 tempora
1351 3012 1706 3081 comprehen-

143 3104 277 3158 dunt.
300 3105 465 3162 Hodie
494 3108 623 3163 caeli
652 3114 1024 3175 tenerumque
1060 3105 1309 3160 dominus
1332 3120 1433 3174 pro
1461 3104 1706 3159 libertate

144 3208 397 3251 servorum
437 3198 673 3254 formam
712 3196 884 3251 induit
922 3195 1213 3251 servitutis.
1246 3194 1417 3249 Hodie
1445 3208 1583 3248 nova
1623 3193 1703 3247 fe-

144 3284 287 3340 minei
316 3301 476 3342 sexus
504 3287 679 3355 gloria
719 3285 928 3356 peperit
953 3285 1128 3353 virgo,
1170 3292 1225 3338 et
1266 3281 1412 3352 quod
1457 3283 1703 3337 universa

1816 2296 1903 2343 tur
1929 2287 2173 2344 Christus
2217 2303 2284 2343 ex
2325 2286 2545 2356 femina,
2576 2294 2635 2341 ut
2670 2288 2808 2341 sicut
2842 2286 3011 2341 Adam
3036 2286 3395 2355 decipientem

1810 2365 1913 2450 per
1940 2378 2111 2432 Evam
2150 2377 2420 2433 diabolum
2467 2392 2576 2432 non
2613 2376 2787 2447 potuit
2825 2389 3149 2446 praecavere,
3178 2376 3253 2429 ita
3282 2378 3395 2430 dia-

1814 2470 1969 2525 bolus
2014 2468 2388 2540 adventantem
2417 2483 2513 2538 per
2554 2467 2776 2522 Mariam
2808 2477 2831 2506 ε
2864 2467 3031 2521 Deum
3061 2481 3167 2521 non
3204 2465 3394 2535 depre-

1820 2560 2075 2616 henderet
2093 2575 2213 2615 esse
2244 2565 2581 2629 praesentem.
2610 2558 2848 2612 Parturit
2875 2570 3005 2627 ergo
3032 2554 3231 2612 femina
3253 2558 3394 2611 salu-

1814 2660 1923 2705 tem
1946 2649 2158 2714 mundi;
2180 2656 2259 2715 ut,
2280 2662 2398 2717 quae
2418 2648 2696 2702 exstiterat
2717 2646 2887 2702 fomes
2905 2646 3223 2715 iniquitatis,
3244 2645 3395 2700 ﬁeret

1811 2741 2056 2794 ministra
2094 2738 2345 2808 justitiaz,
2385 2747 2442 2793 et
2484 2752 2585 2807 per
2628 2752 2789 2807 quam
2832 2752 2983 2792 mors
3019 2736 3121 2791 sibi
3163 2736 3217 2790 in
3252 2737 3394 2794 hunc

1809 2832 2066 2886 mundum
2096 2830 2292 2885 aditum
2323 2826 2596 2899 patefecit,
2636 2843 2735 2898 per
2763 2842 2882 2883 eam
2912 2827 2979 2882 ad
3021 2842 3122 2883 nos
3154 2828 3264 2881 vita
3295 2827 3390 2880 ha~

1808 2923 1959 2979 beret
1980 2924 2290 2991 ingressum.
2316 2919 2495 2989 Atque
2516 2928 2575 2974 ut
2593 2918 2903 2974 ostenderet
2920 2917 3149 2973 Creator
3167 2918 3391 2973 humani

1808 3013 2021 3087 generis
2048 3013 2324 3080 utriusque
2358 3025 2520 3064 sexus
2548 3024 2732 3063 curam
2764 3009 2981 3071 habere,
3014 3016 3069 3061 et
3104 3014 3392 3077 utrumque

1810 3102 1949 3156 velle
1991 3101 2229 3165 salvare;
2273 3100 2359 3154 vir
2396 3098 2651 3161 nascitur,
2683 3104 2739 3152 et
2777 3095 3021 3167 procedit
3059 3110 3129 3151 ex
3168 3094 3389 3163 femina,

1811 3202 2075 3263 quatenus
2103 3192 2520 3254 adverteremus,
2554 3190 2753 3245 nullam
2786 3205 2907 3245 esse
2939 3189 3079 3259 apud
3109 3189 3275 3244 Deum
3307 3190 3390 3244 in-

1812 3291 1895 3338 ter
1921 3284 2094 3336 virum
2116 3297 2180 3337 ac
2216 3279 2467 3337 feminam
2510 3281 2564 3335 in
2607 3279 2949 3349 percipienda
2984 3278 3159 3335 salute
3189 3279 3393 3333 distan-

143 3375 393 3431 nobiscum
422 3386 675 3432 creatura
702 3376 949 3443 miratur,
976 3382 1133 3429 natus
1154 3381 1236 3428 est
1263 3373 1449 3439 homo,
1478 3387 1584 3426 non
1606 3386 1705 3441 per
1731 3389 1775 3449 ρ
1813 3375 1959 3429 tiam.
1989 3374 2098 3428 Cur
2123 3382 2300 3428 autem
2321 3388 2429 3427 non
2458 3379 2568 3428 tota
2598 3371 2886 3426 devotione
2914 3372 3215 3438 credamus,
3244 3372 3391 3427 salu-

144 3464 385 3522 hominem
415 3475 757 3538 procreatus.
788 3466 895 3521 Sed
922 3464 1167 3534 quamvis
1204 3479 1401 3519 novum
1437 3463 1703 3530 videatur,

145 3570 235 3611 non
255 3566 423 3613 tamen
452 3557 815 3624 incredulum,
835 3556 981 3626 quod
1007 3555 1249 3611 Christus
1268 3552 1323 3609 in
1354 3560 1506 3609 utero
1526 3553 1706 3607 Maria)

144 3646 245 3701 sine
268 3656 562 3714 generante
588 3654 879 3721 conceptus
906 3654 1011 3714 est,
1033 3645 1125 3714 qui
1152 3644 1220 3701 de
1261 3643 1377 3699 Deo
1405 3642 1563 3698 Patre
1590 3644 1706 3698 sine

144 3739 466 3807 conceptione
512 3738 797 3808 processit.
838 3735 989 3802 Quod
1034 3736 1178 3790 enim
1218 3734 1361 3790 Deus
1406 3740 1509 3800 est,
1538 3733 1705 3788 solius

147 3820 297 3879 Patris
333 3836 414 3881 est
457 3823 804 3894 Unigenitus;
836 3824 980 3893 quod
1004 3823 1166 3879 homo
1195 3832 1297 3891 est,
1327 3823 1491 3879 solius
1518 3822 1702 3879 matris

147 3922 215 3964 est
240 3912 403 3969 titius:
433 3924 603 3986 atque
630 3915 753 3971 ideo
781 3915 951 3982 illum,
980 3914 1073 3983 qui
1118 3928 1185 3969 ex
1224 3913 1381 3968 Patre
1416 3914 1557 3969 Deus
1599 3921 1700 3977 est,

149 4008 194 4052 et
216 4015 275 4055 ex
299 4013 467 4059 matre
494 4006 662 4059 homo
709 4012 811 4070 est,
842 4004 948 4058 hoc
994 4011 1093 4065 est,
1131 4002 1297 4057 Deum
1326 4010 1381 4057 et
1404 4002 1700 4069 hominem,

149 4107 287 4148 um
314 4095 596 4152 Dominum
618 4096 953 4152 conﬁtemur.
978 4094 1093 4150 Hoc
1112 4103 1289 4150 autem
1312 4102 1482 4149 totum
1502 4092 1703 4148 factum

150 4190 236 4247 est,
259 4192 313 4237 ut
338 4185 475 4240 Deus
505 4200 606 4256 per
626 4199 843 4239 carnem
872 4184 1102 4239 hominis
1121 4182 1431 4253 mysterium
1456 4183 1704 4239 salutaris

150 4272 414 4342 susciperet
437 4275 725 4345 passionis,
756 4282 811 4329 et
836 4274 1000 4328 homo
1028 4288 1126 4344 per
1151 4274 1404 4329 virtutem
1431 4273 1526 4329 Dei
1552 4281 1699 4329 aeter~

150 4360 305 4416 uitatis
324 4378 429 4419 sua:
455 4362 726 4433 reciperet
752 4362 1084 4432 dignitatem.
1114 4362 1358 4420 Nascitur
1384 4365 1493 4436 42
1519 4366 1700 4435 itaque

1811 3474 1979 3520 tarem
2000 3480 2222 3534 puerum
2245 3464 2388 3518 nasci
2410 3464 2649 3533 potuisse
2661 3462 2728 3517 de
2746 3462 2969 3531 virgine,
2990 3463 3079 3532 qui
3095 3463 3391 3533 perfectum

1808 3557 2082 3611 hominem
2131 3555 2395 3611 credimus
2448 3555 2515 3610 de
2568 3556 2790 3625 pulvere
2838 3552 3004 3612 fuisse
3058 3556 3392 3612 formatum?
3434 3560 3437 3561 ⁷

1808 3645 2152 3701 Exsultemus
2196 3660 2345 3714 ergo,
2387 3645 2601 3710 fratres,
2645 3654 2700 3699 et
2746 3646 3005 3712 lmtemur,
3055 3646 3394 3703 celebrantes

1808 3736 2038 3790 natalem
2064 3735 2275 3790 Domini
2300 3737 2469 3789 nostri
2498 3734 2623 3789 Iesu
2649 3734 2865 3800 Christi,
2888 3735 3013 3803 quia
3034 3736 3086 3789 in
3108 3734 3223 3803 ejus
3250 3736 3391 3788 nati-

1809 3827 1974 3881 vitate
2002 3841 2101 3881 nos
2139 3840 2326 3881 omnes
2365 3833 2521 3881 natos
2561 3824 2820 3879 sentimus
2864 3821 2930 3879 ad
2967 3826 3149 3878 vitam.
3195 3824 3394 3881 Factus

1808 3925 1890 3973 est
1936 3916 2077 3971 enim
2108 3916 2290 3979 homo,
2322 3930 2427 3970 non
2468 3922 2523 3968 ut
2562 3915 2662 3969 sibi
2707 3914 2930 3977 viveret,
2964 3914 3056 3983 qui
3085 3924 3272 3970 auctor
3309 3924 3390 3971 est

1807 4009 1945 4074 vitm,
1975 4006 2069 4062 sed
2106 4013 2167 4061 ut
2192 4014 2366 4062 morte
2394 4022 2491 4061 sua
2520 4007 2685 4060 vitam
2715 4006 3003 4061 redimeret
3031 4014 3386 4061 mortuorum.

1805 4098 1993 4157 Tantis
2020 4099 2163 4154 enim
2189 4098 2416 4153 vinculis
2440 4098 2731 4152 humanum
2759 4112 2928 4167 genus
2951 4099 3193 4153 vinxerat
3214 4100 3391 4154 inimi-

1804 4205 1919 4253 cus,
1954 4197 2208 4257 tantaque
2237 4203 2337 4245 nos
2364 4189 2507 4244 mole
2542 4188 2850 4243 immanium
2894 4198 3165 4257 presserat
3192 4205 3389 4260 pecca-

1806 4287 2012 4345 torum;
2042 4285 2103 4332 ut
2126 4277 2299 4332 nullus
2322 4278 2479 4332 nobis
2504 4285 2647 4332 esset
2673 4277 2876 4349 reditus
2904 4278 2973 4333 ad
3001 4280 3253 4345 salutem,
3286 4279 3393 4334 nisi

1807 4375 2119 4427 nasceretur
2155 4367 2262 4432 ille,
2306 4367 2399 4439 qui
2435 4372 2631 4423 virtute
2667 4366 2883 4437 propria
2920 4367 2987 4423 ad
3024 4368 3191 4424 vitam
3218 4370 3390 4441 possit

149 4448 359 4511 Christus
395 4471 462 4511 ex
501 4455 688 4520 Maria,
719 4466 777 4511 ut
818 4463 873 4511 et
918 4470 1080 4512 sexus
1121 4454 1384 4512 femineus
1426 4458 1699 4512 hominem
1730 4447 1777 4506 Ι)
1803 4459 1979 4514 redire
2004 4464 2129 4528 post
2153 4463 2402 4511 mortem.

1466 4566 1815 4628 HOMILIA
1860 4568 2033 4628 XVI.

1422 4661 1497 4717 De
1524 4665 1755 4719 calendis
1780 4664 2073 4719 Ianuariis.

1551 4754 1947 4809 ADMONITIO.

206 4842 252 4915 ί
327 4845 399 4902 De
428 4845 658 4902 hu'usce
684 4845 918 4900 homiliaa
946 4844 1315 4926 inscriptione,
1339 4844 1404 4926 de
1438 4858 1513 4925 .ue
1539 4853 1784 4915 tempore
1816 4859 1925 4914 quo
1965 4843 2147 4923 habiga
2189 4840 2309 4924 fuit,
2350 4842 2780 4924 nonnulla_inter
2819 4843 3108 4925 scriptores
3128 4845 3391 4903 dissensio

149 4919 234 4979 est,
255 4844 405 4984 atque
432 4864 865 4984 codicibusmss.
909 4921 1153 4984 typisque
1170 4929 1390 4984 excusis
1406 4861 1566 4984 (llibris
1593 4914 1845 4969 varietas.
1872 4910 2274 4984 Gennadiusns
2302 4919 2450 4984 certe
2478 4913 2726 4984 omnibus
2743 4920 3033 4984 vetustior,
3065 4931 3203 4983 quos
3244 4918 3388 4973 scia-

375 4931 405 4972 e

542 4914 865 4995 icibgs_mss:
909 4910 1390 4995 typisqu'eexcusis
1416 4910 1566 4995 libris
1593 4910 2274 4995 varietangennadius’iis
2302 4919 2450 4993 certe
2478 4913 2726 4995 omnibus
2742 4910 3033 4995 vetustior,

3065 4931 3203 4983 quos
3244 4918 3388 4973 scia-

150 4994 249 5036 mus
271 4980 607 5041 h6miliarum
635 4981 693 5039 S.
718 4980 948 5038 Maximi
962 4980 1289 5049 meminisse,
1312 4982 1457 5038 hunc
1478 4982 1653 5039 eidem
1676 4984 1909 5038 homiliae
1937 4983 2148 5037 titulum
2178 4980 2341 5035 fuisse
2380 4982 2692 5049 inscriptum
2726 4982 2907 5048 docet,
2934 4984 3000 5037 de
3021 4980 3258 5040 colendis
3286 4986 3386 5041 Ja-

151 5053 337 5125 mriig.
370 5052 669 5125 Conﬁrmat
712 5052 767 5106 id
801 5052 1027 5125 quidem
1067 5051 1357 5125 vaticanus
1383 5051 1555 5125 codex
1582 5052 1738 5125 1922,
1769 5066 1893 5125 pag.
1922 5050 2045 5125 285.
2078 5050 2434 5125 Secus‘estin
2463 5050 3013 5125 codice__Taurineusi,
3040 5069 3199 5123 quem
3227 5056 3388 5125 plane

150 5120 256 5173 novi
273 5120 527 5197 Yaiicano
554 5137 675 5197 esse
702 5119 1082 5197 antiquiorem.
1106 5120 1197 5178 Sic
1223 5121 1365 5197 enim
1384 5121 1549 5197 habet
1576 5140 1589 5176 :
1616 5119 2053 5197 rimaraum-.1
2083 5120 2312 5197 colendis
2340 5119 2603 5197 Januarii.
2626 5120 2751 5197 _Non
2778 5121 2921 5197 enim
2938 5119 3090 5197 idem
3118 5131 3203 5197 est
3228 5119 3388 5197 quid-

152 5200 287 5253 quam
310 5192 485 5248 dicere
508 5193 565 5245 in
591 5192 819 5262 scientiis
833 5188 1196 5262 Ianuariuac
1216 5192 1285 5245 sit
1307 5190 1595 5262 quidquam
1626 5191 1690 5262 de
1711 5190 1893 5262 iisdem
1917 5191 2144 5245 colendis
2166 5190 2364 5262 dicere.
2388 5188 2521 5245 Nam
2550 5189 2641 5262 qui
2669 5190 2905 5262 Calendis
2931 5190 3197 5247 Januariis
3229 5188 3387 5262 quid-

152 5267 287 5331 φλέω
318 5261 441 5329 agit,
475 5262 531 5331 is,
560 5259 704 5315 nulla
750 5260 874 5331 lege
905 5261 1233 5331 astringitur,
1267 5258 1337 5314 ut
1353 5259 1425 5331 de,
1456 5258 1693 5331 calendis
1720 5260 1910 5315 iisdem
1956 5268 2098 5328 agat,
2142 5273 2267 5331 cum
2295 5258 2557 5331 integrum
2586 5260 2638 5314 ei
2664 5260 2755 5331 sit,
2788 5260 2856 5331 de
2883 5277 2943 5316 re
2968 5263 3159 5331 quavis
3182 5258 3309 5327 alia,
3341 5266 3386 5318 si

153 5324 277 5402 velit,
296 5324 466 5402 agere.
496 5330 699 5402 contra
725 5324 826 5402 qui
843 5329 912 5383 de
938 5324 1460 5402 caleii'disglanuarii‘s
1479 5328 1713 5402 disserit,
1740 5331 1880 5385 hunc
1906 5324 2049 5402 nulla
2076 5328 2270 5402 premit
2297 5324 2606 5402 necessitas,
2633 5324 3117 5402 ut_de_iisde_m'non
3135 5324 3384 5402 disserat.

154 5395 239 5449 nisi
254 5395 359 5467 ipso
380 5399 722 5455 calendarum
743 5395 1117 5453 Ianuariarum
1140 5398 1247 5453 die.
1267 5400 1311 5451 A
1329 5398 1585 5454 Vaticano
1614 5400 1787 5469 primo
1809 5409 1864 5455 et
1889 5416 1920 5454 a
1947 5395 2261 5454 Taurinensi
2280 5398 2587 5469 discrepant
2605 5398 2726 5455 cod.
2750 5398 2871 5453 Vat.
2890 5400 3025 5456 alter
3044 5417 3195 5455 num.
3224 5399 3383 5455 4951.

213 5507 379 5563 ιῦοό.
418 5510 475 5566 S.
526 5509 685 5566 Joun.
724 5509 793 5563 ad
834 5507 1016 5575 Carb.,
1050 5507 1190 5573 Quid
1227 5517 1334 5564 tam
1375 5526 1577 5566 novum.
1611 5528 1700 5565 ca-

160 5574 337 5643 rissimi,
356 5596 506 5650 φιαπι
532 5590 590 5634 ut
616 5580 673 5651 in
702 5574 1251 5651 concipientejemina
1284 5580 1458 5651 illaesa
1485 5580 1699 5651 virgini-

160 5647 561 5720 mperntaueret.
618 5648 754 5703 Cod.
795 5647 971 5703 autem
1024 5647 1179 5716 Reg,
1209 5647 1331 5720 quid
1381 5659 1486 5720 tam
1514 5647 1698 5703 novum

163 5726 286 5779 quam
308 5728 358 5772 ut
381 5719 431 5774 in
451 5720 770 5790 concipiente
791 5727 839 5771 ct
857 5720 1172 5787 parturiente
1191 5718 1385 5789 femina
1406 5718 1572 5773 illam
1604 5719 1700 5773 vir-

1809 5513 1997 5583 ginitas
2019 5524 2357 5583 pennaperet.

1873 5581 1899 5619 ι)
1928 5581 2061 5653 Cod.
2093 5582 2151 5637 S.
2180 5582 2336 5653 Joan.
2364 5582 2431 5638 ad
2457 5582 2639 5653 Carh.,
2670 5584 2773 5637 nisi
2801 5584 2849 5653 ei
2878 5584 2964 5653 qui
2993 5583 3255 5642 universo.

1788 5676 1792 5681 -
1878 5663 1897 5690 ο
1930 5651 2076 5707 ldem
2100 5652 2219 5709 cod.
2251 5651 2306 5709 S.
2332 5652 2488 5710 Joan.
2511 5653 2579 5709 ad
2604 5652 2762 5709 Carb.
2799 5651 3094 5707 Dominum.
