3924 6232
88 308 159 363 961
1469 311 1750 372 HOMILIA
1789 315 1924 372 XIX.

3249 326 3358 384 26‘!

88 428 215 479 habet
238 442 417 482 sermo
446 429 701 496 divinus,
727 430 785 483 in
816 443 941 485 eum
970 428 1213 498 discipuli
1247 429 1380 496 ejus.
1412 428 1529 482 Non
1560 430 1670 496 jam
1703 443 1747 497 Α
1778 431 2077 485 vertebant.
2132 430 2266 486 Vina
2324 430 2583 487 defecisse
2645 431 2923 500 Sciebant,
2973 448 3165 504 aquam
3219 454 3355 495 vero

84 515 199 582 quod
224 516 335 586 ipse
363 529 518 575 esset
564 520 845 585 hominis,
876 519 970 574 sed
995 520 1088 573 Dei
1117 519 1307 583 Filius,
1339 518 1480 588 quod
1513 527 1662 574 tanto

84 607 517 674 comprobabatur
546 609 843 664 miraculo.
875 608 933 662 Id
959 621 1173 677 quoque
1202 618 1257 663 et
1297 624 1412 672 nos,
1446 608 1658 672 fratres,

83 701 174 750 toto
192 696 350 752 corde
374 698 707 763 credamus,
738 700 913 768 ipsum
941 713 1153 770 nempe,
1185 699 1286 754 etsi
1315 708 1511 754 nostra:
1532 714 1660 753 cono

80 793 251 839 sortem
295 795 535 853 natum,
594 797 842 858 paterna:
890 796 1066 843 tamen
1113 788 1304 843 divina:
1351 789 1664 843 substantia:

80 888 176 929 esse
216 877 585 945 coaequalem.
661 877 771 931 Cur
816 892 945 946 ergo
990 892 1057 932 ex
1104 879 1468 948 nuptiantibus
1511 887 1664 950 tanto

79 963 171 1016 viso
192 965 456 1021 miraculo
487 966 604 1021 soli
628 966 876 1037 discipuli
911 966 1027 1036 ejus
1053 967 1392 1022 crediderunt
1422 969 1474 1021 in
1500 969 1662 1022 eum?

78 1048 137 1106 Illi
179 1054 240 1109 ad
283 1056 409 1110 vina
441 1057 835 1126 attendebant,
863 1066 918 1114 et
944 1058 1112 1127 ipsius
1140 1058 1399 1113 miracula
1428 1075 1537 1115 non
1567 1058 1663 1115 ad-

1770 522 1824 574 in
1854 523 1976 575 vino
1999 529 2258 575 mutatam
2281 538 2386 576 non
2410 524 2668 577 sciebant.
2700 525 2923 578 Constat
2950 526 3113 584 enini.
3138 535 3205 581 ut.
3221 530 3353 585 alias

1769 610 2024 676 diximus,
2057 626 2122 664 ex
2151 612 2255 666 illis
2282 613 2509 668 vasculis
2535 613 2895 681 perniciosam
2936 613 3057 668 illos
3106 615 3352 671 hausisse

1766 699 2114 767 ebrietatem,
2148 701 2279 755 istos
2318 717 2445 757 vero
2481 704 2862 773 sempiternam
2885 703 3174 773 justitiam;
3207 714 3344 777 aput

1766 804 1861 844 eos
1915 792 2091 856 enim,
2147 792 2292 861 quod
2331 801 2604 849 terrenum
2644 802 2810 859 esset,
2876 796 3019 864 quod
3072 796 3347 861 biberant,

1765 881 2204 950 pertransivisse;
2264 883 2405 952 apud
2465 884 2597 938 istos
2651 893 2862 950 autem,
2921 900 2988 940 eo
3043 887 3196 954 quod
3235 902 3346 941 un-

1766 971 1898 1048 lleste
1960 979 2131 1039 esset,
2189 975 2544 1042 permansisse
2565 1015 2581 1042 ,
2627 974 2772 1044 quod
2827 983 3186 1044 sumpserant.
3241 973 3347 1029 Ex-

1765 1062 1931 1131 plieit.

1387 1168 1594 1230 HOMI
1609 1168 1739 1230 LIA
1783 1170 2020 1232 XVIII.

1321 1264 1396 1320 De
1432 1265 1734 1336 Epiphania
1776 1267 1990 1323 Domini
2019 1269 2049 1331 Ι
2057 1269 2106 1325 1.

1511 1354 1909 1413 ADMONITIO.

134 1445 225 1518 ξι
257 1446 505 1502 Alteram
537 1459 692 1518 nunc
717 1447 947 1515 primum
976 1444 1322 1518 producimus
1352 1444 1418 1499 de
1446 1445 1746 1515 Epiphania
1776 1448 1985 1504 Domini
2015 1452 2289 1508 homiliam
2320 1469 2385 1508 ex
2415 1454 2605 1509 eodem
2634 1454 2819 1510 codice
2847 1456 2905 1510 S.
2938 1456 3185 1512 Dalmatii
3215 1474 3339 1514 eru-

79 1516 167 1588 ριιὰ
187 1516 223 1578 ἴ
229 1528 282 1570 at
308 1517 474 1588 valde
501 1516 719 1588 codicis
746 1522 1097 1588 vetustate‘et
1124 1516 1845 1588 charauerumueorrosione
1893 1521 2281 1588 imperfectam.
2332 1523 2441 1578 Sed
2489 1540 2605 1578 eam
2648 1526 2737 1579 ubi
2785 1526 2861 1581 fas
2913 1526 3010 1581 fuit
3039 1535 3188 1582 textu
3216 1531 3341 1584 cod.

80 1585 402 1668 Taurineqsis
433 1586 842 1668 supplevimus;
872 1600 978 1668 qu?
1021 1585 1072 1637 in
1104 1585 1290 1638 codice
1336 1583 1565 1668 bri-milia.
1588 1585 1702 1639 hate
1733 1596 1927 1668 nostra
1940 1583 2093 1668 num.
2136 1594 2334 1668 est__I'I,
2368 1594 2794 1668 inscribiturque
2825 1614 2836 1648 :
2870 1596 3002 1649 Item
3031 1605 3079 1649 et
3108 1596 3170 1668 de
3206 1583 3340 1668 Ερίέ

77 1652 564 1735 ρὴωιὶᾳηῦοηιὶηἱξ
598 1655 659 1709 In
706 1669 773 1709 eo
819 1670 847 1709 a
899 1652 965 1706 14
1012 1669 1239 1708 numero
1284 1652 1349 1706 ad
1397 1653 1466 1706 17
1514 1654 1673 1723 plane
1699 1658 2038 1727 perspicitur,
2071 1652 2329 1717 homilias
2348 1663 2481 1718 duas
2512 1660 2581 1715 15
2618 1672 2672 1718 et
2708 1652 2785 1717 ’16
2814 1675 3114 1734 temporum
3145 1652 3340 1735 inju'ria

79 1726 407 1780 intercidisse.

79 1858 449 1919 Alcolsurmu.
475 1888 555 1898 —
577 1852 825 1918 Quamvis
853 1854 903 1907 in
939 1851 1231 1907 Israelitico
1259 1850 1447 1923 populo
1483 1849 1655 1906 Eccle-

134 1927 204 1978 sia
223 1939 401 1995 nostra
423 1927 663 1995 primum
685 1925 910 1995 ﬁgurata
930 1924 1114 1994 fuerit;
1138 1930 1387 1995 attamen,
1409 1932 1463 1973 ut
1485 1932 1653 1995 osten-

135 1995 261 2047 deret
292 1987 439 2048 Βεαὲ
472 1995 617 2047 hanc
645 1987 751 2047 non
775 2010 879 2047 una
904 1987 967 2046 εἰς
993 2001 1163 2062 gente,
1194 1991 1284 2043 sed
1321 2007 1386 2043 ea:
1420 1987 1655 2044 omnibus

138 2064 579 2136 congreggndam,
611 2062 849 2136 Christus
876 2063 960 2116 via:
987 2054 1131 2136 ortus
1151 2054 1325 2131 gentes
1352 2073 1443 2129 per
1483 2076 1660 2136 magos
1691 2054 1736 2114 Β

1756 1834 1978 1891 deberet
2008 1839 2172 1904 nasci,
2204 1853 2270 1894 ex
2310 1855 2583 1895 sacrarum
2625 1841 3021 1914 Scripturarnm
3051 1845 3340 1902 volumini-

1759 1928 1876 1993 bus,
1920 1943 2037 1997 quze
2081 1930 2179 1999 ipsi
2220 1933 2499 2000 legebant,
2546 1935 2694 1988 illum
2726 1950 2832 1990 non
2879 1936 3050 1989 solum
3095 1936 3341 1993 dixerunt

1762 2026 1881 2076 esSe
1909 2023 2235 2079 nasciturum
2278 2025 2331 2078 in
2373 2024 2682 2079 Bethlehem
2711 2020 2835 2097 (Hic
2860 2027 3110 2081 nonnulla
3137 2027 3343 2088 desunt,

135 2111 268 2186 illi";
285 2111 586 2198 ἷιῗλίἰὲἇίρὶίζ
614 2111 1240 2203 ἕῖἐὶέᾷιῐιιῆι”ιιρὶι’ί⁷ᾱοῖιέ,⁷
1256 2111 1260 2112 ί
1276 2111 1525 2202 sit...“
1536 2111 1657 2202 ius}

1762 2115 1942 2185 quibus
1966 2129 2100 2167 nexa
2127 2122 2256 2179 erat,
2272 2122 2423 2183 atque
2442 2113 2684 2186 colligata
2714 2115 2924 2185 oratio).
2960 2118 2978 2145 ¹
3002 2116 3028 2150 ν
3050 2111 3162 2170 IIac
3188 2115 3255 2170 de
3285 2131 3342 2171 re

135 2212 314 2257 nostris
339 2204 617 2272 primitias
646 2202 866 2270 accepit.

136 2314 353 2379 Domini,
396 2323 454 2368 et
483 2312 791 2370 Salvatoris
820 2314 986 2369 nostri
1015 2312 1143 2368 Iesu
1181 2310 1404 2378 Christi,
1444 2312 1657 2378 fratres,

79 2402 428 2459 inenarrabilis
451 2406 507 2458 in
551 2407 698 2459 hunc
714 2404 976 2458 mundum
1007 2402 1269 2458 adventus
1298 2409 1424 2457 tunc
1451 2412 1659 2458 tantum

77 2492 299 2557 gentibus
319 2494 491 2562 coepit
515 2494 878 2556 innotescere,
904 2506 1026 2547 cum
1051 2490 1118 2544 ad
1146 2491 1294 2546 illum
1325 2490 1657 2546 adorandum

79 2594 210 2633 nova:
236 2582 403 2635 stellae
430 2583 664 2636 ductum
685 2591 973 2650 sequentes
991 2582 1133 2649 magi
1162 2582 1229 2637 ab
1254 2578 1471 2637 Oriente
1497 2597 1659 2637 vene-

80 2680 204 2724 runt.
239 2671 370 2726 Nam
400 2688 532 2727 cum
564 2672 682 2741 ipse
727 2671 1035 2725 universum
1070 2671 1330 2725 mundum
1375 2686 1405 2725 a
1446 2671 1656 2727 funesta

79 2759 251 2815 diaboli
278 2763 604 2831 captivitate
634 2774 795 2816 carne
820 2761 1046 2815 amictus
1076 2760 1310 2815 humana
1336 2761 1657 2816 liberaturus

81 2851 1657 2906 renisset.......................

82 3071 87 3083 .
131 3071 145 3085 .
181 3071 197 3087 .
225 3034 398 3103 Atque
429 3034 689 3104 equidem
729 3041 927 3089 nostrae
955 3032 1114 3101 hujus
1140 3032 1205 3086 ad
1230 3032 1469 3088 cmlestia
1489 3048 1653 3101 regna

84 3124 354 3180 vocationis
393 3126 554 3180 initia
596 3125 856 3179 hodierna
889 3123 1148 3178 festivitas
1196 3124 1350 3178 nobis
1394 3123 1649 3190 declarat,

83 3226 171 3280 qua
190 3232 244 3270 se
261 3217 619 3272 manifestare
643 3215 814 3283 magis
853 3215 1018 3269 voluit
1040 3215 1091 3269 in
1120 3215 1296 3269 stella.
1323 3214 1453 3268 Nam
1475 3216 1529 3268 in
1549 3215 1657 3269 illis

85 3304 193 3359 viris
228 3307 316 3375 qui
358 3322 424 3365 ex
467 3306 724 3361 Chaldasa
767 3304 834 3359 ad
883 3317 1064 3359 natum
1113 3318 1295 3373 regem
1321 3304 1652 3365 adorandum

86 3404 320 3450 venerunt
348 3396 401 3451 in
432 3397 653 3451 stabulo
673 3434 691 3461 ,
718 3395 986 3463 gentilitas
1013 3394 1260 3448 universa
1291 3392 1651 3459 concluditur,
1676 3409 1721 3470 ς

83 3483 218 3538 sicuti
244 3493 295 3538 et
317 3486 371 3539 in
402 3486 724 3539 muneribus
771 3499 888 3554 qua:
919 3494 1045 3538 tunc
1073 3483 1173 3553 ipsi
1202 3490 1329 3537 nato
1354 3482 1463 3550 regi
1494 3483 1651 3537 obtu-

84 3573 194 3639 lere,
219 3577 457 3645 pretiosa
488 3578 578 3631 illa
610 3577 953 3630 continentur
973 3576 1131 3640 dona,
1165 3589 1286 3644 qua:
1314 3574 1428 3643 ipse
1465 3573 1654 3627 Salva-

86 3673 157 3718 tor
177 3683 289 3721 cum
313 3669 425 3723 Deo
455 3668 620 3723 Patre
649 3677 704 3721 et
729 3667 930 3736 Spiritu
953 3660 1138 3722 sancto
1165 3666 1218 3720 in
1248 3660 1396 3721 cmlis
1423 3679 1653 3734 regnans

84 3766 108 3804 a
144 3757 378 3822 gentibus
424 3757 682 3813 obtinuit.
730 3755 870 3826 Ergo
918 3758 969 3810 in
1019 3756 1121 3811 fide
1160 3756 1460 3811 Christiana
1506 3755 1645 3824 magi

86 3846 307 3912 primitias
333 3849 556 3904 fuerunt
583 3849 849 3917 gentium.
874 3847 1123 3904 Gentium
1153 3840 1281 3902 fides
1305 3848 1355 3901 in
1376 3847 1651 3902 Christum

86 3949 110 3987 ι
135 3938 289 4005 magis
316 3939 423 3994 illis
450 3953 614 3995 suum
642 3938 778 3993 dixit
802 3938 1104 3992 exordium.
1133 3940 1148 3968 ¹
1172 3940 1203 3974 ³*
1230 3937 1482 4003 Quamvis
1510 3936 1651 3991 enim

89 4023 304 4084 Christus
327 4029 598 4085 Dominus
625 4036 813 4084 noster
839 4027 1129 4083 Ecclesiam
1166 4044 1317 4082 suam
1335 4067 1358 4094 τ
1383 4028 1651 4096 ejusdem-

89 4128 176 4182 que
200 4116 617 4184 gloriosissimos
663 4119 932 4188 principes
976 4117 1189 4173 Judzeos
1228 4133 1346 4173 esse
1390 4119 1649 4183 voluerit;

93 4204 302 4263 Ecclesia
333 4219 516 4266 tamen
546 4226 616 4265 ex
663 4210 791 4280 ipsis
837 4217 960 4264 nata
1008 4210 1256 4278 equidem
1301 4218 1402 4275 est,
1452 4210 1547 4264 sed
1598 4211 1652 4265 in

89 4296 309 4360 gentibus
335 4300 581 4371 perfecte
607 4299 880 4355 convaluit
904 4317 916 4352 :
945 4299 1082 4354 unde
1102 4298 1299 4354 Judmis
1328 4302 1378 4354 in
1410 4300 1651 4363 luctuosa

90 4397 170 4440 sua
196 4391 430 4446 aecitate
458 4390 639 4444 adhuc
679 4390 1110 4460 persistentibus,
1154 4390 1207 4444 in
1233 4392 1481 4459 gentibus
1517 4391 1652 4446 adeo

92 4476 399 4534 manifestata
419 4489 528 4545 est,
552 4488 612 4534 ut
631 4495 698 4533 ex
719 4479 832 4534 istis
848 4486 1064 4534 itantnm
1090 4481 1354 4541 coaluisse
1375 4482 1648 4536 videatur:

1760 2205 2146 2275 prophetarum
2175 2220 2393 2259 suorum
2422 2205 2672 2271 vaticinia
2699 2206 3081 2272 ostendebant,
3112 2213 3167 2260 et
3194 2206 3341 2275 ejus-

1750 2294 1881 2353 dem
1921 2295 2214 2350 nativitatis
2262 2302 2470 2365 tempus
2510 2295 2622 2364 jam
2669 2296 2950 2351 advenisse
2998 2296 3341 2362 asserebant;

1760 2395 1945 2441 natum
1976 2394 2153 2441 tamen
2186 2400 2368 2455 regem
2394 2402 2502 2442 non
2527 2388 2837 2457 exquirunt.
2868 2386 3167 2443 Miseranda
3195 2396 3341 2442 certe

1756 2476 2061 2535 Judteonun
2108 2479 2322 2535 «tacitas
2359 2477 2372 2532 l
2420 2479 2758 2533 Nasciturum
2805 2493 2924 2534 esse
2967 2477 3241 2532 Christum
3288 2478 3341 2531 in

1756 2569 2071 2625 Bethlebem
2119 2586 2226 2625 non
2272 2570 2577 2639 igorabant.
2615 2569 2819 2623 Tenent
2868 2568 3103 2632 oracula,
3148 2567 3344 2635 quibus

1756 2659 2026 2714 Christum
2066 2658 2179 2728 jam
2226 2674 2344 2714 esse
2388 2666 2570 2714 natum
2615 2657 3030 2712 demonstratur.
3063 2656 3342 2711 Chaldmos

1755 2751 1823 2806 de
1845 2752 1988 2806 illitis
2003 2751 2293 2821 nativitatis
2314 2751 2434 2807 loco
2457 2752 2802 2819 exquirentes
2822 2750 3044 2803 audiunt
3064 2755 3118 2802 et
3138 2748 3346 2814 vident,

1753 2856 1854 2895 nec
1898 2849 2074 2893 tamen
2119 2839 2389 2893 Christum
2436 2840 2723 2909 exquirunt
2749 2841 2799 2893 ⁸.
2842 2824 3015 2908 Atque
3053 2837 3189 2892 adeo
3212 2843 3346 2891 .i'ere

1752 2939 1880 2987 tunc
1918 2932 2230 3001 prophetica
2273 2931 2360 2984 illa
2403 2931 2621 3000 impleta
2669 2939 2752 2985 est
2798 2930 3062 2990 sententia
3099 2947 3111 2981 :
3147 2927 3346 2993 Quibus

1752 3039 1854 3076 non
1883 3031 1957 3076 est
1986 3024 2276 3076 nuntiatum
2296 3022 2359 3075 de
2379 3038 2439 3075 eo
2459 3021 2718 3085 videbunt,
2744 3028 2793 3074 et
2814 3021 2899 3089 qui
2921 3037 3022 3074 non
3046 3020 3341 3093 audierunt,

1752 3112 2041 3182 intelligent
2064 3111 2221 3182 (Isai.
2243 3128 2344 3177 Ln;
2366 3110 2527 3163 Rom.
2555 3109 2666 3181 xv).
2698 3109 2950 3164 Chaldmo
2973 3110 3101 3162 nihil
3133 3109 3344 3162 nuntia-

1754 3210 1863 3256 tum
1893 3202 2090 3269 fuerat,
2115 3211 2170 3257 et
2197 3202 2328 3257 vidit
2370 3188 2611 3265 stellam,
2634 3208 2689 3255 et
2715 3200 2961 3265 credidit,
2991 3208 3045 3254 et
3077 3200 3342 3254 intellexit

1752 3293 2021 3350 Christum
2049 3291 2334 3360 signiﬁcari
2384 3292 2436 3346 in
2481 3291 2658 3346 stella.
2689 3288 2916 3344 Hebrmo
2939 3289 3138 3347 dictum
3170 3287 3348 3344 fuerat

1754 3392 2032 3440 venturum
2079 3397 2199 3437 esse
2247 3382 2663 3458 Redemptorem
2709 3379 2919 3433 mundi.
2950 3377 3339 3448 Prophetarum

1752 3476 1822 3531 de
1847 3477 1961 3545 ipso
1990 3475 2211 3529 tenebat
2231 3475 2471 3529 oracula.
2493 3473 2728 3528 Noverat
2751 3472 3022 3526 Christum
3057 3472 3111 3524 in
3130 3469 3348 3525 Bethlc~

1752 3568 1874 3621 hem
1905 3580 2024 3621 esse
2053 3574 2262 3618 natum.
2288 3564 2355 3618 Et
2383 3564 2628 3633 quamvis
2668 3563 2722 3618 id
2752 3563 2853 3631 ipsi
2880 3560 3065 3616 fuisset
3094 3577 3347 3631 praenun-

1752 3659 1944 3712 tiatum
1969 3657 2036 3712 de
2065 3671 2154 3725 eo,
2182 3673 2281 3712 nec
2311 3657 2598 3728 intellexit,
2637 3670 2738 3710 nec
2764 3654 2911 3708 illum
2951 3661 3136 3708 natum
3157 3653 3350 3709 videro

1753 3750 1938 3815 voluit,
1963 3757 2026 3804 ut
2044 3749 2190 3803 illum
2214 3748 2499 3816 aliquando
2525 3754 2709 3816 posset
2729 3743 3067 3812 cruciﬁgere.
3094 3743 3189 3798 His
3211 3758 3349 3813 ergo

1753 3840 1807 3894 in
1829 3855 1924 3894 sua
1947 3841 2186 3894 caecitate
2206 3839 2454 3902 dimissis,
2479 3836 2652 3905 gaude
2674 3845 2729 3893 et
2749 3836 3010 3891 laetarein
3028 3837 3130 3891 hac
3154 3843 3350 3894 sancta

1752 3929 1838 3985 die
1878 3930 1945 3984 ad
1988 3929 2155 3984 Deum
2196 3937 2494 3984 creatorem
2543 3936 2691 3982 tuum
2734 3940 3003 3985 conversa
3033 3921 3345 3994 gentilitas,

1753 4029 1915 4089 atque
1943 4021 1997 4074 in
2030 4020 2198 4074 tribus
2226 4020 2330 4074 illis
2357 4020 2544 4087 magis,
2576 4018 2673 4087 qui.
2697 4017 3010 4071 ab'Oriente
3045 4014 3097 4069 in
3123 4007 3346 4069 Bethle-

1752 4112 1875 4166 hem
1901 4110 2170 4165 Christum
2192 4110 2506 4166 veneraturi
2535 4109 2890 4171 advenerunt,
2935 4106 3060 4163 fidei
3089 4115 3193 4162 tum
3222 4108 3342 4177 pri-

1752 4201 1955 4255 manlia
2010 4202 2253 4256 venerari
2304 4216 2409 4255 non
2458 4201 2697 4255 desinas.
2715 4199 2900 4267 Atque
2948 4199 3345 4254 exsultantibus

1751 4292 1944 4346 animis
1990 4299 2217 4345 aeternas
2260 4291 2376 4344 illas
2420 4289 2594 4352 sedes,
2626 4288 2916 4343 dummodo
2964 4286 3122 4343 ﬁdem
3177 4303 3345 4356 quam

1751 4376 1922 4447 ten'es,
1944 4394 2128 4452 opera,
2153 4397 2271 4451 quae
2299 4380 2541 4434 Christus
2555 4379 2733 4448 jussit,
2760 4379 3022 4450 sequaris,
3053 4378 3344 4448 aliquando

1751 4474 2029 4530 obtinendi
2078 4489 2229 4543 spem
2283 4473 2528 4542 concipe.
2572 4465 2646 4524 Et
2690 4471 2936 4542 quamvis
2987 4470 3157 4524 etiam
3196 4486 3338 4526 nunc

92 4573 296 4636 suntque
320 4571 490 4625 etiam
530 4583 673 4623 nune
704 4568 910 4624 Hebraei
939 4570 1048 4625 suis
1071 4579 1218 4626 certe
1246 4572 1514 4640 prioribus
1540 4588 1647 4626 non
1748 4568 1915 4624 ιυδωὶ
1958 4566 2370 4635 Redemptorem
2419 4571 2659 4617 nostrum
2689 4562 3011 4631 vagientem
3061 4561 3137 4614 in-
3163 4560 3339 4625 cunis,

93 4651 1647 4731 dissimiles".lllienimpercunctantibusmagis,ipsoetiam
1744 4661 2012 4730 jacentem
2043 4659 2095 4713 in
2137 4672 2379 4727 praesepe
2427 4654 2877 4710 contemnendum
2922 4653 3191 4717 sentiant;
3239 4668 3338 4733 nos

94 4740 279 4802 Herode
321 4749 664 4819 exquirente,
710 4763 798 4814 an,
850 4751 954 4822 52
983 4755 1038 4804 et
1080 4750 1318 4816 ubinam,
1362 4766 1523 4820 quem
1573 4752 1645 4806 illi
1679 4765 1722 4822 ι)
1753 4760 1938 4806 tamen
1981 4751 2154 4820 ipsum
2200 4747 2469 4802 Christum
2508 4762 2538 4800 a
2586 4746 2794 4801 cunctis
2840 4743 3173 4799 adorandum
3220 4758 3339 4799 esse

95 4836 382 4896 mlorum
409 4839 862 4911 Redemptorem,
907 4848 1037 4897 tunc
1062 4850 1245 4896 natum
1274 4844 1646 4913 exquirebant,
1757 4842 2060 4899 credamus.
2090 4839 2342 4910 Explicit.

1418 4955 1757 5015 HOMILIA
1806 4955 1982 5014 XIX.

1324 5036 1399 5106 De
1420 5052 1716 5123 Epiphania
1745 5052 1956 5106 Domini
1980 5051 2096 5107 III.

1538 5141 1582 5197 Ἀ
1592 5142 1928 5198 DMONITIO.

157 5227 536 5300 53Consonat
562 5232 677 5288 hinc
691 5232 900 5289 exteris
925 5226 1142 5289 Maximi
1163 5230 1395 5290 homiliis
1414 5251 1520 5289 non
1535 5234 1657 5300 styli
1684 5234 1892 5287 ratione
1915 5238 2098 5300 modo,
2121 5231 2217 5288 sed
2241 5231 2447 5287 delectu
2470 5232 2632 5287 etiam
2650 5232 3185 5300 conformation'eque
3209 5240 3334 5280 sen-

102 5295 359 5379 tentiarum
373 5305 569 5358 oratio.
594 5303 784 5371 Itaque
799 5302 1203 5383 nihil.est,quod
1232 5304 1431 5371 obstet,
1449 5295 1834 5426 quinMaximo
1860 5304 1957 5371 ipsi
1981 5295 2294 5358 ascribenda
2320 5302 2581 5355 videatur.
2599 5303 2713 5367 Qua
2734 5303 2801 5357 de
2819 5317 2876 5356 re
2902 5317 3007 5355 non
3025 5295 3336 5381 dubitamus

102 5374 273 5423 critica:
295 5369 564 5426 facultatis
589 5375 796 5426 neritos
825 5372 980 5426 IlOblS
1005 5375 1406 5426 consentientes
1431 5391 1461 5426 υ
1486 5389 1587 5426 ane
1610 5372 1742 5426 fore.
1775 5372 1923 5426 lianc
1970 5374 2139 5426 insam
2167 5373 2493 5426 orationem-
2521 5387 2618 5425 seu
2650 5372 2924 5425 ltomiliam
2948 5369 3105 5423 nobis
3134 5382 3333 5426 suppe-

1431 5391 1461 5442 P

295 5369 564 5429 facultatis
585 5366 796 5443 peritos
825 5372 980 5427 nobis
1005 5366 1406 5443 consentientes

1486 5389 1587 5428 aue
1610 5372 1742 5428 fore.
1775 5369 1923 5428 lianc
1970 5374 2139 5442 ipsam
2167 5373 2493 5438 orationem,
2521 5387 2618 5425 seu
2650 5372 2924 5442 ltomiliam
2948 5369 3105 5442 nobis
3126 5382 3333 5442 suppe-

101 5430 1209 5514 Qflavjtpodex’vettistjssimusmonastetji
1239 5442 1365 5498 olim
1387 5430 1454 5498 de
1483 5444 1742 5514 Apannis,
1769 5457 1875 5511 quo
1906 5445 1959 5496 in
1981 5430 2171 5514 codice
2216 5430 2595 5514 inscriptaisie
2616 5450 2704 5514 est
2727 5443 2755 5514 ':_
2786 5441 2927 5514 Item
2948 5441 3002 5491 in
3022 5430 3336 5514 Epiphanio

103 5499 286 5582 ρωεὶηί
303 5511 475 5582 ιιοηιίι.
521 5511 687 5567 VIII.
714 5512 935 5569 Accedit
952 5512 1129 5569 culex
1150 5499 1598 5582 Taurinensis,'iu
1622 5499 1929 5582 quo'eistat
1951 5511 2136 5567 eadem
2157 5499 2465 5566 homilia‘bl
2493 5512 2545 5565 in
2575 5512 2714 5567 serie
2742 5499 3098 5567 heminarum"
3115 5499 3334 5559 Maximi

104 5570 161 5626 de

168 5692 183 5722 ¹
208 5689 277 5747 Ex
304 5695 416 5751 cod.
448 5696 742 5754 Taurinen.

1838 5698 1857 5728 ⁸
1875 5695 1952 5750 Ex
1978 5695 2312 5753 codemcod.
2339 5694 2627 5750 Taurinen.
