3924 6232
556 316 658 372 263

1752 323 1807 377 S.
1851 322 2092 378 MAXlMl
2135 323 2585 384 TAURINENSIS

3723 330 3838 385 εδδ

556 429 938 507 Ακμξῳιι-ςκτρης
969 463 1036 507 -τ-
1059 429 1254 507 Eadem
1284 438 1430 484 stetta
1459 431 1655 507 [uitreis
1681 440 1832 507 atque
1845 434 2122 507 gemitibus
2157 439 2208 496 Α
2239 453 2354 491 rum
2385 453 2600 492 suorum
2631 437 3041 492 continebantur
3088 440 3356 507 vaticinia,
3389 439 3662 495 Christum
3707 443 3820 494 υο-

621 498 812 569 ὶιιιιωλίζ.
838 496 1004 569 Primi
1035 500 1097 551 de
1124 517 1186 552 ea
1213 517 1304 568 per
1329 501 1681 569 propheticum
1703 496 2000 554 vaticinium
2029 510 2125 554 att-

619 567 798 638 moniti
820 568 1054 638 fuerant;
1075 567 1282 622 secundi
1303 567 1469 622 autem
1496 572 1548 620 in
1579 570 1839 638 profunda
1876 575 2127 638 supersti-

621 636 780 709 tionis
797 646 944 689 nocte
964 637 1187 709 derelicti
1217 654 1318 709 non
1359 640 1580 704 fuerunt.
1617 636 1945 692 Illuminatio
1970 641 2131 709 igitur

620 704 854 757 omnibus
873 708 1074 776 putuit;
1105 709 1224 775 quia
1249 706 1479 761 Christus
1509 724 1683 760 omnes
1715 704 2011 761 satvaturus
2031 709 2129 761 ad-

622 782 852 826 venerat.

627 887 967 953 Venerabile,
1016 891 1225 956 fratres,
1273 891 1656 961 redemptionis
1703 901 1896 944 nostrae
1947 907 2128 945 sacra-

553 987 812 1042 mentum,
835 993 944 1046 quo
968 981 1284 1034 immortalis
1306 982 1445 1035 Deus
1473 982 1834 1036 conditionem
1863 991 1946 1034 est
1975 982 2129 1035 mise»

551 1076 700 1121 ratus
752 1068 1061 1131 humanum,
1103 1077 1251 1122 tanta
1306 1070 1386 1124 sui
1440 1069 1721 1137 majestate
1776 1069 2022 1137 refulget,
2068 1079 2127 1122 ut

557 1157 700 1209 nulla
731 1157 858 1212 illud
880 1159 1109 1212 humana
1133 1175 1283 1214 mens
1312 1161 1606 1228 intelligere
1627 1161 1814 1230 possit.
1837 1162 1965 1226 Quis
1985 1162 2126 1214 enim

550 1245 848 1312 explicare
871 1255 1053 1315 queat,
1089 1263 1185 1301 cur
1213 1250 1514 1316 unigenitus
1556 1251 1649 1305 Dei
1675 1249 1858 1315 Filius,
1891 1251 1975 1304 cui
2003 1266 2123 1304 eum

552 1328 710 1386 Patre
731 1342 786 1387 et
813 1333 1012 1403 Spiritu
1035 1345 1221 1389 sancto
1253 1354 1354 1390 una
1379 1349 1539 1405 atque
1563 1339 1745 1392 eadem
1775 1348 1857 1392 est
1877 1339 2126 1392 divinitas

549 1428 712 1487 atque
761 1424 1170 1491 omnipotentia,
1212 1427 1403 1494 cuique
1443 1443 1603 1480 unum
1634 1428 1881 1495 idemque
1909 1428 2044 1482 velle
2073 1437 2126 1480 et

548 1525 706 1578 posse
735 1517 852 1576 est;
881 1521 1119 1566 nostram
1153 1523 1327 1568 tamen
1359 1516 1577 1582 dignare
1605 1517 1738 1570 adeo
1768 1517 1992 1572 voluerit
2026 1532 2123 1569 na-

553 1609 746 1663 tuzam,
781 1609 837 1652 ut
864 1602 1006 1667 quod
1037 1619 1142 1656 non
1195 1603 1389 1657 habeat
1417 1619 1711 1669 assumens,
1739 1615 1797 1659 et
1823 1607 1964 1673 quod
1990 1607 2043 1660 in
2067 1622 2126 1661 se

546 1697 674 1750 erat
694 1704 800 1741 non
829 1689 1123 1752 dimittens,
1167 1691 1401 1743 divinam
1441 1708 1559 1744 cum
1591 1693 1820 1745 humana
1852 1693 2122 1761 insepara-

2235 529 2437 581 minum
2455 527 2868 596 Redemptorem
2890 529 3065 582 szeculi
3087 529 3372 596 aliquando
3387 539 3673 584 venturum
3700 545 3834 584 esse

2235 617 2605 686 protestantia.
2629 615 2781 669 lllum
2820 631 2887 670 ex
2915 617 3042 686 ipsis
3069 618 3308 672 sciebant
3335 620 3666 673 nasciturum
3699 635 3834 674 esse

2233 707 2300 761 de
2323 707 2528 773 virgine
2549 721 2615 759 ex
2645 707 2898 776 progenie
2929 707 3091 760 David
3109 709 3398 762 secundum
3427 724 3647 763 carnem
3677 728 3689 761 :
3718 726 3834 763 na-

2235 796 2455 849 tivitatis
2481 809 2695 863 quoque
2717 795 2961 862 ejusdem
2983 796 3159 850 locum
3189 797 3240 849 in
3263 796 3392 864 ipsis
3412 797 3664 863 legebant
3687 811 3836 865 pra-

2232 886 2532 953 signatum;
2580 885 2892 939 Bethlehem
2941 886 3081 938 enim
3136 885 3326 939 civ-itas
3364 886 3452 938 ilia
3480 885 3646 939 David
3682 885 3832 939 tanti

2234 969 2466 1030 numinis
2494 976 2833 1030 asserebatur
2876 974 3174 1030 decoranda
3204 975 3406 1029 natali:
3437 989 3560 1043 que
3595 974 3828 1030 demum

2233 1067 2562 1120 nativitatem
2592 1066 2757 1134 ipsius
2785 1065 3023 1118 miranda
3069 1065 3370 1133 praecedere
3392 1064 3686 1129 debebant,
3712 1078 3828 1117 au-

2232 1157 2639 1220 nuntiabantur;
2663 1155 2772 1208 sola
2803 1161 2980 1208 autem
3015 1155 3314 1208 miseranda
3338 1153 3611 1220 gentilitas
3641 1169 3827 1220 usque

2233 1255 2359 1299 tunc
2387 1251 2718 1299 remanserat
2748 1245 2799 1296 in
2849 1258 3061 1298 occasu.
3113 1243 3213 1308 Qui
3240 1256 3369 1309 ergo
3409 1250 3637 1296 cunctos
3660 1243 3826 1295 mise

2231 1335 2514 1389 ricorditer
2541 1343 2882 1402 reparatur-ns
2903 1334 3212 1400 advenerat,
3242 1347 3310 1386 ne
3337 1341 3393 1386 et
3413 1333 3526 1401 ipsa
3560 1332 3614 1385 in
3645 1332 3824 1401 laezy-

2230 1426 2408 1479 mabili
2439 1441 2533 1478 sua
2576 1439 2788 1493 semper
2833 1425 3073 1478 excitate
3105 1431 3365 1486 maneret,
3397 1421 3544 1475 dedit
3571 1421 3622 1475 ei
3645 1422 3824 1475 etiam

2224 1515 2432 1582 signum
2468 1513 2612 1582 quod
2642 1521 2697 1566 et
2725 1511 2934 1567 Iudaeus
2962 1512 3142 1567 videre
3179 1513 3352 1582 potuit
3381 1513 3433 1566 in
3463 1511 3645 1574 stella,
3690 1525 3824 1579 qua:

2225 1605 2360 1658 tanti
2407 1604 2548 1670 regis
2601 1603 2880 1656 nuntiabat
2924 1610 3121 1668 ortum,
3162 1610 3219 1656 et
3266 1602 3546 1671 praesentis
3592 1602 3824 1654 venisse

2226 1695 2486 1762 prodebat
2533 1694 2910 1762 redemptionis
2961 1702 3255 1747 auctorem.
3291 1692 3438 1746 lllam
3469 1694 3520 1745 in
3549 1690 3819 1745 Chaldica

545 1777 725 1830 biliter
752 1777 888 1830 adeo
913 1786 1156 1831 naturam
1177 1779 1528 1847 copulaverit,
1553 1789 1607 1833 ut
1638 1779 1778 1834 Deus
1804 1782 1960 1834 simul
1984 1793 2120 1835 esset
2157 1785 2200 1842 Β
2226 1784 2364 1851 magi
2382 1784 2786 1837 coruscantibus
2808 1783 3096 1837 lietioribus
3118 1784 3278 1837 radiis
3293 1785 3581 1837 micantem
3595 1783 3816 1836 vident.

544 1875 600 1920 et
629 1868 790 1922 homo
817 1869 872 1921 ‘?
917 1869 1108 1922 Verum
1139 1871 1183 1922 si
1218 1871 1270 1922 in
1294 1871 1481 1924 horum
1520 1873 1921 1940 investigatione
1950 1875 2121 1928 omnis

546 1957 896 2025 intelligentia
948 1958 1191 2011 turbatur
1218 1959 1448 2012 humana
1476 1968 1636 2028 atque
1665 1962 1910 2014 universa
1951 1962 2122 2028 genti-

543 2046 671 2098 liu-n
702 2047 1034 2116 philosophia
1064 2049 1354 2113 evanescit,
1410 2051 1462 2102 in
1513 2051 1768 2120 mysterio
1810 2058 1986 2106 tamen
2029 2067 2117 2105 so-

542 2135 833 2189 lemnitatis
884 2137 1174 2201 hodiernae,
1223 2154 1328 2208 quo
1379 2140 1928 2209 incomprehensibilis
1981 2141 2122 2197 Deus

541 2232 720 2276 ortum
750 2239 902 2277 suum
932 2225 1178 2292 gentibus
1199 2227 1466 2281 rutilantis
1507 2228 1675 2282 stella}
1706 2230 1903 2284 indicio
1944 2233 2118 2284 mani-

539 2315 738 2369 festare
766 2316 932 2369 voluit
963 2316 1179 2385 (Desunt
1223 2318 1304 2369 hic
1351 2318 1466 2372 dum
1519 2321 1711 2388 linere).
1765 2321 1934 2376 Hodie
1977 2324 2118 2376 enim

538 2405 784 2458 Christus
809 2405 1065 2459 Dominus
1088 2414 1271 2459 noster
1297 2407 1520 2473 gloriam
1553 2424 1702 2461 suam
1727 2411 1932 2465 cunctis
1951 2411 2120 2464 voluit

539 2494 848 2548 ostendere.
883 2494 944 2548 Et
973 2497 1214 2564 quamvis
1241 2496 1378 2548 inter
1406 2495 1657 2551 Hahneos
1685 2511 1750 2550 ex
1772 2497 2009 2552 Hebrzeis
2029 2514 2119 2551 na-

543 2592 629 2636 tus
656 2584 946 2640 secundum
976 2599 1210 2649 carnem,
1243 2585 1362 2638 illos
1389 2601 1498 2654 pra:
1527 2587 1732 2641 czeteris
1759 2587 2013 2642 dilexisse
2033 2590 2114 2641 vi-

540 2675 734 2728 deatur
765 2693 776 2726 :
809 2691 930 2729 eum
980 2683 1155 2729 tamen
1186 2676 1237 2729 in
1269 2675 1506 2743 ejusdem
1536 2687 1655 2730 ortu
1681 2693 1869 2732 novam
1893 2679 1946 2732 in
1968 2680 2118 2733 caelis

538 2767 746 2819 stellam
789 2767 1008 2819 rutilare
1063 2765 1218 2830 fecit;
1267 2767 1428 2822 habet
1468 2767 1628 2821 etiam
1682 2769 1953 2835 gentilitas
1999 2771 2113 2840 ipsa

537 2854 680 2919 quod
702 2854 928 2908 lactetur.
952 2852 1045 2907 llla
1069 2854 1210 2907 enim
1233 2854 1389 2908 stella
1411 2856 1675 2924 gentibus,
1699 2858 1829 2911 mihi
1850 2860 2116 2927 pnccipue

539 2944 664 2995 data
691 2944 913 3008 videtur,
948 2953 1004 2998 ut
1032 2954 1220 3012 gentes
1257 2947 1419 3000 etiam
1468 2948 1876 3018 Redemptorem
1932 2959 2113 3005 natum

540 3047 659 3086 esse
689 3043 1038 3101 agnoscerent
1065 3035 1209 3088 illum
1239 3051 1398 3104 quem
1447 3037 1660 3092 Balaam
1708 3039 1796 3094 ille
1840 3043 2110 3109 quondam

2226 1874 2374 1927 Illam
2424 1875 2546 1935 novi
2597 1874 2738 1942 regis
2792 1873 3090 1941 signiﬁcare
3119 1883 3413 1941 agnosetmt
3440 1874 3817 1927 nativitatem.

2226 1963 2473 2031 Ejusdem
2503 1964 2716 2018 luminis
2762 1963 2979 2018 ductum
3008 1973 3329 2032 sequuntur;
3357 1972 3651 2032 natumque
3683 1978 3818 2017 vero

2225 2056 2502 2110 inveniunt
2545 2071 2685 2119 eum,
2736 2055 2802 2109 ad
2832 2070 2988 2123 quem
3018 2071 3046 2107 a
3077 2063 3186 2109 tam
3214 2056 3503 2126 longinquo
3531 2069 3817 2108 veneran-

2221 2147 2346 2202 dum
2419 2148 2700 2202 accedunt.
2752 2146 2994 2201 Ollerunt
3036 2148 3110 2201 illi
3157 2163 3252 2201 sua
3304 2163 3559 2212 munera;
3610 2163 3813 2202 aurum

2223 2253 2434 2307 nempe,
2461 2246 2519 2290 ut
2540 2238 2735 2291 lectum
2766 2245 2866 2302 est,
2895 2238 3014 2290 thus
3034 2247 3089 2291 et
3110 2239 3394 2308 myrrham.
3422 2238 3643 2290 Munera
3664 2253 3814 2306 equi-

2221 2329 2342 2382 dem
2388 2329 2641 2396 pretiosa,
2684 2329 2878 2396 quibus
2903 2338 2956 2381 et
2985 2329 3095 2381 nati
3125 2330 3263 2395 regis
3290 2329 3557 2388 divinitas,
3593 2328 3809 2382 eidem-

2220 2434 2324 2486 que
2369 2419 2672 2474 deelaratur
2717 2420 2863 2472 unita
2913 2419 3228 2472 humanitas.
3283 2418 3481 2471 Deinde
3507 2433 3612 2486 per
3641 2419 3808 2470 aliam

2221 2510 2360 2562 viam
2386 2509 2586 2562 reversi
2629 2517 2752 2561 sunt
2772 2509 2826 2562 in
2855 2508 3130 2576 regionem
3159 2523 3326 2561 suam.
3359 2506 3603 2561 Gentiles
3633 2523 3808 2561 vene-

2219 2606 2346 2650 runt
2386 2597 2453 2650 ad
2496 2597 2857 2661 adorandum;
2886 2596 3170 2651 Christiani
3211 2598 3276 2651 ab
3305 2599 3395 2651 illo
3424 2608 3806 2662 recesserunt;

2217 2686 2524 2741 serviebant
2578 2694 2704 2739 ante
2751 2686 3120 2739 adorationem
3151 2686 3337 2751 idolis;
3367 2687 3481 2739 viso
3510 2686 3804 2741 Salvatore

2217 2777 2422 2841 mundi,
2456 2775 2593 2830 idola
2614 2783 2740 2829 sunt
2763 2775 3030 2830 detestati.
3052 2774 3270 2829 Reversi
3299 2785 3420 2829 sunt
3441 2776 3491 2828 in
3520 2777 3806 2842 regionem

2217 2870 2388 2920 ruam.
2420 2867 2696 2920 Imitemur
2715 2879 2844 2933 ergo
2885 2873 2946 2918 et
2969 2881 3089 2932 nos,
3120 2865 3332 2927 fratres,
3364 2878 3569 2932 magos.
3611 2865 3806 2918 Vident

2216 2955 2291 3008 illi
2313 2968 2538 3023 puerum
2560 2954 2616 3006 in
2642 2953 2875 3019 stabulo,
2906 2961 3068 3022 atque
3088 2961 3146 3006 ut
3175 2953 3342 3006 Deum
3367 2953 3514 3005 illum
3541 2967 3806 3007 veneran-

2213 3051 2324 3098 tur.
2355 3043 2610 3098 Videmus
2635 3050 2694 3098 et
2721 3058 2820 3097 nos
2843 3044 3015 3112 ipsum
3039 3042 3159 3096 fidei
3187 3044 3358 3097 oculis
3395 3051 3722 3110 regnantem
3755 3046 3805 3096 in

539 3123 815 3188 gentilium
845 3124 1094 3178 sacerdos
1141 3140 1208 3177 ex
1251 3128 1454 3180 semine
1491 3127 1655 3183 Jacob
1702 3133 2116 3200 prophetaverat
2145 3138 2188 3198 C
2219 3137 2382 3200 caelo;
2406 3136 2554 3190 illum
2577 3149 2705 3202 ergo
2726 3149 3064 3202 veneremur,
3079 3135 3153 3188 illi
3176 3148 3388 3203 semper
3407 3134 3801 3187 adhaereammi.

538 3211 824 3278 aliquando
858 3212 909 3264 in
940 3212 1190 3265 mundum
1239 3229 1358 3269 esse
1382 3225 1681 3270 venturum.
1715 3217 1782 3271 Et
1810 3234 1993 3274 revera
2015 3222 2111 3274 ha-

539 3302 739 3356 bebant
762 3303 864 3372 5!.
891 3303 1056 3357 Judtci
1088 3320 1181 3358 sua
1205 3321 1355 3360 sacra
1383 3309 1670 3374 volumina,
1702 3311 1752 3363 in
1781 3313 1972 3378 quibus
2001 3320 2110 3367 tum

539 3392 958 3462 patriarcharum
984 3394 1124 3450 illius
1151 3397 1324 3461 gentis
1351 3399 1638 3466 prmconia,
1680 3410 1787 3454 tum
1819 3404 2111 3471 prephcta-

2219 3225 2351 3279 Nam
2373 3227 2529 3282 sicuti
2558 3234 2669 3279 tres
2697 3225 2816 3280 illos
2845 3225 2988 3278 viros
3012 3239 3042 3277 a
3070 3225 3310 3278 excitate
3339 3222 3634 3290 idolorum,
3656 3224 3730 3276 ita
3751 3230 3806 3274 et

2215 3329 2314 3369 nos
2367 3315 2551 3379 etiam,
2597 3320 2759 3383 atque
2810 3313 2877 3366 ab
2926 3321 3126 3366 teterna
3164 3321 3338 3367 morte
3380 3311 3656 3366 liberavit.
3691 3309 3801 3363 Ex-

2214 3407 2385 3475 plicit.

1881 3533 2221 3596 HOMILIA
2270 3536 2413 3597 ΧΧ.

1774 3631 1848 3684 De
1869 3632 2165 3703 Epiphania
2196 3635 2402 3689 Domini
2435 3633 2534 3690 IV.

1953 3723 2344 3778 ADMONlTlO.

608 3806 838 3883 55_Est
864 3807 980 3883 hinc
1005 3806 1224 3883 hgmilia
1254 3807 1306 3883 in
1333 3806 1516 3883 codice
1541 3807 1808 3883 descripta
1856 3810 2080 3883 abbatia:
2110 3814 2377 3881 quondam
2409 3812 2467 3867 S.
2501 3812 2769 3878 Dalmatii,
2799 3826 2909 3883 qug
2947 3809 3000 3863 in
3013 3808 3215 3883 podice
3237 3809 3382 3883 hunc
3408 3810 3628 3883 titulum
3660 3827 3799 3883 prm-

534 3875 845 3951 t'eriz'ltem
871 3891 916 3930 ες
947 3879 1008 3930 de
1029 3875 1324 3951 Epiphania
1345 3875 1573 3943 Domini,
1598 3887 1662 3951 _ct
1682 3875 1743 3951 de
1772 3883 1953 3950 magis.
2007 3875 2154 3935 Haud
2175 3898 2329 3938 secus
2358 3884 2550 3951 legitur
2571 3883 2622 3934 in
2652 3875 2838 3935 codice
2866 3877 3202 3934 Taurinensi.
3236 3879 3436 3934 Horum
3467 3875 3719 3936 codicu'm
3751 3885 3798 3935 in

536 3948 822 4070 primoest
869 3962 1012 4000 num.
1044 3945 1096 4008 9,
1129 3945 1384 4026 iuraltero
1426 3962 1569 4026 num.
1598 3947 1682 4000 30.
1716 3945 1886 4015 Atque
1915 3965 1981 4030 ex
2006 3952 2105 4031 hoc
2134 3953 2304 4006 altero
2328 3945 2512 4020 liquet,
2543 3951 2779 4031 quinque
2803 3964 2965 4030 supra
2991 3951 3133 4003 hunc
3153 3964 3434 4003 numerum
3457 3966 3561 4005 nos
3582 3951 3799 4031 Maximi

557 4018 768 4070 romulus
813 4030 1017 4070 carere.
1068 4014 1291 4068 Additur
1333 4032 1385 4067 in
1410 4018 1585 4070 titulo.
1630 4027 1678 4068 et
1697 4019 1762 4069 de
1789 4033 1955 4070 mauis
1973 4037 1989 4070 :
2011 4034 2134 4070 auia
2164 4022 2231 4070 de
2251 4022 2480 4070 adventu
2500 4022 2658 4070 trium
2680 4021 2892 4070 illorum
2921 4033 3153 4070 virorum
3184 4018 3249 4070 ad
3275 4034 3439 4070 cunas
3458 4019 3675 4070 Domini
3705 4035 3798 4070 ne-

557 4018 768 4092 iomiliis
813 4030 1017 4092 carere.
1068 4014 1291 4092 Additur
1317 4017 1385 4092 ⁸ἱιι
1410 4018 1585 4092 titulo,
1630 4027 1678 4068 et
1697 4019 1762 4092 de
1789 4014 1955 4092 magis
1971 4037 1991 4092 ;_
2011 4021 2134 4087 quia
2164 4022 2231 4076 de
2251 4014 2480 4076 adventu
2500 4014 2658 4075 tri-um
2680 4014 2892 4073 illorum
2921 4020 3153 4072 virorum
3184 4018 3249 4072 ad
3275 4034 3439 4074 cunas
3458 4019 3675 4075 Domini
3704 4035 3798 4092 pe-

535 4087 721 4140 culiari
745 4085 975 4153 quodam
1005 4084 1166 4138 modo
1190 4085 1289 4138 hac
1316 4085 1368 4138 in
1399 4086 1644 4140 oratione
1670 4087 1776 4153 agit
1799 4087 1854 4140 S.
1879 4084 2126 4144 antistes.

540 4198 1017 4254 AnGUIEN'rUI.-—
1038 4196 1280 4267 Christus
1296 4198 1348 4248 in
1375 4197 1561 4250 Juda’a
1591 4200 1672 4249 vix
1701 4207 1867 4261 natus,
1898 4217 1988 4267 per
2015 4217 2110 4253 an-

609 4268 960 4339 gelosrluda’is
990 4269 1042 4318 in
1068 4266 1352 4339 pastori-lius
1399 4268 1769 4339 dignosceudus
1811 4266 2106 4339 exhibetur;

609 4335 880 4406 gentilibus
902 4345 1067 4387 autem
1097 4337 1322 4406 ingstella
1344 4340 1611 4406 revelatur.
1646 4335 1756 4406 Nec
1778 4338 1874 4400 illi,
1911 4355 2002 4391 nec
2021 4341 2107 4392 isti

605 4404 892 4476 opportuno
916 4407 1104 4458 lumine
1130 4404 1492 4476 destituuntur.
1526 4405 1631 4476 Sed
1650 4405 1816 4462 λιιάωὶ
1866 4407 2107 4461 divinitus

606 4475 859 4528 admoniti
899 4475 1149 4544 increduli
1188 4484 1415 4537 manent,
1443 4475 1660 4544 gentiles
1701 4493 1814 4530 vero
1843 4477 1911 4529 ad
1930 4487 2107 4530 natum

611 4545 886 4599 Dominum
913 4543 1234 4596 adorandum
1254 4559 1308 4596 se
1328 4543 1617 4613 conferunt.

605 4657 689 4711 Ad
718 4655 1042 4719 veneranda,
1066 4654 1276 4717 fratres,
1311 4655 1444 4708 festa
1483 4655 1768 4720 dominica,
1799 4663 1962 4723 atque
1988 4655 2108 4710 Sal-

533 4746 740 4802 vatoris
788 4744 951 4798 nostri
1001 4744 1356 4797 sacratissima
1408 4744 1657 4813 mysteria
1712 4754 2109 4808 concurrentes,

533 4837 692 4892 sicuti
724 4834 790 4889 de
836 4834 1000 4902 ipsius
1040 4834 1316 4887 nativitate
1338 4833 1500 4887 laatati
1525 4849 1725 4899 sumus,
1755 4834 1826 4886 ita
1856 4836 2016 4888 etiam
2044 4835 2110 4889 de

609 4981 633 5007 ⁸
657 4968 841 5023 Codex
872 4966 1154 5018 Taurinen.
1179 4966 1308 5032 legit
1334 4983 1344 5016 :
1371 4967 1530 5034 Atque
1557 4964 1669 5017 ideo
1692 4963 1812 5016 dum
1840 4966 2032 5033 vagiret
2055 4967 2106 5019 in

534 5042 699 5098 cunis,
732 5038 851 5089 dum
903 5036 964 5086 ab
1005 5036 1198 5103 angelis
1239 5035 1631 5094 collaudaretur,
1664 5035 1989 5102 eamdemque
2009 5053 2104 5102 pa-

536 5120 698 5164 stores
726 5109 1034 5165 inviserent;
1079 5120 1204 5155 nova
1248 5105 1397 5156 stella
1445 5105 1635 5172 cunctis
1688 5103 1830 5154 illum
1877 5105 2107 5172 gentibus

535 5174 899 5247 manifestabat
936 5173 1180 5247 in‘ca’lo.
1232 5173 1383 5247 Unde
1420 5188 1532 5224 cum
1560 5170 1779 5247 Juda’is,
1808 5175 1860 5224 in
1880 5170 2104 5241 quorum

539 5241 764 5300 terra'ex
788 5260 967 5313 genere
996 5241 1161 5294 David
1193 5243 1467 5313 secundum
1505 5257 1710 5313 carnem
1738 5244 1903 5309 fuerat
1931 5254 2101 5313 natus,

537 5318 680 5370 illum
702 5317 751 5364 in
777 5312 882 5365 sua
904 5315 1179 5364 nativitatis
1210 5312 1419 5363 exordio
1441 5320 1607 5363 ortum
1629 5312 1784 5379 fuisse
1803 5312 2104 5363 ostendisset

537 5385 806 5440 multitudo
835 5383 1044 5433 cazlestis
1075 5383 1322 5433 exercitus
1361 5378 1681 5450 laudgntium
1732 5378 1909 5440 Deum,
1952 5389 2102 5450 atque

535 5455 848 5509 d.’ceutium:
877 5451 1055 5503 Gloria
1101 5451 1150 5503 in
1181 5451 1451 5503 altissimis
1485 5448 1614 5513 Deo,
1666 5457 1719 5502 et
1747 5451 1797 5502 in
1831 5459 1970 5502 terra
1997 5448 2098 5518 pax

2215 4203 2379 4271 ipsius
2430 4201 2864 4256 manifestatione
2909 4198 3142 4267 gaudere
3169 4199 3443 4254 debemus.
3478 4189 3797 4268 Unigenitm

2215 4294 2308 4347 Dei
2339 4292 2500 4346 Filius
2526 4291 2668 4344 Patri
2698 4291 2808 4344 Deo
2837 4297 3159 4355 coaeternus,
3187 4301 3310 4342 cum
3353 4302 3420 4342 ex
3470 4289 3794 4342 inteinerata

2211 4386 2415 4453 virgine
2456 4393 2610 4437 natus
2657 4389 2798 4436 esset
2822 4381 3177 4448 in-tempore,
3206 4378 3465 4434 hodierna
3495 4377 3586 4432 die
3615 4387 3675 4431 ut
3700 4392 3792 4447 pa-

2214 4485 2362 4528 terna
2412 4489 2509 4528 nos
2536 4473 2694 4526 docet
2721 4470 2957 4535 traditio,
3008 4485 3068 4524 se
3093 4470 3260 4524 voluit
3288 4469 3536 4537 gentibus
3565 4467 3791 4522 manife-

2213 4575 2374 4620 stare.
2413 4575 2438 4601 ι
2468 4564 2707 4631 Dumque
2755 4562 2959 4628 vagiret
2987 4562 3100 4629 ipse
3132 4563 3183 4615 in
3214 4561 3384 4622 cunis,
3415 4559 3544 4614 dum
3575 4559 3646 4612 ab
3699 4575 3792 4612 an-

2214 4654 2345 4720 gelis
2365 4652 2776 4713 eollaudaretur,
2827 4658 2989 4719 atque
3018 4650 3166 4703 illum
3191 4658 3434 4718 pastores
3464 4648 3787 4709 inviserent;

2213 4762 2349 4799 nova
2371 4746 2520 4800 stella
2542 4744 2746 4799 cunctis
2766 4741 2911 4794 illum
2929 4743 3174 4809 gentibus
3195 4740 3569 4794 manifestabat
3584 4753 3615 4795 e
3634 4740 3788 4794 Callo.

2214 4835 2425 4891 Etenim
2444 4837 2658 4903 Judzeis,
2690 4838 2743 4890 in
2763 4849 2990 4906 quorum
3021 4842 3183 4898 terra,
3215 4841 3376 4900 atque
3403 4831 3472 4886 de
3507 4831 3658 4898 regio
3687 4830 3784 4883 Da-

2213 4966 2475 5032 Gentilms,
2507 4969 2686 5038 quibus
2711 4985 2774 5023 ea:
2821 4968 3058 5021 Balaami
3104 4965 3370 5035 prophetia
3403 4963 3784 5038 Redemptoren

2211 5039 2385 5090 swculi
2407 5054 2470 5091 ex
2482 5036 2672 5093 semine
2689 5038 2720 5091 Ι
2729 5038 2853 5092 acob
2869 5049 3132 5091 venturum
3152 5050 3260 5088 esse
3281 5036 3590 5102 promissum
3605 5038 3777 5102 fuerat,

2208 5122 2324 5159 cum
2345 5107 2434 5159 illa
2455 5124 2566 5178 qua:
2591 5120 2708 5182 sunt
2729 5110 2781 5160 in
2803 5105 3248 5182 {adita-miranda
3268 5103 3779 5182 ueniebant-ignari..-

2209 5183 2340 5237 rent,
2373 5171 2553 5230 novam
2575 5179 2716 5230 dedit
2743 5177 2942 5231 stellam
2982 5179 3036 5228 in
3075 5176 3309 5244 signum,
3325 5188 3425 5244 qua
3445 5171 3778 5244 intelligerent

2206 5245 2280 5307 id,
2311 5248 2445 5314 quod
2473 5246 2536 5298 ab
2574 5248 2738 5301 ariolo
2784 5246 2873 5299 illo
2919 5241 3177 5314 quondam
3207 5241 3543 5314 vaticinatum
3569 5241 3779 5314 __[uerat.

2210 5307 2333 5385 tunc
2343 5317 2511 5385 fuisse
2539 5317 2885 5385 adimpletum,
2912 5307 3178 5385 ortumque
3199 5327 3310 5385 esse
3335 5311 3539 5363 stellam
3559 5310 3702 5360 illam
3722 5307 3780 5358 de

2201 5381 2382 5447 Jacob,
2412 5393 2462 5436 et
2488 5381 2742 5438 hominem
2773 5385 2967 5438 venisse
2996 5381 3060 5437 de
3081 5381 3271 5445 Israel,
3295 5387 3403 5432 etc.

610 5590 858 5658 'Impetit
907 5589 1008 5644 hoc
1034 5590 1152 5645 loco
1186 5590 1442 5644 Maximus
1490 5589 1727 5644 haeresim
1778 5589 2230 5660 Eutycliianarum
2303 5594 2458 5662 eique
2506 5593 2727 5663 opponit
2783 5593 3154 5649 inconcussum
3204 5587 3457 5644 Ecclesia:
3504 5582 3770 5641 catholici:

536 5659 750 5730 ιιοειυει.
