3924 6232
152 312 230 369 265
1532 310 1808 366 HOMILIA
1848 310 1979 365 XXI.

3269 305 3373 360 2'56

149 424 257 477 vidis
278 423 474 476 semine
498 421 808 476 secundum
836 436 1051 477 carnem
1080 429 1236 477 natus
1256 421 1445 485 fuerat,
1478 420 1626 475 illum
1648 421 1701 475 in
1729 429 1778 484 Α
1805 423 2089 478 Dominum
2133 424 2483 490 nasciturum,
2531 436 2759 492 eumque
2798 436 2863 476 eo
2896 429 3138 489 tempore
3188 417 3377 473 dicunt

148 529 234 567 sua:
257 512 546 567 nativitatis
564 514 799 567 exordio
822 513 933 581 jam
956 513 1083 566 satis
1102 511 1440 567 manifestum
1464 510 1702 566 fecerant

147 600 395 654 multitudo
433 600 528 653 illa
583 600 813 667 angelici
861 601 1128 655 exercitus
1157 599 1483 653 laudantium
1532 599 1701 653 Deum

146 696 281 756 atque
305 688 601 743 dicentium
634 706 647 740 :
674 687 856 741 Gloria
880 689 935 746 in
962 689 1232 741 altissimis
1264 687 1392 753 Deo,
1419 696 1469 741 et
1488 690 1543 740 in
1564 697 1703 741 terra

146 793 231 845 pa:
251 776 393 845 (Luc.
432 777 492 846 ιι)
528 794 542 828 :
568 774 881 830 Gentilibus
921 785 1121 840 autem,
1148 776 1344 843 quibus
1370 792 1436 831 ex
1465 774 1702 829 Balaami

146 866 395 935 prophetia
426 864 852 933 Redemptorem
873 865 1054 919 saeculi
1081 865 1148 919 de
1177 865 1379 919 semine
1407 864 1573 920 Jacob
1600 864 1702 919 ali-

146 954 331 1020 quando
361 962 654 1008 venturum
694 968 813 1009 esse
840 954 1161 1023 promissum
1200 951 1396 1019 fuerat,
1440 969 1561 1009 cum
1590 954 1703 1021 illa,

146 1059 244 1101 nire
270 1045 319 1097 in
347 1044 533 1099 Judzea
560 1044 807 1099 miranda
838 1056 965 1099 tunc
991 1046 1329 1109 eveniebant,
1362 1046 1701 1113 ignorarent;

145 1149 311 1187 novam
337 1134 484 1188 dedit
514 1134 733 1189 stellam
760 1134 814 1187 in
853 1134 1065 1202 signum
1108 1149 1213 1204 qua
1252 1134 1614 1202 intelligerent
1651 1134 1705 1189 id

145 1226 265 1291 quod
288 1225 353 1279 ab
376 1226 552 1280 ariolo
601 1226 694 1280 illo
740 1226 1092 1281 vaticinatum
1128 1225 1305 1280 fuerat
1344 1225 1505 1280 fuisse
1532 1226 1705 1281 adim-

146 1313 337 1383 pletum,
365 1322 657 1383 ortamque
677 1328 796 1369 esse
822 1315 967 1368 illam
995 1314 1207 1369 stellam
1219 1314 1293 1369 de
1313 1313 1498 1382 Jacob,
1521 1323 1576 1369 et
1602 1315 1705 1369 ho-

146 1404 318 1459 minem
344 1404 563 1459 venisse
592 1404 660 1459 de
688 1404 872 1459 Israel.
905 1403 973 1457 Et
992 1419 1179 1459 revera
1205 1420 1326 1459 cum
1354 1405 1469 1474 ipse
1499 1404 1710 1459 nonJu—

148 1491 297 1547 dzeum
322 1500 535 1548 tantum
584 1492 842 1563 populum
884 1492 1286 1561 redempturum
1323 1493 1631 1549 advenisset
1676 1508 1708 1548 θ

147 1583 282 1649 caelo,
334 1582 427 1637 sed
482 1592 546 1638 ut
590 1590 816 1639 cunctas
860 1591 1069 1650 gentes,
1098 1598 1234 1651 quas
1255 1584 1324 1637 ab
1353 1583 1506 1638 initio
1526 1580 1708 1638 saeculi

147 1685 235 1725 una
268 1687 383 1729 cum
432 1671 601 1727 Patre
630 1681 910 1727 creaverat
936 1681 993 1727 et
1018 1674 1124 1744 56
1151 1671 1353 1742 Spiritu
1382 1683 1599 1737 sancto,
1630 1674 1707 1728 si-

1796 510 1908 579 jam
1947 525 2068 564 esse
2121 518 2324 564 natum.
2372 509 2522 564 Tunc
2559 510 2872 579 prophetica
2930 508 3018 562 illa
3048 508 3265 577 impleta
3293 514 3377 560 est

1802 598 2069 653 sententia
2099 616 2111 650 :
2142 597 2335 661 Quibus
2360 615 2462 652 non
2482 610 2561 652 est
2579 599 2939 652 annuntiatum
2954 597 3017 651 de
3035 614 3093 652 eo
3113 595 3373 663 uidebunt,

1802 697 1851 740 et
1878 690 1963 760 qui
1989 704 2091 742 non
2121 688 2398 742 audierunt
2430 690 2719 759 intelligent
2750 688 2908 759 (Isai.
2940 705 3030 752 ut,
3081 687 3175 753 i5;
3217 687 3369 741 Rom.

1803 792 1893 838 xv,
1914 775 2028 844 21).
2051 774 2300 831 Chaldteo
2322 777 2451 831 nihil
2469 779 2840 832 annuntiatum
2862 770 3035 832 fuerat
3053 777 3119 831 de
3138 776 3373 843 Christo,

1804 867 1936 921 nihil
1954 867 2226 932 audierat;
2250 875 2305 923 et
2328 868 2537 923 stellam
2561 869 2767 934 videns,
2785 869 2974 924 adesse
2997 867 3266 924 Christum
3294 868 3374 922 in-

1802 954 2013 1009 tellexit
2056 955 2110 1009 in
2162 955 2333 1009 stella.
2363 955 2557 1011 Vident
2583 956 2722 1024 magi
2750 956 3162 1025 Redemmorem
3190 955 3374 1009 mundi

1804 1043 1859 1098 in
1886 1042 2131 1107 stabulo;
2177 1042 2451 1097 intuentur
2478 1058 2703 1113 puerum
2743 1044 2796 1099 in
2842 1045 3028 1099 matris
3053 1044 3259 1112 gremio
3279 1060 3373 1098 su-

1804 1140 2016 1200 gentem
2046 1132 2233 1198 ubera,
2263 1132 2412 1185 illum
2433 1128 2661 1187 adorant
2692 1142 2853 1202 atque
2883 1134 2982 1203 ipsi
3008 1132 3240 1188 offerunt
3266 1149 3375 1187 mu.

1805 1237 1957 1277 nera.
1988 1220 2119 1276 Mira
2148 1221 2302 1287 fides,
2328 1236 2554 1292 puerum
2579 1222 2633 1276 in
2662 1223 2911 1277 iactantis
2944 1222 3132 1277 matris
3170 1223 3375 1292 gremio

1802 1310 2094 1380 iacentem,
2140 1311 2286 1365 nulla
2330 1312 2478 1380 regia
2518 1312 2800 1380 majestate
2818 1312 3094 1382 stipatum,
3124 1320 3183 1366 ut
3208 1312 3375 1368 Deum

1808 1400 2037 1455 adorare
2057 1401 2340 1469 eidemque
2366 1408 2423 1455 ut
2449 1401 2581 1470 regi,
2613 1409 2673 1455 ut
2700 1401 2809 1457 Deo
2837 1403 3093 1457 exhibere
3113 1416 3336 1456 munera
3358 1401 3373 1453 ι

1807 1490 2030 1559 Deinde,
2086 1496 2143 1545 ut
2182 1490 2408 1545 decursa
2464 1490 2625 1545 lectio
2660 1497 2911 1559 testatur,
2932 1506 3029 1561 per
3050 1491 3208 1547 aliam
3236 1492 3376 1546 viam

1806 1580 2011 1635 reversi
2036 1588 2164 1635 sunt
2190 1580 2245 1635 in
2266 1581 2541 1649 regionem
2568 1596 2749 1647 suam;
2784 1590 2810 1618 ἰ
2838 1589 2895 1636 et
2935 1566 3031 1651 qui.
3053 1580 3294 1637 infideles
3311 1583 3378 1638 ad

1808 1669 2007 1725 Christi
2024 1671 2295 1727 adoranda
2322 1686 2519 1726 venere
2538 1672 2825 1740 cunabula,
2847 1674 3032 1727 :eterni
3059 1674 3198 1729 illius
3216 1673 3381 1742 Solis,

148 1773 285 1826 gnum
310 1764 437 1817 dare
466 1762 646 1817 voluit
667 1763 718 1815 in
748 1762 927 1829 stella,
952 1762 1094 1832 quod
1116 1771 1172 1817 ct
1191 1762 1372 1817 Judzea
1400 1763 1603 1828 videre,
1632 1771 1709 1817 at-
1736 1774 1782 1833 B
1806 1774 1968 1828 quem
1985 1761 2087 1830 57
2111 1761 2489 1828 adoraverant,
2519 1760 2684 1816 radiis
2711 1761 2981 1830 illustrati,
3003 1763 3381 1832 superstitione

147 1863 235 1917 que
272 1852 551 1907 universus
594 1860 780 1920 posset
802 1853 948 1907 orbis
982 1866 1295 1920 agnoscere.
1321 1853 1465 1908 Vidit
1491 1854 1709 1923 quidem

150 1941 256 1993 illud
289 1941 519 2009 Judasus,
579 1943 675 1997 sed
716 1958 821 1997 non
869 1945 1147 2010 cognovit;
1202 1944 1382 1997 mirati
1430 1945 1559 1998 illud
1586 1952 1712 1999 sunt

150 2037 329 2097 gentes,
353 2033 449 2086 sed
477 2048 552 2087 ex
589 2031 851 2088 Chaldmis
879 2040 1085 2086 tantum
1110 2040 1220 2088 tres
1243 2034 1343 2088 viri
1383 2034 1513 2105 quid
1553 2036 1715 2104 signi-

151 2117 311 2173 licaret
344 2120 751 2175 intellexerunt.
783 2120 878 2177 lllo
907 2122 1101 2176 visibili
1137 2124 1290 2192 signo
1311 2124 1379 2178 ad
1398 2139 1457 2180 se
1481 2125 1713 2180 vocabat

153 2215 366 2276 mactas,
391 2210 649 2265 omnibus
673 2212 857 2278 gratiae
904 2227 1014 2266 suae
1033 2213 1388 2281 pollicebatur
1410 2214 1570 2269 dona.
1604 2215 1711 2271 Ve-

152 2296 271 2350 nisse
293 2307 571 2355 auctorem
591 2301 793 2367 seculi,
822 2302 914 2371 qui
937 2302 1125 2371 jugum
1160 2305 1437 2361 servitutis
1478 2308 1711 2374 antiquas

149 2385 509 2455 confringeret,
557 2391 938 2455 annuntiabat;
978 2393 1145 2445 vitam
1191 2393 1407 2449 demum
1454 2404 1710 2451 tcternam

148 2476 478 2543 pollicebatur
502 2482 732 2536 cunctis.
758 2481 923 2537 Stella
953 2491 1129 2539 tamen
1157 2485 1245 2540 illa
1282 2502 1559 2555 magorum
1590 2497 1711 2542 tan—

151 2572 245 2617 tum
270 2566 471 2622 refulsit
495 2569 703 2636 oculis,
754 2580 810 2624 et
836 2572 927 2641 qui
974 2573 1033 2627 in
1070 2577 1286 2645 propria
1315 2585 1500 2631 natum
1524 2577 1711 2633 Salva-

150 2662 298 2710 torem
332 2658 625 2725 habebant,
658 2659 808 2714 illum
856 2662 1107 2730 ignorare
1155 2666 1474 2735 voluerunt;
1506 2676 1560 2722 et
1582 2682 1715 2737 gen-

150 2747 295 2802 tilitas
319 2750 386 2804 ad
416 2751 566 2806 illum
592 2754 833 2809 cucurrit
878 2752 1263 2811 venerandum.
1308 2758 1545 2814 Veniunt
1583 2775 1713 2830 ergo

150 2834 205 2889 de
227 2836 461 2895 Cbaldtna
492 2843 635 2910 magi
666 2861 679 2895 :
714 2845 1004 2913 praeeuntis
1030 2846 1199 2900 stelhn
1227 2863 1439 2903 cursum
1480 2865 1715 2918 sequun-

150 2932 223 2978 tur
244 2944 254 2979 :
277 2931 473 2996 regiam
498 2930 850 2986 Hebraeorum
871 2935 1081 3003 urbem,
1102 2937 1190 2990 ubi
1220 2937 1435 2993 insanus
1455 2942 1715 3007 regnabat

152 3013 363 3073 Herodes
404 3020 821 3089 ingrediuntur:
856 3032 1041 3078 uatum
1092 3021 1381 3095 exquirunt
1404 3026 1712 3085 Iudaeorum

1810 1850 2073 1919 deposita,
2121 1864 2220 1920 per
2271 1850 2431 1904 aliam
2479 1851 2623 1904 viam
2668 1848 2738 1905 ad
2766 1851 2980 1921 propria
3007 1858 3133 1906 sunt
3158 1852 3381 1907 reversi.

1810 1939 1970 2009 Ergo,
1997 1939 2208 2007 fratres,
2233 1956 2353 1996 cum
2382 1948 2437 1996 et
2464 1955 2564 1995 nos
2583 1954 2653 1995 ex
2672 1942 2919 2008 gentibus
2939 1940 3007 1994 ad
3026 1942 3141 1996 veri
3168 1942 3382 1998 luminis

1810 2030 2112 2085 venerimus
2132 2031 2477 2098 agnitionem,
2501 2030 2770 2085 imitemur
2787 2043 2987 2099 magos.
3012 2031 3113 2098 liii,
3136 2033 3249 2087 viso
3271 2032 3380 2087 Do-

1810 2122 1977 2183 mino,
2020 2121 2193 2191 ipsum
2229 2122 2469 2176 venerati
2503 2130 2627 2176 sunt
2653 2129 2712 2176 ut
2740 2122 2935 2188 Deum;
2969 2139 3064 2178 nos
3088 2139 3303 2193 quoque
3329 2125 3380 2180 id

1811 2222 2052 2277 agamus,
2072 2210 2391 2280 rejectisque
2411 2210 2557 2265 falsis
2585 2212 2823 2280 gentium
2862 2212 3035 2277 idolis,
3068 2214 3238 2282 ipsum
3262 2223 3381 2267 tan-

1811 2308 1923 2353 tum
1948 2315 2285 2365 veneremur,
2328 2300 2503 2354 eidem
2533 2301 2844 2356 serviamus.
2871 2302 2979 2356 Nos
3003 2303 3111 2371 jam
3132 2304 3295 2358 stella
3316 2304 3382 2358 ad

1810 2390 1954 2446 illius
1980 2391 2337 2460 cognitionem
2362 2407 2467 2446 non
2494 2391 2774 2461 perduxit,
2804 2393 2900 2447 sed
2927 2409 3067 2448 verae
3099 2394 3217 2449 fidei
3246 2411 3381 2463 prte-

1810 2483 2027 2549 dicatio,
2052 2497 2169 2551 quae
2197 2492 2255 2537 ut
2275 2484 2428 2538 stella
2458 2484 2509 2536 in
2539 2483 2789 2539 cordibus
2812 2485 3008 2539 nostris
3035 2500 3131 2553 per
3159 2486 3249 2540 Dei
3272 2500 3382 2554 gra-

1814 2577 1939 2629 tiam
1966 2575 2158 2629 illuxit.
2190 2574 2480 2630 ll'ortemur
2513 2575 2619 2645 58
2644 2588 2775 2643 ergo
2802 2575 2993 2632 fratres
3033 2584 3109 2643 ut,
3139 2577 3384 2647 deposito

1812 2668 1903 2722 illo
1943 2667 2206 2723 idolorum
2250 2667 2509 2736 sacrilego
2532 2668 2702 2735 cultu,
2730 2667 2796 2721 ad
2825 2678 3021 2723 novum
3044 2666 3163 2725 fidei
3202 2669 3383 2725 lumen

1812 2756 1955 2826 quod
1968 2756 2107 2825 ipsis
2125 2755 2285 2810 etiam
2315 2755 2503 2822 eluxit,
2531 2755 2805 2811 accedant.
2840 2756 2976 2825 Magi
2999 2765 3127 2812 nato
3155 2759 3383 2815 Domino

1812 2862 1906 2901 sua
1929 2846 2235 2901 obtulerunt
2256 2862 2475 2901 munera
2496 2864 2511 2912 ;
2534 2846 2608 2899 illi
2636 2863 2736 2901 nos
2782 2848 2944 2903 etiam
2973 2848 3262 2907 offeramus
3280 2866 3383 2906 no-

1812 2946 1942 2992 stra.
1999 2937 2285 2991 Pascamus
2333 2938 2540 3005 viduas,
2588 2940 2902 3007 peregrinos
2922 2941 3146 3006 alamus,
3178 2943 3384 2999 cunctis

1812 3025 2233 3080 misericordiam
2261 3024 2628 3092 exhibeamus,
2657 3034 2717 3079 ut
2739 3027 2806 3081 ab
2825 3030 3071 3096 prtesenti
3102 3031 3384 3086 adventan-

149 3118 326 3172 rcgem.
372 3110 576 3164 Tremit
602 3110 867 3179 Herodes,
897 3121 954 3167 et
1004 3116 1129 3169 novi
1154 3118 1297 3185 regis
1318 3126 1481 3187 pavet
1508 3120 1707 3175 adven-
1733 3117 1777 3176 C
1811 3118 1938 3169 tium
1960 3114 2347 3184 allophylorum
2363 3114 2604 3181 angustia
2626 3116 2739 3183 ipse
2761 3116 3029 3185 piissimus
3050 3120 3385 3178 nosliberare

150 3204 263 3252 tum.
291 3198 398 3255 Cur
425 3204 590 3273 impie
618 3212 673 3258 ct
702 3204 882 3259 infelix
915 3206 1109 3260 times?
1130 3207 1245 3261 Non
1277 3210 1421 3264 enim
1445 3220 1532 3265 tua
1554 3213 1703 3266 venit

148 3299 314 3354 rapere
359 3294 451 3361 qui
497 3292 724 3347 daturus
768 3302 851 3349 est
882 3295 1121 3349 caelestia
1176 3312 1360 3366 regna.
1391 3300 1707 3357 Scrutantur

149 3372 424 3447 Scripturas
470 3382 702 3449 Hebraei,
746 3390 804 3439 et
847 3395 976 3441 tunc
1021 3398 1287 3445 noverunt
1311 3392 1365 3445 in
1388 3391 1703 3447 Bethlehem

1808 3207 2072 3274 dignetur.
2107 3203 2303 3258 Potens
2327 3205 2469 3257 enim
2500 3211 2582 3258 est
2608 3204 2787 3260 facere
2816 3206 2945 3262 illud
2972 3225 2984 3261 :
3018 3217 3075 3263 ut
3100 3211 3254 3265 nobis
3289 3228 3383 3268 sua

1805 3296 2168 3353 misericordia
2190 3304 2448 3365 praestare
2472 3296 2719 3366 dignetur
2745 3313 2868 3354 eum
2898 3308 3017 3356 toto
3051 3304 3213 3359 corde
3249 3320 3375 3360 exo-

1805 3404 2003 3446 remus.
2030 3388 2279 3458 Explicit.

1462 3504 1804 3585 HOMILIA
1846 3504 2023 3563 χχι.

1423 3603 1500 3658 De
1529 3604 1821 3674 Epiphania
1846 3602 2056 3656 Domini
2086 3600 2151 3654 V.

1568 3693 1955 3748 annoanno.
2662 3762 2667 3766 δ

207 3782 257 3837 ln
286 3785 432 3841 celeb
463 3785 480 3839 i
508 3784 701 3840 codice
738 3784 1071 3853 Sangallensi
1099 3785 1306 3855 sepulta
1331 3783 1501 3854 jacuit
1529 3785 1645 3840 hazc
1675 3784 1891 3838 Maximi
1922 3783 2162 3849 homilia,
2210 3781 2383 3837 donec
2410 3796 2527 3835 eam
2557 3781 2739 3835 eduxit
2765 3780 2919 3836 Joan.
2943 3780 3301 3844 Mabillonius,
3322 3794 3376 3837 et

224 3852 416 3908 Musam
435 3802 637 3908 Ιὶιιιιὶιξο
659 3871 780 3908 cum
808 3856 925 3908 aliis
953 3857 1165 3908 noviter
1185 3856 1413 3908 inventis
1435 3856 1744 3908 publicavit.
1768 3854 1993 3908 Titulus.
2017 3867 2175 3908 auem
2205 3851 2382 3906 editor
2410 3852 2693 3908 exscripsit
2714 3868 2780 3906 ex
2804 3852 2988 3906 codice
3021 3860 3106 3904 est
3139 3869 3150 3902 :
3187 3848 3376 3908 Incipit

151 3851 197 3904 in
224 3852 416 3909 Musam

482 3856 637 3909 talieo
659 3848 925 3924 cumial'iis
953 3848 1413 3910 noviter'inven'tis
1435 3856 1744 3924 publicavit.
1768 3854 1993 3924 Titulus,
2017 3848 2175 3924 quem
2205 3851 2382 3924 editor
2410 3852 2693 3924 exscripsit
2714 3868 2785 3924 ex_
2804 3852 2988 3924 codice
3021 3860 3154 3924 e_st;_
3187 3848 3379 3924 Incipit

155 3920 325 3994 dictum
364 3934 478 3994 post
507 3925 737 3977 natalem
765 3923 1382 3994 Domini,_e_umdemque
1410 3918 1532 3978 c'um
1562 3923 1779 3994 homilja
1808 3937 1960 3976 suam
1980 3918 2050 3994 in
2058 3921 2439 3994 collectionem
2479 3918 2715 3994 traduxit
2754 3921 3000 3994 Andreas
3039 3918 3373 3994 Callandius.

155 3988 309 4062 Alium
339 3988 554 4062 praefert
576 3994 787 4047 titulum
816 3993 991 4048 codex
1032 3988 1394 4057 Taurineiisis,
1425 3994 1529 4046 hoc
1555 3999 1639 4046 est
1664 4010 1676 4045 :
1711 3992 1844 4045 Item
1885 4000 1932 4044 et
1958 3991 2023 4062 de
2051 3990 2346 4062 Epiphania
2366 3990 2586 4062 Domini
2624 3991 2799 4044 homil.
2832 3989 2931 4062 X._
2954 3988 3262 4062 Hujusmodi
3294 3991 3377 4062 in-

155 4058 355 4132 scriptio
363 4062 779 4132 convenientior
802 4063 1081 4132 superiore
1104 4062 1331 4130 videtur,
1352 4078 1473 4116 cum
1502 4078 1641 4132 mox;
1654 4069 1777 4132 post
1806 4060 2052 4116 homilias
2072 4058 2141 4132 de
2156 4058 2334 4113 natali
2360 4059 2573 4132 Domini
2602 4068 2858 4132 sequatur
2884 4059 3050 4132 altera
3073 4060 3137 4132 de
3152 4059 3378 4132 ridendi:

154 4124 391 4197 Januarii,
423 4138 480 4185 et
509 4131 625 4186 haec
648 4124 884 4199 numero
900 4132 963 4184 10
1004 4133 1075 4184 sit
1107 4145 1291 4199 earum
1317 4124 1452 4199 quae
1490 4130 1558 4185 de
1602 4124 1901 4199 Epiphania
1931 4130 2323 4185 exscribuntur.
2360 4130 2440 4183 Ex
2465 4129 2654 4183 eodem
2684 4129 2995 4183 Taurinensi
3018 4128 3201 4182 codice
3222 4128 3379 4197 plane

154 4206 344 4252 constat
366 4200 613 4255 bomilias
638 4200 689 4267 7,
712 4198 745 4251 8
776 4207 831 4254 et
860 4198 894 4252 9
913 4201 1117 4269 pariter
1143 4200 1210 4254 de
1239 4198 1536 4269 Epiphania
1561 4201 1803 4269 periisse.

156 4303 517 4385 intima-run.
542 4342 613 4352 —
635 4310 823 4365 Divina
847 4328 1060 4365 munera
1092 4327 1207 4381 quin
1234 4326 1302 4385 ea;
1320 4314 1485 4365 natali
1513 4310 1711 4365 Christi

210 4377 260 4426 in
285 4377 509 4450 homines
552 4390 925 4449 promanarunt
963 4397 1055 4434 nos
1086 4377 1395 4450 compellunt
1426 4390 1481 4433 ut
1508 4397 1707 4435 morum

210 4446 443 4521 candore,
477 4446 593 4502 vitta
620 4451 1159 4521 integritate,_pietatis
1186 4446 1357 4503 studio
1378 4450 1579 4519 majora
1599 4468 1708 4521 ina-

211 4517 280 4580 gi‘s
312 4525 359 4568 et
385 4517 751 4589 praestantiora
766 4517 912 4572 nobis
933 4517 1178 4588 beneﬁcia
1192 4517 1592 4589 promereamur.
1620 4518 1709 4571 Illi

213 4592 282 4650 est
303 4602 421 4638 uera
467 4586 669 4650 ltetitia,

215 4646 316 4706 Deo
334 4654 525 4708 reddit.

216 4842 409 4902 latitia
438 4844 632 4903 natalis
670 4848 944 4916 dominici,
970 4848 1185 4918 fratres,
1216 4850 1389 4905 adhuc
1409 4850 1570 4906 corda
1608 4866 1701 4905 no-

1804 4317 1912 4365 stra
1934 4310 2250 4380 persultant,
2284 4317 2339 4363 et
2368 4307 2711 4363 festivitatem
2738 4308 3008 4363 cmlestem
3043 4306 3230 4376 gaudia
3259 4319 3382 4362 con-

1812 4403 2012 4455 tinuata
2034 4396 2323 4471 suspirant.
2348 4400 2602 4465 Quamvis
2625 4400 2766 4453 cnim
2789 4408 3034 4453 votorum
3057 4399 3172 4452 dies
3201 4406 3381 4452 trans-

1811 4490 1953 4557 ierit,
1978 4506 2143 4561 penes
2164 4508 2263 4547 nos
2297 4501 2475 4547 tamen
2500 4502 2746 4549 votorum
2774 4493 3127 4552 sanctificatio
3151 4508 3384 4549 conimm

715 4604 860 4658 quem
881 4581 1086 4658 justiti};
1120 4581 1322 4657 gratum
1362 4600 1411 4643 et
1449 4597 1710 4658 acceptum
1740 4616 1785 4677 υ
1812 4589 1961 4635 ratur
1991 4599 2003 4634 :
2033 4591 2089 4636 et
2116 4583 2253 4637 sicut
2280 4583 2332 4637 in
2361 4582 2477 4637 dies
2505 4582 2740 4649 singulos
2767 4582 2833 4636 ab
2860 4590 2984 4637 ortu
3007 4597 3107 4638 suo
3135 4581 3384 4636 Salvato—

1813 4673 1888 4726 ris
1912 4673 2160 4726 nativitas
2181 4674 2394 4739 crescit,
2424 4675 2495 4727 ita
2526 4682 2583 4728 ct
2600 4674 2754 4727 nobis
2780 4674 2976 4727 crescit
3011 4672 3136 4727 fidei
3161 4671 3208 4741 ej
3219 4688 3277 4727 us
3302 4672 3383 4725 af-

1814 4761 2001 4827 fectus,
2033 4770 2193 4831 atque
2233 4772 2605 4831 argumentum
2635 4760 2765 4822 faeit
2789 4764 2961 4817 :utatis
2986 4763 3187 4835 pariter
3213 4769 3269 4815 et
3282 4776 3384 4815 sa-

1815 4851 1959 4907 lutis.
1994 4854 2009 4883 ¹
2036 4851 2149 4907 S.bi
2175 4854 2316 4909 enim
2346 4854 2601 4909 Dominus
2621 4855 2813 4910 crescit
2833 4862 3011 4918 aetate,
3044 4855 3198 4909 nobis
3219 4852 3384 4923 profi-

220 4978 255 5057 ἑ.
270 4970 734 5057 Οοᾶλ.Τξιιινίιιθιι⁴..,
766 4989 887 5027 nam
906 4975 1252 5057 quiin/Meles
1276 4977 1345 5030 ad
1366 4976 1556 5032 Christi
1579 4977 1849 5035 adoranda
1878 4998 2053 5038 venere
2072 4982 2347 5049 cunabula,
2369 5000 2430 5037 ac
2450 4987 2628 5039 aeterni
2649 4984 2789 5040 illius
2816 4981 2976 5051 Solis,
2999 5000 3145 5057 quem
3164 4994 3386 5038 venerim

154 5050 274 5105 unt,
295 5044 453 5097 radiis
476 5043 739 5109 illustrati,
768 5043 1150 5113 superstitione,
1174 5055 1277 5101 etc.

215 5155 230 5184 ¹
266 5153 373 5235 §ibi
411 5158 551 5235 enim
595 5156 848 5213 Dominus
876 5162 1265 5235 crescit_a:tale,
1309 5164 1454 5219 nobis
1502 5168 1710 5235 proficit

154 5225 421 5305 sanctitate.
452 5224 577 5280 Non
625 5245 721 5298 quo
768 5231 1006 5305 proﬁciat
1049 5224 1259 5305 Christi»
1284 5224 1552 5305 sanctitas,
1595 5224 1707 5305 qua:

154 5295 537 5371 sempiternae“
551 5295 702 5371 atque
716 5295 973 5371 perfecta;
993 5300 1084 5353 sed
1097 5302 1345 5371 proﬁcere
1366 5295 1572 5367 dicitur,
1591 5295 1703 5358 eum

153 5360 198 5409 in
210 5360 343 5442 nobis
355 5366 482 5432 facit
496 5360 818 5442 credulitatis
827 5360 1170 5438 augmentum.
1188 5360 1329 5425 Nam
1350 5360 1577 5442 Christus
1592 5384 1706 5441 post

154 5435 467 5507 natiuitatem,
493 5435 587 5508 e_lsi
603 5435 943 5508 paruulusest
962 5454 1190 5508 corpore,
1216 5451 1383 5493 tamen
1402 5441 1539 5494 Deus
1562 5435 1635 5495 est
1651 5445 1703 5496 in

154 5502 417 5580 tttajestatc.
432 5502 589 5580 τίω
605 5502 824 5580 quidem
841 5502 1118 5580 Magimus.
1144 5502 1273 5563 Dum
1291 5525 1419 5580 vero
1436 5512 1479 5566 is
1505 5511 1703 5580 (locum

155 5577 187 5650 ξ
201 5571 365 5650 capite
383 5585 419 5624 ιι
448 5569 720 5650 Evangelii
735 5573 1341 5650 Lucaillustraturus‘de
1363 5569 1566 5633 Christo
1590 5598 1706 5649 pro-

156 5630 336 5699 nam
352 5630 628 5707 sapientia:
649 5653 697 5695 et
714 5654 880 5707 aetate,
894 5656 944 5698 et
956 5630 1127 5717 gratia
1138 5630 1277 5719 apud
1292 5630 1457 5703 Deam
1469 5630 1528 5704 et
1543 5630 1703 5705 fronti-

417 5735 687 5795 Ρηιωι..
733 5738 921 5799 LVll.

1815 5167 1930 5242 nes)
1951 5166 2146 5242 Christi
2160 5165 2395 5234 ejusdem
2408 5166 3126 5242 sempiternamsanctitatem,
3150 5161 3386 5242 φάρεα

1817 5235 1969 5289 estin
1989 5236 2256 5305 majestate
2278 5236 2537 5299 nominet,
2556 5250 2665 5288 non
2689 5242 2757 5288 eo
2777 5235 2917 5287 illam
2940 5246 3102 5305 unam
3124 5235 3385 5299 nominat,

1819 5308 1969 5373 quasi
1996 5306 2051 5360 in
2071 5302 2291 5359 Christo
2320 5307 2459 5373 ipso,
2491 5321 2595 5374 qua
2622 5305 2784 5357 homo
2807 5312 2908 5374 est,
2936 5302 3274 5374 sanctitatem
3295 5314 3387 5374 sa-

1856 5376 2177 5443 ientiamque
2193 5368 2366 5428 inesse
2381 5368 2485 5428 non
2507 5368 2814 5427 arbitretur.
2832 5372 2946 5425 Non
2959 5373 3101 5443 enim
3116 5376 3207 5422 aut
3215 5368 3387 5443 Apol-

1856 5391 2177 5443 ienuamque
2193 5391 2366 5428 inesse
2381 5391 2485 5428 non
2507 5391 2814 5427 arnuretur.
2832 5391 2946 5425 non
2959 5391 3101 5426 eum]
3116 5391 3207 5422 ant
3218 5391 3387 5437 Apol-

1816 5391 2089 5497 linarianis
2114 5459 2362 5497 assensus
2384 5454 2482 5508 est,
2509 5452 2567 5497 ut
2585 5444 2775 5496 animae
2795 5444 3055 5496 mentisve
3071 5441 3190 5492 loco
3213 5439 3268 5491 in
3284 5445 3387 5491 nu-

1817 5528 1970 5565 mana
2002 5514 2197 5567 Christi
2225 5512 2464 5567 eiusdem
2501 5522 2690 5565 natura
2724 5512 2956 5566 Verbuzn
2997 5509 3241 5561 Divinum
3268 5521 3385 5559 esse

1817 5584 2037 5649 putarit,
2065 5598 2185 5636 cum
2220 5580 2285 5634 ab
2328 5580 2652 5649 Apollinaris
2679 5582 2842 5651 impio
2860 5582 3119 5651 dogmate
3146 5590 3385 5651 summo:

1814 5643 1942 5721 perc
1968 5643 2306 5718 abhorreret;
2332 5643 2423 5705 aut
2447 5666 2510 5707 eo
2534 5665 2650 5705 sese
2676 5643 2837 5705 homo
2857 5643 3183 5703 Nestoi'ianm
3196 5643 3384 5696 haeresi

2924 5729 2962 5791 9
