3924 6232
595 313 654 367 7i
1764 318 1818 371 S.
1861 315 2098 370 MAXlMl
2139 314 2582 370 TAURINENSlS

3726 314 3844 366 272

554 435 700 482 uiuos
730 427 939 481 diversa
968 426 1067 481 sub
1097 427 1212 495 lege
1243 428 1491 483 habuisse
1520 429 1856 498 baptismata,
1882 430 1976 483 sed
2004 430 2123 483 nul-
2153 435 2200 489 Α
2228 428 2519 496 pretiosum
2565 426 2665 479 sibi
2714 442 2833 481 esse
2880 428 3150 482 hominem
3174 430 3337 498 pretii
3367 429 3539 498 ipsius
3560 428 3838 494 dignitate

559 514 666 570 lum
695 531 763 570 ex
792 516 875 570 his
902 524 1090 570 contra
1119 518 1575 586 praevaricationis
1602 518 1797 573 malum
1826 519 2130 586 generalem

552 603 730 672 potuit
764 603 1011 659 conferre
1041 605 1377 661 medicinam.
1418 604 1484 660 Et
1520 608 1639 663 ideo
1670 623 1767 677 pro
1796 608 2132 662 absolutione

554 694 721 747 totius
758 693 942 748 mundi
968 694 1273 763 indigebant
1299 698 1719 763 regenerationis
1752 711 1888 765 aqua
1922 696 2131 751 caelitus

553 782 896 838 sanctiticari.
936 781 1005 837 Et
1031 784 1155 851 quia
1185 796 1283 852 per
1310 785 1615 839 universum
1654 785 1911 839 mundum
1945 799 2127 839 sacra-

553 883 792 927 mentum
832 873 1080 942 baptismi
1108 874 1344 927 humano
1372 874 1554 941 generi
1585 888 1720 941 opus
1766 880 1918 933 erat,
1950 872 2126 926 omni-

552 963 654 1018 bus
699 963 850 1032 aquis
876 962 1308 1017 benedictionem
1347 962 1528 1027 dedit,
1554 962 1772 1031 quando
1802 964 1852 1016 in
1881 962 2128 1016 Jordanis

553 1056 762 1109 alveum
794 1054 949 1109 unica
1002 1070 1066 1109 ac
1110 1053 1361 1122 singulari
1405 1054 1603 1124 pietate
1641 1054 1936 1109 descendit.
1978 1054 2128 1109 Tunc

550 1143 821 1197 Christum
853 1143 1169 1207 Dominum,
1204 1158 1308 1198 non
1341 1152 1449 1197 tam
1479 1143 1607 1197 lavit
1636 1143 1794 1211 unda,
1823 1157 1983 1212 quam
2015 1144 2123 1197 lota

550 1244 652 1289 est.
689 1233 806 1287 Tibi
852 1247 981 1299 ergo
1022 1231 1292 1287 nascendo
1337 1230 1581 1287 Christus
1628 1232 1873 1300 advenit,
1922 1232 2014 1286 tibi
2040 1231 2123 1285 vi-

550 1323 722 1378 vendo
742 1323 1011 1389 militavit,
1039 1322 1135 1377 tibi
1163 1321 1444 1377 moriendo
1472 1322 1728 1375 conﬂixit.
1772 1321 1940 1386 Quem
1971 1320 2124 1375 vides

548 1428 649 1482 pro
698 1420 749 1466 te
798 1420 1088 1479 mortuum,
1118 1427 1217 1480 pro
1248 1418 1300 1465 te
1332 1411 1571 1479 intellige
1598 1412 1945 1481 baptizatum.
1978 1410 2123 1468 Talis

546 1502 767 1558 omnino
798 1503 957 1555 etiam
988 1512 1112 1555 ante
1154 1501 1479 1570 baptismum
1508 1500 1643 1565 fuit,
1675 1509 1731 1554 et
1756 1500 1875 1554 ideo
1898 1514 2125 1568 praecur-

548 1609 641 1648 sor
668 1594 784 1661 ejus
806 1601 966 1663 atque
996 1593 1225 1662 baptista
1257 1592 1328 1645 ita
1357 1606 1478 1645 eum
1508 1606 1628 1645 cum
1658 1591 1724 1645 ad
1754 1607 1813 1645 se
1840 1592 2118 1660 baptizan-

545 1685 645 1737 dus
669 1684 874 1736 veniret
920 1682 1207 1749 alloquitur
1230 1699 1242 1733 :
1275 1680 1513 1746 Domine,
1536 1697 1628 1750 ego
1654 1687 1753 1733 ate
1779 1681 1933 1733 debeo
1960 1681 2123 1747 brrpti-

2230 516 2523 585 pnedocuit
2555 532 2567 567 :
2602 522 2659 569 ut
2688 516 2813 571 hinc
2833 532 3049 586 quoque
3076 520 3455 585 intelligamus,
3480 533 3646 587 quam
3666 532 3840 584 gran-

2229 605 2324 658 des
2352 604 2492 673 apud
2520 619 2579 659 sc
2603 606 2832 660 aestimet
2859 604 3002 661 Deus
3031 615 3214 661 noster
3242 608 3601 662 humanorum
3629 606 3835 661 crimi-

2230 712 2359 751 num
2403 712 2593 753 causas
2616 738 2632 763 ,
2686 706 2911 768 propter
2956 714 3093 769 quas
3139 715 3247 754 non
3294 698 3565 767 angelum,
3600 712 3713 750 non
3742 710 3837 749 ar-

2228 786 2548 854 changelum
2572 826 2587 850 ,
2638 786 2735 842 sed
2774 786 2942 841 Deum
2990 788 3138 842 misit
3188 787 3255 841 ad
3281 796 3471 841 terras.
3501 785 3609 855 Ipsi
3640 792 3834 838 autem

2228 875 2400 941 magi,
2429 876 2522 943 qui
2551 875 2619 930 ad
2648 875 2739 930 illa
2767 876 3004 932 caelestis
3031 878 3185 946 pueri
3214 877 3520 931 veneranda
3548 874 3829 930 cunabula

2226 965 2393 1019 stelke
2433 964 2632 1019 indicio
2678 979 3072 1035 pervenerunt,
3110 966 3236 1037 quid
3266 965 3408 1020 aliud
3436 973 3833 1035 expresserunt

2226 1052 2279 1105 in
2304 1052 2407 1107 illis
2436 1054 2777 1119 muneribus,
2827 1054 2928 1108 nisi
2962 1054 3120 1109 fidem
3160 1056 3435 1109 nostram?
3466 1054 3523 1108 ln
3551 1070 3621 1109 eo
3649 1054 3828 1116 enim,

2225 1142 2369 1211 quod
2396 1144 2498 1197 tria
2529 1142 2855 1210 oll‘eruntur,
2887 1142 3121 1198 Trinitas
3150 1144 3493 1212 intelligitur;
3538 1144 3593 1197 in
3624 1159 3695 1197 eo
3726 1159 3829 1197 ve-

2225 1248 2306 1295 ro,
2356 1234 2503 1303 quod
2544 1241 2657 1289 tres
2692 1243 2818 1289 sunt
2863 1242 2920 1288 et
2967 1234 3161 1302 singuli
3203 1234 3411 1302 singula
3458 1234 3736 1296 ollerunt,
3773 1234 3829 1287 in

2228 1324 2494 1379 Trinitate
2523 1326 2702 1380 unitas
2753 1326 3075 1380 declaratur.
3109 1328 3130 1358 '
3160 1324 3262 1380 Per
3289 1337 3477 1379 aurum
3507 1341 3605 1379 rex
3634 1333 3829 1379 esten-

2230 1416 2394 1477 ditur,
2427 1414 2570 1469 Deus
2600 1416 2652 1469 in
2683 1416 2839 1470 thure
2858 1415 3205 1483 dignoscitur,
3247 1430 3346 1485 per
3382 1415 3657 1485 myrrham
3697 1428 3826 1481 qua:

2223 1504 2540 1559 condiendis
2586 1514 2670 1561 est
2710 1514 2837 1575 apta
2883 1506 3230 1575 corporibus,
3281 1505 3554 1574 sepultura
3598 1502 3826 1559 crucifi-

2221 1594 2381 1662 gendi
2409 1594 2642 1650 hominis
2656 1595 2993 1665 prmdicatur.
3034 1593 3341 1649 Secundum
3365 1595 3487 1658 hoc,
3518 1593 3818 1656 carissimi,

2221 1698 2321 1736 nos
2346 1698 2563 1751 quoque
2590 1697 2877 1752 personam
2916 1697 3193 1752 magorum
3233 1682 3601 1751 spiritualibus
3629 1683 3819 1736 imite-

544 1774 672 1835 zari,
702 1782 749 1825 et
779 1782 829 1823 tu
876 1774 1016 1826 venis
1046 1772 1115 1824 ad
1152 1787 1231 1823 me
1262 1768 1472 1841 (Matth.
1502 1769 1619 1839 in)?
1656 1768 1791 1834 Quid
1820 1768 2116 1823 evidutxus
2152 1787 2194 1844 Β
2221 1788 2340 1827 mur
2386 1773 2693 1841 obsequiis;
2742 1772 2929 1828 tandiu
2972 1773 3115 1827 enim
3166 1786 3472 1841 qumramus
3511 1769 3815 1835 Christum,

540 1864 609 1918 de
633 1863 828 1918 Christi
853 1862 1085 1916 nondum
1113 1861 1366 1930 baptizati
1396 1860 1663 1929 puritate?
1711 1858 1851 1924 Quid
1892 1859 2112 1913 fortius?

540 1954 651 2024 Ego
682 1972 710 2009 a
750 1966 801 2009 te
841 1954 1009 2009 debeo
1057 1953 1351 2022 baptizari;
1384 1952 1435 2005 id
1458 1960 1539 2005 est
1560 1992 1575 2017 ,
1599 1952 1688 2018 qui
1722 1950 1837 2003 fons
1864 1965 1922 2004 es
1952 1950 2111 2003 inno-

535 2048 744 2113 centirr,
766 2046 855 2115 qui
884 2044 1027 2099 nullo
1061 2043 1301 2111 indigens
1338 2042 1466 2097 dare
1494 2042 1615 2103 scis,
1645 2040 1816 2094 ne..cis
1845 2040 2109 2108 accipere.

535 2137 668 2205 Ego,
696 2138 890 2207 inquit,
922 2150 950 2188 a
975 2144 1027 2189 te
1054 2134 1225 2188 debeo
1245 2132 1525 2201 baptizari,
1548 2131 1669 2199 quia
1694 2139 1866 2184 tecum
1888 2129 2115 2183 exhibes

537 2236 592 2282 et
641 2224 694 2279 in
739 2234 791 2280 te
820 2225 1060 2296 possides
1111 2222 1361 2293 puritatis
1404 2235 1657 2282 munera,
1690 2228 1743 2273 et
1774 2219 2111 2289 baptismatis

533 2324 894 2379 sacramenta;
935 2321 991 2369 et
1028 2312 1175 2383 quod
1204 2326 1305 2380 ego
1331 2311 1471 2365 dabo
1498 2319 1551 2366 te
1579 2310 1841 2377 largiente
1867 2324 1965 2378 per
1993 2322 2113 2376 gra-

531 2406 680 2473 tiam,
711 2412 767 2457 tu
796 2404 1004 2458 obtines
1028 2418 1124 2471 per
1152 2409 1416 2455 naturam.
1453 2401 1466 2430 ¹
1500 2399 1714 2453 Attactu
1751 2400 1986 2452 membra
2012 2398 2112 2451 tin-

527 2502 743 2561 guntur,
774 2500 830 2545 et
853 2490 1048 2545 ﬂuenta
1076 2490 1333 2544 ditantur.
1375 2486 1713 2542 Descendere
1734 2488 1785 2541 in
1816 2503 1874 2543 se
1903 2485 2106 2540 fontem

526 2600 678 2640 suum
708 2584 835 2639 felix
866 2583 1005 2637 unda
1036 2583 1273 2647 miratur,
1302 2582 1401 2635 sub
1425 2596 1532 2634 uno
1565 2587 1840 2633 momento
1871 2578 2105 2632 remedia

526 2686 725 2731 tctcrna
754 2676 1084 2745 concipiens,
1106 2682 1163 2727 et
1190 2688 1331 2727 nova
1362 2673 1527 2727 Deum
1552 2670 1662 2743 (ﬁ.
1690 2671 2111 2738 regenerationis

524 2766 852 2821 fecunditate
881 2766 1210 2835 parturiens;
1247 2762 1391 2833 quod
1414 2770 1694 2832 acceperat
1723 2763 1825 2816 hoc
1856 2760 2106 2825 reddens,

523 2864 579 2910 et
614 2855 760 2924 quod
798 2871 909 2909 non
961 2856 1194 2909 habebat
1239 2854 1529 2922 accipiens.
1570 2853 1711 2906 lntcr
1757 2852 1871 2906 hare
1913 2852 2106 2904 mirum

522 2954 666 3001 esset
693 2944 840 3015 quod
871 2960 929 3001 se
973 2944 1233 2999 Dominus
1280 2944 1419 2999 servi
1450 2943 1683 2997 subdidit
1724 2942 2102 3007 benedictioni,

524 3036 626 3091 nisi
653 3036 829 3091 crucis
878 3050 940 3091 se
987 3035 1311 3090 subdidisset
1354 3040 1409 3087 et
1450 3033 1629 3085 morti.
1676 3030 1744 3085 Et
1774 3032 1864 3087 ille
1883 3033 2102 3102 quidem

2220 1862 2393 1916 donec
2450 1862 2603 1915 illum
2667 1862 2910 1917 invenire
2964 1876 3286 1915 mereamur.
3350 1860 3611 1915 Ducatum
3654 1861 3817 1914 nobis

2221 1952 2462 2020 praebeat
2489 1952 2636 2006 velut
2662 1952 2815 2006 stella
2843 1951 2991 2016 emli,
3022 1952 3112 2005 lux
3140 1950 3280 2005 ﬁdei.
3313 1947 3440 2004 Hsec
3467 1950 3627 2004 nobis
3658 1950 3813 2004 illum

2227 2042 2477 2096 ostendat
2525 2058 2633 2098 non
2675 2043 2788 2111 jam
2834 2043 2889 2096 in
2941 2056 3182 2111 pmsepe
3228 2040 3564 2108 vagientem,
3608 2038 3711 2095 sed
3758 2040 3814 2093 in

2218 2145 2430 2185 summa
2450 2132 2571 2185 emli
2592 2146 2715 2185 arce
2735 2131 3128 2192 dominantem,
3156 2145 3255 2185 nec
3285 2131 3338 2183 in
3364 2128 3551 2183 matris
3572 2129 3809 2197 gremio.

2218 2210 2312 2274 sed
2342 2220 2395 2273 in
2425 2220 2563 2275 solio
2603 2218 2779 2274 Patris
2808 2218 3172 2283 adorandum;
3210 2234 3310 2273 nec
3349 2218 3575 2272 ulterius
3604 2218 3660 2271 in
3689 2232 3811 2271 ma.

2210 2310 2409 2379 jestate
2442 2311 2789 2379 judicandnm
2812 2352 2827 2375 ,
2861 2310 2957 2365 sed
2984 2310 3051 2364 ad
3074 2310 3335 2379 judicium
3359 2324 3481 2364 cum
3512 2308 3809 2377 majestate

2214 2410 2517 2455 venturum.
2566 2402 2656 2455 Sic
2688 2400 2841 2469 quasi
2880 2401 3037 2453 trium
3079 2414 3360 2453 munerum
3400 2396 3645 2467 perfecta
3676 2414 3806 2452 con-

2214 2492 2374 2545 fessio
2402 2491 2651 2545 credatur
2676 2506 2706 2543 a
2738 2490 2891 2544 nobis
2914 2504 3017 2543 una
3046 2488 3337 2549 Divinitas,
3381 2489 3497 2542 sine
3526 2486 3805 2542 confusio-

2214 2581 2297 2634 nis
2324 2581 2669 2649 separatione
2696 2580 2977 2645 distincta,
3007 2577 3186 2652 .Pater
3218 2586 3272 2632 et
3296 2578 3460 2632 Filius
3485 2585 3543 2631 et
3572 2577 3802 2647 Spiritus

2214 2682 2445 2729 sanctus.
2484 2671 2882 2743 (Desiderantur
2928 2672 3215 2741 permulta;
3250 2670 3391 2723 deest
3424 2670 3566 2723 enim
3593 2670 3798 2741 folium.

2219 2765 2399 2836 Pergit
2427 2762 2693 2818 llaximus
2716 2764 2769 2831 :)

2282 2857 2358 2910 Ita
2406 2870 2535 2925 ergo
2576 2854 2813 2909 ﬁdelium
2864 2851 3117 2908 cordibus
3162 2850 3528 2921 disponendus
3570 2858 3659 2904 est
3707 2849 3795 2902 Dei

2210 2948 2405 3011 cultus,
2456 2952 2515 2999 ut
2563 2960 2668 2999 non
2717 2944 3031 2998 admittatur
3055 2942 3136 2995 vel
3168 2941 3221 2995 in
3260 2942 3464 2996 unitate
3501 2941 3791 3011 separatio,

2207 3040 2293 3093 vel
2316 3040 2367 3092 in
2398 3037 2660 3093 Trinitate
2688 3034 2997 3107 permixtio.
3025 3035 3277 3107 Explicit,
3306 3042 3412 3089 etc.

1822 3145 2164 3211 HOMILIA
2220 3152 2463 3214 XXIII.

1738 3240 1815 3295 De
1843 3242 2141 3313 Epiphania
2176 3246 2383 3303 Domini
2420 3247 2552 3303 VII.

1955 3336 2343 3395 ADMONITIO.

583 3432 690 3501 63
720 3428 824 3483 Tot
850 3436 971 3501 sunt
998 3427 1189 3481 indicia
1211 3426 1533 3501 sinceritatis
1559 3425 2049 3501 hujusceliomilim.
2082 3438 2139 3501 ut
2166 3448 2370 3487 summa
2399 3434 2637 3488 omnium
2664 3434 2929 3488 editorum
2956 3432 3313 3488 consensione
3340 3432 3539 3486 tributa
3570 3432 3642 3485 sit
3666 3446 3778 3484 san.

517 3496 874 3555 elo—Maximo.
902 3497 1033 3549 Nam
1061 3504 1118 3550 et
1138 3496 1355 3565 copiose
1381 3506 1541 3565 atque
1564 3504 1755 3549 ornate
1782 3497 1867 3565 illa

1898 3499 2192 3571 perscripta
2220 3509 2320 3571 est,
2354 3510 2411 3556 ut
2439 3503 2597 3571 plane
2625 3503 2959 3557 demonstrat
2996 3518 3100 3556 non
3131 3504 3356 3556 alterum
3392 3516 3451 3556 se
3477 3516 3644 3569 quam
3668 3516 3781 3555 eum

516 3578 756 3640 sanctum
786 3559 1345 3640 antistitemhabuisse
1372 3559 1677 3640 auctorem;
1706 3575 1760 3640 et
1782 3559 2013 3640 idip'sum
2038 3559 2139 3640 fide
2167 3559 2512 3640 confirmat-ur
2534 3572 2778 3627 codicum
2806 3588 2975 3640 prope
3004 3573 3243 3625 omnium
3261 3559 3777 3640 ,manuseriptorum.

516 3637 569 3693 In
600 3640 682 3692 his
710 3646 887 3691 autem
927 3635 1197 3689 codicibus
1228 3651 1333 3687 non
1363 3633 1551 3688 eadem
1579 3643 1660 3686 est
1685 3634 1799 3700 ejus
1833 3633 2127 3700 inscriptio.
2173 3639 2306 3693 Nam
2337 3641 2389 3694 in
2419 3641 2678 3696 Vaticano
2717 3633 2851 3695 495!
2887 3633 2943 3695 e't
2972 3642 3023 3694 in
3054 3641 3223 3695 Vatic.
3258 3638 3427 3693 Palat.
3458 3633 3566 3691 176
3596 3640 3772 3692 inscri-

514 3710 656 3792 bitur
685 3727 695 3759 :
727 3706 787 3792 Lit
812 3704 1114 3792 Epiphania
1135 3702 2233 3792 ρρηξζηξᾌιρ,εξξθςρ-Χίηίςὶίρϐθιλμειξ
2260 3709 2396 3792 unde
2422 3710 2671 3792 sup-rane
2698 3710 3015 3792 Epiphania.
3046 3709 3305 3792 Iri-Vatic..
3337 3708 3508 3792 Palat.
3675 3706 3775 3792 τλῆ

513 3771 925 3851 οειαυαμυρῖηιξηξ
954 3789 1120 3851 sermo
1234 3771 1483 3851 flamini.
1514 3771 1570 3825 In
1594 3771 1762 3851 Vatic.
1796 3772 1986 3851 Regia.
2022 3775 2171 3851 19.3;
2200 3777 2263 3831 In
2288 3787 2465 3843 octava
2484 3771 2823 3851 Epiphanius.
2857 3779 3054 3834 Verum
3076 3780 3129 3833 id
3158 3780 3309 3850 parvi
3337 3778 3521 3833 refert.
3554 3777 3775 3831 Homilia

512 3855 656 3902 certe
680 3846 748 3899 de
778 3843 1069 3913 Epiphania
1098 3850 1196 3895 est.
1230 3840 1406 3907 Quare
1436 3843 1507 3895 ita
1537 3857 1655 3895 eam
1684 3840 1929 3897 duximus
1960 3845 2173 3901 inscribi
2208 3842 2483 3917 opertere.

514 3960 903 4031 Διισιιιίιεενη-υιιἴ
942 3987 1015 3999 --
1051 3954 1172 4009 Tria
1213 3954 1365 4024 hujus
1408 3954 1710 4031 celebritatis
1766 3956 2017 4031 miracula
2064 3973 2096 4011 a
2124 3963 2170 4026 ο
2271 3968 2321 4014 et
2348 3962 2651 4031 majestatis.
2695 3963 2841 4031 Aqua
2870 3963 2923 4015 in
2952 3964 3124 4017 riuum
3159 3977 3402 4017 conversa
3428 3962 3659 4014 divinam
3690 3976 3773 4028 po-

586 4031 861 4083 truditioue
890 4028 940 4079 iu
978 4041 1071 4077 nos
1110 4034 1397 4093 propagata
1436 4024 1643 4077 totidem
1682 4026 1928 4093 mysteria
1957 4042 2092 4092 pra:-

583 4103 769 4171 [eruut,
800 4100 855 4151 in
880 4095 1059 4166 quibus
1086 4093 1213 4164 {idos
1238 4102 1412 4177 nostra
1430 4093 1683 4177 Exsultat.
1714 4093 1778 4148 In
1808 4096 1973 4177 magis
1997 4113 2085 4150 ro-

580 4162 710 4221 rata:
751 4176 867 4220 sunt
892 4162 1094 4235 omnes?
1121 4173 1294 4235 gentes
1321 4163 1389 4214 ad
1426 4162 1710 4235 SalvatOris
1752 4162 2085 4235 agnitionem.

582 4239 626 4291 If
624 4240 711 4308 jus
737 4235 1054 4305 baptismatis
1074 4233 1332 4285 humilitas
1356 4233 1695 4285 testimonium
1717 4233 1887 4286 retulit
1906 4236 2090 4305 gratia:

582 4377 598 4405 ¹
640 4370 881 4425 Christus
911 4367 1051 4421 Deus
1074 4382 1229 4420 verus
1258 4372 1417 4433 atque
1446 4380 1603 4419 verus
1628 4366 1920 4434 homo,qua
1941 4366 2083 4421 Deus

512 4452 564 4497 et
610 4442 811 4502 bonus,
851 4446 904 4491 et
934 4436 1109 4489 omnia
1141 4443 1349 4505 potens,
1383 4450 1487 4505 non
1518 4437 1839 4504 perceptione
1879 4438 2081 4505 gratim,

509 4512 598 4567 sed
644 4510 955 4577 proprietate
1000 4516 1217 4577 natum,
1248 4504 1417 4577 inquit
1466 4504 1823 4577 Augustinus,
1880 4504 1981 4577 lib.
2032 4523 2081 4577 vi

511 4573 695 4651 Upcris
739 4573 1233 4651 luiperfectirontra
1268 4573 1660 4651 ,τιιιιᾶαηληςῖιψλ
1688 4573 1778 4651 16,
1808 4590 1925 4643 pag.
1958 4575 2081 4636 9'70,

510 4641 843 4716 tom.Xopp'.
870 4641 995 4699 edit.
1028 4644 1284 4712 Antuerp.
1317 4658 1415 4716 an._
1438 4642 1589 4716 1700.
1623 4641 1734 4716 Qua
1765 4641 2084 4716 hoin'ouvero

544 4721 673 4773 i-atia
720 4712 893 4784 justus
934 4723 1083 4767 natus
1128 4712 1469 4784 est,__confer
1491 4712 1883 4784 Augustinum
1928 4713 2082 4783 Ejus-

544 4734 673 4773 l'alla
720 4734 893 4784 justus
934 4734 1083 4767 natus
1128 4734 1220 4772 ext,
1286 4734 1469 4765 cmucr
1515 4734 1613 4779 tur,

506 4734 627 4844 ﬁt)!“
659 4802 807 4855 oper.
843 4784 933 4855 lib.
966 4800 1000 4846 ι,
1033 4798 1152 4851 cap.
1190 4782 1307 4855 Mil,
1341 4794 1458 4855 pag.
1491 4781 1613 4833 7i3.

573 4862 595 4890 ¹
633 4850 860 4911 Sanctus
888 4852 997 4906 Leo
1037 4850 1198 4905 scrin.
1235 4850 1321 4913 '55,
1361 4851 1451 4917 qui
1488 4860 1711 4920 quartus
1744 4862 1826 4906 est
1860 4852 1925 4905 de
1956 4852 2079 4920 Epi-

503 4929 716 4999 phania,
741 4937 862 4999 pag.
893 4921 961 4974 86
987 4921 1115 4999 edit.
1150 4920 1305 4974 Rom.
1348 4936 1436 4973 an.
1472 4920 1628 4999 17.53,
1660 4919 1980 4999 Fulgentior,
2004 4919 2079 4975 iu-

501 4990 635 5068 quit,
662 4990 888 5068 veritatis
915 4991 1089 5068 radius
1112 5006 1383 5068 magorum
1406 4990 1563 5068 corda
1591 4990 1872 5068 perdocuit,
1901 5001 2073 5068 ut”...

499 5060 741 5120 eumsibi
770 5062 968 5133 signari
999 5060 1371 5133 intelligerent,
1413 5062 1507 5133 cui
1539 5076 1666 5112 auro
1698 5062 1864 5133 regius
1892 5061 2073 5122 honor,

500 5140 553 5189 in
577 5138 721 5189 thure
759 5130 932 5186 diuina
952 5130 1225 5191 veneratio,
1257 5131 1311 5183 in
1344 5130 1554 5199 myrrha
1594 5131 1924 5183 mortalitatis
1951 5146 2077 5182 cou—

504 5208 680 5275 fessio.
710 5202 945 5275 Eodem“
973 5208 1221 5275 spectant
1262 5214 1382 5275 quae
1404 5198 1759 5275 persequitur
1775 5216 1958 5275 _s_erm_.
1984 5198 2071 5275 50,

502 5267 623 5343 pag.
656 5274 745 5343 77,
788 5278 859 5343 et,
879 5268 967 5336 55,
999 5267 1243 5343 pag._92.
1288 5268 1597 5343 Consonaiit
1626 5268 1750 5343 huic
1775 5268 2073 5343 Theodori-

504 5336 598 5398 ius
618 5345 669 5397 in
710 5341 941 5404 Cantic.,
973 5336 1089 5406 cap.
1123 5338 1175 5400 5,
1209 5349 1330 5407 pag.
1362 5336 1518 5399 1056,
1564 5345 1701 5407 tum.
1732 5337 1751 5390 Ι
1782 5339 2069 5407 appetiit.

504 5413 673 5467 l‘aris.
722 5411 1008 5472 Sirmoudi,
1039 5404 1111 5462 in.
1137 5404 1291 5477 cap._
1306 5405 1375 5477 ἂν
1408 5420 1531 5477 pag.
1557 5404 1691 5458 l0“
1719 5414 1773 5460 et
1800 5404 2075 5477 Πηρείῃ-

505 5498 702 5535 vencus
729 5480 1024 5549 presbyter,
1059 5474 1218 5549 vetus
1255 5474 1586 5549 Christianus
1626 5474 1811 5545 poeta,
1839 5477 1889 5529 in
1934 5475 2071 5529 "ist.

508 5543 1220 5619 Evangq'edithrancfurt.
1249 5544 1375 5598 anni
1404 5543 1540 5619 17ᾓο
1566 5563 1577 5597 :

594 5643 796 5695 Aurum,
821 5640 953 5697 thus,
981 5637 1218 5700 myrrham
1241 5636 1449 5698 regique
1469 5635 1675 5697 Deoque
1700 5636 1977 5698 hominique

595 5702 731 5753 Dona
752 5701 974 5751 ferunt...

2266 4039 2501 4084 testatem
2523 4032 2891 4101 manifestarit.

2266 4138 2323 4194 ln
2353 4140 2471 4204 hac,
2511 4139 2859 4205 dilectissimi,
2901 4142 3236 4205 celebritate,
3277 4143 3413 4195 sicut
3456 4143 3635 4195 relatu
3680 4155 3769 4209 pa-

2196 4240 2363 4286 terna:
2415 4231 2715 4287 traditionis
2759 4231 3108 4301 instruimur,
3160 4234 3437 4303 multiplici
3490 4235 3648 4290 nobis
3694 4240 3768 4288 est

2190 4363 2414 4433 Gregor.
2464 4363 2737 4429 Nazianz.,
2780 4373 2921 4421 orat.
2969 4365 3057 4432 58,
3103 4378 3228 4436 pag.
3280 4366 3384 4420 623
3414 4366 3549 4421 edit.
3579 4365 3762 4422 Colon.

2188 4458 2277 4496 an.
2312 4440 2467 4507 1690,
2500 4450 2631 4496 tom.
2662 4441 2703 4508 l,
2732 4458 2841 4511 quo
2872 4444 3029 4499 loco:
3061 4444 3189 4500 Cum
3215 4448 3392 4509 stella,
3421 4446 3615 4517 inquit,
3650 4446 3763 4500 atr-

2189 4537 2274 4583 re;
2304 4536 2417 4573 cum
2454 4522 2617 4591 magis
2645 4522 2779 4575 dona
2800 4522 2930 4589 oﬂ'er
2959 4539 3160 4585 aurum,
3189 4525 3303 4577 thus
3330 4532 3378 4576 et
3400 4526 3685 4593 myrrham,
3711 4535 3762 4576 ut

2188 4600 2315 4667 regi,
2346 4607 2408 4649 ut
2433 4599 2556 4659 Deo,
2596 4609 2651 4651 ut
2679 4608 2765 4651 tua
2796 4616 2951 4653 causa
2979 4609 3201 4655 mortuo.
3253 4602 3419 4656 Vetus
3458 4611 3649 4656 auctor
3672 4602 3762 4654 hoc

2191 4677 2348 4729 milia!
2378 4677 2441 4728 de
2480 4687 2659 4730 sancta
2700 4676 2887 4731 Christi
2936 4681 3264 4747 generatione
3304 4681 3446 4734 inter
3496 4696 3660 4750 opera
3703 4679 3755 4732 S.

2194 4753 2391 4817 Basilii,
2428 4771 2574 4807 num.
2626 4755 2679 4819 9,
2727 4763 2855 4809 tom.
2905 4755 2966 4817 ll,
3018 4770 3138 4825 pag.
3171 4756 3277 4810 602
3308 4758 3439 4812 edit.
3476 4757 3642 4811 Paris.
3673 4774 3753 4811 an.

2186 4831 2351 4896 “22;
2383 4832 2638 4899 Origenes
2668 4833 2759 4885 lib.
2792 4848 2808 4885 ι
2836 4844 3017 4886 contra
3055 4832 3292 4898 Celsum,
3328 4850 3477 4889 num.
3510 4836 3602 4902 60,
3631 4843 3749 4887 tom.

2183 4910 2199 4962 Ι
2231 4924 2357 4984 opp.
2390 4909 2519 4963 edit.
2573 4909 2741 4984 Paris.
2792 4908 2851 4963 P.
2897 4910 2965 4984 de
2994 4911 3042 4964 la
3069 4911 3184 4967 Rue
3208 4912 3318 4984 :_Ut
3345 4916 3455 4984 regi
3484 4931 3683 4984 auritus,
3706 4923 3754 4963 ut

2180 4978 2426 5032 morituro
2461 4980 2745 5047 myrrham,
2790 4988 2847 5032 ut
2889 4978 2995 5033 Deo
3037 4984 3151 5035 thus
3192 4978 3506 5037 obtulerunt.
3568 4982 3633 5035 Et
3658 4982 3752 5035 Ire-

2180 5063 2326 5120 nzeus
2356 5048 2545 5120 lib._iu
2589 5059 2767 5102 contra
2806 5050 3056 5120 literas“,
3106 5066 3223 5120 cap.
3265 5051 3321 5120 9,
3369 5068 3523 5106 num.
3553 5050 3605 5114 '2,
3638 5065 3745 5120 pag.

2179 5092 2447 5197 istst:
2462 5092 3079 5197 iussissetis.
3106 5092 3229 5173 iga;
3264 5092 3745 5197 δίεςςεῗῑοςειξφῖξζξῖί

2179 5187 2637 5257 interpretationis
2682 5201 2848 5255 genus
2879 5186 2990 5255 jam
3037 5204 3205 5257 usque
3232 5186 3475 5257 a'primis
3504 5189 3743 5244 Ecclesia

2176 5256 2385 5311 stnculis
2413 5256 2480 5312 ad
2507 5262 2720 5310 :ctatem
2744 5258 3093 5325 posteriorem
3122 5256 3390 5313 manasse.
3425 5259 3742 5314 Sacerdotem

2175 5326 2228 5377 in
2256 5326 2400 5378 thure
2427 5325 2890 5389 considerandum,
2941 5327 3127 5380 scribit
3165 5335 3356 5382 auctor
3390 5328 3651 5382 sermonis
3688 5326 3741 5375 de

2179 5394 2413 5477 §ltetla.et
2439 5394 2614 5477 yagis
2646 5395 2955 5477 intergpgr.
3074 5394 3237 5477 Cypr.
3261 5397 3598 5477 in.ap_p.en.d.,
3630 5406 3736 5477 pag.

2178 5460 2248 5515 ‘29
2274 5464 2403 5519 edit.
2436 5460 2610 5517 Oxon.
2643 5479 2731 5517 an.
2776 5460 2929 5517 l682.
2979 5460 3136 5530 Quod
3158 5460 3291 5520 item
3321 5460 3555 5521 in'l'ibris
3582 5460 3735 5521 eccle-

2106 5542 2155 5601 D
2180 5532 2409 5602 siasticis
2434 5533 2645 5601 legitur.
2690 5531 2798 5588 Sed
2824 5533 2877 5590 id
2902 5548 3118 5602 quoque
3146 5535 3202 5589 in
3228 5535 3499 5594 honorem
3526 5533 3733 5590 refertur

2184 5601 2295 5656 Dei.
