3924 6232
141 377 224 431 275

1482 372 1764 430 llOMILIA
1807 371 1985 427 XXIII.

3311 368 3412 426 ΞΗ

139 489 397 546 festivitate
437 489 768 545 laetandum.
823 487 1026 544 Ferunt
1061 486 1204 542 enim
1242 486 1404 542 hodie
1447 484 1720 542 Christum
1751 492 1797 547 Α
1825 485 2037 543 adorari
2067 499 2313 556 puerum,
2346 499 2502 553 quem
2530 484 2644 554 ipse
2681 483 2947 540 nesciret?
2975 482 3093 553 Quo
3126 485 3413 552 torqueba-

139 584 394 638 Dominum
423 590 685 637 nostrum
713 581 804 636 vel
834 580 990 635 stella
1025 578 1161 634 duce
1197 593 1227 634 a
1255 578 1503 648 gentibus
1530 577 1722 633 adora-

140 684 254 739 tum,
278 674 361 729 vel
390 673 690 728 invitatum
717 671 786 725 ad
817 670 1034 739 nuptias
1057 683 1223 740 aquas
1249 669 1303 723 in
1328 669 1460 723 vina
1477 668 1720 733 vertisse,

137 765 206 819 rel
230 772 478 833 suscepto
509 779 541 817 a
573 762 795 817 Joanne
821 763 1140 830 baptismate
1160 775 1504 816 consecrasse
1521 759 1721 816 ﬁuenta

136 851 378 915 Iordanis,
413 867 696 920 suumque
735 851 895 905 simul
923 846 1233 920 puriﬁcasse
1262 849 1583 921 Baptistam.
1613 849 1721 905 Sed

135 943 240 1010 quid
277 943 629 1012 potissimum
661 953 686 979 ι
726 942 833 996 hoc
878 939 1076 997 factum
1114 939 1186 995 sit
1203 939 1312 997 die
1347 940 1560 996 noverit
1607 940 1722 1010 ipse

135 1035 210 1102 qui
244 1032 393 1098 fecit;
434 1048 545 1088 nos
576 1039 766 1086 tamen
789 1031 1014 1088 credere
1044 1045 1145 1086 nec
1168 1029 1413 1086 dubitare
1441 1029 1718 1094 debemus,

133 1126 370 1197 quidquid
398 1125 540 1181 illud
569 1132 678 1191 est,
711 1125 912 1179 factum
939 1137 1059 1180 esse
1083 1137 1181 1192 pro
1210 1122 1384 1177 nobis.
1416 1120 1546 1178 Nam
1575 1121 1720 1190 quod

133 1234 238 1272 eum
263 1217 615 1287 fulgentioris
640 1215 811 1271 stella
831 1214 996 1271 radiis
1017 1213 1223 1272 incitati
1248 1212 1541 1269 adoravere
1559 1211 1720 1266 Chal-

133 1309 244 1374 dmi,
279 1309 452 1364 Deum
493 1322 697 1365 verum
739 1307 990 1376 gentibus
1027 1319 1151 1376 spes
1175 1304 1303 1359 data
1328 1311 1414 1360 est
1439 1302 1713 1358 adorandi.

135 1400 268 1466 Quod
295 1415 451 1470 aquae
488 1414 643 1456 novo
684 1399 793 1455 sint
828 1397 1016 1455 ordine
1052 1397 1107 1452 in
1144 1396 1269 1452 vina
1296 1402 1546 1464 mutata,
1591 1393 1718 1449 novi

135 1495 270 1550 nobis
294 1495 480 1566 poculi
518 1493 866 1565 prtelibatum
893 1500 977 1548 est
1003 1497 1420 1548 sacramentum.
1450 1487 1604 1555 Quod
1623 1502 1718 1541 au-

135 1594 228 1640 tem
252 1586 568 1654 baptizatus
589 1591 678 1640 est
710 1584 894 1652 Agnus
919 1583 1044 1647 Dei,
1075 1579 1444 1649 regenerantis
1462 1577 1713 1647 baptismi

135 1675 348 1730 salutare
376 1675 544 1731 nobis
573 1687 774 1730 munus
799 1680 883 1728 est
908 1671 1240 1727 dedicatum.
1270 1665 1497 1739 Oportet
1534 1668 1715 1736 itaque

136 1782 240 1832 nos,
283 1766 512 1830 fratres,
555 1765 628 1821 ad
675 1764 939 1838 honorem
988 1760 1283 1818 Salvatoris
1321 1759 1510 1825 nostri,
1559 1757 1713 1827 cujus

1823 586 1912 633 tur
1939 578 2217 646 languore,
2247 590 2368 631 cum
2400 575 2602 645 pariter
2628 572 2746 642 ejus
2773 583 2829 627 et
2856 588 3022 629 cunas
3051 575 3103 628 in
3132 575 3290 629 terris
3313 575 3425 629 de-‘

1820 669 2079 738 spicerct,
2123 674 2186 721 et
2225 666 2434 721 stellam
2481 664 2768 718 miraretur
2795 664 2848 716 in
2879 663 3054 721 calo?
3094 661 3409 730 Unigenitus

1820 767 2001 813 autem
2032 755 2289 811 Altissimi
2320 756 2397 808 sic
2423 754 2700 809 humiliter
2728 753 2996 821 ingressus
3023 762 3104 808 est
3128 753 3406 813 mundum,

1821 859 1880 905 ut
1902 848 2201 904 indubitata
2229 847 2524 903 divinitatis
2554 862 2662 901 sua:
2690 857 2711 884 ε
2735 844 2971 900 deferret
2999 843 3221 909 indicia;
3251 850 3411 897 natus

1820 940 1964 995 enim
2001 938 2073 993 de
2112 936 2312 993 femina
2343 944 2445 1002 est,
2476 936 2572 992 sed
2598 942 2756 990 natus
2783 950 2851 990 ex
2878 934 3114 1002 virgine;
3146 933 3170 971 ά
3196 932 3409 1002 iacebat

1821 1029 1874 1085 in
1899 1029 2144 1100 pmsepi,
2162 1027 2256 1082 sed
2278 1028 2329 1082 in
2350 1027 2525 1083 sidere
2561 1027 2835 1090 rutilabat,
2858 1032 2918 1078 ut
2937 1023 3214 1078 hominem
3234 1023 3404 1088 illum,

1821 1106 2096 1188 Deumque
2125 1134 2243 1174 esse
2273 1127 2327 1174 et
2357 1125 2568 1174 terrena
2602 1124 2799 1185 mater,
2842 1123 2898 1170 et
2940 1115 3153 1183 signum
3189 1114 3408 1169 cmleste

1818 1217 2165 1266 monstraret.
2215 1208 2420 1277 Quibus
2463 1223 2594 1263 vero
2645 1205 2837 1272 radiis,
2889 1213 3162 1275 quantove
3205 1203 3409 1261 lumine

1810 1301 1964 1355 illam
2005 1300 2220 1356 Domini
2258 1300 2471 1357 stellam
2509 1298 2731 1368 antiqua
2776 1295 3048 1355 credimus
3093 1303 3222 1350 tunc
3267 1293 3410 1349 inter

1816 1398 1960 1447 astra
1983 1388 2229 1446 fulsisse?
2257 1388 2526 1455 Quantum
2554 1388 2608 1444 in
2635 1385 2926 1458 splendore
2958 1384 3256 1456 praecessit,
3287 1397 3408 1456 qum

1818 1488 2026 1540 tantum
2048 1479 2273 1550 praeibat
2299 1478 2352 1532 in
2381 1492 2636 1538 munere:
2666 1490 2787 1545 qum
2809 1475 2960 1532 velut
2991 1473 3209 1545 quidam
3239 1472 3408 1526 totius

1816 1570 1961 1628 orbis
1989 1569 2177 1626 oculus
2220 1566 2501 1639 caligantis
2540 1566 2730 1622 mundi
2766 1572 3012 1621 veterem
3044 1563 3149 1637 67
3188 1560 3411 1617 novavit

1814 1660 2126 1730 aspectum?
2155 1660 2170 1691 ¹
2201 1657 2361 1723 Ecce,
2393 1655 2615 1723 fratres,
2656 1654 2726 1710 ad
2759 1664 2784 1693 °
2825 1651 3405 1734 qpmmndumRegem

1813 1763 1998 1818 regum
2025 1764 2132 1806 una
2156 1747 2437 1806 Chaldzeos
2456 1746 2610 1802 stella
2641 1746 2936 1816 pertraxit;
2964 1742 3247 1799 Iudaicum
3275 1756 3407 1796 vero

136 1830 453 1913 nativitatem
482 1856 676 1912 debita
719 1834 891 1925 nuper
921 1867 1042 1911 cum
1069 1852 1428 1909 exsultatione
1452 1851 1714 1920 transegi-
1743 1840 1788 1899 Β
1815 1839 2074 1911 populum
2103 1839 2170 1894 ad
2198 1837 2559 1895 obedientiam
2579 1830 2677 1891 Dei
2697 1837 2800 1904 sui,
2828 1849 2928 1890 nec
2951 1834 3106 1904 ignea
3133 1830 3406 1901 quondam

138 1948 436 2013 nuaromni
475 1962 606 2002 cum
636 1945 925 2001 devotione
951 1943 1115 2001 etiam
1151 1943 1293 2002 hune
1318 1943 1576 1997 virtutum
1603 1940 1719 2008 ejus

134 2039 391 2094 celebrare
415 2039 686 2093 natalem.
710 2035 778 2090 Et
795 2050 957 2104 quam
986 2042 1134 2094 necte
1162 2033 1262 2088 tria
1285 2033 1406 2090 haec
1426 2032 1581 2088 nobis
1609 2047 1718 2087 uno

139 2136 243 2182 acta
278 2129 332 2183 in
361 2127 450 2182 die
478 2125 744 2198 mysteria
769 2123 1153 2195 pradicantur,
1179 2122 1271 2192 qui
1296 2120 1578 2179 ineﬁ'abilis
1604 2116 1721 2175 Tri-

140 2217 308 2272 nitatis
335 2231 605 2272 arcanum
627 2230 737 2269 uno
765 2214 860 2268 Dei
884 2213 984 2268 sub
1010 2211 1229 2268 nomine
1257 2209 1595 2266 conﬁtemur.
1617 2208 1721 2267 Per

139 2307 240 2363 haec
264 2321 390 2376 ergo
419 2305 689 2360 miracula
710 2302 951 2359 Christus
977 2301 1248 2366 Dominus,
1269 2299 1598 2369 Redemptor
1620 2314 1719 2356 no-

138 2406 238 2453 ster
259 2399 370 2469 66
393 2399 573 2454 oculis
601 2411 661 2452 se
687 2395 856 2450 voluit
884 2394 1127 2450 revelare
1168 2391 1496 2456 mortalium,
1524 2397 1717 2459 quate-

140 2502 230 2545 nus
252 2487 534 2544 invisibilis
571 2485 693 2554 ejus
719 2484 990 2549 divinitas,
1020 2498 1140 2552 qua:
1167 2483 1371 2540 latebat
1397 2481 1451 2535 in
1478 2481 1716 2547 homine,

142 2577 188 2631 in
213 2593 374 2647 opere
399 2594 512 2633 non
555 2577 753 2634 lateret
781 2593 796 2629 :
825 2582 903 2641 ut,
933 2574 1061 2629 dum
1096 2581 1333 2631 teutator
1352 2572 1586 2628 Verbum
1611 2570 1720 2627 Pa-

141 2665 228 2721 tris
252 2667 642 2737 omnipotentis
667 2681 777 2720 non
803 2663 1156 2734 deprehendit
1201 2664 1256 2719 in
1300 2677 1492 2728 carne,
1531 2677 1720 2718 omnes

143 2757 340 2828 ubique,
363 2759 458 2827 qui
483 2759 541 2813 in
561 2757 658 2812 Dei
680 2756 816 2812 Filio
844 2757 1078 2812 Verbum
1103 2764 1159 2811 et
1177 2771 1396 2814 carnem
1412 2756 1714 2820 crederent,

142 2848 480 2904 salvarentur.
533 2848 603 2902 Et
645 2849 864 2918 quidem
909 2848 1125 2903 videbat
1166 2847 1412 2904 diabolus
1459 2847 1715 2903 infantem

142 2940 314 3008 pannis
351 2940 623 3005 obsitum;
669 2938 764 2994 sed
809 2939 1092 3007 ignorabat
1139 2938 1313 3007 ipstun
1342 2953 1459 2994 eme
1485 2938 1596 3006 qui,
1625 2952 1716 2994 re-

142 3031 283 3085 motis
308 3032 462 3086 initio
495 3031 754 3099 tenebris,
777 3030 1034 3084 mundum
1077 3031 1196 3085 luce
1225 3030 1458 3087 vestivit.
1487 3029 1717 3084 Videbat

144 3133 251 3174 eum
277 3121 525 3176 mortalis
549 3121 740 3175 matris
776 3120 943 3175 ubera
981 3127 1289 3187 sugentem;
1318 3119 1411 3175 sed
1443 3119 1715 3174 nesciebat

1819 1930 1997 2001 potuit
2048 1930 2301 1985 columna
2355 1935 2694 1983 convertere.
2741 1925 2850 1980 Nec
2900 1938 3031 1983 sane
3079 1934 3406 1992 quemquam

1819 2028 2038 2077 moveat
2077 2027 2229 2074 tanta
2268 2019 2384 2074 haec
2411 2016 2634 2086 perﬁdia
2665 2014 2996 2080 Judmomm,
3025 2011 3170 2080 quod
3209 2008 3407 2064 Christi

1820 2111 1941 2167 illos
1964 2109 2124 2166 ﬁdem
2149 2109 2442 2179 suscipere,
2474 2121 2648 2176 usque
2687 2105 2818 2161 novi
2853 2104 3008 2160 stella
3037 2101 3276 2171 fulgoris,
3310 2114 3409 2154 nec

1820 2202 2122 2273 parturiens
2148 2201 2300 2272 virgo
2334 2199 2354 2238 ί
2386 2199 2744 2272 compulerit;
2775 2199 2869 2268 qui
2897 2212 2999 2254 nec
3037 2204 3163 2252 tunc
3190 2193 3408 2264 quidem

1821 2294 1933 2349 Deo
1961 2293 2238 2349 credidere
2282 2298 2400 2357 'suo,
2451 2306 2570 2347 cum
2617 2290 2740 2347 illos
2784 2302 2882 2360 per
2919 2286 3126 2342 arentia
3171 2283 3407 2348 deserta,

1821 2384 1938 2454 ipso
1965 2383 2262 2438 comitante
2296 2382 2429 2447 Deo,
2459 2379 2656 2436 uelum
2697 2385 2964 2450 pasceret,
2997 2383 3152 2447 petra
3175 2382 3408 2446 putaret.

1819 2474 1926 2530 Sed
1949 2474 2064 2543 jam
2098 2474 2166 2530 ad
2203 2472 2334 2531 illud
2373 2471 2702 2544 pmcipuum
2738 2467 2940 2524 Christi
2976 2467 3292 2524 miraculum
3319 2480 3408 2525 ve-

1821 2564 2057 2633 niamus,
2079 2579 2186 2636 quo
2206 2577 2306 2633 pro
2332 2562 2658 2618 documento
2676 2557 2892 2614 deitatis
2916 2571 3028 2611 sua:
3055 2570 3224 2625 aquas
3250 2553 3409 2609 vertit

1821 2655 1873 2711 in
1921 2655 2125 2710 vinum.
2173 2653 2436 2712 Invitatus
2472 2660 2499 2699 Β
2534 2651 2735 2719 itaque,
2785 2657 2848 2703 ut
2888 2648 3104 2719 legitur,
3154 2645 3411 2701 Dominus

1820 2748 2060 2820 perrexit
2097 2745 2167 2801 ad
2209 2742 2458 2815 nuptias;
2487 2742 2604 2812 sed,
2633 2748 2693 2798 ut
2725 2740 3038 2810 dignaretur
3063 2738 3169 2793 hoc
3193 2734 3412 2806 virginis

1821 2841 1979 2909 ﬁlius,
1992 2848 2187 2895 nostra:
2202 2835 2519 2892 eruditionis
2537 2842 2621 2890 est
2640 2833 2780 2889 ratio
2800 2850 2813 2888 :
2839 2840 2917 2900 ut,
2938 2831 3044 2888 hoc
3063 2829 3207 2886 docti
3229 2844 3410 2884 exem-

1818 2933 1929 3003 plo.
1961 2932 2322 3000 legitimarum
2361 2929 2512 2986 illum
2553 2927 2861 2997 nuptiarum
2891 2941 3001 2982 non
3031 2937 3288 2993 negemus
3315 2937 3412 2978 au-

1817 3039 2045 3087 ctorem.
2086 3029 2248 3083 Vadit
2286 3041 2417 3098 ergo
2453 3026 2522 3082 ad
2564 3026 2778 3096 nuptias
2815 3023 2912 3081 Dei
2951 3022 3136 3086 Filius,
3169 3027 3248 3086 ut,
3280 3035 3412 3090 quas

1819 3132 2020 3188 dudum
2063 3138 2332 3202 potestate
2377 3129 2688 3194 constituit,
2719 3125 2746 3165 ιι
2793 3137 2924 3183 tunc
2962 3123 3262 3196 praesentiae
3306 3136 3412 3178 sua‘

144 3206 296 3277 Ipsum
331 3225 453 3267 esse
481 3211 577 3280 qui
604 3211 929 3265 esurientem
963 3208 1247 3264 Hebraeum
1269 3209 1522 3279 populum
1552 3222 1710 3276 ange-

1818 3195 2191 3286 benedictione
2218 3226 2540 3284 sanctiﬁeet.
2570 3225 2730 3282 Vadit
2758 3225 2829 3282 ad
2862 3227 3082 3296 nuptias
3102 3215 3309 3289 veteris
3336 3223 3413 3277 in-

145 3297 235 3352 lico
257 3299 377 3354 fecit
402 3316 569 3371 pane,
599 3300 765 3355 veluti
803 3299 1012 3356 ctelesti
1038 3299 1196 3366 lacte,
1227 3299 1594 3368 pinguescere.
1622 3298 1714 3352 Vi—

142 3385 284 3441 debat
309 3391 589 3458 parvulum
626 3390 869 3459 angustis
915 3389 968 3443 in
1006 3390 1284 3444 cunabulis
1311 3390 1705 3458 quiescentem;

141 3477 222 3530 sed
252 3480 431 3536 videre
469 3496 579 3536 non
621 3487 838 3551 poterat
864 3480 1037 3550 ipsum
1080 3494 1202 3535 esse
1241 3494 1404 3548 quem
1431 3495 1538 3536 non
1567 3481 1712 3551 capit

142 3567 368 3623 mundus.
412 3570 630 3636 Quanto
679 3572 840 3638 igitur
879 3571 1127 3626 inimicus
1155 3571 1208 3625 in
1238 3571 1340 3625 hac
1365 3569 1563 3626 Christi
1604 3572 1709 3626 hu-

143 3655 368 3725 militate,
394 3676 495 3730 per
519 3663 724 3716 incerta
751 3661 1038 3716 distractus
1064 3668 1284 3730 stupore
1309 3660 1552 3723 nutabat.
1584 3677 1705 3715 cum

143 3757 226 3812 per
249 3745 541 3814 Chaldaeos,
575 3751 871 3820 praecipuos
898 3751 1084 3819 utique
1124 3751 1414 3822 tyrannidis
1457 3766 1567 3806 sum
1607 3752 1709 3806 mi-

145 3833 338 3902 nistros,
365 3855 566 3894 novum
595 3839 800 3894 videret
836 3838 1176 3908 infantulum,
1205 3840 1352 3896 velut
1379 3842 1503 3896 novi
1533 3842 1706 3912 impe-

145 3921 198 3976 rii
219 3940 388 3995 regem
412 3929 577 3998 regiis
599 3929 909 3985 muneribus
932 3930 1227 3986 honorari?
1255 3930 1282 3969 b
1309 3931 1414 3986 Aut
1433 3933 1707 4001 quomodo

145 4026 237 4071 non
270 4026 526 4090 stuperet,
557 4036 683 4077 cum
721 4022 967 4078 turbatus
1009 4023 1300 4093 inspiceret
1337 4039 1368 4079 a
1397 4025 1572 4094 magis
1596 4026 1708 4082 suis

202 4179 229 4260 ξ
242 4172 658 4260 fluitabaqut:
759 4175 854 4260 {ioc
869 4179 1114 4260 praesenti
1135 4179 1330 4260 factum
1346 4181 1415 4260 sit
1439 4180 1702 4260 diealtem

146 4241 281 4296 cadd.
310 4245 479 4301 Vatic.
513 4244 644 4298 9451
680 4256 737 4300 et
761 4241 940 4300 Casin.
973 4245 1096 4311 106,
1119 4241 1210 4300 sed
1237 4249 1358 4319 quid
1386 4251 1707 4319 potissimum

146 4317 361 4370 retenti
379 4317 478 4370 hoc
508 4318 702 4370 factum
730 4317 796 4370 sit
823 4316 925 4369 die.

146 4318 361 4377 presenti
379 4318 478 4370 hac
507 4318 702 4387 factum
730 4318 796 4370 sit
823 4318 925 4369 die.
1251 4318 1254 4319 ⁷
1388 4318 1392 4319 “

203 4379 228 4418 δ
260 4381 388 4440 Cod.
418 4385 542 4438 Vat.
572 4384 698 4448 257,
724 4384 826 4437 Aut
852 4385 1106 4457 quomodo
1135 4403 1241 4441 non
1268 4396 1475 4458 stupore
1493 4399 1704 4451 cantur.

147 4445 289 4503 “tu.
317 4470 430 4503 cum
473 4455 745 4503 ἐπιτήρει-ει
773 4471 806 4503 a
833 4457 1019 4503 mauis.

249 4469 297 4526 s1
317 4462 745 4526 εφη-ἐπιφέρεται
760 4462 1019 4526 aumagis.

207 4531 228 4559 ⁸
261 4521 387 4580 Cod.
421 4521 702 4584 Vat.'%57,
733 4521 965 4584 ἄπουν-ἐι
990 4525 1204 4580 indicia.

202 4586 226 4627 ⁸
259 4590 424 4649 Codd.
459 4592 704 4647 Vaticani
730 4586 864 4647 4951
898 4600 954 4648 et
979 4592 1104 4659 257,
1126 4595 1320 4651 latebat
1346 4597 1401 4651 in
1443 4599 1704 4667 praesnti.

1815 3328 2015 3392 stituti,
2062 3342 2257 3383 novam
2307 3326 2408 3381 sibi
2457 3332 2732 3396 perpetua
2777 3325 3104 3395 virginitatis
3155 3336 3410 3392 sponsam

1814 3427 2052 3496 gentium
2078 3427 2146 3482 de
2174 3425 2584 3482 conversatione
2615 3424 2876 3480 facturus.
2898 3422 3058 3478 Vadit
3082 3422 3158 3476 ad
3174 3421 3411 3492 nuptias,

1812 3542 1972 3598 quem
2014 3527 2215 3596 nuptiae
2263 3541 2370 3580 non
2421 3532 2693 3581 crearunt.
2734 3523 2897 3579 Vadit
2934 3522 3002 3578 ad
3030 3523 3268 3592 nuptias,
3304 3538 3411 3577 non

1811 3629 1996 3697 utique
2041 3635 2100 3682 ut
2145 3627 2406 3683 conviviis
2445 3625 2764 3691 delectetur,
2801 3623 2899 3678 sed
2938 3631 2999 3678 ut
3043 3622 3059 3660 ί
3113 3622 3411 3678 mirabilius

1812 3729 2128 3784 innotescat.
2180 3727 2340 3782 Vadit
2387 3726 2455 3780 ad
2502 3725 2735 3794 nuptias,
2786 3739 2895 3778 non
2941 3731 3254 3793 sumpturus
3299 3723 3412 3793 68

1810 3829 2026 3899 pocula,
2059 3827 2152 3882 sed
2179 3826 2433 3891 daturus;
2468 3837 2594 3879 nam
2631 3838 2756 3880 cum
2784 3821 3073 3878 defcclsset
3111 3821 3409 3891 nuptianti-

1812 3931 1913 3986 bus
1936 3927 2137 3993 vinum,
2169 3927 2244 3982 ait
2268 3927 2343 3982 illi
2363 3925 2675 3982 beatissima
2704 3923 2872 3979 Maria
2909 3941 2926 3976 :
2968 3922 3154 3977 Vinum
3179 3937 3284 3977 non
3309 3921 3405 3976 ha-

1813 4028 1951 4082 bent.
1980 4025 2078 4083 Cui
2107 4026 2271 4084 velut-
2301 4024 2587 4093 indignans
2629 4023 2908 4094 respondit
2938 4022 2954 4074 l
2991 4021 3150 4078 Jesus
3183 4039 3195 4076 :
3221 4024 3241 4053 ²
3270 4019 3409 4086 Quid

1889 4193 1913 4219 ο
1954 4183 2117 4238 [idem
2147 4181 2306 4252 codd.
2335 4181 2596 4252 Vaticani,
2627 4181 2699 4234 ad
2722 4181 3102 4252 inquirendum.

1894 4253 1913 4289 ί
1952 4252 2085 4309 Cod.
2123 4252 2241 4306 Vat.
2265 4250 2397 4322 25'],
2423 4267 2516 4322 nec
2540 4250 2833 4322 parturiens
2859 4251 3000 4322 uirgo
3021 4251 3296 4320 θυραίαν-ει.

1889 4332 1914 4391 β
1952 4323 2085 4391 Cod.
2115 4322 2235 4376 Vat.
2268 4319 2429 4384 495i,
2463 4319 2722 4374 Inuitatus
2755 4321 2934 4391 igitur.

1885 4389 1915 4428 ιι
1953 4390 2085 4446 Cod.
2117 4391 2394 4455 Laurent.,
2417 4400 2553 4446 nunc
2571 4389 2862 4455 prasentice
2880 4406 3012 4449 suat.

1821 4533 1832 4543 .
1894 4459 1909 4497 ί
1950 4458 2370 4543 Cod._La'urent.
2402 4467 2460 4515 et
2494 4456 2615 4516 cod.
2644 4457 2768 4516 Vat.
2798 4456 2959 4527 4951,
2999 4469 3057 4514 ut
3084 4458 3405 4519 mirabilibus

1813 4540 2120 4584 innotescat.

1891 4599 1909 4649 i
1955 4599 2122 4656 Idem.
2143 4600 2268 4658 cod.
2289 4600 2436 4670 Vat.,
2455 4598 2729 4673 respondit
2753 4598 3031 4660 Dominus.

204 4728 223 4812 ιγ
438 4729 648 4812 fratres,
793 4731 1123 4812 (Intuendum
1164 4731 1354 4812 [legem
1393 4750 1569 4805 rogum
1601 4753 1706 4791 una
1738 4741 1786 4802 ι)
1809 4747 2065 4812 tanquam
2104 4740 2274 4812 Deum
2299 4740 2390 4810 pie
2414 4750 2712 4812 sancteque
2747 4749 3036 4798 veneratos
3064 4741 3247 4802 fuisse.
3291 4743 3408 4801 Hoc

143 4790 585 4875 Chaldcos:_st_etla
629 4790 906 4869 perduint,
955 4808 1064 4875 etc.
1087 4831 1159 4843 --
1186 4790 1272 4875 De
1299 4790 1543 4875 tempore
1595 4790 1705 4875 quo

142 4876 312 4942 novum
364 4866 498 4942 illud
561 4866 764 4942 astrum
828 4868 1020 4942 magis
1053 4872 1302 4942 appamit
1361 4866 1705 4933 Gravesonus

143 4931 326 5011 dissert.
369 4935 406 5011 εξ
448 4935 518 5011 d_e
569 4936 857 5011 una};
886 4931 1054 5011 Amnis
1090 4931 1319 5005 Christi,
1375 4951 1430 4997 et
1486 4931 1704 5001 Manilia

378 5004 530 5086 ίμῖίβ
566 4999 684 5086 ,Αἶλ
735 5006 952 5086 Christ“,
987 5023 1109 5086 .P'O
1155 4999 1522 5086 suaflnisque
1575 4999 1702 5070 seu;

309 5073 688 5158 emditissime
705 5077 940 5158 scripsit.
986 5073 1098 5158 Nec
1123 5073 1348 5158 quaesito
1396 5073 1538 5158 nunc
1566 5099 1703 5154 opus

141 5147 211 5219 gat
249 5151 422 5199 suum
466 5144 610 5212 magi
655 5144 858 5219 Arabes
903 5162 971 5219 an
1001 5144 1251 5219 Chaldaei
1300 5152 1533 5219 iuerint,
1579 5144 1702 5210 cum

316 5205 587 5294 ‘an'c'tores
631 5215 680 5294 ei
734 5217 1043 5294 quazstionj_
1065 5205 1493 5294 cummatissime
1521 5205 1699 5280 satis:

142 5275 350 5336 fecerint.
386 5281 564 5337 Unum
592 5275 960 5349 admonemus,
991 5287 1282 5344 Maximum
1312 5275 1698 5348 [ἑὸὲῦυῦιῆἦᾷ-

141 5349 783 5467 mmmam
801 5355 1338 5467 summaries;
1374 5363 1695 5467 testes;

326 5425 564 5478 occurrit
593 5431 788 5499 utrum
795 5425 975 5499 cultus
1004 5425 1336 5499 quem’magi
1372 5425 1499 5488 Iesu
1529 5447 1698 5499 puero

141 5486 645 5564 exhibueruntmere
685 5493 858 5564 civilis
885 5486 1046 5548 fuerit
1073 5510 1140 5551 an
1166 5486 1466 5564 religiosus.
1489 5486 1697 5557 Verum

141 5552 195 5608 de
213 5557 301 5614 hoc
320 5560 796 5628 locupletissimam
816 5562 1245 5619 dissertationem
1267 5552 1700 5626 migrasti;

142 5627 543 5711 genius-collega
582 5642 736 5711 mens
782 5631 967 5687 Romae
1008 5648 1118 5711 ann
1148 5634 1549 5711 l756__publici_
1563 5639 1701 5706 juris

143 5692 259 5750 iccit.
311 5692 526 5755 lnvictis
584 5701 802 5764 quidem
863 5704 1150 5756 momentis
1198 5719 1228 5756 a
1284 5692 1454 5762 Novo
1509 5692 1699 5764 Testa:

141 5775 293 5822 mento
312 5779 366 5824 ct
390 5787 421 5823 a
451 5767 699 5828 Patribus
730 5771 974 5827 deductis
1006 5774 1199 5842 probat
1223 5784 1408 5846 magos
1425 5775 1699 5837 Christum

1810 4811 1862 4864 in
1893 4825 2058 4879 opere
2083 4809 2432 4880 proﬂigantur
2455 4809 2695 4876 Grotius,
2719 4812 3092 4880 Basnagiuset
3109 4813 3404 4880 Simonius,

1807 4882 2213 5004 gﬂtmagorum
2240 4881 2445 4937 cultum
2471 4897 2622 4939 mere
2649 4882 2863 4940 civilem
2901 4881 3194 4940 obtrudere
3223 4885 3408 4941 conati

1808 4965 1953 5005 sunt.

1878 5022 1898 5051 '
1929 5017 2066 5083 Quid
2231 5022 2396 5099 lettibAi
2412 5030 2512 5099 est,
2522 5020 2760 5099 inuti"?
2779 5019 2912 5077 Hac
2939 5020 3091 5099 verba
3118 5027 3406 5099 indignan-

1808 5090 1873 5142 tis
1893 5106 2005 5162 esse
2019 5092 2132 5160 quis
2149 5089 2384 5162 dubith
2403 5092 2513 5147 Sed
2524 5093 2741 5154 idcirco,
2754 5099 2811 5145 ut
2829 5109 2966 5158 reor,
2983 5094 3104 5162 quia
3127 5089 3408 5153 tam'teme-

1805 5174 1862 5210 re
1875 5161 1924 5213 ei
1936 5169 2104 5237 mater
2121 5160 2186 5213 de
2201 5160 2403 5237 defectu
2417 5163 2649 5237 carnalis
2673 5163 2843 5237 poculi
2864 5160 3189 5237 suggerebat.
3213 5169 3302 5237 qui
3323 5185 3408 5222 oe-

1805 5237 1955 5283 nerat
1976 5231 2131 5284 totius
2149 5230 2287 5285 orbis
2309 5233 2543 5292 gentibus
2565 5230 2750 5287 novum
2761 5230 2944 5286 salutis
2966 5230 3176 5288 interna?
3188 5230 3404 5292 calicem

1870 5249 1955 5282 rat
1976 5249 2131 5284 tostus
2149 5249 2287 5285 orm
2343 5249 2543 5286 anxious
2565 5249 2750 5287 novum
2761 5249 2944 5286 satum
2969 5249 3176 5288 (sternte
3188 5249 3404 5292 cattcem

1870 5300 2102 5380 opinare.
2125 5330 2200 5381 τ-
2237 5249 2562 5382 Adgverbium
2612 5311 2829 5382 temere,
2880 5301 3115 5382 quo
3156 5320 3287 5382 usus
3323 5316 3407 5382 est

1862 5373 2090 5433 aximns,
2112 5373 2157 5423 si
2181 5373 2349 5425 series
2378 5379 2491 5427 tota
2517 5379 2918 5433 contextusque
2937 5373 3201 5429 orationis
3221 5377 3407 5432 consi-

1804 5438 2041 5497 deretur.
2074 5439 2264 5493 eodem
2293 5449 2503 5509 spectat
2531 5449 2693 5510 atque
2715 5438 2971 5510 illudgnon
2997 5457 3061 5494 ea:
3081 5460 3169 5507 re;
3199 5461 3323 5499 neve
3343 5462 3408 5501 ea:

1807 5515 2051 5580 tempore,
2073 5525 2281 5580 seunou
2295 5508 2618 5579 opportune;
2642 5525 2749 5580 qua
2758 5508 2988 5580 quidem
3011 5511 3407 5578 signiﬁcatione

1805 5577 2099 5658 adverbith
2120 5578 2261 5658 idem
2288 5577 2923 5658 usurpa_tuu_t_h‘aud_:raro
2946 5577 3145 5658 fuitJab
3171 5584 3408 5658 antiquis

1806 5647 2039 5719 purioris
2069 5648 2373 5719 Latinitatis
2409 5646 2724 5715 cultoribus,
2757 5646 3015 5719 Terentio
3031 5646 3323 5719 Aimprimis
3352 5654 3406 5707 in

1808 5709 2142 5796 Elim-mione,
2188 5725 2293 5796 act.
2338 5717 2392 5781 5,
2424 5734 2508 5796 sc._
2533 5719 2585 5783 8,
2611 5709 2856 5796 vers._9.
2886 5727 2992 5796 etc.
3027 5709 3083 5796 Id
3128 5709 3310 5776 autem
3336 5737 3405 5796 eo

1806 5785 1946 5851 dico,
1990 5796 2048 5840 ut
2096 5804 2162 5842 ne
2205 5788 2325 5856 quis
2354 5797 2447 5843 aut
2479 5789 2881 5859 despiciendum
2909 5787 3219 5855 Maximum,
3249 5793 3401 5861 quasi
