  <div class='ocr_page' id='page_1' title='image "/cluster/home/n/w/nwhite01/storage/ocr_20150623/57/uva.x000827099/143.png"; bbox 0 0 3924 6232; ppageno 0'>
   <div class='ocr_carea' id='block_1_1' title="bbox 470 351 571 406">
    <p class='ocr_par' dir='ltr' id='par_1_1' title="bbox 470 351 571 406">
     <span class='ocr_line' id='line_1_1' title="bbox 470 351 571 406; baseline 0.02 -3"><span class='ocrx_word' id='word_1_1' title='bbox 470 351 571 406; x_wconf 78' lang='grc'><strong>275</strong></span> 
     </span>
    </p>
   </div>
   <div class='ocr_carea' id='block_1_2' title="bbox 1669 353 2495 414">
    <p class='ocr_par' dir='ltr' id='par_1_2' title="bbox 1669 353 2495 414">
     <span class='ocr_line' id='line_1_2' title="bbox 1669 353 2495 414; baseline 0.005 -3"><span class='ocrx_word' id='word_1_2' title='bbox 1669 353 1724 411; x_wconf 86' lang='lat' dir='ltr'><strong>S.</strong></span> <span class='ocrx_word' id='word_1_3' title='bbox 1764 354 2006 410; x_wconf 73' lang='lat' dir='ltr'><strong>MAXIM]</strong></span> <span class='ocrx_word' id='word_1_4' title='bbox 2049 356 2495 414; x_wconf 60' lang='lat' dir='ltr'><strong>&#39;i‘AURDII&#39;FSIS</strong></span> 
     </span>
    </p>
   </div>
   <div class='ocr_carea' id='block_1_3' title="bbox 3647 363 3754 418">
    <p class='ocr_par' dir='ltr' id='par_1_3' title="bbox 3647 363 3754 418">
     <span class='ocr_line' id='line_1_3' title="bbox 3647 363 3754 418; baseline 0.019 -3"><span class='ocrx_word' id='word_1_5' title='bbox 3647 363 3754 418; x_wconf 66' lang='lat'><strong>276</strong></span> 
     </span>
    </p>
   </div>
   <div class='ocr_carea' id='block_1_4' title="bbox 470 462 3752 547">
    <p class='ocr_par' dir='ltr' id='par_1_4' title="bbox 470 462 3752 547">
     <span class='ocr_line' id='line_1_4' title="bbox 470 462 3752 547; baseline 0.006 -30"><span class='ocrx_word' id='word_1_6' title='bbox 470 463 599 517; x_wconf 80' lang='lat' dir='ltr'><strong>mihi</strong></span> <span class='ocrx_word' id='word_1_7' title='bbox 625 472 674 518; x_wconf 84' lang='lat' dir='ltr'><strong>et</strong></span> <span class='ocrx_word' id='word_1_8' title='bbox 711 462 802 518; x_wconf 85' lang='lat' dir='ltr'><strong>tibi</strong></span> <span class='ocrx_word' id='word_1_9' title='bbox 846 473 943 530; x_wconf 78' lang='lat' dir='ltr'><strong>est,</strong></span> <span class='ocrx_word' id='word_1_10' title='bbox 979 466 1201 521; x_wconf 68' lang='lat' dir='ltr'><strong>mulier?</strong></span> <span class='ocrx_word' id='word_1_11' title='bbox 1225 465 1350 523; x_wconf 70' lang='lat' dir='ltr'><strong>Hmc</strong></span> <span class='ocrx_word' id='word_1_12' title='bbox 1386 467 1546 522; x_wconf 89' lang='lat' dir='ltr'><strong>verba</strong></span> <span class='ocrx_word' id='word_1_13' title='bbox 1584 467 1908 536; x_wconf 75' lang='lat' dir='ltr'><strong>indignantis</strong></span> <span class='ocrx_word' id='word_1_14' title='bbox 1935 485 2054 524; x_wconf 89' lang='lat' dir='ltr'><strong>esse</strong></span> <span class='ocrx_word' id='word_1_15' title='bbox 2083 480 2129 534; x_wconf 80' lang='grc' dir='ltr'>Α</span> <span class='ocrx_word' id='word_1_16' title='bbox 2157 489 2288 542; x_wconf 89' lang='lat' dir='ltr'><strong>pore</strong></span> <span class='ocrx_word' id='word_1_17' title='bbox 2317 493 2328 526; x_wconf 92' lang='lat'>:</span> <span class='ocrx_word' id='word_1_18' title='bbox 2355 475 2556 545; x_wconf 87' lang='lat' dir='ltr'><strong>hydriis</strong></span> <span class='ocrx_word' id='word_1_19' title='bbox 2576 483 2772 543; x_wconf 73' lang='lat' dir='ltr'><strong>prteter</strong></span> <span class='ocrx_word' id='word_1_20' title='bbox 2790 490 2982 546; x_wconf 88' lang='lat' dir='ltr'><strong>aquam</strong></span> <span class='ocrx_word' id='word_1_21' title='bbox 3008 477 3138 532; x_wconf 84' lang='lat' dir='ltr'><strong>nihil</strong></span> <span class='ocrx_word' id='word_1_22' title='bbox 3164 476 3434 547; x_wconf 86' lang='lat' dir='ltr'><strong>adjectum</strong></span> <span class='ocrx_word' id='word_1_23' title='bbox 3460 500 3473 533; x_wconf 75' lang='grc' dir='ltr'>ε</span> <span class='ocrx_word' id='word_1_24' title='bbox 3500 497 3590 536; x_wconf 86' lang='lat' dir='ltr'><strong>ars</strong></span> <span class='ocrx_word' id='word_1_25' title='bbox 3610 483 3752 537; x_wconf 81' lang='lat' dir='ltr'><strong>nulla</strong></span> 
     </span>
    </p>
   </div>
   <div class='ocr_carea' id='block_1_5' title="bbox 469 554 2055 626">
    <p class='ocr_par' dir='ltr' id='par_1_5' title="bbox 469 554 2055 626">
     <span class='ocr_line' id='line_1_5' title="bbox 469 554 2055 626; baseline 0.005 -21"><span class='ocrx_word' id='word_1_26' title='bbox 469 554 590 621; x_wconf 90' lang='lat' dir='ltr'><strong>quis</strong></span> <span class='ocrx_word' id='word_1_27' title='bbox 621 554 864 609; x_wconf 83' lang='lat' dir='ltr'><strong>dubitet?</strong></span> <span class='ocrx_word' id='word_1_28' title='bbox 892 555 997 610; x_wconf 85' lang='lat' dir='ltr'><strong>Sed</strong></span> <span class='ocrx_word' id='word_1_29' title='bbox 1028 557 1247 620; x_wconf 84' lang='lat' dir='ltr'><strong>idcirco,</strong></span> <span class='ocrx_word' id='word_1_30' title='bbox 1279 566 1339 612; x_wconf 89' lang='lat' dir='ltr'><strong>ut</strong></span> <span class='ocrx_word' id='word_1_31' title='bbox 1379 573 1518 624; x_wconf 90' lang='lat' dir='ltr'><strong>reor,</strong></span> <span class='ocrx_word' id='word_1_32' title='bbox 1551 559 1676 626; x_wconf 82' lang='lat' dir='ltr'><strong>quia</strong></span> <span class='ocrx_word' id='word_1_33' title='bbox 1715 567 1821 611; x_wconf 91' lang='lat' dir='ltr'><strong>tam</strong></span> <span class='ocrx_word' id='word_1_34' title='bbox 1853 569 2055 614; x_wconf 89' lang='lat' dir='ltr'><strong>temere</strong></span> 
     </span>
    </p>
   </div>
   <div class='ocr_carea' id='block_1_6' title="bbox 469 644 2056 717">
    <p class='ocr_par' dir='ltr' id='par_1_6' title="bbox 469 644 2056 717">
     <span class='ocr_line' id='line_1_6' title="bbox 469 644 2056 717; baseline 0.005 -21"><span class='ocrx_word' id='word_1_35' title='bbox 469 645 517 696; x_wconf 90' lang='lat' dir='ltr'><strong>ei</strong></span> <span class='ocrx_word' id='word_1_36' title='bbox 551 653 723 697; x_wconf 89' lang='lat' dir='ltr'><strong>mater</strong></span> <span class='ocrx_word' id='word_1_37' title='bbox 750 654 774 680; x_wconf 77' lang='grc'><strong><em>⁸</em></strong></span> <span class='ocrx_word' id='word_1_38' title='bbox 803 644 869 700; x_wconf 90' lang='lat' dir='ltr'><strong>de</strong></span> <span class='ocrx_word' id='word_1_39' title='bbox 892 646 1103 702; x_wconf 87' lang='lat' dir='ltr'><strong>defectu</strong></span> <span class='ocrx_word' id='word_1_40' title='bbox 1132 649 1363 703; x_wconf 83' lang='lat' dir='ltr'><strong>carnalis</strong></span> <span class='ocrx_word' id='word_1_41' title='bbox 1393 650 1572 717; x_wconf 88' lang='lat' dir='ltr'><strong>poculi</strong></span> <span class='ocrx_word' id='word_1_42' title='bbox 1598 649 1936 717; x_wconf 75' lang='lat' dir='ltr'><strong>suggerebat,</strong></span> <span class='ocrx_word' id='word_1_43' title='bbox 1963 652 2056 717; x_wconf 88' lang='lat' dir='ltr'><strong>qui</strong></span> 
     </span>
    </p>
   </div>
   <div class='ocr_carea' id='block_1_7' title="bbox 469 737 2054 807">
    <p class='ocr_par' dir='ltr' id='par_1_7' title="bbox 469 737 2054 807">
     <span class='ocr_line' id='line_1_7' title="bbox 469 737 2054 807; baseline 0.006 -23"><span class='ocrx_word' id='word_1_44' title='bbox 469 743 691 786; x_wconf 81' lang='lat' dir='ltr'><strong>venerat</strong></span> <span class='ocrx_word' id='word_1_45' title='bbox 723 737 886 789; x_wconf 89' lang='lat' dir='ltr'><strong>totius</strong></span> <span class='ocrx_word' id='word_1_46' title='bbox 915 737 941 775; x_wconf 70' lang='grc' dir='ltr'>δ</span> <span class='ocrx_word' id='word_1_47' title='bbox 971 739 1114 792; x_wconf 87' lang='lat' dir='ltr'><strong>orbis</strong></span> <span class='ocrx_word' id='word_1_48' title='bbox 1136 739 1384 807; x_wconf 75' lang='lat' dir='ltr'><strong>gentibus</strong></span> <span class='ocrx_word' id='word_1_49' title='bbox 1405 755 1604 794; x_wconf 90' lang='lat' dir='ltr'><strong>novum</strong></span> <span class='ocrx_word' id='word_1_50' title='bbox 1633 741 1818 794; x_wconf 90' lang='lat' dir='ltr'><strong>salutis</strong></span> <span class='ocrx_word' id='word_1_51' title='bbox 1843 747 2054 794; x_wconf 73' lang='lat' dir='ltr'><strong>mterna:</strong></span> 
     </span>
    </p>
   </div>
   <div class='ocr_carea' id='block_1_8' title="bbox 464 825 2052 897">
    <p class='ocr_par' dir='ltr' id='par_1_8' title="bbox 464 825 2052 897">
     <span class='ocr_line' id='line_1_8' title="bbox 464 825 2052 897; baseline 0.004 -20"><span class='ocrx_word' id='word_1_52' title='bbox 464 825 688 879; x_wconf 85' lang='lat' dir='ltr'><strong>calicem</strong></span> <span class='ocrx_word' id='word_1_53' title='bbox 711 828 1015 897; x_wconf 90' lang='lat' dir='ltr'><strong>propinare.</strong></span> <span class='ocrx_word' id='word_1_54' title='bbox 1039 827 1197 895; x_wconf 87' lang='lat' dir='ltr'><strong>Quod</strong></span> <span class='ocrx_word' id='word_1_55' title='bbox 1216 829 1359 884; x_wconf 73' lang='lat' dir='ltr'><strong>enirn</strong></span> <span class='ocrx_word' id='word_1_56' title='bbox 1380 831 1474 893; x_wconf 88' lang='lat' dir='ltr'><strong>ait,</strong></span> <span class='ocrx_word' id='word_1_57' title='bbox 1501 829 1748 885; x_wconf 80' lang='lat' dir='ltr'><strong>Nondum</strong></span> <span class='ocrx_word' id='word_1_58' title='bbox 1767 832 1902 884; x_wconf 81' lang='lat' dir='ltr'><strong>venit</strong></span> <span class='ocrx_word' id='word_1_59' title='bbox 1922 832 2052 884; x_wconf 81' lang='lat' dir='ltr'><strong>hora</strong></span> 
     </span>
    </p>
   </div>
   <div class='ocr_carea' id='block_1_9' title="bbox 463 917 2051 992">
    <p class='ocr_par' dir='ltr' id='par_1_9' title="bbox 463 917 2051 992">
     <span class='ocr_line' id='line_1_9' title="bbox 463 917 2051 992; baseline 0.008 -25"><span class='ocrx_word' id='word_1_60' title='bbox 463 930 616 980; x_wconf 87' lang='lat' dir='ltr'><strong>mea;</strong></span> <span class='ocrx_word' id='word_1_61' title='bbox 659 917 804 973; x_wconf 87' lang='lat' dir='ltr'><strong>illam</strong></span> <span class='ocrx_word' id='word_1_62' title='bbox 846 918 1095 973; x_wconf 82' lang='lat' dir='ltr'><strong>nimirum</strong></span> <span class='ocrx_word' id='word_1_63' title='bbox 1138 921 1576 989; x_wconf 77' lang='lat' dir='ltr'><strong>gloriosissimam</strong></span> <span class='ocrx_word' id='word_1_64' title='bbox 1629 924 1896 992; x_wconf 85' lang='lat' dir='ltr'><strong>passionis</strong></span> <span class='ocrx_word' id='word_1_65' title='bbox 1940 939 2051 979; x_wconf 73' lang='lat' dir='ltr'><strong>suae</strong></span> 
     </span>
    </p>
   </div>
   <div class='ocr_carea' id='block_1_10' title="bbox 462 1005 2050 1082">
    <p class='ocr_par' dir='ltr' id='par_1_10' title="bbox 462 1005 2050 1082">
     <span class='ocr_line' id='line_1_10' title="bbox 462 1005 2050 1082; baseline 0.006 -24"><span class='ocrx_word' id='word_1_66' title='bbox 462 1005 676 1073; x_wconf 89' lang='lat' dir='ltr'><strong>horam,</strong></span> <span class='ocrx_word' id='word_1_67' title='bbox 713 1019 734 1046; x_wconf 73' lang='grc' dir='ltr'><strong>ε</strong></span> <span class='ocrx_word' id='word_1_68' title='bbox 760 1015 853 1061; x_wconf 90' lang='lat' dir='ltr'><strong>aut</strong></span> <span class='ocrx_word' id='word_1_69' title='bbox 879 1009 1005 1062; x_wconf 85' lang='lat' dir='ltr'><strong>illud</strong></span> <span class='ocrx_word' id='word_1_70' title='bbox 1031 1009 1418 1080; x_wconf 86' lang='lat' dir='ltr'><strong>redemptionis</strong></span> <span class='ocrx_word' id='word_1_71' title='bbox 1446 1020 1643 1066; x_wconf 77' lang='lat' dir='ltr'><strong>nostra:</strong></span> <span class='ocrx_word' id='word_1_72' title='bbox 1671 1013 1872 1077; x_wconf 88' lang='lat' dir='ltr'><strong>vinum,</strong></span> <span class='ocrx_word' id='word_1_73' title='bbox 1904 1013 2050 1082; x_wconf 88' lang='lat' dir='ltr'><strong>quod</strong></span> 
     </span>
    </p>
   </div>
   <div class='ocr_carea' id='block_1_11' title="bbox 458 1093 2046 1171">
    <p class='ocr_par' dir='ltr' id='par_1_11' title="bbox 458 1093 2046 1171">
     <span class='ocr_line' id='line_1_11' title="bbox 458 1093 2046 1171; baseline 0.008 -26"><span class='ocrx_word' id='word_1_74' title='bbox 458 1093 584 1148; x_wconf 68' lang='lat' dir='ltr'><strong>vita:</strong></span> <span class='ocrx_word' id='word_1_75' title='bbox 610 1096 848 1167; x_wconf 71' lang='lat' dir='ltr'><strong>omnium</strong></span> <span class='ocrx_word' id='word_1_76' title='bbox 872 1098 1178 1166; x_wconf 77' lang='lat' dir='ltr'><strong>proficeret,</strong></span> <span class='ocrx_word' id='word_1_77' title='bbox 1221 1101 1587 1169; x_wconf 86' lang='lat' dir='ltr'><strong>promittebat.</strong></span> <span class='ocrx_word' id='word_1_78' title='bbox 1620 1101 1752 1155; x_wconf 80' lang='lat' dir='ltr'><strong>Nam</strong></span> <span class='ocrx_word' id='word_1_79' title='bbox 1779 1103 1924 1170; x_wconf 90' lang='lat' dir='ltr'><strong>quod</strong></span> <span class='ocrx_word' id='word_1_80' title='bbox 1949 1118 2046 1171; x_wconf 88' lang='lat' dir='ltr'><strong>pe-</strong></span> 
     </span>
    </p>
   </div>
   <div class='ocr_carea' id='block_1_12' title="bbox 459 1184 2048 1261">
    <p class='ocr_par' dir='ltr' id='par_1_12' title="bbox 459 1184 2048 1261">
     <span class='ocr_line' id='line_1_12' title="bbox 459 1184 2048 1261; baseline 0.008 -24"><span class='ocrx_word' id='word_1_81' title='bbox 459 1185 608 1238; x_wconf 89' lang='lat' dir='ltr'><strong>tebat</strong></span> <span class='ocrx_word' id='word_1_82' title='bbox 642 1184 807 1240; x_wconf 80' lang='lat' dir='ltr'><strong>Maria</strong></span> <span class='ocrx_word' id='word_1_83' title='bbox 852 1194 970 1242; x_wconf 87' lang='lat' dir='ltr'><strong>erat</strong></span> <span class='ocrx_word' id='word_1_84' title='bbox 1015 1190 1201 1257; x_wconf 68' lang='lat' dir='ltr'><strong>gratia:</strong></span> <span class='ocrx_word' id='word_1_85' title='bbox 1247 1193 1590 1260; x_wconf 87' lang='lat' dir='ltr'><strong>temporalis;</strong></span> <span class='ocrx_word' id='word_1_86' title='bbox 1630 1193 1774 1261; x_wconf 92' lang='lat' dir='ltr'><strong>quod</strong></span> <span class='ocrx_word' id='word_1_87' title='bbox 1804 1193 2048 1250; x_wconf 87' lang='lat' dir='ltr'><strong>Christus</strong></span> 
     </span>
    </p>
   </div>
   <div class='ocr_carea' id='block_1_13' title="bbox 456 1276 2048 1352">
    <p class='ocr_par' dir='ltr' id='par_1_13' title="bbox 456 1276 2048 1352">
     <span class='ocr_line' id='line_1_13' title="bbox 456 1276 2048 1352; baseline 0.006 -25"><span class='ocrx_word' id='word_1_88' title='bbox 456 1276 702 1344; x_wconf 88' lang='lat' dir='ltr'><strong>parabat,</strong></span> <span class='ocrx_word' id='word_1_89' title='bbox 735 1278 912 1344; x_wconf 88' lang='lat' dir='ltr'><strong>gaudii</strong></span> <span class='ocrx_word' id='word_1_90' title='bbox 959 1279 1291 1348; x_wconf 86' lang='lat' dir='ltr'><strong>sempiterni.</strong></span> <span class='ocrx_word' id='word_1_91' title='bbox 1327 1280 1438 1336; x_wconf 84' lang='lat' dir='ltr'><strong>Nec</strong></span> <span class='ocrx_word' id='word_1_92' title='bbox 1466 1290 1643 1336; x_wconf 86' lang='lat' dir='ltr'><strong>tamen</strong></span> <span class='ocrx_word' id='word_1_93' title='bbox 1690 1283 1860 1352; x_wconf 81' lang='lat' dir='ltr'><strong>piguit</strong></span> <span class='ocrx_word' id='word_1_94' title='bbox 1896 1284 2048 1338; x_wconf 87' lang='lat' dir='ltr'><strong>beni-</strong></span> 
     </span>
    </p>
   </div>
   <div class='ocr_carea' id='block_1_14' title="bbox 455 1365 2045 1442">
    <p class='ocr_par' dir='ltr' id='par_1_14' title="bbox 455 1365 2045 1442">
     <span class='ocr_line' id='line_1_14' title="bbox 455 1365 2045 1442; baseline 0.007 -25"><span class='ocrx_word' id='word_1_95' title='bbox 455 1365 767 1431; x_wconf 89' lang='lat' dir='ltr'><strong>gnissimum</strong></span> <span class='ocrx_word' id='word_1_96' title='bbox 812 1366 1126 1431; x_wconf 89' lang='lat' dir='ltr'><strong>Dominum,</strong></span> <span class='ocrx_word' id='word_1_97' title='bbox 1173 1367 1302 1423; x_wconf 93' lang='lat' dir='ltr'><strong>dum</strong></span> <span class='ocrx_word' id='word_1_98' title='bbox 1346 1385 1536 1438; x_wconf 87' lang='lat' dir='ltr'><strong>magna</strong></span> <span class='ocrx_word' id='word_1_99' title='bbox 1586 1374 1831 1436; x_wconf 88' lang='lat' dir='ltr'><strong>veniunt,</strong></span> <span class='ocrx_word' id='word_1_100' title='bbox 1883 1389 2045 1442; x_wconf 89' lang='lat' dir='ltr'><strong>parva</strong></span> 
     </span>
    </p>
   </div>
   <div class='ocr_carea' id='block_1_15' title="bbox 455 1455 2045 1522">
    <p class='ocr_par' dir='ltr' id='par_1_15' title="bbox 455 1455 2045 1522">
     <span class='ocr_line' id='line_1_15' title="bbox 455 1455 2045 1522; baseline 0.006 -14"><span class='ocrx_word' id='word_1_101' title='bbox 455 1462 740 1522; x_wconf 68' lang='lat' dir='ltr'><strong>priestare;</strong></span> <span class='ocrx_word' id='word_1_102' title='bbox 791 1455 912 1510; x_wconf 87' lang='lat' dir='ltr'><strong>ideo</strong></span> <span class='ocrx_word' id='word_1_103' title='bbox 959 1459 1281 1514; x_wconf 82' lang='lat' dir='ltr'><strong>venerabilis</strong></span> <span class='ocrx_word' id='word_1_104' title='bbox 1337 1459 1502 1515; x_wconf 83' lang='lat' dir='ltr'><strong>Maria</strong></span> <span class='ocrx_word' id='word_1_105' title='bbox 1558 1471 1615 1516; x_wconf 88' lang='lat' dir='ltr'><strong>et</strong></span> <span class='ocrx_word' id='word_1_106' title='bbox 1661 1477 1789 1516; x_wconf 84' lang='lat' dir='ltr'><strong>vere</strong></span> <span class='ocrx_word' id='word_1_107' title='bbox 1828 1471 1886 1516; x_wconf 93' lang='lat' dir='ltr'><strong>ut</strong></span> <span class='ocrx_word' id='word_1_108' title='bbox 1931 1479 2045 1516; x_wconf 83' lang='lat' dir='ltr'><strong>ma-</strong></span> 
     </span>
    </p>
   </div>
   <div class='ocr_carea' id='block_1_16' title="bbox 454 1544 2046 1620">
    <p class='ocr_par' dir='ltr' id='par_1_16' title="bbox 454 1544 2046 1620">
     <span class='ocr_line' id='line_1_16' title="bbox 454 1544 2046 1620; baseline 0.006 -23"><span class='ocrx_word' id='word_1_109' title='bbox 454 1552 536 1598; x_wconf 90' lang='lat' dir='ltr'><strong>ter</strong></span> <span class='ocrx_word' id='word_1_110' title='bbox 580 1544 791 1599; x_wconf 86' lang='lat' dir='ltr'><strong>Domini</strong></span> <span class='ocrx_word' id='word_1_111' title='bbox 836 1547 891 1600; x_wconf 89' lang='lat' dir='ltr'><strong>in</strong></span> <span class='ocrx_word' id='word_1_112' title='bbox 940 1549 1127 1616; x_wconf 88' lang='lat' dir='ltr'><strong>spiritu</strong></span> <span class='ocrx_word' id='word_1_113' title='bbox 1176 1547 1203 1585; x_wconf 69' lang='lat' dir='ltr'><strong>d</strong></span> <span class='ocrx_word' id='word_1_114' title='bbox 1246 1548 1423 1604; x_wconf 84' lang='lat' dir='ltr'><strong>futura</strong></span> <span class='ocrx_word' id='word_1_115' title='bbox 1462 1567 1825 1620; x_wconf 62' lang='lat' dir='ltr'><strong>praenoscens,</strong></span> <span class='ocrx_word' id='word_1_116' title='bbox 1858 1568 1920 1608; x_wconf 90' lang='lat' dir='ltr'><strong>ac</strong></span> <span class='ocrx_word' id='word_1_117' title='bbox 1946 1555 2046 1607; x_wconf 87' lang='lat' dir='ltr'><strong>do-</strong></span> 
     </span>
    </p>
   </div>
   <div class='ocr_carea' id='block_1_17' title="bbox 454 1635 2042 1705">
    <p class='ocr_par' dir='ltr' id='par_1_17' title="bbox 454 1635 2042 1705">
     <span class='ocr_line' id='line_1_17' title="bbox 454 1635 2042 1705; baseline 0.008 -17"><span class='ocrx_word' id='word_1_118' title='bbox 454 1635 706 1690; x_wconf 89' lang='lat' dir='ltr'><strong>minicam</strong></span> <span class='ocrx_word' id='word_1_119' title='bbox 747 1639 1046 1705; x_wconf 63' lang='lat' dir='ltr'><strong>praavidens</strong></span> <span class='ocrx_word' id='word_1_120' title='bbox 1091 1641 1443 1704; x_wconf 84' lang='lat' dir='ltr'><strong>voluntatem,</strong></span> <span class='ocrx_word' id='word_1_121' title='bbox 1488 1644 1718 1697; x_wconf 89' lang='lat' dir='ltr'><strong>sollicite</strong></span> <span class='ocrx_word' id='word_1_122' title='bbox 1770 1645 2042 1700; x_wconf 88' lang='lat' dir='ltr'><strong>ministros</strong></span> 
     </span>
    </p>
   </div>
   <div class='ocr_carea' id='block_1_18' title="bbox 451 1726 2038 1802">
    <p class='ocr_par' dir='ltr' id='par_1_18' title="bbox 451 1726 2038 1802">
     <span class='ocr_line' id='line_1_18' title="bbox 451 1726 2038 1802; baseline 0.006 -23"><span class='ocrx_word' id='word_1_123' title='bbox 451 1726 748 1790; x_wconf 81' lang='lat' dir='ltr'><strong>admonuit,</strong></span> <span class='ocrx_word' id='word_1_124' title='bbox 797 1729 1024 1783; x_wconf 88' lang='lat' dir='ltr'><strong>dicens:</strong></span> <span class='ocrx_word' id='word_1_125' title='bbox 1062 1728 1412 1801; x_wconf 80' lang='lat' dir='ltr'><strong>Quodcunque</strong></span> <span class='ocrx_word' id='word_1_126' title='bbox 1455 1734 1644 1786; x_wconf 76' lang='lat' dir='ltr'><strong>dixerit</strong></span> <span class='ocrx_word' id='word_1_127' title='bbox 1682 1732 1818 1787; x_wconf 75' lang='lat' dir='ltr'><strong>vobis</strong></span> <span class='ocrx_word' id='word_1_128' title='bbox 1863 1737 2038 1802; x_wconf 71' lang='lat' dir='ltr'><strong>facite.</strong></span> 
     </span>
    </p>
   </div>
   <div class='ocr_carea' id='block_1_19' title="bbox 2159 563 3750 640">
    <p class='ocr_par' dir='ltr' id='par_1_19' title="bbox 2159 563 3750 640">
     <span class='ocr_line' id='line_1_19' title="bbox 2159 563 3750 640; baseline 0.007 -24"><span class='ocrx_word' id='word_1_129' title='bbox 2159 563 2423 617; x_wconf 86' lang='lat' dir='ltr'><strong>conducta</strong></span> <span class='ocrx_word' id='word_1_130' title='bbox 2451 573 2532 618; x_wconf 89' lang='lat' dir='ltr'><strong>est</strong></span> <span class='ocrx_word' id='word_1_131' title='bbox 2558 583 2570 616; x_wconf 88' lang='lat'><strong>:</strong></span> <span class='ocrx_word' id='word_1_132' title='bbox 2596 573 2652 619; x_wconf 91' lang='lat' dir='ltr'><strong>et</strong></span> <span class='ocrx_word' id='word_1_133' title='bbox 2685 573 2792 619; x_wconf 90' lang='lat' dir='ltr'><strong>tam</strong></span> <span class='ocrx_word' id='word_1_134' title='bbox 2822 567 3025 634; x_wconf 84' lang='lat' dir='ltr'><strong>grande</strong></span> <span class='ocrx_word' id='word_1_135' title='bbox 3048 568 3361 622; x_wconf 87' lang='lat' dir='ltr'><strong>miraculum</strong></span> <span class='ocrx_word' id='word_1_136' title='bbox 3391 570 3537 625; x_wconf 85' lang='lat' dir='ltr'><strong>inter</strong></span> <span class='ocrx_word' id='word_1_137' title='bbox 3561 574 3750 640; x_wconf 84' lang='lat' dir='ltr'><strong>pavida</strong></span> 
     </span>
    </p>
   </div>
   <div class='ocr_carea' id='block_1_20' title="bbox 2158 655 3750 721">
    <p class='ocr_par' dir='ltr' id='par_1_20' title="bbox 2158 655 3750 721">
     <span class='ocr_line' id='line_1_20' title="bbox 2158 655 3750 721; baseline 0.007 -15"><span class='ocrx_word' id='word_1_138' title='bbox 2158 655 2616 708; x_wconf 85' lang='lat' dir='ltr'><strong>circumstantium</strong></span> <span class='ocrx_word' id='word_1_139' title='bbox 2639 656 2873 721; x_wconf 90' lang='lat' dir='ltr'><strong>silentia,</strong></span> <span class='ocrx_word' id='word_1_140' title='bbox 2901 657 3017 711; x_wconf 87' lang='lat' dir='ltr'><strong>sola</strong></span> <span class='ocrx_word' id='word_1_141' title='bbox 3037 666 3243 711; x_wconf 89' lang='lat' dir='ltr'><strong>tantum</strong></span> <span class='ocrx_word' id='word_1_142' title='bbox 3268 659 3514 713; x_wconf 84' lang='lat' dir='ltr'><strong>voluntas</strong></span> <span class='ocrx_word' id='word_1_143' title='bbox 3539 661 3750 717; x_wconf 87' lang='lat' dir='ltr'><strong>Domini</strong></span> 
     </span>
    </p>
   </div>
   <div class='ocr_carea' id='block_1_21' title="bbox 2157 744 3750 821">
    <p class='ocr_par' dir='ltr' id='par_1_21' title="bbox 2157 744 3750 821">
     <span class='ocr_line' id='line_1_21' title="bbox 2157 744 3750 821; baseline 0.006 -24"><span class='ocrx_word' id='word_1_144' title='bbox 2157 746 2381 799; x_wconf 87' lang='lat' dir='ltr'><strong>tacentis</strong></span> <span class='ocrx_word' id='word_1_145' title='bbox 2431 744 2626 800; x_wconf 75' lang='lat' dir='ltr'><strong>effecit.</strong></span> <span class='ocrx_word' id='word_1_146' title='bbox 2689 747 2798 803; x_wconf 81' lang='lat' dir='ltr'><strong>Nec</strong></span> <span class='ocrx_word' id='word_1_147' title='bbox 2841 747 3220 813; x_wconf 89' lang='lat' dir='ltr'><strong>dubitandum,</strong></span> <span class='ocrx_word' id='word_1_148' title='bbox 3275 752 3574 819; x_wconf 87' lang='lat' dir='ltr'><strong>carissimi,</strong></span> <span class='ocrx_word' id='word_1_149' title='bbox 3625 755 3750 821; x_wconf 84' lang='lat' dir='ltr'><strong>quia</strong></span> 
     </span>
    </p>
   </div>
   <div class='ocr_carea' id='block_1_22' title="bbox 2156 836 3750 907">
    <p class='ocr_par' dir='ltr' id='par_1_22' title="bbox 2156 836 3750 907">
     <span class='ocr_line' id='line_1_22' title="bbox 2156 836 3750 907; baseline 0.003 -18"><span class='ocrx_word' id='word_1_150' title='bbox 2156 836 2272 904; x_wconf 88' lang='lat' dir='ltr'><strong>ipse</strong></span> <span class='ocrx_word' id='word_1_151' title='bbox 2298 851 2468 904; x_wconf 88' lang='lat' dir='ltr'><strong>aquas</strong></span> <span class='ocrx_word' id='word_1_152' title='bbox 2498 837 2732 892; x_wconf 84' lang='lat' dir='ltr'><strong>traduxit</strong></span> <span class='ocrx_word' id='word_1_153' title='bbox 2775 839 2828 892; x_wconf 91' lang='lat' dir='ltr'><strong>in</strong></span> <span class='ocrx_word' id='word_1_154' title='bbox 2858 840 3058 903; x_wconf 90' lang='lat' dir='ltr'><strong>vinum,</strong></span> <span class='ocrx_word' id='word_1_155' title='bbox 3089 841 3182 907; x_wconf 87' lang='lat' dir='ltr'><strong>qui</strong></span> <span class='ocrx_word' id='word_1_156' title='bbox 3211 855 3303 893; x_wconf 87' lang='lat' dir='ltr'><strong>eas</strong></span> <span class='ocrx_word' id='word_1_157' title='bbox 3330 841 3397 895; x_wconf 87' lang='lat' dir='ltr'><strong>ab</strong></span> <span class='ocrx_word' id='word_1_158' title='bbox 3426 842 3584 896; x_wconf 87' lang='lat' dir='ltr'><strong>initio</strong></span> <span class='ocrx_word' id='word_1_159' title='bbox 3618 857 3750 895; x_wconf 84' lang='lat' dir='ltr'><strong>con-</strong></span> 
     </span>
    </p>
   </div>
   <div class='ocr_carea' id='block_1_23' title="bbox 2155 926 3749 1000">
    <p class='ocr_par' dir='ltr' id='par_1_23' title="bbox 2155 926 3749 1000">
     <span class='ocr_line' id='line_1_23' title="bbox 2155 926 3749 1000; baseline 0.006 -22"><span class='ocrx_word' id='word_1_160' title='bbox 2155 927 2323 980; x_wconf 89' lang='lat' dir='ltr'><strong>crevit</strong></span> <span class='ocrx_word' id='word_1_161' title='bbox 2363 926 2419 980; x_wconf 90' lang='lat' dir='ltr'><strong>in</strong></span> <span class='ocrx_word' id='word_1_162' title='bbox 2463 927 2634 993; x_wconf 89' lang='lat' dir='ltr'><strong>nives,</strong></span> <span class='ocrx_word' id='word_1_163' title='bbox 2666 928 2879 982; x_wconf 89' lang='lat' dir='ltr'><strong>duravit</strong></span> <span class='ocrx_word' id='word_1_164' title='bbox 2921 929 2976 982; x_wconf 91' lang='lat' dir='ltr'><strong>in</strong></span> <span class='ocrx_word' id='word_1_165' title='bbox 3013 928 3259 996; x_wconf 87' lang='lat' dir='ltr'><strong>glaciem,</strong></span> <span class='ocrx_word' id='word_1_166' title='bbox 3290 929 3562 1000; x_wconf 64' lang='lat' dir='ltr'><strong>Egyptiis</strong></span> <span class='ocrx_word' id='word_1_167' title='bbox 3590 933 3749 987; x_wconf 80' lang='lat' dir='ltr'><strong>vertit</strong></span> 
     </span>
    </p>
   </div>
   <div class='ocr_carea' id='block_1_24' title="bbox 2155 1017 3748 1085">
    <p class='ocr_par' dir='ltr' id='par_1_24' title="bbox 2155 1017 3748 1085">
     <span class='ocr_line' id='line_1_24' title="bbox 2155 1017 3748 1085; baseline 0.004 -16"><span class='ocrx_word' id='word_1_168' title='bbox 2155 1017 2206 1070; x_wconf 92' lang='lat' dir='ltr'><strong>in</strong></span> <span class='ocrx_word' id='word_1_169' title='bbox 2232 1017 2566 1085; x_wconf 89' lang='lat' dir='ltr'><strong>sanguinem,</strong></span> <span class='ocrx_word' id='word_1_170' title='bbox 2600 1025 2655 1072; x_wconf 91' lang='lat' dir='ltr'><strong>et</strong></span> <span class='ocrx_word' id='word_1_171' title='bbox 2679 1017 2917 1074; x_wconf 79' lang='lat' dir='ltr'><strong>Hebraeis</strong></span> <span class='ocrx_word' id='word_1_172' title='bbox 2950 1019 3253 1074; x_wconf 89' lang='lat' dir='ltr'><strong>sitientibus</strong></span> <span class='ocrx_word' id='word_1_173' title='bbox 3291 1035 3512 1074; x_wconf 88' lang='lat' dir='ltr'><strong>manare</strong></span> <span class='ocrx_word' id='word_1_174' title='bbox 3547 1024 3562 1071; x_wconf 82' lang='lat' dir='ltr'><strong>t</strong></span> <span class='ocrx_word' id='word_1_175' title='bbox 3599 1021 3748 1076; x_wconf 80' lang='lat' dir='ltr'><strong>arida</strong></span> 
     </span>
    </p>
   </div>
   <div class='ocr_carea' id='block_1_25' title="bbox 2150 1105 3745 1175">
    <p class='ocr_par' dir='ltr' id='par_1_25' title="bbox 2150 1105 3745 1175">
     <span class='ocr_line' id='line_1_25' title="bbox 2150 1105 3745 1175; baseline 0.002 -15"><span class='ocrx_word' id='word_1_176' title='bbox 2150 1105 2217 1160; x_wconf 91' lang='lat' dir='ltr'><strong>de</strong></span> <span class='ocrx_word' id='word_1_177' title='bbox 2246 1120 2379 1175; x_wconf 89' lang='lat' dir='ltr'><strong>rupe</strong></span> <span class='ocrx_word' id='word_1_178' title='bbox 2407 1107 2680 1175; x_wconf 73' lang='lat' dir='ltr'><strong>praecepit,</strong></span> <span class='ocrx_word' id='word_1_179' title='bbox 2709 1121 2828 1174; x_wconf 72' lang='lat' dir='ltr'><strong>quae</strong></span> <span class='ocrx_word' id='word_1_180' title='bbox 2854 1107 3320 1161; x_wconf 90' lang='lat' dir='ltr'><strong>innumerabilium</strong></span> <span class='ocrx_word' id='word_1_181' title='bbox 3342 1108 3745 1163; x_wconf 86' lang='lat' dir='ltr'><strong>multitudinem</strong></span> 
     </span>
    </p>
   </div>
   <div class='ocr_carea' id='block_1_26' title="bbox 2149 1195 3744 1266">
    <p class='ocr_par' dir='ltr' id='par_1_26' title="bbox 2149 1195 3744 1266">
     <span class='ocr_line' id='line_1_26' title="bbox 2149 1195 3744 1266; baseline 0.001 -15"><span class='ocrx_word' id='word_1_182' title='bbox 2149 1198 2472 1266; x_wconf 88' lang='lat' dir='ltr'><strong>populorum</strong></span> <span class='ocrx_word' id='word_1_183' title='bbox 2513 1197 2785 1252; x_wconf 88' lang='lat' dir='ltr'><strong>stillicidio</strong></span> <span class='ocrx_word' id='word_1_184' title='bbox 2825 1197 2950 1251; x_wconf 91' lang='lat' dir='ltr'><strong>novi</strong></span> <span class='ocrx_word' id='word_1_185' title='bbox 2998 1195 3177 1262; x_wconf 89' lang='lat' dir='ltr'><strong>fontis,</strong></span> <span class='ocrx_word' id='word_1_186' title='bbox 3210 1199 3325 1252; x_wconf 87' lang='lat' dir='ltr'><strong>vice</strong></span> <span class='ocrx_word' id='word_1_187' title='bbox 3369 1207 3744 1253; x_wconf 87' lang='lat' dir='ltr'><strong>maternorum</strong></span> 
     </span>
    </p>
   </div>
   <div class='ocr_carea' id='block_1_27' title="bbox 2149 1285 3744 1359">
    <p class='ocr_par' dir='ltr' id='par_1_27' title="bbox 2149 1285 3744 1359">
     <span class='ocr_line' id='line_1_27' title="bbox 2149 1285 3744 1359; baseline 0.001 -18"><span class='ocrx_word' id='word_1_188' title='bbox 2149 1289 2393 1352; x_wconf 90' lang='lat' dir='ltr'><strong>uberum,</strong></span> <span class='ocrx_word' id='word_1_189' title='bbox 2420 1288 2708 1343; x_wconf 80' lang='lat' dir='ltr'><strong>nutriebat.</strong></span> <span class='ocrx_word' id='word_1_190' title='bbox 2743 1285 2880 1352; x_wconf 86' lang='lat' dir='ltr'><strong>Quid</strong></span> <span class='ocrx_word' id='word_1_191' title='bbox 2906 1288 3136 1356; x_wconf 89' lang='lat' dir='ltr'><strong>primum</strong></span> <span class='ocrx_word' id='word_1_192' title='bbox 3167 1286 3190 1324; x_wconf 81' lang='grc' dir='ltr'><strong>¹ι</strong></span> <span class='ocrx_word' id='word_1_193' title='bbox 3224 1295 3462 1356; x_wconf 86' lang='lat' dir='ltr'><strong>stupeas,</strong></span> <span class='ocrx_word' id='word_1_194' title='bbox 3485 1289 3596 1359; x_wconf 82' lang='lat' dir='ltr'><strong>7o</strong></span> <span class='ocrx_word' id='word_1_195' title='bbox 3615 1289 3744 1357; x_wconf 91' lang='lat' dir='ltr'><strong>quid</strong></span> 
     </span>
    </p>
   </div>
   <div class='ocr_carea' id='block_1_28' title="bbox 2151 1377 3746 1447">
    <p class='ocr_par' dir='ltr' id='par_1_28' title="bbox 2151 1377 3746 1447">
     <span class='ocr_line' id='line_1_28' title="bbox 2151 1377 3746 1447; baseline 0.003 -15"><span class='ocrx_word' id='word_1_196' title='bbox 2151 1379 2381 1443; x_wconf 86' lang='lat' dir='ltr'><strong>mireris,</strong></span> <span class='ocrx_word' id='word_1_197' title='bbox 2413 1377 2595 1432; x_wconf 90' lang='lat' dir='ltr'><strong>vinum</strong></span> <span class='ocrx_word' id='word_1_198' title='bbox 2641 1377 2710 1432; x_wconf 89' lang='lat' dir='ltr'><strong>de</strong></span> <span class='ocrx_word' id='word_1_199' title='bbox 2759 1392 2916 1446; x_wconf 80' lang='lat' dir='ltr'><strong>aqua,</strong></span> <span class='ocrx_word' id='word_1_200' title='bbox 2959 1394 3026 1430; x_wconf 85' lang='lat' dir='ltr'><strong>an</strong></span> <span class='ocrx_word' id='word_1_201' title='bbox 3075 1393 3266 1447; x_wconf 85' lang='lat' dir='ltr'><strong>aquam</strong></span> <span class='ocrx_word' id='word_1_202' title='bbox 3307 1377 3374 1431; x_wconf 91' lang='lat' dir='ltr'><strong>de</strong></span> <span class='ocrx_word' id='word_1_203' title='bbox 3403 1380 3596 1446; x_wconf 81' lang='lat' dir='ltr'><strong>petra?</strong></span> <span class='ocrx_word' id='word_1_204' title='bbox 3637 1378 3746 1436; x_wconf 78' lang='lat' dir='ltr'><strong>Sed</strong></span> 
     </span>
    </p>
   </div>
   <div class='ocr_carea' id='block_1_29' title="bbox 2152 1468 3747 1537">
    <p class='ocr_par' dir='ltr' id='par_1_29' title="bbox 2152 1468 3747 1537">
     <span class='ocr_line' id='line_1_29' title="bbox 2152 1468 3747 1537; baseline 0 -14"><span class='ocrx_word' id='word_1_205' title='bbox 2152 1471 2295 1523; x_wconf 90' lang='lat' dir='ltr'><strong>nulla</strong></span> <span class='ocrx_word' id='word_1_206' title='bbox 2339 1478 2410 1531; x_wconf 86' lang='lat' dir='ltr'><strong>te,</strong></span> <span class='ocrx_word' id='word_1_207' title='bbox 2457 1470 2760 1537; x_wconf 81' lang='lat' dir='ltr'><strong>quicunque</strong></span> <span class='ocrx_word' id='word_1_208' title='bbox 2806 1469 2947 1522; x_wconf 89' lang='lat' dir='ltr'><strong>inter</strong></span> <span class='ocrx_word' id='word_1_209' title='bbox 2989 1470 3091 1522; x_wconf 84' lang='lat' dir='ltr'><strong>ista</strong></span> <span class='ocrx_word' id='word_1_210' title='bbox 3137 1469 3424 1533; x_wconf 90' lang='lat' dir='ltr'><strong>cunctaris,</strong></span> <span class='ocrx_word' id='word_1_211' title='bbox 3457 1468 3747 1524; x_wconf 80' lang='lat' dir='ltr'><strong>inﬁdelitas</strong></span> 
     </span>
    </p>
   </div>
   <div class='ocr_carea' id='block_1_30' title="bbox 2149 1559 3746 1628">
    <p class='ocr_par' dir='ltr' id='par_1_30' title="bbox 2149 1559 3746 1628">
     <span class='ocr_line' id='line_1_30' title="bbox 2149 1559 3746 1628; baseline 0.001 -15"><span class='ocrx_word' id='word_1_212' title='bbox 2149 1562 2346 1624; x_wconf 88' lang='lat' dir='ltr'><strong>turbet,</strong></span> <span class='ocrx_word' id='word_1_213' title='bbox 2398 1559 2544 1628; x_wconf 90' lang='lat' dir='ltr'><strong>quod</strong></span> <span class='ocrx_word' id='word_1_214' title='bbox 2591 1560 2813 1614; x_wconf 87' lang='lat' dir='ltr'><strong>dubium</strong></span> <span class='ocrx_word' id='word_1_215' title='bbox 2861 1575 2968 1613; x_wconf 90' lang='lat' dir='ltr'><strong>non</strong></span> <span class='ocrx_word' id='word_1_216' title='bbox 3008 1568 3090 1613; x_wconf 92' lang='lat' dir='ltr'><strong>est</strong></span> <span class='ocrx_word' id='word_1_217' title='bbox 3139 1559 3205 1612; x_wconf 90' lang='lat' dir='ltr'><strong>ad</strong></span> <span class='ocrx_word' id='word_1_218' title='bbox 3253 1568 3440 1613; x_wconf 90' lang='lat' dir='ltr'><strong>nutum</strong></span> <span class='ocrx_word' id='word_1_219' title='bbox 3467 1559 3746 1616; x_wconf 88' lang='lat' dir='ltr'><strong>Creatoris</strong></span> 
     </span>
    </p>
   </div>
   <div class='ocr_carea' id='block_1_31' title="bbox 2147 1646 3744 1718">
    <p class='ocr_par' dir='ltr' id='par_1_31' title="bbox 2147 1646 3744 1718">
     <span class='ocr_line' id='line_1_31' title="bbox 2147 1646 3744 1718; baseline 0.001 -14"><span class='ocrx_word' id='word_1_220' title='bbox 2147 1659 2515 1704; x_wconf 88' lang='lat' dir='ltr'><strong>creaturarum</strong></span> <span class='ocrx_word' id='word_1_221' title='bbox 2545 1649 2812 1703; x_wconf 89' lang='lat' dir='ltr'><strong>elementa</strong></span> <span class='ocrx_word' id='word_1_222' title='bbox 2847 1646 2866 1686; x_wconf 81' lang='grc' dir='ltr'>ι</span> <span class='ocrx_word' id='word_1_223' title='bbox 2899 1649 3133 1718; x_wconf 87' lang='lat' dir='ltr'><strong>pendere</strong></span> <span class='ocrx_word' id='word_1_224' title='bbox 3166 1667 3178 1701; x_wconf 92' lang='lat'>:</span> <span class='ocrx_word' id='word_1_225' title='bbox 3212 1658 3304 1703; x_wconf 89' lang='lat' dir='ltr'><strong>aut</strong></span> <span class='ocrx_word' id='word_1_226' title='bbox 3330 1664 3428 1703; x_wconf 89' lang='lat' dir='ltr'><strong>cur</strong></span> <span class='ocrx_word' id='word_1_227' title='bbox 3469 1666 3579 1704; x_wconf 92' lang='lat' dir='ltr'><strong>non</strong></span> <span class='ocrx_word' id='word_1_228' title='bbox 3619 1666 3744 1705; x_wconf 84' lang='lat' dir='ltr'><strong>cre-</strong></span> 
     </span>
    </p>
   </div>
   <div class='ocr_carea' id='block_1_32' title="bbox 2146 1738 3706 1808">
    <p class='ocr_par' dir='ltr' id='par_1_32' title="bbox 2146 1738 3706 1808">
     <span class='ocr_line' id='line_1_32' title="bbox 2146 1738 3706 1808; baseline -0.001 -15"><span class='ocrx_word' id='word_1_229' title='bbox 2146 1741 2331 1794; x_wconf 89' lang='lat' dir='ltr'><strong>damus</strong></span> <span class='ocrx_word' id='word_1_230' title='bbox 2352 1741 2548 1793; x_wconf 89' lang='lat' dir='ltr'><strong>virtute</strong></span> <span class='ocrx_word' id='word_1_231' title='bbox 2569 1739 2838 1793; x_wconf 90' lang='lat' dir='ltr'><strong>dominica</strong></span> <span class='ocrx_word' id='word_1_232' title='bbox 2859 1739 3040 1793; x_wconf 89' lang='lat' dir='ltr'><strong>vinum</strong></span> <span class='ocrx_word' id='word_1_233' title='bbox 3063 1738 3176 1792; x_wconf 86' lang='lat' dir='ltr'><strong>fieri</strong></span> <span class='ocrx_word' id='word_1_234' title='bbox 3199 1739 3436 1807; x_wconf 88' lang='lat' dir='ltr'><strong>potuisse</strong></span> <span class='ocrx_word' id='word_1_235' title='bbox 3465 1741 3533 1794; x_wconf 89' lang='lat' dir='ltr'><strong>de</strong></span> <span class='ocrx_word' id='word_1_236' title='bbox 3568 1756 3706 1808; x_wconf 87' lang='lat' dir='ltr'><strong>aqua</strong></span> 
     </span>
    </p>
   </div>
   <div class='ocr_carea' id='block_1_33' title="bbox 451 1815 2040 1899">
    <p class='ocr_par' dir='ltr' id='par_1_33' title="bbox 451 1815 2039 1892">
     <span class='ocr_line' id='line_1_33' title="bbox 451 1815 2039 1892; baseline 0.005 -21"><span class='ocrx_word' id='word_1_237' title='bbox 451 1815 667 1871; x_wconf 87' lang='lat' dir='ltr'><strong>Sciebat</strong></span> <span class='ocrx_word' id='word_1_238' title='bbox 694 1818 937 1885; x_wconf 81' lang='lat' dir='ltr'><strong>profecto</strong></span> <span class='ocrx_word' id='word_1_239' title='bbox 977 1830 1150 1876; x_wconf 90' lang='lat' dir='ltr'><strong>mater</strong></span> <span class='ocrx_word' id='word_1_240' title='bbox 1191 1832 1376 1876; x_wconf 88' lang='lat' dir='ltr'><strong>sancta</strong></span> <span class='ocrx_word' id='word_1_241' title='bbox 1426 1825 1853 1892; x_wconf 85' lang='lat' dir='ltr'><strong>objurgationem</strong></span> <span class='ocrx_word' id='word_1_242' title='bbox 1897 1826 2039 1879; x_wconf 88' lang='lat' dir='ltr'><strong>illam</strong></span> 
     </span>
    </p>
   </div>
   <div class='ocr_carea' id='block_1_34' title="bbox 2149 1815 3745 1899">
    <p class='ocr_par' dir='ltr' id='par_1_34' title="bbox 2149 1818 3745 1899">
     <span class='ocr_line' id='line_1_34' title="bbox 2149 1818 3745 1899; baseline -0.001 -13"><span class='ocrx_word' id='word_1_243' title='bbox 2149 1848 2265 1886; x_wconf 89' lang='lat' dir='ltr'><strong>cum</strong></span> <span class='ocrx_word' id='word_1_244' title='bbox 2314 1833 2488 1897; x_wconf 88' lang='lat' dir='ltr'><strong>nobis,</strong></span> <span class='ocrx_word' id='word_1_245' title='bbox 2530 1841 2788 1899; x_wconf 90' lang='lat' dir='ltr'><strong>operante</strong></span> <span class='ocrx_word' id='word_1_246' title='bbox 2827 1831 2960 1896; x_wconf 89' lang='lat' dir='ltr'><strong>Deo,</strong></span> <span class='ocrx_word' id='word_1_247' title='bbox 3005 1831 3253 1884; x_wconf 84' lang='lat' dir='ltr'><strong>fomentis</strong></span> <span class='ocrx_word' id='word_1_248' title='bbox 3288 1818 3540 1884; x_wconf 85' lang='lat' dir='ltr'><strong>imbrium</strong></span> <span class='ocrx_word' id='word_1_249' title='bbox 3581 1841 3745 1885; x_wconf 55' lang='lat' dir='ltr'><strong>terrae</strong></span> 
     </span>
    </p>
   </div>
   <div class='ocr_carea' id='block_1_35' title="bbox 451 1906 2043 1983">
    <p class='ocr_par' dir='ltr' id='par_1_35' title="bbox 451 1906 2043 1983">
     <span class='ocr_line' id='line_1_35' title="bbox 451 1906 2043 1983; baseline 0.007 -25"><span class='ocrx_word' id='word_1_250' title='bbox 451 1906 660 1960; x_wconf 86' lang='lat' dir='ltr'><strong>Domini</strong></span> <span class='ocrx_word' id='word_1_251' title='bbox 692 1906 892 1976; x_wconf 87' lang='lat' dir='ltr'><strong>filiique</strong></span> <span class='ocrx_word' id='word_1_252' title='bbox 931 1911 1012 1964; x_wconf 84' lang='lat' dir='ltr'><strong>sui</strong></span> <span class='ocrx_word' id='word_1_253' title='bbox 1053 1926 1162 1963; x_wconf 87' lang='lat' dir='ltr'><strong>non</strong></span> <span class='ocrx_word' id='word_1_254' title='bbox 1206 1911 1483 1966; x_wconf 86' lang='lat' dir='ltr'><strong>irascentis</strong></span> <span class='ocrx_word' id='word_1_255' title='bbox 1512 1913 1772 1968; x_wconf 72' lang='lat' dir='ltr'><strong>offensam</strong></span> <span class='ocrx_word' id='word_1_256' title='bbox 1817 1925 2043 1983; x_wconf 74' lang='lat' dir='ltr'><strong>prmten—</strong></span> 
     </span>
    </p>
   </div>
   <div class='ocr_carea' id='block_1_36' title="bbox 449 1997 2043 2074">
    <p class='ocr_par' dir='ltr' id='par_1_36' title="bbox 449 1997 2043 2074">
     <span class='ocr_line' id='line_1_36' title="bbox 449 1997 2043 2074; baseline 0.006 -25"><span class='ocrx_word' id='word_1_257' title='bbox 449 1997 594 2061; x_wconf 86' lang='lat' dir='ltr'><strong>dere,</strong></span> <span class='ocrx_word' id='word_1_258' title='bbox 629 2007 652 2033; x_wconf 75' lang='grc' dir='ltr'><strong>ο</strong></span> <span class='ocrx_word' id='word_1_259' title='bbox 682 1999 776 2051; x_wconf 86' lang='lat' dir='ltr'><strong>sed</strong></span> <span class='ocrx_word' id='word_1_260' title='bbox 829 1999 1194 2054; x_wconf 88' lang='lat' dir='ltr'><strong>miserationis</strong></span> <span class='ocrx_word' id='word_1_261' title='bbox 1247 2011 1468 2070; x_wconf 87' lang='lat' dir='ltr'><strong>portare</strong></span> <span class='ocrx_word' id='word_1_262' title='bbox 1510 2006 1844 2074; x_wconf 89' lang='lat' dir='ltr'><strong>mysterium.</strong></span> <span class='ocrx_word' id='word_1_263' title='bbox 1893 2006 2043 2060; x_wconf 91' lang='lat' dir='ltr'><strong>Tunc</strong></span> 
     </span>
    </p>
   </div>
   <div class='ocr_carea' id='block_1_37' title="bbox 449 2084 2040 2167">
    <p class='ocr_par' dir='ltr' id='par_1_37' title="bbox 449 2084 2040 2167">
     <span class='ocr_line' id='line_1_37' title="bbox 449 2084 2040 2167; baseline 0.007 -28"><span class='ocrx_word' id='word_1_264' title='bbox 449 2084 702 2140; x_wconf 88' lang='lat' dir='ltr'><strong>Dominus</strong></span> <span class='ocrx_word' id='word_1_265' title='bbox 753 2089 1040 2156; x_wconf 83' lang='lat' dir='ltr'><strong>increpatac</strong></span> <span class='ocrx_word' id='word_1_266' title='bbox 1088 2091 1276 2144; x_wconf 90' lang='lat' dir='ltr'><strong>matris</strong></span> <span class='ocrx_word' id='word_1_267' title='bbox 1304 2092 1552 2146; x_wconf 89' lang='lat' dir='ltr'><strong>relevans</strong></span> <span class='ocrx_word' id='word_1_268' title='bbox 1582 2094 1746 2163; x_wconf 78' lang='lat' dir='ltr'><strong>[Alias</strong></span> <span class='ocrx_word' id='word_1_269' title='bbox 1777 2096 2040 2167; x_wconf 86' lang='lat' dir='ltr'><strong>revelans]</strong></span> 
     </span>
    </p>
   </div>
   <div class='ocr_carea' id='block_1_38' title="bbox 442 2177 2039 2255">
    <p class='ocr_par' dir='ltr' id='par_1_38' title="bbox 442 2177 2039 2255">
     <span class='ocr_line' id='line_1_38' title="bbox 442 2177 2039 2255; baseline 0.006 -25"><span class='ocrx_word' id='word_1_270' title='bbox 442 2177 723 2244; x_wconf 89' lang='lat' dir='ltr'><strong>pudorem,</strong></span> <span class='ocrx_word' id='word_1_271' title='bbox 756 2195 1017 2247; x_wconf 89' lang='lat' dir='ltr'><strong>suamque</strong></span> <span class='ocrx_word' id='word_1_272' title='bbox 1046 2180 1157 2248; x_wconf 86' lang='lat' dir='ltr'><strong>jam</strong></span> <span class='ocrx_word' id='word_1_273' title='bbox 1187 2184 1438 2251; x_wconf 88' lang='lat' dir='ltr'><strong>aperiens</strong></span> <span class='ocrx_word' id='word_1_274' title='bbox 1468 2185 1820 2252; x_wconf 87' lang='lat' dir='ltr'><strong>majestatem,</strong></span> <span class='ocrx_word' id='word_1_275' title='bbox 1846 2203 2039 2255; x_wconf 81' lang='lat' dir='ltr'><strong>exspe-</strong></span> 
     </span>
    </p>
   </div>
   <div class='ocr_carea' id='block_1_39' title="bbox 445 2269 2035 2347">
    <p class='ocr_par' dir='ltr' id='par_1_39' title="bbox 445 2269 2035 2347">
     <span class='ocr_line' id='line_1_39' title="bbox 445 2269 2035 2347; baseline 0.009 -32"><span class='ocrx_word' id='word_1_276' title='bbox 445 2269 715 2322; x_wconf 71' lang='lat' dir='ltr'><strong>ctantibus</strong></span> <span class='ocrx_word' id='word_1_277' title='bbox 763 2270 839 2322; x_wconf 87' lang='lat' dir='ltr'><strong>ait</strong></span> <span class='ocrx_word' id='word_1_278' title='bbox 877 2271 1174 2326; x_wconf 87' lang='lat' dir='ltr'><strong>ministris:</strong></span> <span class='ocrx_word' id='word_1_279' title='bbox 1211 2273 1428 2343; x_wconf 86' lang='lat' dir='ltr'><strong>Implete</strong></span> <span class='ocrx_word' id='word_1_280' title='bbox 1475 2277 1583 2345; x_wconf 77' lang='lat'><strong>69</strong></span> <span class='ocrx_word' id='word_1_281' title='bbox 1630 2278 1838 2346; x_wconf 79' lang='lat' dir='ltr'><strong>hydrias</strong></span> <span class='ocrx_word' id='word_1_282' title='bbox 1881 2296 2035 2347; x_wconf 84' lang='lat' dir='ltr'><strong>aqua.</strong></span> 
     </span>
    </p>
   </div>
   <div class='ocr_carea' id='block_1_40' title="bbox 443 2358 2038 2428">
    <p class='ocr_par' dir='ltr' id='par_1_40' title="bbox 443 2358 2038 2428">
     <span class='ocr_line' id='line_1_40' title="bbox 443 2358 2038 2428; baseline 0.007 -17"><span class='ocrx_word' id='word_1_283' title='bbox 443 2358 554 2412; x_wconf 63' lang='lat' dir='ltr'><strong>Nec</strong></span> <span class='ocrx_word' id='word_1_284' title='bbox 583 2374 734 2412; x_wconf 88' lang='lat' dir='ltr'><strong>mora</strong></span> <span class='ocrx_word' id='word_1_285' title='bbox 760 2361 1080 2428; x_wconf 88' lang='lat' dir='ltr'><strong>obsequium</strong></span> <span class='ocrx_word' id='word_1_286' title='bbox 1122 2377 1278 2416; x_wconf 90' lang='lat' dir='ltr'><strong>suum</strong></span> <span class='ocrx_word' id='word_1_287' title='bbox 1318 2364 1575 2420; x_wconf 90' lang='lat' dir='ltr'><strong>obediens</strong></span> <span class='ocrx_word' id='word_1_288' title='bbox 1613 2369 1858 2421; x_wconf 89' lang='lat' dir='ltr'><strong>minister</strong></span> <span class='ocrx_word' id='word_1_289' title='bbox 1886 2370 2038 2422; x_wconf 83' lang='lat' dir='ltr'><strong>exhi-</strong></span> 
     </span>
    </p>
   </div>
   <div class='ocr_carea' id='block_1_41' title="bbox 444 2443 2039 2524">
    <p class='ocr_par' dir='ltr' id='par_1_41' title="bbox 444 2443 2039 2524">
     <span class='ocr_line' id='line_1_41' title="bbox 444 2443 2039 2524; baseline 0.009 -27"><span class='ocrx_word' id='word_1_290' title='bbox 444 2443 559 2500; x_wconf 86' lang='lat' dir='ltr'><strong>buit</strong></span> <span class='ocrx_word' id='word_1_291' title='bbox 593 2466 604 2498; x_wconf 93' lang='lat'>:</span> <span class='ocrx_word' id='word_1_292' title='bbox 639 2457 695 2502; x_wconf 92' lang='lat' dir='ltr'><strong>et</strong></span> <span class='ocrx_word' id='word_1_293' title='bbox 723 2463 850 2503; x_wconf 84' lang='lat' dir='ltr'><strong>ecce</strong></span> <span class='ocrx_word' id='word_1_294' title='bbox 876 2458 1098 2519; x_wconf 81' lang='lat' dir='ltr'><strong>repente</strong></span> <span class='ocrx_word' id='word_1_295' title='bbox 1121 2467 1272 2520; x_wconf 71' lang='lat' dir='ltr'><strong>aqua:</strong></span> <span class='ocrx_word' id='word_1_296' title='bbox 1299 2452 1402 2507; x_wconf 66' lang='lat' dir='ltr'><strong>illae</strong></span> <span class='ocrx_word' id='word_1_297' title='bbox 1424 2465 1705 2524; x_wconf 74' lang='lat' dir='ltr'><strong>cmperunt</strong></span> <span class='ocrx_word' id='word_1_298' title='bbox 1724 2458 2039 2512; x_wconf 88' lang='lat' dir='ltr'><strong>mirabiliter</strong></span> 
     </span>
    </p>
   </div>
   <div class='ocr_carea' id='block_1_42' title="bbox 446 2538 2037 2619">
    <p class='ocr_par' dir='ltr' id='par_1_42' title="bbox 446 2538 2037 2619">
     <span class='ocr_line' id='line_1_42' title="bbox 446 2538 2037 2619; baseline 0.009 -28"><span class='ocrx_word' id='word_1_299' title='bbox 446 2538 811 2605; x_wconf 84' lang='lat' dir='ltr'><strong>fortitudinem</strong></span> <span class='ocrx_word' id='word_1_300' title='bbox 839 2557 1073 2606; x_wconf 90' lang='lat' dir='ltr'><strong>sumere,</strong></span> <span class='ocrx_word' id='word_1_301' title='bbox 1103 2543 1300 2599; x_wconf 89' lang='lat' dir='ltr'><strong>ducere</strong></span> <span class='ocrx_word' id='word_1_302' title='bbox 1337 2547 1597 2611; x_wconf 89' lang='lat' dir='ltr'><strong>colorem,</strong></span> <span class='ocrx_word' id='word_1_303' title='bbox 1630 2549 1852 2604; x_wconf 89' lang='lat' dir='ltr'><strong>odorem</strong></span> <span class='ocrx_word' id='word_1_304' title='bbox 1899 2567 2037 2619; x_wconf 83' lang='lat' dir='ltr'><strong>prac—</strong></span> 
     </span>
    </p>
   </div>
   <div class='ocr_carea' id='block_1_43' title="bbox 441 2631 2040 2706">
    <p class='ocr_par' dir='ltr' id='par_1_43' title="bbox 441 2631 2040 2706">
     <span class='ocr_line' id='line_1_43' title="bbox 441 2631 2040 2706; baseline 0.006 -19"><span class='ocrx_word' id='word_1_305' title='bbox 441 2631 591 2696; x_wconf 86' lang='lat' dir='ltr'><strong>bere,</strong></span> <span class='ocrx_word' id='word_1_306' title='bbox 641 2647 893 2701; x_wconf 90' lang='lat' dir='ltr'><strong>saporem</strong></span> <span class='ocrx_word' id='word_1_307' title='bbox 941 2636 1246 2705; x_wconf 88' lang='lat' dir='ltr'><strong>concipere,</strong></span> <span class='ocrx_word' id='word_1_308' title='bbox 1301 2644 1581 2706; x_wconf 80' lang='lat' dir='ltr'><strong>totamque</strong></span> <span class='ocrx_word' id='word_1_309' title='bbox 1629 2642 1787 2694; x_wconf 86' lang='lat' dir='ltr'><strong>simul</strong></span> <span class='ocrx_word' id='word_1_310' title='bbox 1831 2652 2040 2698; x_wconf 89' lang='lat' dir='ltr'><strong>mutare</strong></span> 
     </span>
    </p>
   </div>
   <div class='ocr_carea' id='block_1_44' title="bbox 438 2724 2037 2798">
    <p class='ocr_par' dir='ltr' id='par_1_44' title="bbox 438 2724 2037 2798">
     <span class='ocr_line' id='line_1_44' title="bbox 438 2724 2037 2798; baseline 0.009 -23"><span class='ocrx_word' id='word_1_311' title='bbox 438 2730 708 2777; x_wconf 88' lang='lat' dir='ltr'><strong>naturam.</strong></span> <span class='ocrx_word' id='word_1_312' title='bbox 742 2724 871 2791; x_wconf 65' lang='lat' dir='ltr'><strong>Quae</strong></span> <span class='ocrx_word' id='word_1_313' title='bbox 899 2729 1229 2795; x_wconf 88' lang='lat' dir='ltr'><strong>permutatio</strong></span> <span class='ocrx_word' id='word_1_314' title='bbox 1268 2725 1526 2798; x_wconf 88' lang='lat' dir='ltr'><strong>aquarum</strong></span> <span class='ocrx_word' id='word_1_315' title='bbox 1567 2746 1595 2784; x_wconf 91' lang='lat' dir='ltr'><strong>a</strong></span> <span class='ocrx_word' id='word_1_316' title='bbox 1625 2747 1721 2786; x_wconf 92' lang='lat' dir='ltr'><strong>sua</strong></span> <span class='ocrx_word' id='word_1_317' title='bbox 1765 2734 1819 2788; x_wconf 89' lang='lat' dir='ltr'><strong>in</strong></span> <span class='ocrx_word' id='word_1_318' title='bbox 1853 2733 1872 2772; x_wconf 72' lang='grc' dir='ltr'>ί</span> <span class='ocrx_word' id='word_1_319' title='bbox 1905 2736 2037 2790; x_wconf 80' lang='lat' dir='ltr'><strong>alie-</strong></span> 
     </span>
    </p>
   </div>
   <div class='ocr_carea' id='block_1_45' title="bbox 439 2820 2040 2888">
    <p class='ocr_par' dir='ltr' id='par_1_45' title="bbox 439 2820 2040 2888">
     <span class='ocr_line' id='line_1_45' title="bbox 439 2820 2040 2888; baseline 0.009 -22"><span class='ocrx_word' id='word_1_320' title='bbox 439 2826 568 2868; x_wconf 87' lang='lat' dir='ltr'><strong>nam</strong></span> <span class='ocrx_word' id='word_1_321' title='bbox 600 2826 923 2884; x_wconf 91' lang='lat' dir='ltr'><strong>creaturam,</strong></span> <span class='ocrx_word' id='word_1_322' title='bbox 966 2821 1248 2888; x_wconf 80' lang='lat' dir='ltr'><strong>praesentis</strong></span> <span class='ocrx_word' id='word_1_323' title='bbox 1273 2820 1548 2878; x_wconf 86' lang='lat' dir='ltr'><strong>Creatoris</strong></span> <span class='ocrx_word' id='word_1_324' title='bbox 1579 2834 1663 2878; x_wconf 90' lang='lat' dir='ltr'><strong>est</strong></span> <span class='ocrx_word' id='word_1_325' title='bbox 1693 2832 1889 2880; x_wconf 82' lang='lat' dir='ltr'><strong>testata</strong></span> <span class='ocrx_word' id='word_1_326' title='bbox 1936 2828 2040 2881; x_wconf 90' lang='lat' dir='ltr'><strong>vir-</strong></span> 
     </span>
    </p>
   </div>
   <div class='ocr_carea' id='block_1_46' title="bbox 447 2909 2038 2986">
    <p class='ocr_par' dir='ltr' id='par_1_46' title="bbox 447 2909 2038 2986">
     <span class='ocr_line' id='line_1_46' title="bbox 447 2909 2038 2986; baseline 0.008 -26"><span class='ocrx_word' id='word_1_327' title='bbox 447 2916 633 2961; x_wconf 85' lang='lat' dir='ltr'><strong>tutem.</strong></span> <span class='ocrx_word' id='word_1_328' title='bbox 669 2917 694 2955; x_wconf 79' lang='lat'><strong>8</strong></span> <span class='ocrx_word' id='word_1_329' title='bbox 723 2909 908 2978; x_wconf 86' lang='lat' dir='ltr'><strong>Neque</strong></span> <span class='ocrx_word' id='word_1_330' title='bbox 939 2927 1068 2967; x_wconf 90' lang='lat' dir='ltr'><strong>vero</strong></span> <span class='ocrx_word' id='word_1_331' title='bbox 1096 2914 1381 2983; x_wconf 84' lang='lat' dir='ltr'><strong>quisquam</strong></span> <span class='ocrx_word' id='word_1_332' title='bbox 1410 2925 1728 2972; x_wconf 87' lang='lat' dir='ltr'><strong>convertere</strong></span> <span class='ocrx_word' id='word_1_333' title='bbox 1774 2933 1942 2986; x_wconf 86' lang='lat' dir='ltr'><strong>aquas</strong></span> <span class='ocrx_word' id='word_1_334' title='bbox 1982 2921 2038 2973; x_wconf 92' lang='lat' dir='ltr'><strong>in</strong></span> 
     </span>
    </p>
   </div>
   <div class='ocr_carea' id='block_1_47' title="bbox 442 3000 2034 3074">
    <p class='ocr_par' dir='ltr' id='par_1_47' title="bbox 442 3000 2034 3074">
     <span class='ocr_line' id='line_1_47' title="bbox 442 3000 2034 3074; baseline 0.006 -20"><span class='ocrx_word' id='word_1_335' title='bbox 442 3013 579 3054; x_wconf 88' lang='lat' dir='ltr'><strong>usus</strong></span> <span class='ocrx_word' id='word_1_336' title='bbox 607 3007 791 3066; x_wconf 90' lang='lat' dir='ltr'><strong>posset</strong></span> <span class='ocrx_word' id='word_1_337' title='bbox 836 3000 991 3065; x_wconf 89' lang='lat' dir='ltr'><strong>alios,</strong></span> <span class='ocrx_word' id='word_1_338' title='bbox 1041 3004 1144 3057; x_wconf 89' lang='lat' dir='ltr'><strong>nisi</strong></span> <span class='ocrx_word' id='word_1_339' title='bbox 1190 3004 1280 3058; x_wconf 92' lang='lat' dir='ltr'><strong>ille</strong></span> <span class='ocrx_word' id='word_1_340' title='bbox 1320 3007 1413 3074; x_wconf 90' lang='lat' dir='ltr'><strong>qui</strong></span> <span class='ocrx_word' id='word_1_341' title='bbox 1454 3021 1545 3060; x_wconf 92' lang='lat' dir='ltr'><strong>eas</strong></span> <span class='ocrx_word' id='word_1_342' title='bbox 1583 3006 1712 3061; x_wconf 88' lang='lat' dir='ltr'><strong>fecit</strong></span> <span class='ocrx_word' id='word_1_343' title='bbox 1740 3022 1807 3062; x_wconf 78' lang='lat' dir='ltr'><strong>ex</strong></span> <span class='ocrx_word' id='word_1_344' title='bbox 1846 3009 2034 3064; x_wconf 91' lang='lat' dir='ltr'><strong>nihilo.</strong></span> 
     </span>
    </p>
   </div>
   <div class='ocr_carea' id='block_1_48' title="bbox 439 3091 2038 3168">
    <p class='ocr_par' dir='ltr' id='par_1_48' title="bbox 439 3091 2038 3168">
     <span class='ocr_line' id='line_1_48' title="bbox 439 3091 2038 3168; baseline 0.004 -23"><span class='ocrx_word' id='word_1_345' title='bbox 439 3091 660 3157; x_wconf 89' lang='lat' dir='ltr'><strong>Stupuit</strong></span> <span class='ocrx_word' id='word_1_346' title='bbox 687 3106 817 3158; x_wconf 90' lang='lat' dir='ltr'><strong>ergo</strong></span> <span class='ocrx_word' id='word_1_347' title='bbox 857 3094 1101 3150; x_wconf 88' lang='lat' dir='ltr'><strong>minister</strong></span> <span class='ocrx_word' id='word_1_348' title='bbox 1147 3099 1428 3163; x_wconf 85' lang='lat' dir='ltr'><strong>attonitus,</strong></span> <span class='ocrx_word' id='word_1_349' title='bbox 1470 3101 1560 3166; x_wconf 89' lang='lat' dir='ltr'><strong>qui</strong></span> <span class='ocrx_word' id='word_1_350' title='bbox 1610 3115 1776 3168; x_wconf 90' lang='lat' dir='ltr'><strong>aquas</strong></span> <span class='ocrx_word' id='word_1_351' title='bbox 1820 3101 2038 3154; x_wconf 88' lang='lat' dir='ltr'><strong>miserat</strong></span> 
     </span>
    </p>
   </div>
   <div class='ocr_carea' id='block_1_49' title="bbox 2145 1921 3744 1991">
    <p class='ocr_par' dir='ltr' id='par_1_49' title="bbox 2145 1921 3744 1991">
     <span class='ocr_line' id='line_1_49' title="bbox 2145 1921 3744 1991; baseline 0 -15"><span class='ocrx_word' id='word_1_352' title='bbox 2145 1924 2212 1976; x_wconf 89' lang='lat' dir='ltr'><strong>de</strong></span> <span class='ocrx_word' id='word_1_353' title='bbox 2240 1924 2444 1991; x_wconf 87' lang='lat' dir='ltr'><strong>gremio</strong></span> <span class='ocrx_word' id='word_1_354' title='bbox 2491 1937 2587 1990; x_wconf 92' lang='lat' dir='ltr'><strong>per</strong></span> <span class='ocrx_word' id='word_1_355' title='bbox 2621 1921 2972 1974; x_wconf 89' lang='lat' dir='ltr'><strong>ministerium</strong></span> <span class='ocrx_word' id='word_1_356' title='bbox 3003 1921 3278 1972; x_wconf 89' lang='lat' dir='ltr'><strong>vinearum</strong></span> <span class='ocrx_word' id='word_1_357' title='bbox 3309 1935 3444 1986; x_wconf 88' lang='lat' dir='ltr'><strong>aqua</strong></span> <span class='ocrx_word' id='word_1_358' title='bbox 3471 1928 3660 1987; x_wconf 86' lang='lat' dir='ltr'><strong>surgat</strong></span> <span class='ocrx_word' id='word_1_359' title='bbox 3691 1921 3744 1976; x_wconf 86' lang='lat' dir='ltr'><strong>in</strong></span> 
     </span>
    </p>
   </div>
   <div class='ocr_carea' id='block_1_50' title="bbox 2143 2007 3745 2080">
    <p class='ocr_par' dir='ltr' id='par_1_50' title="bbox 2143 2007 3745 2080">
     <span class='ocr_line' id='line_1_50' title="bbox 2143 2007 3745 2080; baseline -0.004 -16"><span class='ocrx_word' id='word_1_360' title='bbox 2143 2013 2360 2065; x_wconf 86' lang='lat' dir='ltr'><strong>vinum?</strong></span> <span class='ocrx_word' id='word_1_361' title='bbox 2410 2010 2546 2072; x_wconf 84' lang='lat' dir='ltr'><strong>Hoc,</strong></span> <span class='ocrx_word' id='word_1_362' title='bbox 2594 2010 2784 2076; x_wconf 88' lang='lat' dir='ltr'><strong>inquit,</strong></span> <span class='ocrx_word' id='word_1_363' title='bbox 2824 2010 2942 2080; x_wconf 74' lang='lat' dir='ltr'><strong>fecit</strong></span> <span class='ocrx_word' id='word_1_364' title='bbox 2974 2007 3126 2060; x_wconf 77' lang='lat' dir='ltr'><strong>Iesus</strong></span> <span class='ocrx_word' id='word_1_365' title='bbox 3154 2008 3359 2059; x_wconf 81' lang='lat' dir='ltr'><strong>initium</strong></span> <span class='ocrx_word' id='word_1_366' title='bbox 3386 2009 3658 2077; x_wconf 81' lang='lat' dir='ltr'><strong>signorum</strong></span> <span class='ocrx_word' id='word_1_367' title='bbox 3688 2009 3745 2059; x_wconf 71' lang='lat' dir='ltr'><strong>i1</strong></span> 
     </span>
    </p>
   </div>
   <div class='ocr_carea' id='block_1_51' title="bbox 2144 2097 3744 2168">
    <p class='ocr_par' dir='ltr' id='par_1_51' title="bbox 2144 2097 3744 2168">
     <span class='ocr_line' id='line_1_51' title="bbox 2144 2097 3744 2168; baseline -0.002 -15"><span class='ocrx_word' id='word_1_368' title='bbox 2144 2098 2288 2159; x_wconf 82' lang='lat' dir='ltr'><strong>Cana</strong></span> <span class='ocrx_word' id='word_1_369' title='bbox 2322 2100 2575 2164; x_wconf 70' lang='lat' dir='ltr'><strong>Galilwaz,</strong></span> <span class='ocrx_word' id='word_1_370' title='bbox 2607 2109 2657 2153; x_wconf 86' lang='lat' dir='ltr'><strong>et</strong></span> <span class='ocrx_word' id='word_1_371' title='bbox 2690 2099 3041 2168; x_wconf 67' lang='lat' dir='ltr'><strong>manifestam</strong></span> <span class='ocrx_word' id='word_1_372' title='bbox 3069 2097 3287 2166; x_wconf 78' lang='lat' dir='ltr'><strong>gloriam</strong></span> <span class='ocrx_word' id='word_1_373' title='bbox 3319 2112 3486 2160; x_wconf 74' lang='lat' dir='ltr'><strong>suam,</strong></span> <span class='ocrx_word' id='word_1_374' title='bbox 3512 2106 3560 2148; x_wconf 77' lang='lat' dir='ltr'><strong>et</strong></span> <span class='ocrx_word' id='word_1_375' title='bbox 3581 2099 3744 2150; x_wconf 83' lang='lat' dir='ltr'><strong>credi-</strong></span> 
     </span>
    </p>
   </div>
   <div class='ocr_carea' id='block_1_52' title="bbox 2142 2185 3740 2259">
    <p class='ocr_par' dir='ltr' id='par_1_52' title="bbox 2142 2185 3740 2259">
     <span class='ocr_line' id='line_1_52' title="bbox 2142 2185 3740 2259; baseline -0.004 -14"><span class='ocrx_word' id='word_1_376' title='bbox 2142 2195 2326 2245; x_wconf 83' lang='lat' dir='ltr'><strong>derunt</strong></span> <span class='ocrx_word' id='word_1_377' title='bbox 2365 2193 2419 2244; x_wconf 85' lang='lat' dir='ltr'><strong>in</strong></span> <span class='ocrx_word' id='word_1_378' title='bbox 2463 2208 2577 2244; x_wconf 87' lang='lat' dir='ltr'><strong>eum</strong></span> <span class='ocrx_word' id='word_1_379' title='bbox 2622 2190 2859 2259; x_wconf 82' lang='lat' dir='ltr'><strong>discipuli</strong></span> <span class='ocrx_word' id='word_1_380' title='bbox 2905 2189 3035 2257; x_wconf 81' lang='lat' dir='ltr'><strong>ejus.</strong></span> <span class='ocrx_word' id='word_1_381' title='bbox 3089 2185 3443 2239; x_wconf 82' lang='lat' dir='ltr'><strong>Crediderunt</strong></span> <span class='ocrx_word' id='word_1_382' title='bbox 3484 2186 3740 2254; x_wconf 87' lang='lat' dir='ltr'><strong>discipuli</strong></span> 
     </span>
    </p>
   </div>
   <div class='ocr_carea' id='block_1_53' title="bbox 2145 2274 3742 2347">
    <p class='ocr_par' dir='ltr' id='par_1_53' title="bbox 2145 2274 3742 2347">
     <span class='ocr_line' id='line_1_53' title="bbox 2145 2274 3742 2347; baseline -0.005 -11"><span class='ocrx_word' id='word_1_383' title='bbox 2145 2298 2249 2336; x_wconf 90' lang='lat' dir='ltr'><strong>non</strong></span> <span class='ocrx_word' id='word_1_384' title='bbox 2277 2281 2462 2347; x_wconf 89' lang='lat' dir='ltr'><strong>utique</strong></span> <span class='ocrx_word' id='word_1_385' title='bbox 2493 2281 2596 2332; x_wconf 88' lang='lat' dir='ltr'><strong>hoc</strong></span> <span class='ocrx_word' id='word_1_386' title='bbox 2624 2277 2768 2346; x_wconf 91' lang='lat' dir='ltr'><strong>quod</strong></span> <span class='ocrx_word' id='word_1_387' title='bbox 2796 2277 2911 2330; x_wconf 65' lang='lat' dir='ltr'><strong>fieri</strong></span> <span class='ocrx_word' id='word_1_388' title='bbox 2939 2275 3252 2338; x_wconf 88' lang='lat' dir='ltr'><strong>cernebant,</strong></span> <span class='ocrx_word' id='word_1_389' title='bbox 3296 2274 3389 2328; x_wconf 88' lang='lat' dir='ltr'><strong>sed</strong></span> <span class='ocrx_word' id='word_1_390' title='bbox 3431 2275 3563 2329; x_wconf 90' lang='lat' dir='ltr'><strong>illud</strong></span> <span class='ocrx_word' id='word_1_391' title='bbox 3592 2275 3742 2344; x_wconf 89' lang='lat' dir='ltr'><strong>quod</strong></span> 
     </span>
    </p>
   </div>
   <div class='ocr_carea' id='block_1_54' title="bbox 2140 2364 3742 2436">
    <p class='ocr_par' dir='ltr' id='par_1_54' title="bbox 2140 2364 3742 2436">
     <span class='ocr_line' id='line_1_54' title="bbox 2140 2364 3742 2436; baseline -0.006 -9"><span class='ocrx_word' id='word_1_392' title='bbox 2140 2371 2368 2428; x_wconf 85' lang='lat' dir='ltr'><strong>carnalis</strong></span> <span class='ocrx_word' id='word_1_393' title='bbox 2419 2369 2598 2421; x_wconf 90' lang='lat' dir='ltr'><strong>videre</strong></span> <span class='ocrx_word' id='word_1_394' title='bbox 2640 2383 2748 2420; x_wconf 92' lang='lat' dir='ltr'><strong>non</strong></span> <span class='ocrx_word' id='word_1_395' title='bbox 2789 2366 2960 2436; x_wconf 86' lang='lat' dir='ltr'><strong>possit</strong></span> <span class='ocrx_word' id='word_1_396' title='bbox 2995 2374 3263 2434; x_wconf 87' lang='lat' dir='ltr'><strong>aspectus.</strong></span> <span class='ocrx_word' id='word_1_397' title='bbox 3310 2364 3674 2419; x_wconf 88' lang='lat' dir='ltr'><strong>Crediderunt</strong></span> <span class='ocrx_word' id='word_1_398' title='bbox 3702 2375 3742 2402; x_wconf 73' lang='grc' dir='ltr'>ω</span> 
     </span>
    </p>
   </div>
   <div class='ocr_carea' id='block_1_55' title="bbox 2140 2453 3742 2527">
    <p class='ocr_par' dir='ltr' id='par_1_55' title="bbox 2140 2453 3742 2527">
     <span class='ocr_line' id='line_1_55' title="bbox 2140 2453 3742 2527; baseline -0.004 -12"><span class='ocrx_word' id='word_1_399' title='bbox 2140 2475 2248 2514; x_wconf 91' lang='lat' dir='ltr'><strong>non</strong></span> <span class='ocrx_word' id='word_1_400' title='bbox 2274 2459 2420 2527; x_wconf 91' lang='lat' dir='ltr'><strong>quod</strong></span> <span class='ocrx_word' id='word_1_401' title='bbox 2462 2455 2706 2511; x_wconf 84' lang='lat' dir='ltr'><strong>Christus</strong></span> <span class='ocrx_word' id='word_1_402' title='bbox 2750 2453 2904 2510; x_wconf 73' lang='lat' dir='ltr'><strong>Iesus</strong></span> <span class='ocrx_word' id='word_1_403' title='bbox 2957 2453 3095 2508; x_wconf 85' lang='lat' dir='ltr'><strong>filius</strong></span> <span class='ocrx_word' id='word_1_404' title='bbox 3140 2463 3281 2508; x_wconf 87' lang='lat' dir='ltr'><strong>esset</strong></span> <span class='ocrx_word' id='word_1_405' title='bbox 3319 2454 3559 2521; x_wconf 84' lang='lat' dir='ltr'><strong>virginis,</strong></span> <span class='ocrx_word' id='word_1_406' title='bbox 3592 2456 3742 2522; x_wconf 91' lang='lat' dir='ltr'><strong>quod</strong></span> 
     </span>
    </p>
   </div>
   <div class='ocr_carea' id='block_1_56' title="bbox 2140 2543 3738 2615">
    <p class='ocr_par' dir='ltr' id='par_1_56' title="bbox 2140 2543 3738 2615">
     <span class='ocr_line' id='line_1_56' title="bbox 2140 2543 3738 2615; baseline -0.005 -10"><span class='ocrx_word' id='word_1_407' title='bbox 2140 2552 2442 2614; x_wconf 85' lang='lat' dir='ltr'><strong>sciebatur;</strong></span> <span class='ocrx_word' id='word_1_408' title='bbox 2475 2547 2566 2603; x_wconf 89' lang='lat' dir='ltr'><strong>sed</strong></span> <span class='ocrx_word' id='word_1_409' title='bbox 2596 2545 2740 2615; x_wconf 91' lang='lat' dir='ltr'><strong>quod</strong></span> <span class='ocrx_word' id='word_1_410' title='bbox 2770 2544 2910 2599; x_wconf 89' lang='lat' dir='ltr'><strong>idem</strong></span> <span class='ocrx_word' id='word_1_411' title='bbox 2939 2543 3254 2612; x_wconf 87' lang='lat' dir='ltr'><strong>Unigenitus</strong></span> <span class='ocrx_word' id='word_1_412' title='bbox 3284 2555 3427 2598; x_wconf 88' lang='lat' dir='ltr'><strong>esset</strong></span> <span class='ocrx_word' id='word_1_413' title='bbox 3457 2544 3738 2609; x_wconf 86' lang='lat' dir='ltr'><strong>Altissimi,</strong></span> 
     </span>
    </p>
   </div>
   <div class='ocr_carea' id='block_1_57' title="bbox 2141 2631 3741 2710">
    <p class='ocr_par' dir='ltr' id='par_1_57' title="bbox 2141 2631 3741 2710">
     <span class='ocr_line' id='line_1_57' title="bbox 2141 2631 3741 2710; baseline -0.005 -14"><span class='ocrx_word' id='word_1_414' title='bbox 2141 2641 2286 2710; x_wconf 91' lang='lat' dir='ltr'><strong>quod</strong></span> <span class='ocrx_word' id='word_1_415' title='bbox 2313 2642 2367 2694; x_wconf 90' lang='lat' dir='ltr'><strong>in</strong></span> <span class='ocrx_word' id='word_1_416' title='bbox 2397 2652 2563 2708; x_wconf 90' lang='lat' dir='ltr'><strong>opere</strong></span> <span class='ocrx_word' id='word_1_417' title='bbox 2590 2636 2935 2707; x_wconf 88' lang='lat' dir='ltr'><strong>probabatur.</strong></span> <span class='ocrx_word' id='word_1_418' title='bbox 2969 2633 3121 2688; x_wconf 89' lang='lat' dir='ltr'><strong>Unde</strong></span> <span class='ocrx_word' id='word_1_419' title='bbox 3150 2643 3203 2688; x_wconf 90' lang='lat' dir='ltr'><strong>et</strong></span> <span class='ocrx_word' id='word_1_420' title='bbox 3234 2648 3349 2698; x_wconf 89' lang='lat' dir='ltr'><strong>nos,</strong></span> <span class='ocrx_word' id='word_1_421' title='bbox 3376 2631 3590 2697; x_wconf 82' lang='lat' dir='ltr'><strong>fratres,</strong></span> <span class='ocrx_word' id='word_1_422' title='bbox 3622 2643 3741 2688; x_wconf 88' lang='lat' dir='ltr'><strong>toto</strong></span> 
     </span>
    </p>
   </div>
   <div class='ocr_carea' id='block_1_58' title="bbox 2140 2723 3738 2797">
    <p class='ocr_par' dir='ltr' id='par_1_58' title="bbox 2140 2723 3738 2797">
     <span class='ocr_line' id='line_1_58' title="bbox 2140 2723 3738 2797; baseline -0.008 -9"><span class='ocrx_word' id='word_1_423' title='bbox 2140 2732 2303 2789; x_wconf 83' lang='lat' dir='ltr'><strong>corde</strong></span> <span class='ocrx_word' id='word_1_424' title='bbox 2331 2730 2614 2786; x_wconf 86' lang='lat' dir='ltr'><strong>credamus</strong></span> <span class='ocrx_word' id='word_1_425' title='bbox 2640 2729 2812 2797; x_wconf 89' lang='lat' dir='ltr'><strong>ipsum</strong></span> <span class='ocrx_word' id='word_1_426' title='bbox 2849 2740 2968 2780; x_wconf 90' lang='lat' dir='ltr'><strong>esse</strong></span> <span class='ocrx_word' id='word_1_427' title='bbox 3012 2725 3106 2779; x_wconf 90' lang='lat' dir='ltr'><strong>Dei</strong></span> <span class='ocrx_word' id='word_1_428' title='bbox 3136 2723 3348 2789; x_wconf 85' lang='lat' dir='ltr'><strong>Filium,</strong></span> <span class='ocrx_word' id='word_1_429' title='bbox 3371 2739 3533 2792; x_wconf 89' lang='lat' dir='ltr'><strong>quem</strong></span> <span class='ocrx_word' id='word_1_430' title='bbox 3567 2723 3738 2777; x_wconf 77' lang='lat' dir='ltr'><strong>tilium</strong></span> 
     </span>
    </p>
   </div>
   <div class='ocr_carea' id='block_1_59' title="bbox 2140 2813 3739 2879">
    <p class='ocr_par' dir='ltr' id='par_1_59' title="bbox 2140 2813 3739 2879">
     <span class='ocr_line' id='line_1_59' title="bbox 2140 2813 3739 2879; baseline -0.008 0"><span class='ocrx_word' id='word_1_431' title='bbox 2140 2821 2374 2879; x_wconf 89' lang='lat' dir='ltr'><strong>hominis</strong></span> <span class='ocrx_word' id='word_1_432' title='bbox 2401 2818 2742 2874; x_wconf 81' lang='lat' dir='ltr'><strong>conﬁtemur.</strong></span> <span class='ocrx_word' id='word_1_433' title='bbox 2773 2813 3068 2870; x_wconf 89' lang='lat' dir='ltr'><strong>Credamus</strong></span> <span class='ocrx_word' id='word_1_434' title='bbox 3100 2814 3247 2866; x_wconf 87' lang='lat' dir='ltr'><strong>illum</strong></span> <span class='ocrx_word' id='word_1_435' title='bbox 3277 2822 3333 2867; x_wconf 89' lang='lat' dir='ltr'><strong>et</strong></span> <span class='ocrx_word' id='word_1_436' title='bbox 3369 2822 3570 2869; x_wconf 71' lang='lat' dir='ltr'><strong>nostra:</strong></span> <span class='ocrx_word' id='word_1_437' title='bbox 3601 2829 3739 2869; x_wconf 85' lang='lat' dir='ltr'><strong>con—</strong></span> 
     </span>
    </p>
   </div>
   <div class='ocr_carea' id='block_1_60' title="bbox 2141 2901 3736 2976">
    <p class='ocr_par' dir='ltr' id='par_1_60' title="bbox 2141 2901 3736 2976">
     <span class='ocr_line' id='line_1_60' title="bbox 2141 2901 3736 2976; baseline -0.009 -9"><span class='ocrx_word' id='word_1_438' title='bbox 2141 2920 2341 2967; x_wconf 78' lang='lat' dir='ltr'><strong>sortem</strong></span> <span class='ocrx_word' id='word_1_439' title='bbox 2369 2918 2595 2973; x_wconf 66' lang='lat' dir='ltr'><strong>naturaz,</strong></span> <span class='ocrx_word' id='word_1_440' title='bbox 2637 2916 2692 2960; x_wconf 92' lang='lat' dir='ltr'><strong>et</strong></span> <span class='ocrx_word' id='word_1_441' title='bbox 2730 2915 2970 2976; x_wconf 73' lang='lat' dir='ltr'><strong>pateram</strong></span> <span class='ocrx_word' id='word_1_442' title='bbox 3006 2901 3315 2957; x_wconf 73' lang='lat' dir='ltr'><strong>substantia:</strong></span> <span class='ocrx_word' id='word_1_443' title='bbox 3352 2902 3687 2970; x_wconf 62' lang='lat' dir='ltr'><strong>coasqualem</strong></span> <span class='ocrx_word' id='word_1_444' title='bbox 3723 2919 3736 2953; x_wconf 90' lang='lat'><strong>:</strong></span> 
     </span>
    </p>
   </div>
   <div class='ocr_carea' id='block_1_61' title="bbox 2140 2994 3739 3078">
    <p class='ocr_par' dir='ltr' id='par_1_61' title="bbox 2140 2994 3739 3078">
     <span class='ocr_line' id='line_1_61' title="bbox 2140 2994 3739 3078; baseline -0.008 -20"><span class='ocrx_word' id='word_1_445' title='bbox 2140 3005 2395 3074; x_wconf 88' lang='lat' dir='ltr'><strong>quoniam</strong></span> <span class='ocrx_word' id='word_1_446' title='bbox 2442 3011 2497 3055; x_wconf 88' lang='lat' dir='ltr'><strong>et</strong></span> <span class='ocrx_word' id='word_1_447' title='bbox 2545 3000 2745 3069; x_wconf 88' lang='lat' dir='ltr'><strong>nuptiis</strong></span> <span class='ocrx_word' id='word_1_448' title='bbox 2794 2995 3035 3050; x_wconf 82' lang='lat' dir='ltr'><strong>interfuit</strong></span> <span class='ocrx_word' id='word_1_449' title='bbox 3077 3002 3137 3048; x_wconf 80' lang='lat' dir='ltr'><strong>ut</strong></span> <span class='ocrx_word' id='word_1_450' title='bbox 3175 2995 3356 3078; x_wconf 88' lang='lat' dir='ltr'><strong>homo,</strong></span> <span class='ocrx_word' id='word_1_451' title='bbox 3397 3000 3454 3046; x_wconf 84' lang='lat' dir='ltr'><strong>et</strong></span> <span class='ocrx_word' id='word_1_452' title='bbox 3482 3003 3657 3062; x_wconf 84' lang='lat' dir='ltr'><strong>aquas</strong></span> <span class='ocrx_word' id='word_1_453' title='bbox 3685 2994 3739 3047; x_wconf 92' lang='lat' dir='ltr'><strong>in</strong></span> 
     </span>
    </p>
   </div>
   <div class='ocr_carea' id='block_1_62' title="bbox 2140 3082 3739 3155">
    <p class='ocr_par' dir='ltr' id='par_1_62' title="bbox 2140 3082 3739 3155">
     <span class='ocr_line' id='line_1_62' title="bbox 2140 3082 3739 3155; baseline -0.006 -9"><span class='ocrx_word' id='word_1_454' title='bbox 2140 3096 2263 3148; x_wconf 87' lang='lat' dir='ltr'><strong>vina</strong></span> <span class='ocrx_word' id='word_1_455' title='bbox 2302 3092 2527 3146; x_wconf 87' lang='lat' dir='ltr'><strong>mutavit</strong></span> <span class='ocrx_word' id='word_1_456' title='bbox 2567 3098 2625 3142; x_wconf 91' lang='lat' dir='ltr'><strong>ut</strong></span> <span class='ocrx_word' id='word_1_457' title='bbox 2665 3089 2837 3150; x_wconf 89' lang='lat' dir='ltr'><strong>Deus;</strong></span> <span class='ocrx_word' id='word_1_458' title='bbox 2868 3095 3134 3155; x_wconf 89' lang='lat' dir='ltr'><strong>quatenus</strong></span> <span class='ocrx_word' id='word_1_459' title='bbox 3181 3082 3302 3136; x_wconf 79' lang='lat' dir='ltr'><strong>ﬁdei</strong></span> <span class='ocrx_word' id='word_1_460' title='bbox 3341 3082 3500 3151; x_wconf 80' lang='lat' dir='ltr'><strong>hujus</strong></span> <span class='ocrx_word' id='word_1_461' title='bbox 3537 3084 3739 3137; x_wconf 89' lang='lat' dir='ltr'><strong>merito</strong></span> 
     </span>
    </p>
   </div>
   <div class='ocr_carea' id='block_1_63' title="bbox 437 3171 3736 3255">
    <p class='ocr_par' dir='ltr' id='par_1_63' title="bbox 437 3171 3736 3255">
     <span class='ocr_line' id='line_1_63' title="bbox 437 3171 3736 3255; baseline -0.001 -25"><span class='ocrx_word' id='word_1_462' title='bbox 437 3187 490 3230; x_wconf 83' lang='lat' dir='ltr'><strong>et</strong></span> <span class='ocrx_word' id='word_1_463' title='bbox 527 3181 650 3234; x_wconf 89' lang='lat' dir='ltr'><strong>vina</strong></span> <span class='ocrx_word' id='word_1_464' title='bbox 698 3184 961 3246; x_wconf 88' lang='lat' dir='ltr'><strong>sumebat,</strong></span> <span class='ocrx_word' id='word_1_465' title='bbox 1008 3185 1325 3255; x_wconf 63' lang='lat' dir='ltr'><strong>balatusque</strong></span> <span class='ocrx_word' id='word_1_466' title='bbox 1354 3188 1381 3224; x_wconf 73' lang='grc' dir='ltr'>δ</span> <span class='ocrx_word' id='word_1_467' title='bbox 1412 3189 1634 3242; x_wconf 85' lang='lat' dir='ltr'><strong>nimium</strong></span> <span class='ocrx_word' id='word_1_468' title='bbox 1680 3191 1766 3242; x_wconf 81' lang='lat' dir='ltr'><strong>illa</strong></span> <span class='ocrx_word' id='word_1_469' title='bbox 1811 3206 1870 3244; x_wconf 82' lang='lat' dir='ltr'><strong>se</strong></span> <span class='ocrx_word' id='word_1_470' title='bbox 1917 3192 2026 3244; x_wconf 86' lang='lat' dir='ltr'><strong>suis</strong></span> <span class='ocrx_word' id='word_1_471' title='bbox 2056 3186 2100 3247; x_wconf 91' lang='lat' dir='ltr'><strong>C</strong></span> <span class='ocrx_word' id='word_1_472' title='bbox 2134 3201 2232 3238; x_wconf 92' lang='lat' dir='ltr'><strong>nos</strong></span> <span class='ocrx_word' id='word_1_473' title='bbox 2256 3183 2418 3236; x_wconf 90' lang='lat' dir='ltr'><strong>etiam</strong></span> <span class='ocrx_word' id='word_1_474' title='bbox 2448 3171 2704 3234; x_wconf 85' lang='lat' dir='ltr'><strong>Dominus</strong></span> <span class='ocrx_word' id='word_1_475' title='bbox 2734 3185 2916 3230; x_wconf 89' lang='lat' dir='ltr'><strong>noster</strong></span> <span class='ocrx_word' id='word_1_476' title='bbox 2944 3176 3127 3229; x_wconf 85' lang='lat' dir='ltr'><strong>sobrio</strong></span> <span class='ocrx_word' id='word_1_477' title='bbox 3151 3174 3243 3228; x_wconf 90' lang='lat' dir='ltr'><strong>illo</strong></span> <span class='ocrx_word' id='word_1_478' title='bbox 3264 3173 3449 3242; x_wconf 77' lang='lat' dir='ltr'><strong>gratias</strong></span> <span class='ocrx_word' id='word_1_479' title='bbox 3471 3188 3582 3228; x_wconf 73' lang='lat' dir='ltr'><strong>sua:</strong></span> <span class='ocrx_word' id='word_1_480' title='bbox 3608 3174 3736 3228; x_wconf 87' lang='lat' dir='ltr'><strong>vino</strong></span> 
     </span>
    </p>
   </div>
   <div class='ocr_carea' id='block_1_64' title="bbox 440 3272 2028 3347">
    <p class='ocr_par' dir='ltr' id='par_1_64' title="bbox 440 3272 2028 3347">
     <span class='ocr_line' id='line_1_64' title="bbox 440 3272 2028 3347; baseline 0.008 -26"><span class='ocrx_word' id='word_1_481' title='bbox 440 3273 677 3326; x_wconf 90' lang='lat' dir='ltr'><strong>numeris</strong></span> <span class='ocrx_word' id='word_1_482' title='bbox 717 3272 914 3327; x_wconf 85' lang='lat' dir='ltr'><strong>fluenta</strong></span> <span class='ocrx_word' id='word_1_483' title='bbox 952 3286 1218 3344; x_wconf 87' lang='lat' dir='ltr'><strong>portasse,</strong></span> <span class='ocrx_word' id='word_1_484' title='bbox 1267 3292 1366 3346; x_wconf 90' lang='lat' dir='ltr'><strong>per</strong></span> <span class='ocrx_word' id='word_1_485' title='bbox 1392 3293 1509 3346; x_wconf 75' lang='lat' dir='ltr'><strong>quae</strong></span> <span class='ocrx_word' id='word_1_486' title='bbox 1550 3279 1643 3332; x_wconf 88' lang='lat' dir='ltr'><strong>Dei</strong></span> <span class='ocrx_word' id='word_1_487' title='bbox 1687 3289 1831 3334; x_wconf 84' lang='lat' dir='ltr'><strong>esset</strong></span> <span class='ocrx_word' id='word_1_488' title='bbox 1859 3283 2028 3347; x_wconf 84' lang='lat' dir='ltr'><strong>gloria</strong></span> 
     </span>
    </p>
   </div>
   <div class='ocr_carea' id='block_1_65' title="bbox 443 3362 2033 3435">
    <p class='ocr_par' dir='ltr' id='par_1_65' title="bbox 443 3362 2033 3435">
     <span class='ocr_line' id='line_1_65' title="bbox 443 3362 2033 3435; baseline 0.005 -21"><span class='ocrx_word' id='word_1_489' title='bbox 443 3362 694 3416; x_wconf 84' lang='lat' dir='ltr'><strong>revelata.</strong></span> <span class='ocrx_word' id='word_1_490' title='bbox 736 3363 750 3400; x_wconf 74' lang='grc' dir='ltr'><strong><em>ι</em></strong></span> <span class='ocrx_word' id='word_1_491' title='bbox 786 3365 953 3419; x_wconf 87' lang='lat' dir='ltr'><strong>Nemo</strong></span> <span class='ocrx_word' id='word_1_492' title='bbox 982 3366 1126 3419; x_wconf 90' lang='lat' dir='ltr'><strong>enim</strong></span> <span class='ocrx_word' id='word_1_493' title='bbox 1154 3367 1446 3435; x_wconf 90' lang='lat' dir='ltr'><strong>quidquam</strong></span> <span class='ocrx_word' id='word_1_494' title='bbox 1488 3369 1699 3422; x_wconf 87' lang='lat' dir='ltr'><strong>locutus</strong></span> <span class='ocrx_word' id='word_1_495' title='bbox 1727 3379 1807 3424; x_wconf 89' lang='lat' dir='ltr'><strong>est</strong></span> <span class='ocrx_word' id='word_1_496' title='bbox 1831 3370 1880 3422; x_wconf 88' lang='lat' dir='ltr'><strong>in</strong></span> <span class='ocrx_word' id='word_1_497' title='bbox 1906 3378 2033 3423; x_wconf 89' lang='lat' dir='ltr'><strong>tem-</strong></span> 
     </span>
    </p>
   </div>
   <div class='ocr_carea' id='block_1_66' title="bbox 2141 3269 2970 3345">
    <p class='ocr_par' dir='ltr' id='par_1_66' title="bbox 2141 3269 2970 3345">
     <span class='ocr_line' id='line_1_66' title="bbox 2141 3269 2970 3345; baseline -0.014 -15"><span class='ocrx_word' id='word_1_498' title='bbox 2141 3276 2403 3345; x_wconf 88' lang='lat' dir='ltr'><strong>propitius</strong></span> <span class='ocrx_word' id='word_1_499' title='bbox 2431 3281 2621 3342; x_wconf 89' lang='lat' dir='ltr'><strong>potare</strong></span> <span class='ocrx_word' id='word_1_500' title='bbox 2650 3269 2902 3338; x_wconf 85' lang='lat' dir='ltr'><strong>dignetur</strong></span> <span class='ocrx_word' id='word_1_501' title='bbox 2924 3275 2970 3318; x_wconf 75' lang='grc' dir='ltr'><strong>τι.</strong></span> 
     </span>
    </p>
   </div>
   <div class='ocr_carea' id='block_1_67' title="bbox 1757 3479 2394 3541">
    <p class='ocr_par' dir='ltr' id='par_1_67' title="bbox 1757 3479 2394 3541">
     <span class='ocr_line' id='line_1_67' title="bbox 1757 3479 2394 3541; baseline -0.013 0"><span class='ocrx_word' id='word_1_502' title='bbox 1757 3481 2104 3541; x_wconf 82' lang='lat' dir='ltr'><strong>HOMILIA</strong></span> <span class='ocrx_word' id='word_1_503' title='bbox 2165 3479 2394 3538; x_wconf 81' lang='lat' dir='ltr'><strong>XXlV.</strong></span> 
     </span>
    </p>
   </div>
   <div class='ocr_carea' id='block_1_68' title="bbox 1669 3574 2520 3650">
    <p class='ocr_par' dir='ltr' id='par_1_68' title="bbox 1669 3574 2520 3650">
     <span class='ocr_line' id='line_1_68' title="bbox 1669 3574 2520 3650; baseline -0.005 -19"><span class='ocrx_word' id='word_1_504' title='bbox 1669 3579 1747 3633; x_wconf 87' lang='lat' dir='ltr'><strong>De</strong></span> <span class='ocrx_word' id='word_1_505' title='bbox 1775 3580 2072 3650; x_wconf 82' lang='lat' dir='ltr'><strong>Epiphania</strong></span> <span class='ocrx_word' id='word_1_506' title='bbox 2101 3579 2312 3633; x_wconf 79' lang='lat' dir='ltr'><strong>Domini</strong></span> <span class='ocrx_word' id='word_1_507' title='bbox 2352 3574 2520 3628; x_wconf 81' lang='lat' dir='ltr'><strong>VIII.</strong></span> 
     </span>
    </p>
   </div>
   <div class='ocr_carea' id='block_1_69' title="bbox 1902 3692 2295 3746">
    <p class='ocr_par' dir='ltr' id='par_1_69' title="bbox 1902 3692 2295 3746">
     <span class='ocr_line' id='line_1_69' title="bbox 1902 3692 2295 3746; baseline -0.005 -1"><span class='ocrx_word' id='word_1_508' title='bbox 1902 3692 2295 3746; x_wconf 79' lang='lat' dir='ltr'><strong>ADMONITIO.</strong></span> 
     </span>
    </p>
   </div>
   <div class='ocr_carea' id='block_1_70' title="bbox 511 3769 3481 3853">
    <p class='ocr_par' dir='ltr' id='par_1_70' title="bbox 511 3769 3481 3853">
     <span class='ocr_line' id='line_1_70' title="bbox 511 3769 3481 3853; baseline -0.006 -13"><span class='ocrx_word' id='word_1_509' title='bbox 511 3783 666 3853; x_wconf 87' lang='lat' dir='ltr'><strong>Quod</strong></span> <span class='ocrx_word' id='word_1_510' title='bbox 697 3783 1029 3839; x_wconf 88' lang='lat' dir='ltr'><strong>Benedictini</strong></span> <span class='ocrx_word' id='word_1_511' title='bbox 1059 3784 1308 3840; x_wconf 84' lang='lat' dir='ltr'><strong>monachi</strong></span> <span class='ocrx_word' id='word_1_512' title='bbox 1343 3799 1527 3853; x_wconf 87' lang='lat' dir='ltr'><strong>congr.</strong></span> <span class='ocrx_word' id='word_1_513' title='bbox 1561 3785 1618 3841; x_wconf 93' lang='lat' dir='ltr'><strong>S.</strong></span> <span class='ocrx_word' id='word_1_514' title='bbox 1653 3784 1821 3838; x_wconf 78' lang='lat' dir='ltr'><strong>Mauri</strong></span> <span class='ocrx_word' id='word_1_515' title='bbox 1851 3785 1902 3837; x_wconf 89' lang='lat' dir='ltr'><strong>in</strong></span> <span class='ocrx_word' id='word_1_516' title='bbox 1934 3784 2229 3851; x_wconf 87' lang='lat' dir='ltr'><strong>appendice</strong></span> <span class='ocrx_word' id='word_1_517' title='bbox 2261 3780 2413 3853; x_wconf 64' lang='lat' dir='ltr'><strong>adS.</strong></span> <span class='ocrx_word' id='word_1_518' title='bbox 2449 3777 2716 3853; x_wconf 76' lang='lat' dir='ltr'><strong>Ambrosii</strong></span> <span class='ocrx_word' id='word_1_519' title='bbox 2747 3773 3018 3853; x_wconf 76' lang='lat' dir='ltr'><strong>operade</strong></span> <span class='ocrx_word' id='word_1_520' title='bbox 3047 3785 3305 3853; x_wconf 78' lang='lat' dir='ltr'><strong>sermone</strong></span> <span class='ocrx_word' id='word_1_521' title='bbox 3312 3769 3378 3853; x_wconf 47' lang='lat'><strong>‘9,</strong></span> <span class='ocrx_word' id='word_1_522' title='bbox 3411 3785 3481 3840; x_wconf 92' lang='lat' dir='ltr'><strong>qu</strong></span> 
     </span>
    </p>
   </div>
   <div class='ocr_carea' id='block_1_71' title="bbox 3487 3768 3715 3824">
    <p class='ocr_par' dir='ltr' id='par_1_71' title="bbox 3487 3768 3715 3824">
     <span class='ocr_line' id='line_1_71' title="bbox 3487 3768 3715 3824; baseline 0.004 -1"><span class='ocrx_word' id='word_1_523' title='bbox 3487 3768 3715 3824; x_wconf 80' lang='lat' dir='ltr'><strong>iestse</strong></span> 
     </span>
    </p>
   </div>
   <div class='ocr_carea' id='block_1_72' title="bbox 442 3838 3730 3935">
    <p class='ocr_par' dir='ltr' id='par_1_72' title="bbox 442 3838 3730 3935">
     <span class='ocr_line' id='line_1_72' title="bbox 442 3838 3730 3935; baseline -0.001 4"><span class='ocrx_word' id='word_1_524' title='bbox 442 3838 1068 3935; x_wconf 51' lang='lat' dir='ltr'><strong>menelaum</strong></span> <span class='ocrx_word' id='word_1_525' title='bbox 1109 3838 1319 3935; x_wconf 67' lang='grc' dir='ltr'><strong>ροηέίηί</strong></span> <span class='ocrx_word' id='word_1_526' title='bbox 1945 3838 2102 3935; x_wconf 50' lang='grc' dir='ltr'><strong>(ηδε,</strong></span> <span class='ocrx_word' id='word_1_527' title='bbox 2134 3865 2253 3932; x_wconf 61' lang='lat' dir='ltr'><strong>mg.</strong></span> <span class='ocrx_word' id='word_1_528' title='bbox 2288 3849 2409 3935; x_wconf 59' lang='lat'><strong>499.</strong></span> <span class='ocrx_word' id='word_1_529' title='bbox 2444 3838 3540 3935; x_wconf 45' lang='lat' dir='ltr'><strong>subrusticum???milesii</strong></span> <span class='ocrx_word' id='word_1_530' title='bbox 3565 3838 3730 3935; x_wconf 55' lang='lat'><strong>21:29:</strong></span> 
     </span>
    </p>
   </div>
   <div class='ocr_carea' id='block_1_73' title="bbox 439 3907 3736 3993">
    <p class='ocr_par' dir='ltr' id='par_1_73' title="bbox 439 3907 3736 3993">
     <span class='ocr_line' id='line_1_73' title="bbox 439 3907 3736 3993; baseline -0.005 -17"><span class='ocrx_word' id='word_1_531' title='bbox 439 3907 745 3993; x_wconf 80' lang='lat' dir='ltr'><strong>quampiam</strong></span> <span class='ocrx_word' id='word_1_532' title='bbox 775 3907 1053 3993; x_wconf 68' lang='lat' dir='ltr'><strong>scriptoris</strong></span> <span class='ocrx_word' id='word_1_533' title='bbox 1079 3907 1326 3992; x_wconf 82' lang='lat' dir='ltr'><strong>alicujus,</strong></span> <span class='ocrx_word' id='word_1_534' title='bbox 1353 3907 1414 3978; x_wconf 24' lang='lat' dir='ltr'><strong>Si</strong></span> <span class='ocrx_word' id='word_1_535' title='bbox 1441 3907 1666 3978; x_wconf 50' lang='lat' dir='ltr'><strong>maximi</strong></span> <span class='ocrx_word' id='word_1_536' title='bbox 1695 3907 1922 3978; x_wconf 85' lang='lat' dir='ltr'><strong>fortasse</strong></span> <span class='ocrx_word' id='word_1_537' title='bbox 1942 3965 1954 3984; x_wconf 86' lang='lat'><strong>,</strong></span> <span class='ocrx_word' id='word_1_538' title='bbox 2003 3907 2470 3993; x_wconf 25' lang='lat' dir='ltr'><strong>referiri&#39;oportere</strong></span> <span class='ocrx_word' id='word_1_539' title='bbox 2497 3935 2512 3981; x_wconf 86' lang='lat'><strong>;</strong></span> <span class='ocrx_word' id='word_1_540' title='bbox 2557 3916 2610 3993; x_wconf 81' lang='lat' dir='ltr'><strong>id</strong></span> <span class='ocrx_word' id='word_1_541' title='bbox 2639 3915 2770 3969; x_wconf 87' lang='lat' dir='ltr'><strong>satis</strong></span> <span class='ocrx_word' id='word_1_542' title='bbox 2798 3929 2940 3993; x_wconf 86' lang='lat' dir='ltr'><strong>nunc</strong></span> <span class='ocrx_word' id='word_1_543' title='bbox 2970 3920 3086 3993; x_wconf 68' lang='grc' dir='ltr'><strong>ιρῑο</strong></span> <span class='ocrx_word' id='word_1_544' title='bbox 3115 3927 3146 3965; x_wconf 91' lang='lat' dir='ltr'><strong>a</strong></span> <span class='ocrx_word' id='word_1_545' title='bbox 3176 3907 3543 3993; x_wconf 39' lang='lat' dir='ltr'><strong>nobis‘eﬂ‘erri</strong></span> <span class='ocrx_word' id='word_1_546' title='bbox 3572 3921 3736 3993; x_wconf 75' lang='lat' dir='ltr'><strong>posse</strong></span> 
     </span>
    </p>
   </div>
   <div class='ocr_carea' id='block_1_74' title="bbox 443 3976 3734 4064">
    <p class='ocr_par' dir='ltr' id='par_1_74' title="bbox 443 3976 3734 4064">
     <span class='ocr_line' id='line_1_74' title="bbox 443 3976 3734 4064; baseline -0.005 -19"><span class='ocrx_word' id='word_1_547' title='bbox 443 3976 792 4046; x_wconf 56' lang='lat' dir='ltr'><strong>airbitr&#39;amur.</strong></span> <span class='ocrx_word' id='word_1_548' title='bbox 827 3976 966 4046; x_wconf 73' lang='lat' dir='ltr'><strong>Nam</strong></span> <span class='ocrx_word' id='word_1_549' title='bbox 999 3976 1092 4062; x_wconf 85' lang='lat' dir='ltr'><strong>qui</strong></span> <span class='ocrx_word' id='word_1_550' title='bbox 1117 3976 1411 4050; x_wconf 57' lang='lat' dir='ltr'><strong>hanc—cum</strong></span> <span class='ocrx_word' id='word_1_551' title='bbox 1449 3976 1736 4064; x_wconf 79' lang='lat' dir='ltr'><strong>superiore</strong></span> <span class='ocrx_word' id='word_1_552' title='bbox 1754 3976 2055 4048; x_wconf 79' lang='lat' dir='ltr'><strong>contulerit</strong></span> <span class='ocrx_word' id='word_1_553' title='bbox 2080 4031 2094 4055; x_wconf 94' lang='lat'><strong>,</strong></span> <span class='ocrx_word' id='word_1_554' title='bbox 2139 3992 2184 4045; x_wconf 91' lang='lat' dir='ltr'><strong>is</strong></span> <span class='ocrx_word' id='word_1_555' title='bbox 2223 3976 2380 4060; x_wconf 75' lang='lat' dir='ltr'><strong>piane</strong></span> <span class='ocrx_word' id='word_1_556' title='bbox 2409 3989 2476 4042; x_wconf 85' lang='lat' dir='ltr'><strong>ab</strong></span> <span class='ocrx_word' id='word_1_557' title='bbox 2501 3976 2698 4041; x_wconf 81' lang='lat' dir='ltr'><strong>eodem</strong></span> <span class='ocrx_word' id='word_1_558' title='bbox 2727 3991 2949 4045; x_wconf 86' lang='lat' dir='ltr'><strong>auctore</strong></span> <span class='ocrx_word' id='word_1_559' title='bbox 2978 3981 3045 4036; x_wconf 91' lang='lat' dir='ltr'><strong>de</strong></span> <span class='ocrx_word' id='word_1_560' title='bbox 3073 3986 3395 4048; x_wconf 87' lang='lat' dir='ltr'><strong>argumento</strong></span> <span class='ocrx_word' id='word_1_561' title='bbox 3442 3976 3639 4031; x_wconf 89' lang='lat' dir='ltr'><strong>eodem</strong></span> <span class='ocrx_word' id='word_1_562' title='bbox 3683 3977 3734 4030; x_wconf 86' lang='lat' dir='ltr'><strong>in</strong></span> 
     </span>
    </p>
   </div>
   <div class='ocr_carea' id='block_1_75' title="bbox 520 4139 1610 4204">
    <p class='ocr_par' dir='ltr' id='par_1_75' title="bbox 520 4139 1610 4204">
     <span class='ocr_line' id='line_1_75' title="bbox 520 4139 1610 4204; baseline -0.003 -7"><span class='ocrx_word' id='word_1_563' title='bbox 520 4152 546 4179; x_wconf 85' lang='grc'><strong><em>⁸</em></strong></span> <span class='ocrx_word' id='word_1_564' title='bbox 581 4142 713 4197; x_wconf 88' lang='lat' dir='ltr'><strong>Cod.</strong></span> <span class='ocrx_word' id='word_1_565' title='bbox 751 4142 867 4196; x_wconf 85' lang='lat' dir='ltr'><strong>Vat.</strong></span> <span class='ocrx_word' id='word_1_566' title='bbox 899 4139 1064 4204; x_wconf 66' lang='lat' dir='ltr'><strong>b95l,</strong></span> <span class='ocrx_word' id='word_1_567' title='bbox 1093 4142 1344 4204; x_wconf 79' lang='lat' dir='ltr'><strong>defectum</strong></span> <span class='ocrx_word' id='word_1_568' title='bbox 1365 4145 1610 4195; x_wconf 78' lang='lat' dir='ltr'><strong>camelis.</strong></span> 
     </span>
    </p>
   </div>
   <div class='ocr_carea' id='block_1_76' title="bbox 519 4211 2032 4283">
    <p class='ocr_par' dir='ltr' id='par_1_76' title="bbox 519 4211 2032 4283">
     <span class='ocr_line' id='line_1_76' title="bbox 519 4211 2032 4283; baseline -0.001 -18"><span class='ocrx_word' id='word_1_569' title='bbox 519 4211 550 4251; x_wconf 68' lang='grc' dir='ltr'>δ</span> <span class='ocrx_word' id='word_1_570' title='bbox 580 4212 874 4283; x_wconf 75' lang='lat' dir='ltr'><strong>idemcod.</strong></span> <span class='ocrx_word' id='word_1_571' title='bbox 911 4212 1031 4266; x_wconf 85' lang='lat' dir='ltr'><strong>Vat.</strong></span> <span class='ocrx_word' id='word_1_572' title='bbox 1064 4211 1224 4280; x_wconf 76' lang='grc'><strong>4951,</strong></span> <span class='ocrx_word' id='word_1_573' title='bbox 1247 4213 1385 4266; x_wconf 87' lang='lat' dir='ltr'><strong>orbis</strong></span> <span class='ocrx_word' id='word_1_574' title='bbox 1413 4212 1642 4283; x_wconf 83' lang='lat' dir='ltr'><strong>gentibus</strong></span> <span class='ocrx_word' id='word_1_575' title='bbox 1669 4213 1852 4266; x_wconf 76' lang='lat' dir='ltr'><strong>salutis</strong></span> <span class='ocrx_word' id='word_1_576' title='bbox 1882 4220 2032 4266; x_wconf 69' lang='lat' dir='ltr'><strong>ceter—</strong></span> 
     </span>
    </p>
   </div>
   <div class='ocr_carea' id='block_1_77' title="bbox 444 4282 1426 4342">
    <p class='ocr_par' dir='ltr' id='par_1_77' title="bbox 444 4282 1426 4342">
     <span class='ocr_line' id='line_1_77' title="bbox 444 4282 1426 4342; baseline -0.003 -6"><span class='ocrx_word' id='word_1_577' title='bbox 444 4292 525 4339; x_wconf 72' lang='lat' dir='ltr'><strong>nle</strong></span> <span class='ocrx_word' id='word_1_578' title='bbox 553 4282 784 4342; x_wconf 77' lang='lat' dir='ltr'><strong>calicem,</strong></span> <span class='ocrx_word' id='word_1_579' title='bbox 810 4289 912 4334; x_wconf 90' lang='lat' dir='ltr'><strong>etc.</strong></span> <span class='ocrx_word' id='word_1_580' title='bbox 1421 4282 1426 4304; x_wconf 67' lang='grc' dir='ltr'><strong>ί</strong></span> 
     </span>
    </p>
   </div>
   <div class='ocr_carea' id='block_1_78' title="bbox 516 4349 2035 4422">
    <p class='ocr_par' dir='ltr' id='par_1_78' title="bbox 516 4349 2035 4422">
     <span class='ocr_line' id='line_1_78' title="bbox 516 4349 2035 4422; baseline -0.001 -16"><span class='ocrx_word' id='word_1_581' title='bbox 516 4364 537 4391; x_wconf 76' lang='grc' dir='ltr'><strong>ο</strong></span> <span class='ocrx_word' id='word_1_582' title='bbox 571 4350 740 4406; x_wconf 88' lang='lat' dir='ltr'><strong>Codd.</strong></span> <span class='ocrx_word' id='word_1_583' title='bbox 765 4351 1046 4414; x_wconf 85' lang='lat' dir='ltr'><strong>Laurent.,</strong></span> <span class='ocrx_word' id='word_1_584' title='bbox 1076 4350 1250 4406; x_wconf 85' lang='lat' dir='ltr'><strong>Vatic.</strong></span> <span class='ocrx_word' id='word_1_585' title='bbox 1275 4351 1384 4405; x_wconf 75' lang='grc'><strong>257</strong></span> <span class='ocrx_word' id='word_1_586' title='bbox 1408 4359 1463 4406; x_wconf 90' lang='lat' dir='ltr'><strong>et</strong></span> <span class='ocrx_word' id='word_1_587' title='bbox 1488 4350 1694 4416; x_wconf 91' lang='lat' dir='ltr'><strong>Casin.,</strong></span> <span class='ocrx_word' id='word_1_588' title='bbox 1728 4349 1852 4415; x_wconf 79' lang='grc'>106,</span> <span class='ocrx_word' id='word_1_589' title='bbox 1884 4359 2035 4422; x_wconf 87' lang='lat' dir='ltr'><strong>atque</strong></span> 
     </span>
    </p>
   </div>
   <div class='ocr_carea' id='block_1_79' title="bbox 445 4423 594 4477">
    <p class='ocr_par' dir='ltr' id='par_1_79' title="bbox 445 4423 594 4477">
     <span class='ocr_line' id='line_1_79' title="bbox 445 4423 594 4477; baseline -0.013 -1"><span class='ocrx_word' id='word_1_590' title='bbox 445 4423 594 4477; x_wconf 78' lang='lat' dir='ltr'><strong>illud.</strong></span> 
     </span>
    </p>
   </div>
   <div class='ocr_carea' id='block_1_80' title="bbox 514 4489 1647 4553">
    <p class='ocr_par' dir='ltr' id='par_1_80' title="bbox 514 4489 1647 4553">
     <span class='ocr_line' id='line_1_80' title="bbox 514 4489 1647 4553; baseline -0.002 -9"><span class='ocrx_word' id='word_1_591' title='bbox 514 4490 542 4530; x_wconf 73' lang='grc' dir='ltr'><em>δ</em></span> <span class='ocrx_word' id='word_1_592' title='bbox 582 4489 716 4544; x_wconf 92' lang='lat' dir='ltr'><strong>Cod.</strong></span> <span class='ocrx_word' id='word_1_593' title='bbox 750 4490 872 4543; x_wconf 88' lang='lat' dir='ltr'><strong>Vat.</strong></span> <span class='ocrx_word' id='word_1_594' title='bbox 899 4489 1271 4553; x_wconf 71' lang='lat' dir='ltr'><strong>257,-ventura</strong></span> <span class='ocrx_word' id='word_1_595' title='bbox 1300 4507 1647 4553; x_wconf 62' lang='lat' dir='ltr'><strong>praenoscens.</strong></span> 
     </span>
    </p>
   </div>
   <div class='ocr_carea' id='block_1_81' title="bbox 517 4558 2031 4628">
    <p class='ocr_par' dir='ltr' id='par_1_81' title="bbox 517 4558 2031 4628">
     <span class='ocr_line' id='line_1_81' title="bbox 517 4558 2031 4628; baseline -0.003 -14"><span class='ocrx_word' id='word_1_596' title='bbox 517 4572 544 4600; x_wconf 77' lang='grc' dir='ltr'><strong><em>ο</em></strong></span> <span class='ocrx_word' id='word_1_597' title='bbox 580 4561 726 4614; x_wconf 85' lang='lat' dir='ltr'><strong>idem</strong></span> <span class='ocrx_word' id='word_1_598' title='bbox 753 4561 876 4614; x_wconf 92' lang='lat' dir='ltr'><strong>cod.</strong></span> <span class='ocrx_word' id='word_1_599' title='bbox 910 4558 1188 4625; x_wconf 66' lang='lat' dir='ltr'><strong>Laurent,</strong></span> <span class='ocrx_word' id='word_1_600' title='bbox 1219 4558 1309 4614; x_wconf 84' lang='lat' dir='ltr'><strong>sed</strong></span> <span class='ocrx_word' id='word_1_601' title='bbox 1337 4562 1632 4613; x_wconf 80' lang='lat' dir='ltr'><strong>miserantis</strong></span> <span class='ocrx_word' id='word_1_602' title='bbox 1676 4569 1884 4628; x_wconf 87' lang='lat' dir='ltr'><strong>portare</strong></span> <span class='ocrx_word' id='word_1_603' title='bbox 1923 4575 2031 4627; x_wconf 79' lang='lat' dir='ltr'><strong>mg-</strong></span> 
     </span>
    </p>
   </div>
   <div class='ocr_carea' id='block_1_82' title="bbox 445 4642 2027 4765">
    <p class='ocr_par' dir='ltr' id='par_1_82' title="bbox 445 4642 2027 4765">
     <span class='ocr_line' id='line_1_82' title="bbox 570 4649 676 4683; baseline 0.009 -1"><span class='ocrx_word' id='word_1_604' title='bbox 570 4649 600 4682; x_wconf 86' lang='lat' dir='ltr'><strong>u</strong></span> <span class='ocrx_word' id='word_1_605' title='bbox 662 4671 676 4683; x_wconf 89' lang='lat'><strong>.</strong></span> 
     </span>
     <span class='ocr_line' id='line_1_83' title="bbox 445 4642 2027 4765; baseline -0.002 -13"><span class='ocrx_word' id='word_1_606' title='bbox 445 4642 570 4738; x_wconf 50' lang='lat' dir='ltr'><strong><em>ne?</em></strong></span> <span class='ocrx_word' id='word_1_607' title='bbox 589 4648 733 4753; x_wconf 53' lang='lat' dir='ltr'><strong>{518m</strong></span> <span class='ocrx_word' id='word_1_608' title='bbox 765 4699 885 4755; x_wconf 94' lang='lat' dir='ltr'><strong>cod.</strong></span> <span class='ocrx_word' id='word_1_609' title='bbox 921 4699 1202 4765; x_wconf 87' lang='lat' dir='ltr'><strong>Laurent.,</strong></span> <span class='ocrx_word' id='word_1_610' title='bbox 1231 4701 1286 4752; x_wconf 87' lang='lat' dir='ltr'><strong>in</strong></span> <span class='ocrx_word' id='word_1_611' title='bbox 1327 4699 1490 4752; x_wconf 80' lang='lat' dir='ltr'><strong>aliam</strong></span> <span class='ocrx_word' id='word_1_612' title='bbox 1531 4708 1845 4752; x_wconf 82' lang='lat' dir='ltr'><strong>creaturam.</strong></span> <span class='ocrx_word' id='word_1_613' title='bbox 1895 4695 2027 4750; x_wconf 92' lang='lat' dir='ltr'><strong>Cod.</strong></span> 
     </span>
    </p>
   </div>
   <div class='ocr_carea' id='block_1_83' title="bbox 449 4767 1506 4836">
    <p class='ocr_par' dir='ltr' id='par_1_83' title="bbox 449 4767 1506 4836">
     <span class='ocr_line' id='line_1_84' title="bbox 449 4767 1506 4836; baseline -0.004 -11"><span class='ocrx_word' id='word_1_614' title='bbox 449 4771 567 4825; x_wconf 92' lang='lat' dir='ltr'><strong>Vat.</strong></span> <span class='ocrx_word' id='word_1_615' title='bbox 600 4767 761 4836; x_wconf 72' lang='grc'><strong>4951,</strong></span> <span class='ocrx_word' id='word_1_616' title='bbox 787 4787 820 4822; x_wconf 91' lang='lat' dir='ltr'><strong>a</strong></span> <span class='ocrx_word' id='word_1_617' title='bbox 848 4786 942 4822; x_wconf 84' lang='lat' dir='ltr'><strong>sua</strong></span> <span class='ocrx_word' id='word_1_618' title='bbox 969 4771 1022 4821; x_wconf 88' lang='lat' dir='ltr'><strong>in</strong></span> <span class='ocrx_word' id='word_1_619' title='bbox 1052 4770 1215 4820; x_wconf 77' lang='lat' dir='ltr'><strong>aliam</strong></span> <span class='ocrx_word' id='word_1_620' title='bbox 1244 4778 1506 4836; x_wconf 86' lang='lat' dir='ltr'><strong>naturam.</strong></span> 
     </span>
    </p>
   </div>
   <div class='ocr_carea' id='block_1_84' title="bbox 516 4835 2028 4908">
    <p class='ocr_par' dir='ltr' id='par_1_84' title="bbox 516 4835 2028 4908">
     <span class='ocr_line' id='line_1_85' title="bbox 516 4835 2028 4908; baseline -0.002 -19"><span class='ocrx_word' id='word_1_621' title='bbox 516 4851 542 4889; x_wconf 86' lang='lat' dir='ltr'><strong>s</strong></span> <span class='ocrx_word' id='word_1_622' title='bbox 574 4839 716 4894; x_wconf 87' lang='lat' dir='ltr'><strong>Idem</strong></span> <span class='ocrx_word' id='word_1_623' title='bbox 740 4835 860 4894; x_wconf 78' lang='lat' dir='ltr'><strong>eod.</strong></span> <span class='ocrx_word' id='word_1_624' title='bbox 887 4838 1007 4892; x_wconf 87' lang='lat' dir='ltr'><strong>Vat.</strong></span> <span class='ocrx_word' id='word_1_625' title='bbox 1027 4837 1202 4900; x_wconf 57' lang='lat' dir='ltr'><strong>d951,</strong></span> <span class='ocrx_word' id='word_1_626' title='bbox 1235 4835 1414 4908; x_wconf 85' lang='lat' dir='ltr'><strong>Neque</strong></span> <span class='ocrx_word' id='word_1_627' title='bbox 1439 4840 1582 4891; x_wconf 88' lang='lat' dir='ltr'><strong>enim</strong></span> <span class='ocrx_word' id='word_1_628' title='bbox 1607 4839 1898 4908; x_wconf 71' lang='lat' dir='ltr'><strong>quisquam,</strong></span> <span class='ocrx_word' id='word_1_629' title='bbox 1926 4844 2028 4889; x_wconf 88' lang='lat' dir='ltr'><strong>etc.</strong></span> 
     </span>
    </p>
   </div>
   <div class='ocr_carea' id='block_1_85' title="bbox 445 4906 1816 4967">
    <p class='ocr_par' dir='ltr' id='par_1_85' title="bbox 445 4906 1816 4967">
     <span class='ocr_line' id='line_1_86' title="bbox 445 4906 1816 4967; baseline -0.008 0"><span class='ocrx_word' id='word_1_630' title='bbox 445 4912 533 4967; x_wconf 93' lang='lat' dir='ltr'><strong>cui</strong></span> <span class='ocrx_word' id='word_1_631' title='bbox 563 4909 674 4963; x_wconf 90' lang='lat' dir='ltr'><strong>fere</strong></span> <span class='ocrx_word' id='word_1_632' title='bbox 704 4910 755 4962; x_wconf 87' lang='lat' dir='ltr'><strong>in</strong></span> <span class='ocrx_word' id='word_1_633' title='bbox 785 4909 1034 4962; x_wconf 87' lang='lat' dir='ltr'><strong>omnibus</strong></span> <span class='ocrx_word' id='word_1_634' title='bbox 1064 4906 1347 4962; x_wconf 82' lang='lat' dir='ltr'><strong>uniformis</strong></span> <span class='ocrx_word' id='word_1_635' title='bbox 1376 4908 1512 4960; x_wconf 87' lang='lat' dir='ltr'><strong>alter</strong></span> <span class='ocrx_word' id='word_1_636' title='bbox 1535 4906 1654 4960; x_wconf 89' lang='lat' dir='ltr'><strong>cod.</strong></span> <span class='ocrx_word' id='word_1_637' title='bbox 1691 4906 1816 4959; x_wconf 70' lang='lat'><strong>257.</strong></span> 
     </span>
    </p>
   </div>
   <div class='ocr_carea' id='block_1_86' title="bbox 517 4976 2033 5048">
    <p class='ocr_par' dir='ltr' id='par_1_86' title="bbox 517 4976 2033 5048">
     <span class='ocr_line' id='line_1_87' title="bbox 517 4976 2033 5048; baseline -0.007 -12"><span class='ocrx_word' id='word_1_638' title='bbox 517 4979 547 5018; x_wconf 75' lang='grc'><strong>³³</strong></span> <span class='ocrx_word' id='word_1_639' title='bbox 580 4978 816 5048; x_wconf 87' lang='lat' dir='ltr'><strong>Uterque</strong></span> <span class='ocrx_word' id='word_1_640' title='bbox 844 4978 962 5032; x_wconf 86' lang='lat' dir='ltr'><strong>cod.</strong></span> <span class='ocrx_word' id='word_1_641' title='bbox 997 4979 1089 5047; x_wconf 92' lang='lat' dir='ltr'><strong>qui</strong></span> <span class='ocrx_word' id='word_1_642' title='bbox 1119 4992 1282 5048; x_wconf 90' lang='lat' dir='ltr'><strong>supra</strong></span> <span class='ocrx_word' id='word_1_643' title='bbox 1302 5018 1316 5043; x_wconf 95' lang='lat'><strong>,</strong></span> <span class='ocrx_word' id='word_1_644' title='bbox 1358 4978 1663 5046; x_wconf 70' lang='lat' dir='ltr'><strong>tinnitusque</strong></span> <span class='ocrx_word' id='word_1_645' title='bbox 1690 4985 1767 5029; x_wconf 80' lang='lat' dir='ltr'><strong>est</strong></span> <span class='ocrx_word' id='word_1_646' title='bbox 1797 4976 2033 5027; x_wconf 85' lang='lat' dir='ltr'><strong>nimium.</strong></span> 
     </span>
    </p>
   </div>
   <div class='ocr_carea' id='block_1_87' title="bbox 447 5130 2040 5192">
    <p class='ocr_par' dir='ltr' id='par_1_87' title="bbox 447 5130 2040 5192">
     <span class='ocr_line' id='line_1_88' title="bbox 447 5130 2040 5192; baseline -0.007 -1"><span class='ocrx_word' id='word_1_647' title='bbox 447 5137 703 5192; x_wconf 74' lang='lat' dir='ltr'><strong>aliorsum</strong></span> <span class='ocrx_word' id='word_1_648' title='bbox 740 5135 794 5190; x_wconf 90' lang='lat' dir='ltr'><strong>id</strong></span> <span class='ocrx_word' id='word_1_649' title='bbox 821 5135 970 5189; x_wconf 89' lang='lat' dir='ltr'><strong>vocis</strong></span> <span class='ocrx_word' id='word_1_650' title='bbox 1008 5149 1073 5188; x_wconf 87' lang='lat' dir='ltr'><strong>ac</strong></span> <span class='ocrx_word' id='word_1_651' title='bbox 1108 5148 1139 5186; x_wconf 89' lang='lat' dir='ltr'><strong>a</strong></span> <span class='ocrx_word' id='word_1_652' title='bbox 1164 5132 1438 5187; x_wconf 88' lang='lat' dir='ltr'><strong>veteribus</strong></span> <span class='ocrx_word' id='word_1_653' title='bbox 1475 5130 1674 5185; x_wconf 89' lang='lat' dir='ltr'><strong>factum</strong></span> <span class='ocrx_word' id='word_1_654' title='bbox 1715 5134 1859 5183; x_wconf 89' lang='lat' dir='ltr'><strong>esset</strong></span> <span class='ocrx_word' id='word_1_655' title='bbox 1887 5141 2040 5181; x_wconf 87' lang='lat' dir='ltr'><strong>acce-</strong></span> 
     </span>
    </p>
   </div>
   <div class='ocr_carea' id='block_1_88' title="bbox 447 5202 2040 5319">
    <p class='ocr_par' dir='ltr' id='par_1_88' title="bbox 447 5202 2040 5319">
     <span class='ocr_line' id='line_1_89' title="bbox 447 5202 2040 5319; baseline -0.008 -58"><span class='ocrx_word' id='word_1_656' title='bbox 447 5207 622 5277; x_wconf 87' lang='lat' dir='ltr'><strong>perit;</strong></span> <span class='ocrx_word' id='word_1_657' title='bbox 654 5213 747 5258; x_wconf 83' lang='lat' dir='ltr'><strong>aut</strong></span> <span class='ocrx_word' id='word_1_658' title='bbox 787 5221 883 5258; x_wconf 92' lang='lat' dir='ltr'><strong>nos</strong></span> <span class='ocrx_word' id='word_1_659' title='bbox 913 5204 1175 5258; x_wconf 89' lang='lat' dir='ltr'><strong>arbitratu</strong></span> <span class='ocrx_word' id='word_1_660' title='bbox 1202 5202 1254 5255; x_wconf 90' lang='lat' dir='ltr'><strong>id</strong></span> <span class='ocrx_word' id='word_1_661' title='bbox 1291 5210 1476 5256; x_wconf 90' lang='lat' dir='ltr'><strong>nostro</strong></span> <span class='ocrx_word' id='word_1_662' title='bbox 1503 5207 1838 5279; x_wconf 74' lang='lat' dir='ltr'><strong>commentos</strong></span> <span class='ocrx_word' id='word_1_663' title='bbox 1865 5204 2040 5319; x_wconf 44' lang='lat' dir='ltr'><strong>aptet,</strong></span> 
     </span>
     <span class='ocr_line' id='line_1_90' title="bbox 447 5271 2040 5319; baseline 0 0"><span class='ocrx_word' id='word_1_664' title='bbox 447 5274 711 5319; x_wconf 67' lang='lat' dir='ltr'><strong>nni-nandi</strong></span> <span class='ocrx_word' id='word_1_665' title='bbox 733 5273 789 5319; x_wconf 78' lang='lat' dir='ltr'><strong>S-</strong></span> <span class='ocrx_word' id='word_1_666' title='bbox 814 5275 1067 5319; x_wconf 68' lang='lat' dir='ltr'><strong>antistitis</strong></span> <span class='ocrx_word' id='word_1_667' title='bbox 1085 5288 1266 5319; x_wconf 66' lang='lat' dir='ltr'><strong>mima-</strong></span> <span class='ocrx_word' id='word_1_668' title='bbox 1292 5271 1467 5319; x_wconf 77' lang='lat' dir='ltr'><strong>Atque</strong></span> <span class='ocrx_word' id='word_1_669' title='bbox 1487 5271 1564 5319; x_wconf 85' lang='lat' dir='ltr'><strong>sic</strong></span> <span class='ocrx_word' id='word_1_670' title='bbox 1583 5282 1854 5319; x_wconf 74' lang='lat' dir='ltr'><strong>accepisse</strong></span> <span class='ocrx_word' id='word_1_671' title='bbox 1929 5281 2040 5319; x_wconf 78' lang='lat' dir='ltr'><strong>3x1-</strong></span> 
     </span>
    </p>
   </div>
   <div class='ocr_carea' id='block_1_89' title="bbox 447 5268 2040 5349">
    <p class='ocr_par' dir='ltr' id='par_1_89' title="bbox 447 5268 2040 5349">
     <span class='ocr_line' id='line_1_91' title="bbox 447 5268 2040 5349; baseline -0.006 -19"><span class='ocrx_word' id='word_1_672' title='bbox 447 5268 713 5347; x_wconf 77' lang='lat' dir='ltr'><strong>purgandi</strong></span> <span class='ocrx_word' id='word_1_673' title='bbox 733 5273 1067 5349; x_wconf 73' lang='lat' dir='ltr'><strong>S._antistitis</strong></span> <span class='ocrx_word' id='word_1_674' title='bbox 1085 5288 1276 5349; x_wconf 86' lang='lat' dir='ltr'><strong>causa._</strong></span> <span class='ocrx_word' id='word_1_675' title='bbox 1287 5271 1467 5349; x_wconf 49' lang='lat' dir='ltr'><strong>Atque</strong></span> <span class='ocrx_word' id='word_1_676' title='bbox 1487 5271 1564 5349; x_wconf 79' lang='lat' dir='ltr'><strong>sic</strong></span> <span class='ocrx_word' id='word_1_677' title='bbox 1583 5269 1854 5349; x_wconf 71' lang='lat' dir='ltr'><strong>accepisse</strong></span> <span class='ocrx_word' id='word_1_678' title='bbox 1875 5268 2040 5320; x_wconf 84' lang='lat' dir='ltr'><strong>Maxi-</strong></span> 
     </span>
    </p>
   </div>
   <div class='ocr_carea' id='block_1_90' title="bbox 449 5337 2044 5416">
    <p class='ocr_par' dir='ltr' id='par_1_90' title="bbox 449 5337 2044 5416">
     <span class='ocr_line' id='line_1_92' title="bbox 449 5337 2044 5416; baseline -0.008 -16"><span class='ocrx_word' id='word_1_679' title='bbox 449 5337 724 5416; x_wconf 75' lang='lat' dir='ltr'><strong>mum,_ex</strong></span> <span class='ocrx_word' id='word_1_680' title='bbox 751 5344 849 5416; x_wconf 72' lang='lat' dir='ltr'><strong>iis</strong></span> <span class='ocrx_word' id='word_1_681' title='bbox 890 5359 1019 5416; x_wconf 48' lang='lat' dir='ltr'><strong>qum</strong></span> <span class='ocrx_word' id='word_1_682' title='bbox 1055 5357 1182 5416; x_wconf 80' lang='lat' dir='ltr'><strong>mox</strong></span> <span class='ocrx_word' id='word_1_683' title='bbox 1211 5337 1479 5416; x_wconf 73' lang='lat' dir='ltr'><strong>adjupgit,</strong></span> <span class='ocrx_word' id='word_1_684' title='bbox 1512 5337 1918 5416; x_wconf 74' lang='lat' dir='ltr'><strong>intelligiplane</strong></span> <span class='ocrx_word' id='word_1_685' title='bbox 1946 5352 2044 5404; x_wconf 91' lang='lat' dir='ltr'><strong>po-</strong></span> 
     </span>
    </p>
   </div>
   <div class='ocr_carea' id='block_1_91' title="bbox 451 5410 2041 5471">
    <p class='ocr_par' dir='ltr' id='par_1_91' title="bbox 451 5410 2041 5471">
     <span class='ocr_line' id='line_1_93' title="bbox 451 5410 2041 5471; baseline -0.006 -3"><span class='ocrx_word' id='word_1_686' title='bbox 451 5424 577 5471; x_wconf 85' lang='lat' dir='ltr'><strong>test.</strong></span> <span class='ocrx_word' id='word_1_687' title='bbox 596 5413 725 5468; x_wconf 87' lang='lat' dir='ltr'><strong>Nam</strong></span> <span class='ocrx_word' id='word_1_688' title='bbox 748 5410 950 5467; x_wconf 78' lang='lat' dir='ltr'><strong>idcirco</strong></span> <span class='ocrx_word' id='word_1_689' title='bbox 961 5412 1233 5466; x_wconf 88' lang='lat' dir='ltr'><strong>Christum</strong></span> <span class='ocrx_word' id='word_1_690' title='bbox 1251 5413 1322 5464; x_wconf 88' lang='lat' dir='ltr'><strong>ita</strong></span> <span class='ocrx_word' id='word_1_691' title='bbox 1337 5410 1497 5464; x_wconf 86' lang='lat' dir='ltr'><strong>fuisse</strong></span> <span class='ocrx_word' id='word_1_692' title='bbox 1512 5411 1803 5462; x_wconf 89' lang='lat' dir='ltr'><strong>allocutum</strong></span> <span class='ocrx_word' id='word_1_693' title='bbox 1816 5414 2041 5459; x_wconf 88' lang='lat' dir='ltr'><strong>matrem</strong></span> 
     </span>
    </p>
   </div>
   <div class='ocr_carea' id='block_1_92' title="bbox 451 5476 2039 5551">
    <p class='ocr_par' dir='ltr' id='par_1_92' title="bbox 451 5476 2039 5551">
     <span class='ocr_line' id='line_1_94' title="bbox 451 5476 2039 5551; baseline -0.009 -11"><span class='ocrx_word' id='word_1_694' title='bbox 451 5484 848 5542; x_wconf 89' lang='lat' dir='ltr'><strong>animadvertit,</strong></span> <span class='ocrx_word' id='word_1_695' title='bbox 882 5498 987 5535; x_wconf 91' lang='lat' dir='ltr'><strong>non</strong></span> <span class='ocrx_word' id='word_1_696' title='bbox 1009 5482 1153 5551; x_wconf 89' lang='lat' dir='ltr'><strong>quod</strong></span> <span class='ocrx_word' id='word_1_697' title='bbox 1176 5481 1265 5535; x_wconf 90' lang='lat' dir='ltr'><strong>illa</strong></span> <span class='ocrx_word' id='word_1_698' title='bbox 1295 5481 1586 5551; x_wconf 85' lang='lat' dir='ltr'><strong>quidquam</strong></span> <span class='ocrx_word' id='word_1_699' title='bbox 1613 5478 1853 5551; x_wconf 85' lang='lat' dir='ltr'><strong>petiisset</strong></span> <span class='ocrx_word' id='word_1_700' title='bbox 1882 5476 2039 5551; x_wconf 79' lang='lat' dir='ltr'><strong>male,</strong></span> 
     </span>
    </p>
   </div>
   <div class='ocr_carea' id='block_1_93' title="bbox 451 5546 2044 5621">
    <p class='ocr_par' dir='ltr' id='par_1_93' title="bbox 451 5546 2044 5621">
     <span class='ocr_line' id='line_1_95' title="bbox 451 5546 2044 5621; baseline -0.01 -10"><span class='ocrx_word' id='word_1_701' title='bbox 451 5556 547 5611; x_wconf 84' lang='lat' dir='ltr'><strong>sed</strong></span> <span class='ocrx_word' id='word_1_702' title='bbox 575 5553 719 5621; x_wconf 86' lang='lat' dir='ltr'><strong>quod</strong></span> <span class='ocrx_word' id='word_1_703' title='bbox 748 5554 989 5620; x_wconf 84' lang='lat' dir='ltr'><strong>petiisset</strong></span> <span class='ocrx_word' id='word_1_704' title='bbox 1017 5546 1135 5603; x_wconf 79' lang='lat' dir='ltr'><strong>cum</strong></span> <span class='ocrx_word' id='word_1_705' title='bbox 1167 5546 1401 5621; x_wconf 8' lang='lat' dir='ltr'><strong>nondum,</strong></span> <span class='ocrx_word' id='word_1_706' title='bbox 1423 5548 1614 5601; x_wconf 78' lang='lat' dir='ltr'><strong>Christi</strong></span> <span class='ocrx_word' id='word_1_707' title='bbox 1639 5549 1797 5621; x_wconf 74' lang='lat' dir='ltr'><strong>ipsius</strong></span> <span class='ocrx_word' id='word_1_708' title='bbox 1828 5546 2044 5621; x_wconf 72' lang='lat' dir='ltr'><strong>venisset</strong></span> 
     </span>
    </p>
   </div>
   <div class='ocr_carea' id='block_1_94' title="bbox 453 5615 2040 5693">
    <p class='ocr_par' dir='ltr' id='par_1_94' title="bbox 453 5615 2040 5693">
     <span class='ocr_line' id='line_1_96' title="bbox 453 5615 2040 5693; baseline -0.009 -14"><span class='ocrx_word' id='word_1_709' title='bbox 453 5615 607 5687; x_wconf 68' lang='lat' dir='ltr'><strong>hora,</strong></span> <span class='ocrx_word' id='word_1_710' title='bbox 629 5639 730 5691; x_wconf 82' lang='lat' dir='ltr'><strong>qua</strong></span> <span class='ocrx_word' id='word_1_711' title='bbox 749 5615 1114 5693; x_wconf 65' lang='lat' dir='ltr'><strong>redemptionis</strong></span> <span class='ocrx_word' id='word_1_712' title='bbox 1140 5629 1330 5693; x_wconf 71' lang='lat' dir='ltr'><strong>nostrae</strong></span> <span class='ocrx_word' id='word_1_713' title='bbox 1358 5620 1547 5693; x_wconf 69' lang='lat' dir='ltr'><strong>uinum,</strong></span> <span class='ocrx_word' id='word_1_714' title='bbox 1572 5617 1706 5687; x_wconf 87' lang='lat' dir='ltr'><strong>quod</strong></span> <span class='ocrx_word' id='word_1_715' title='bbox 1735 5619 1849 5693; x_wconf 61' lang='lat' dir='ltr'><strong>uita;</strong></span> <span class='ocrx_word' id='word_1_716' title='bbox 1878 5615 2040 5693; x_wconf 62' lang='lat' dir='ltr'><strong>[tomi-</strong></span> 
     </span>
    </p>
   </div>
   <div class='ocr_carea' id='block_1_95' title="bbox 453 5683 2038 5762">
    <p class='ocr_par' dir='ltr' id='par_1_95' title="bbox 453 5683 2038 5762">
     <span class='ocr_line' id='line_1_97' title="bbox 453 5683 2038 5762; baseline -0.009 -14"><span class='ocrx_word' id='word_1_717' title='bbox 453 5683 890 5762; x_wconf 40' lang='lat' dir='ltr'><strong>num&#39;p&#39;roﬁceret,</strong></span> <span class='ocrx_word' id='word_1_718' title='bbox 920 5683 1315 5762; x_wconf 67' lang='lat' dir='ltr'><strong>promittebat...</strong></span> <span class='ocrx_word' id='word_1_719' title='bbox 1365 5686 1478 5741; x_wconf 78' lang='lat' dir='ltr'><strong>Nec</strong></span> <span class='ocrx_word' id='word_1_720' title='bbox 1509 5683 1675 5762; x_wconf 75' lang='lat' dir='ltr'><strong>tamen</strong></span> <span class='ocrx_word' id='word_1_721' title='bbox 1707 5687 1868 5755; x_wconf 77' lang='lat' dir='ltr'><strong>piguit</strong></span> <span class='ocrx_word' id='word_1_722' title='bbox 1895 5683 2038 5736; x_wconf 87' lang='lat' dir='ltr'><strong>beni—</strong></span> 
     </span>
    </p>
   </div>
   <div class='ocr_carea' id='block_1_96' title="bbox 456 5759 2044 5835">
    <p class='ocr_par' dir='ltr' id='par_1_96' title="bbox 456 5759 2044 5835">
     <span class='ocr_line' id='line_1_98' title="bbox 456 5759 2044 5835; baseline -0.008 -17"><span class='ocrx_word' id='word_1_723' title='bbox 456 5759 758 5835; x_wconf 71' lang='lat' dir='ltr'><strong>gnissimum</strong></span> <span class='ocrx_word' id='word_1_724' title='bbox 791 5759 1085 5826; x_wconf 77' lang='lat' dir='ltr'><strong>Dominum,</strong></span> <span class='ocrx_word' id='word_1_725' title='bbox 1115 5759 1236 5813; x_wconf 85' lang='lat' dir='ltr'><strong>dum</strong></span> <span class='ocrx_word' id='word_1_726' title='bbox 1257 5775 1446 5829; x_wconf 82' lang='lat' dir='ltr'><strong>magna</strong></span> <span class='ocrx_word' id='word_1_727' title='bbox 1473 5760 1696 5821; x_wconf 78' lang='lat' dir='ltr'><strong>veniunt,</strong></span> <span class='ocrx_word' id='word_1_728' title='bbox 1715 5771 1884 5828; x_wconf 82' lang='lat' dir='ltr'><strong>parva</strong></span> <span class='ocrx_word' id='word_1_729' title='bbox 1916 5769 2044 5822; x_wconf 70' lang='lat' dir='ltr'><strong>prae-</strong></span> 
     </span>
    </p>
   </div>
   <div class='ocr_carea' id='block_1_97' title="bbox 2064 4126 3731 4200">
    <p class='ocr_par' dir='ltr' id='par_1_97' title="bbox 2064 4126 3731 4200">
     <span class='ocr_line' id='line_1_99' title="bbox 2064 4126 3731 4200; baseline -0.01 -7"><span class='ocrx_word' id='word_1_730' title='bbox 2064 4140 2114 4200; x_wconf 87' lang='lat' dir='ltr'><strong>D</strong></span> <span class='ocrx_word' id='word_1_731' title='bbox 2187 4136 2233 4194; x_wconf 83' lang='grc' dir='ltr'><strong>,ί</strong></span> <span class='ocrx_word' id='word_1_732' title='bbox 2269 4137 2414 4191; x_wconf 83' lang='lat' dir='ltr'><strong>idem</strong></span> <span class='ocrx_word' id='word_1_733' title='bbox 2449 4133 2568 4188; x_wconf 86' lang='lat' dir='ltr'><strong>cod.</strong></span> <span class='ocrx_word' id='word_1_734' title='bbox 2603 4131 2726 4200; x_wconf 81' lang='lat' dir='ltr'><strong>Vat.</strong></span> <span class='ocrx_word' id='word_1_735' title='bbox 2760 4130 2920 4191; x_wconf 69' lang='lat' dir='ltr'><strong>495i,</strong></span> <span class='ocrx_word' id='word_1_736' title='bbox 2955 4127 3125 4200; x_wconf 82' lang='lat' dir='ltr'><strong>Nemo</strong></span> <span class='ocrx_word' id='word_1_737' title='bbox 3154 4127 3247 4180; x_wconf 79' lang='lat' dir='ltr'><strong>illa</strong></span> <span class='ocrx_word' id='word_1_738' title='bbox 3275 4126 3414 4200; x_wconf 79' lang='lat' dir='ltr'><strong>enim</strong></span> <span class='ocrx_word' id='word_1_739' title='bbox 3437 4126 3731 4200; x_wconf 76' lang='lat' dir='ltr'><strong>quisquam.</strong></span> 
     </span>
    </p>
   </div>
   <div class='ocr_carea' id='block_1_98' title="bbox 2139 4196 3733 4269">
    <p class='ocr_par' dir='ltr' id='par_1_98' title="bbox 2139 4196 3733 4269">
     <span class='ocr_line' id='line_1_100' title="bbox 2139 4196 3733 4269; baseline -0.01 -9"><span class='ocrx_word' id='word_1_740' title='bbox 2139 4206 2270 4261; x_wconf 91' lang='lat' dir='ltr'><strong>Cod.</strong></span> <span class='ocrx_word' id='word_1_741' title='bbox 2305 4206 2428 4259; x_wconf 88' lang='lat' dir='ltr'><strong>Vat.</strong></span> <span class='ocrx_word' id='word_1_742' title='bbox 2472 4202 2628 4267; x_wconf 67' lang='grc'><strong>1267,</strong></span> <span class='ocrx_word' id='word_1_743' title='bbox 2662 4197 2774 4254; x_wconf 84' lang='lat' dir='ltr'><strong>Nec</strong></span> <span class='ocrx_word' id='word_1_744' title='bbox 2815 4202 2951 4254; x_wconf 83' lang='lat' dir='ltr'><strong>enim</strong></span> <span class='ocrx_word' id='word_1_745' title='bbox 2987 4198 3265 4269; x_wconf 81' lang='lat' dir='ltr'><strong>quidquam</strong></span> <span class='ocrx_word' id='word_1_746' title='bbox 3291 4196 3654 4269; x_wconf 76' lang='lat' dir='ltr'><strong>missum__erat</strong></span> <span class='ocrx_word' id='word_1_747' title='bbox 3681 4197 3733 4245; x_wconf 73' lang='lat' dir='ltr'><strong>is</strong></span> 
     </span>
    </p>
   </div>
   <div class='ocr_carea' id='block_1_99' title="bbox 2141 4262 3740 4346">
    <p class='ocr_par' dir='ltr' id='par_1_99' title="bbox 2141 4262 3740 4346">
     <span class='ocr_line' id='line_1_101' title="bbox 2141 4262 3740 4346; baseline -0.008 -18"><span class='ocrx_word' id='word_1_748' title='bbox 2141 4278 2340 4346; x_wconf 84' lang='lat' dir='ltr'><strong>hydriis</strong></span> <span class='ocrx_word' id='word_1_749' title='bbox 2368 4282 2558 4344; x_wconf 69' lang='lat' dir='ltr'><strong>printer</strong></span> <span class='ocrx_word' id='word_1_750' title='bbox 2587 4262 2775 4342; x_wconf 68' lang='lat' dir='ltr'><strong>aquam</strong></span> <span class='ocrx_word' id='word_1_751' title='bbox 2793 4309 2808 4334; x_wconf 95' lang='lat'><strong>,</strong></span> <span class='ocrx_word' id='word_1_752' title='bbox 2839 4269 2971 4323; x_wconf 79' lang='lat' dir='ltr'><strong>niltii</strong></span> <span class='ocrx_word' id='word_1_753' title='bbox 2998 4262 3278 4337; x_wconf 73' lang='lat' dir='ltr'><strong>adjectum,</strong></span> <span class='ocrx_word' id='word_1_754' title='bbox 3322 4281 3410 4317; x_wconf 85' lang='lat' dir='ltr'><strong>ars</strong></span> <span class='ocrx_word' id='word_1_755' title='bbox 3438 4262 3589 4317; x_wconf 80' lang='lat' dir='ltr'><strong>nulla</strong></span> <span class='ocrx_word' id='word_1_756' title='bbox 3618 4280 3740 4317; x_wconf 82' lang='lat' dir='ltr'><strong>con-</strong></span> 
     </span>
    </p>
   </div>
   <div class='ocr_carea' id='block_1_100' title="bbox 2140 4348 2446 4411">
    <p class='ocr_par' dir='ltr' id='par_1_100' title="bbox 2140 4348 2446 4411">
     <span class='ocr_line' id='line_1_102' title="bbox 2140 4348 2446 4411; baseline -0.013 -11"><span class='ocrx_word' id='word_1_757' title='bbox 2140 4348 2312 4411; x_wconf 83' lang='lat' dir='ltr'><strong>ducta,</strong></span> <span class='ocrx_word' id='word_1_758' title='bbox 2341 4354 2446 4400; x_wconf 87' lang='lat' dir='ltr'><strong>etc.</strong></span> 
     </span>
    </p>
   </div>
   <div class='ocr_carea' id='block_1_101' title="bbox 2213 4404 3279 4468">
    <p class='ocr_par' dir='ltr' id='par_1_101' title="bbox 2213 4404 3279 4468">
     <span class='ocr_line' id='line_1_103' title="bbox 2213 4404 3279 4468; baseline -0.009 -3"><span class='ocrx_word' id='word_1_759' title='bbox 2213 4415 2226 4465; x_wconf 85' lang='lat' dir='ltr'><strong>i</strong></span> <span class='ocrx_word' id='word_1_760' title='bbox 2267 4404 2321 4467; x_wconf 83' lang='lat' dir='ltr'><strong>1n</strong></span> <span class='ocrx_word' id='word_1_761' title='bbox 2357 4413 2477 4468; x_wconf 92' lang='lat' dir='ltr'><strong>cod.</strong></span> <span class='ocrx_word' id='word_1_762' title='bbox 2509 4410 2630 4463; x_wconf 89' lang='lat' dir='ltr'><strong>Vat.</strong></span> <span class='ocrx_word' id='word_1_763' title='bbox 2664 4407 2768 4461; x_wconf 76' lang='lat'><strong>257</strong></span> <span class='ocrx_word' id='word_1_764' title='bbox 2798 4407 2949 4462; x_wconf 84' lang='lat' dir='ltr'><strong>deest</strong></span> <span class='ocrx_word' id='word_1_765' title='bbox 2979 4421 3082 4462; x_wconf 80' lang='lat' dir='ltr'><strong>vox</strong></span> <span class='ocrx_word' id='word_1_766' title='bbox 3113 4404 3279 4457; x_wconf 87' lang='lat' dir='ltr'><strong>arida.</strong></span> 
     </span>
    </p>
   </div>
   <div class='ocr_carea' id='block_1_102' title="bbox 2210 4476 3231 4547">
    <p class='ocr_par' dir='ltr' id='par_1_102' title="bbox 2210 4476 3231 4547">
     <span class='ocr_line' id='line_1_104' title="bbox 2210 4476 3231 4547; baseline -0.014 -7"><span class='ocrx_word' id='word_1_767' title='bbox 2210 4486 2234 4521; x_wconf 65' lang='grc' dir='ltr'>ι</span> <span class='ocrx_word' id='word_1_768' title='bbox 2266 4483 2397 4538; x_wconf 90' lang='lat' dir='ltr'><strong>Cod.</strong></span> <span class='ocrx_word' id='word_1_769' title='bbox 2431 4482 2576 4542; x_wconf 84' lang='lat' dir='ltr'><strong>Vat.,</strong></span> <span class='ocrx_word' id='word_1_770' title='bbox 2608 4479 2729 4543; x_wconf 75' lang='lat' dir='ltr'><strong>quid</strong></span> <span class='ocrx_word' id='word_1_771' title='bbox 2756 4480 2979 4547; x_wconf 84' lang='lat' dir='ltr'><strong>primum</strong></span> <span class='ocrx_word' id='word_1_772' title='bbox 3006 4476 3231 4529; x_wconf 79' lang='lat' dir='ltr'><strong>mireris.</strong></span> 
     </span>
    </p>
   </div>
   <div class='ocr_carea' id='block_1_103' title="bbox 2213 4547 3231 4614">
    <p class='ocr_par' dir='ltr' id='par_1_103' title="bbox 2213 4547 3231 4614">
     <span class='ocr_line' id='line_1_105' title="bbox 2213 4547 3231 4614; baseline -0.013 -7"><span class='ocrx_word' id='word_1_773' title='bbox 2213 4553 2231 4591; x_wconf 81' lang='grc' dir='ltr'><strong>ι</strong></span> <span class='ocrx_word' id='word_1_774' title='bbox 2265 4552 2400 4606; x_wconf 76' lang='lat' dir='ltr'><strong>Cod.</strong></span> <span class='ocrx_word' id='word_1_775' title='bbox 2433 4551 2552 4604; x_wconf 87' lang='lat' dir='ltr'><strong>Vat.</strong></span> <span class='ocrx_word' id='word_1_776' title='bbox 2585 4547 2713 4614; x_wconf 68' lang='grc'><strong>257,</strong></span> <span class='ocrx_word' id='word_1_777' title='bbox 2746 4551 2999 4601; x_wconf 75' lang='lat' dir='ltr'><strong>elementa</strong></span> <span class='ocrx_word' id='word_1_778' title='bbox 3028 4560 3231 4614; x_wconf 67' lang='lat' dir='ltr'><strong>parere.</strong></span> 
     </span>
    </p>
   </div>
   <div class='ocr_carea' id='block_1_104' title="bbox 2208 4610 3730 4682">
    <p class='ocr_par' dir='ltr' id='par_1_104' title="bbox 2208 4610 3730 4682">
     <span class='ocr_line' id='line_1_106' title="bbox 2208 4610 3730 4682; baseline -0.009 -5"><span class='ocrx_word' id='word_1_779' title='bbox 2208 4633 2246 4660; x_wconf 75' lang='grc' dir='ltr'>ω</span> <span class='ocrx_word' id='word_1_780' title='bbox 2311 4621 2445 4675; x_wconf 91' lang='lat' dir='ltr'><strong>Cod.</strong></span> <span class='ocrx_word' id='word_1_781' title='bbox 2506 4619 2630 4672; x_wconf 85' lang='lat' dir='ltr'><strong>Vat.</strong></span> <span class='ocrx_word' id='word_1_782' title='bbox 2698 4610 2808 4671; x_wconf 84' lang='lat' dir='ltr'><strong>Pal.</strong></span> <span class='ocrx_word' id='word_1_783' title='bbox 2875 4613 2979 4668; x_wconf 74' lang='grc'><strong>257</strong></span> <span class='ocrx_word' id='word_1_784' title='bbox 3008 4610 3038 4682; x_wconf 67' lang='grc'><strong>,⁷</strong></span> <span class='ocrx_word' id='word_1_785' title='bbox 3087 4611 3429 4666; x_wconf 80' lang='lat' dir='ltr'><strong>Crediderunt</strong></span> <span class='ocrx_word' id='word_1_786' title='bbox 3485 4610 3730 4679; x_wconf 81' lang='lat' dir='ltr'><strong>discipuli</strong></span> 
     </span>
    </p>
   </div>
   <div class='ocr_carea' id='block_1_105' title="bbox 2135 4700 2397 4754">
    <p class='ocr_par' dir='ltr' id='par_1_105' title="bbox 2135 4700 2397 4754">
     <span class='ocr_line' id='line_1_107' title="bbox 2135 4700 2397 4754; baseline -0.011 -8"><span class='ocrx_word' id='word_1_787' title='bbox 2135 4709 2259 4754; x_wconf 83' lang='lat' dir='ltr'><strong>non,</strong></span> <span class='ocrx_word' id='word_1_788' title='bbox 2291 4700 2397 4745; x_wconf 88' lang='lat' dir='ltr'><strong>etc.</strong></span> 
     </span>
    </p>
   </div>
   <div class='ocr_carea' id='block_1_106' title="bbox 2209 4748 3730 4817">
    <p class='ocr_par' dir='ltr' id='par_1_106' title="bbox 2209 4748 3730 4817">
     <span class='ocr_line' id='line_1_108' title="bbox 2209 4748 3730 4817; baseline -0.011 -1"><span class='ocrx_word' id='word_1_789' title='bbox 2209 4748 2409 4815; x_wconf 35' lang='lat' dir='ltr'><strong>n&#39;Cod.</strong></span> <span class='ocrx_word' id='word_1_790' title='bbox 2452 4758 2623 4811; x_wconf 85' lang='lat' dir='ltr'><strong>Vatie.</strong></span> <span class='ocrx_word' id='word_1_791' title='bbox 2651 4795 2665 4817; x_wconf 92' lang='lat'><strong>,</strong></span> <span class='ocrx_word' id='word_1_792' title='bbox 2719 4757 2800 4808; x_wconf 85' lang='lat' dir='ltr'><strong>cui</strong></span> <span class='ocrx_word' id='word_1_793' title='bbox 2847 4770 2961 4807; x_wconf 86' lang='lat' dir='ltr'><strong>cum</strong></span> <span class='ocrx_word' id='word_1_794' title='bbox 3017 4751 3178 4805; x_wconf 90' lang='lat' dir='ltr'><strong>Patre</strong></span> <span class='ocrx_word' id='word_1_795' title='bbox 3219 4759 3267 4803; x_wconf 82' lang='lat' dir='ltr'><strong>et</strong></span> <span class='ocrx_word' id='word_1_796' title='bbox 3306 4748 3512 4816; x_wconf 85' lang='lat' dir='ltr'><strong>Spiritu</strong></span> <span class='ocrx_word' id='word_1_797' title='bbox 3549 4757 3730 4801; x_wconf 83' lang='lat' dir='ltr'><strong>sancto</strong></span> 
     </span>
    </p>
   </div>
   <div class='ocr_carea' id='block_1_107' title="bbox 2140 4820 3728 4902">
    <p class='ocr_par' dir='ltr' id='par_1_107' title="bbox 2140 4820 3728 4902">
     <span class='ocr_line' id='line_1_109' title="bbox 2140 4820 3728 4902; baseline -0.01 -17"><span class='ocrx_word' id='word_1_798' title='bbox 2140 4841 2363 4902; x_wconf 77' lang='lat' dir='ltr'><strong>potestas</strong></span> <span class='ocrx_word' id='word_1_799' title='bbox 2403 4839 2452 4882; x_wconf 88' lang='lat' dir='ltr'><strong>et</strong></span> <span class='ocrx_word' id='word_1_800' title='bbox 2498 4827 2770 4897; x_wconf 80' lang='lat' dir='ltr'><strong>imperium</strong></span> <span class='ocrx_word' id='word_1_801' title='bbox 2808 4841 2898 4896; x_wconf 89' lang='lat' dir='ltr'><strong>per</strong></span> <span class='ocrx_word' id='word_1_802' title='bbox 2943 4824 3121 4878; x_wconf 86' lang='lat' dir='ltr'><strong>omnia</strong></span> <span class='ocrx_word' id='word_1_803' title='bbox 3161 4820 3352 4874; x_wconf 66' lang='lat' dir='ltr'><strong>secula</strong></span> <span class='ocrx_word' id='word_1_804' title='bbox 3401 4821 3728 4873; x_wconf 79' lang='lat' dir='ltr'><strong>stecutarum.</strong></span> 
     </span>
    </p>
   </div>
   <div class='ocr_carea' id='block_1_108' title="bbox 2141 4902 2324 4955">
    <p class='ocr_par' dir='ltr' id='par_1_108' title="bbox 2141 4902 2324 4955">
     <span class='ocr_line' id='line_1_110' title="bbox 2141 4902 2324 4955; baseline -0.011 -1"><span class='ocrx_word' id='word_1_805' title='bbox 2141 4902 2324 4955; x_wconf 81' lang='lat' dir='ltr'><strong>Amen.</strong></span> 
     </span>
    </p>
   </div>
   <div class='ocr_carea' id='block_1_109' title="bbox 2142 5106 3734 5184">
    <p class='ocr_par' dir='ltr' id='par_1_109' title="bbox 2142 5106 3734 5184">
     <span class='ocr_line' id='line_1_111' title="bbox 2142 5106 3734 5184; baseline -0.011 -6"><span class='ocrx_word' id='word_1_806' title='bbox 2142 5135 2298 5178; x_wconf 83' lang='lat' dir='ltr'><strong>stare.</strong></span> <span class='ocrx_word' id='word_1_807' title='bbox 2346 5121 2418 5173; x_wconf 77' lang='lat' dir='ltr'><strong>Ac</strong></span> <span class='ocrx_word' id='word_1_808' title='bbox 2455 5121 2591 5182; x_wconf 88' lang='lat' dir='ltr'><strong>ideo,</strong></span> <span class='ocrx_word' id='word_1_809' title='bbox 2641 5115 2832 5184; x_wconf 89' lang='lat' dir='ltr'><strong>inquit,</strong></span> <span class='ocrx_word' id='word_1_810' title='bbox 2873 5109 3178 5184; x_wconf 70' lang='lat' dir='ltr'><strong>uenerabilis</strong></span> <span class='ocrx_word' id='word_1_811' title='bbox 3208 5106 3403 5171; x_wconf 70' lang='lat' dir='ltr'><strong>Maria,</strong></span> <span class='ocrx_word' id='word_1_812' title='bbox 3447 5117 3499 5161; x_wconf 80' lang='lat' dir='ltr'><strong>et</strong></span> <span class='ocrx_word' id='word_1_813' title='bbox 3537 5123 3655 5184; x_wconf 58' lang='lat' dir='ltr'><strong>egre</strong></span> <span class='ocrx_word' id='word_1_814' title='bbox 3682 5119 3734 5162; x_wconf 74' lang='lat' dir='ltr'><strong>ut</strong></span> 
     </span>
    </p>
   </div>
   <div class='ocr_carea' id='block_1_110' title="bbox 2142 5176 3737 5256">
    <p class='ocr_par' dir='ltr' id='par_1_110' title="bbox 2142 5176 3737 5256">
     <span class='ocr_line' id='line_1_112' title="bbox 2142 5176 3737 5256; baseline -0.013 -8"><span class='ocrx_word' id='word_1_815' title='bbox 2142 5176 2305 5247; x_wconf 75' lang='lat' dir='ltr'><strong>mater</strong></span> <span class='ocrx_word' id='word_1_816' title='bbox 2326 5190 2556 5251; x_wconf 85' lang='lat' dir='ltr'><strong>Domini,</strong></span> <span class='ocrx_word' id='word_1_817' title='bbox 2577 5176 2630 5242; x_wconf 83' lang='lat' dir='ltr'><strong>in</strong></span> <span class='ocrx_word' id='word_1_818' title='bbox 2652 5176 2838 5256; x_wconf 83' lang='lat' dir='ltr'><strong>spiritu</strong></span> <span class='ocrx_word' id='word_1_819' title='bbox 2861 5183 3035 5252; x_wconf 71' lang='lat' dir='ltr'><strong>{antra</strong></span> <span class='ocrx_word' id='word_1_820' title='bbox 3055 5192 3397 5256; x_wconf 54' lang='lat' dir='ltr'><strong>pretiosaque,</strong></span> <span class='ocrx_word' id='word_1_821' title='bbox 3422 5176 3737 5256; x_wconf 43' lang='grc' dir='ltr'><strong>θώραξι-α</strong></span> 
     </span>
    </p>
   </div>
   <div class='ocr_carea' id='block_1_111' title="bbox 2144 5243 3731 5330">
    <p class='ocr_par' dir='ltr' id='par_1_111' title="bbox 2144 5243 3731 5330">
     <span class='ocr_line' id='line_1_113' title="bbox 2144 5243 3731 5330; baseline -0.013 -14"><span class='ocrx_word' id='word_1_822' title='bbox 2144 5243 2423 5316; x_wconf 48' lang='lat' dir='ltr'><strong>iisdem}.</strong></span> <span class='ocrx_word' id='word_1_823' title='bbox 2465 5243 2871 5330; x_wconf 70' lang='lat' dir='ltr'><strong>diligentiorem</strong></span> <span class='ocrx_word' id='word_1_824' title='bbox 2907 5243 3180 5330; x_wconf 78' lang='lat' dir='ltr'><strong>cuperem,</strong></span> <span class='ocrx_word' id='word_1_825' title='bbox 3211 5246 3491 5330; x_wconf 72' lang='lat' dir='ltr'><strong>multoque</strong></span> <span class='ocrx_word' id='word_1_826' title='bbox 3538 5246 3592 5325; x_wconf 81' lang='lat' dir='ltr'><strong>in</strong></span> <span class='ocrx_word' id='word_1_827' title='bbox 3637 5243 3731 5324; x_wconf 70' lang='lat' dir='ltr'><strong>Pa-</strong></span> 
     </span>
    </p>
   </div>
   <div class='ocr_carea' id='block_1_112' title="bbox 2145 5313 3732 5394">
    <p class='ocr_par' dir='ltr' id='par_1_112' title="bbox 2145 5313 3732 5394">
     <span class='ocr_line' id='line_1_114' title="bbox 2145 5313 3732 5394; baseline -0.013 -8"><span class='ocrx_word' id='word_1_828' title='bbox 2145 5313 2283 5386; x_wconf 71' lang='lat' dir='ltr'><strong>trum</strong></span> <span class='ocrx_word' id='word_1_829' title='bbox 2315 5313 2446 5384; x_wconf 77' lang='lat' dir='ltr'><strong>iocis</strong></span> <span class='ocrx_word' id='word_1_830' title='bbox 2473 5313 2827 5394; x_wconf 66' lang='lat' dir='ltr'><strong>diiudicandis</strong></span> <span class='ocrx_word' id='word_1_831' title='bbox 2854 5313 3153 5394; x_wconf 67' lang='lat' dir='ltr'><strong>cautiorem</strong></span> <span class='ocrx_word' id='word_1_832' title='bbox 3181 5331 3342 5384; x_wconf 86' lang='lat' dir='ltr'><strong>quam</strong></span> <span class='ocrx_word' id='word_1_833' title='bbox 3363 5313 3482 5394; x_wconf 59' lang='lat' dir='ltr'><strong>fuit</strong></span> <span class='ocrx_word' id='word_1_834' title='bbox 3514 5333 3526 5366; x_wconf 92' lang='lat'><strong>:</strong></span> <span class='ocrx_word' id='word_1_835' title='bbox 3557 5317 3603 5368; x_wconf 90' lang='lat' dir='ltr'><strong>is</strong></span> <span class='ocrx_word' id='word_1_836' title='bbox 3633 5315 3732 5369; x_wconf 80' lang='lat' dir='ltr'><strong>sci-</strong></span> 
     </span>
    </p>
   </div>
   <div class='ocr_carea' id='block_1_113' title="bbox 2145 5383 3729 5462">
    <p class='ocr_par' dir='ltr' id='par_1_113' title="bbox 2145 5383 3729 5462">
     <span class='ocr_line' id='line_1_115' title="bbox 2145 5383 3729 5462; baseline -0.015 -5"><span class='ocrx_word' id='word_1_837' title='bbox 2145 5383 2283 5457; x_wconf 69' lang='lat' dir='ltr'><strong>iieet</strong></span> <span class='ocrx_word' id='word_1_838' title='bbox 2296 5383 2464 5454; x_wconf 84' lang='lat' dir='ltr'><strong>videri</strong></span> <span class='ocrx_word' id='word_1_839' title='bbox 2493 5383 2727 5455; x_wconf 69' lang='lat' dir='ltr'><strong>Maximo</strong></span> <span class='ocrx_word' id='word_1_840' title='bbox 2757 5397 2963 5462; x_wconf 71' lang='lat' dir='ltr'><strong>nostro,</strong></span> <span class='ocrx_word' id='word_1_841' title='bbox 2997 5389 3076 5462; x_wconf 65' lang='lat' dir='ltr'><strong>ait</strong></span> <span class='ocrx_word' id='word_1_842' title='bbox 3099 5383 3314 5462; x_wconf 39' lang='lat' dir='ltr'><strong>libixw</strong></span> <span class='ocrx_word' id='word_1_843' title='bbox 3339 5384 3404 5437; x_wconf 86' lang='lat' dir='ltr'><strong>de</strong></span> <span class='ocrx_word' id='word_1_844' title='bbox 3435 5383 3729 5462; x_wconf 58' lang='lat' dir='ltr'><strong>Inarimen,</strong></span> 
     </span>
    </p>
   </div>
   <div class='ocr_carea' id='block_1_114' title="bbox 2145 5456 3732 5541">
    <p class='ocr_par' dir='ltr' id='par_1_114' title="bbox 2145 5456 3732 5541">
     <span class='ocr_line' id='line_1_116' title="bbox 2145 5456 3732 5541; baseline -0.013 -15"><span class='ocrx_word' id='word_1_845' title='bbox 2145 5456 2263 5540; x_wconf 84' lang='lat' dir='ltr'><strong>cap.</strong></span> <span class='ocrx_word' id='word_1_846' title='bbox 2299 5471 2348 5534; x_wconf 81' lang='lat' dir='ltr'><strong>i,</strong></span> <span class='ocrx_word' id='word_1_847' title='bbox 2384 5469 2410 5541; x_wconf 62' lang='grc' dir='ltr'>ᾗ</span> <span class='ocrx_word' id='word_1_848' title='bbox 2440 5468 2494 5529; x_wconf 86' lang='lat'><strong>6,</strong></span> <span class='ocrx_word' id='word_1_849' title='bbox 2539 5468 2591 5541; x_wconf 84' lang='lat' dir='ltr'><strong>in</strong></span> <span class='ocrx_word' id='word_1_850' title='bbox 2636 5463 2793 5541; x_wconf 82' lang='lat' dir='ltr'><strong>culpa</strong></span> <span class='ocrx_word' id='word_1_851' title='bbox 2838 5459 3001 5541; x_wconf 73' lang='lat' dir='ltr'><strong>fuisse</strong></span> <span class='ocrx_word' id='word_1_852' title='bbox 3045 5457 3351 5541; x_wconf 74' lang='lat' dir='ltr'><strong>Deiparam,</strong></span> <span class='ocrx_word' id='word_1_853' title='bbox 3379 5463 3572 5541; x_wconf 56' lang='lat' dir='ltr'><strong>atque</strong></span> <span class='ocrx_word' id='word_1_854' title='bbox 3587 5456 3732 5541; x_wconf 19' lang='lat' dir='ltr'><strong>“inde</strong></span> 
     </span>
    </p>
   </div>
   <div class='ocr_carea' id='block_1_115' title="bbox 2147 5523 3732 5610">
    <p class='ocr_par' dir='ltr' id='par_1_115' title="bbox 2147 5523 3732 5610">
     <span class='ocr_line' id='line_1_117' title="bbox 2147 5523 3732 5610; baseline -0.014 -16"><span class='ocrx_word' id='word_1_855' title='bbox 2147 5523 2368 5610; x_wconf 69' lang='lat' dir='ltr'><strong>proinde</strong></span> <span class='ocrx_word' id='word_1_856' title='bbox 2384 5523 2857 5610; x_wconf 10' lang='lat' dir='ltr'><strong>(ieimeritatis&#39;e-sse</strong></span> <span class='ocrx_word' id='word_1_857' title='bbox 2884 5523 3200 5610; x_wconf 73' lang='lat' dir='ltr'><strong>inurendam</strong></span> <span class='ocrx_word' id='word_1_858' title='bbox 3228 5532 3438 5610; x_wconf 66' lang='lat' dir='ltr'><strong>notam.</strong></span> <span class='ocrx_word' id='word_1_859' title='bbox 3465 5523 3732 5610; x_wconf 68' lang='lat' dir='ltr'><strong>intempe-</strong></span> 
     </span>
    </p>
   </div>
   <div class='ocr_carea' id='block_1_116' title="bbox 2147 5595 3730 5674">
    <p class='ocr_par' dir='ltr' id='par_1_116' title="bbox 2147 5595 3730 5674">
     <span class='ocr_line' id='line_1_118' title="bbox 2147 5595 3730 5674; baseline -0.015 -10"><span class='ocrx_word' id='word_1_860' title='bbox 2147 5595 2315 5664; x_wconf 66' lang='lat' dir='ltr'><strong>rantis</strong></span> <span class='ocrx_word' id='word_1_861' title='bbox 2373 5609 2516 5662; x_wconf 88' lang='lat' dir='ltr'><strong>enim</strong></span> <span class='ocrx_word' id='word_1_862' title='bbox 2576 5603 2807 5659; x_wconf 88' lang='lat' dir='ltr'><strong>hominis</strong></span> <span class='ocrx_word' id='word_1_863' title='bbox 2859 5608 2951 5674; x_wconf 78' lang='lat' dir='ltr'><strong>est</strong></span> <span class='ocrx_word' id='word_1_864' title='bbox 3009 5610 3127 5666; x_wconf 64' lang='lat' dir='ltr'><strong>qua:</strong></span> <span class='ocrx_word' id='word_1_865' title='bbox 3180 5595 3409 5674; x_wconf 68' lang='lat' dir='ltr'><strong>benigne</strong></span> <span class='ocrx_word' id='word_1_866' title='bbox 3468 5595 3730 5668; x_wconf 80' lang='lat' dir='ltr'><strong>interpre-</strong></span> 
     </span>
    </p>
   </div>
   <div class='ocr_carea' id='block_1_117' title="bbox 2151 5660 3730 5747">
    <p class='ocr_par' dir='ltr' id='par_1_117' title="bbox 2151 5660 3730 5747">
     <span class='ocr_line' id='line_1_119' title="bbox 2151 5660 3730 5747; baseline -0.013 -14"><span class='ocrx_word' id='word_1_867' title='bbox 2151 5660 2586 5747; x_wconf 41' lang='lat' dir='ltr'><strong>tarijnre—possit</strong></span> <span class='ocrx_word' id='word_1_868' title='bbox 2624 5683 2678 5727; x_wconf 91' lang='lat' dir='ltr'><strong>et</strong></span> <span class='ocrx_word' id='word_1_869' title='bbox 2715 5687 2842 5727; x_wconf 85' lang='lat' dir='ltr'><strong>vero</strong></span> <span class='ocrx_word' id='word_1_870' title='bbox 2872 5660 3093 5733; x_wconf 77' lang='lat' dir='ltr'><strong>debeat,</strong></span> <span class='ocrx_word' id='word_1_871' title='bbox 3124 5660 3424 5720; x_wconf 86' lang='lat' dir='ltr'><strong>cavillando</strong></span> <span class='ocrx_word' id='word_1_872' title='bbox 3455 5675 3648 5731; x_wconf 87' lang='lat' dir='ltr'><strong>rapere</strong></span> <span class='ocrx_word' id='word_1_873' title='bbox 3683 5660 3730 5712; x_wconf 81' lang='lat' dir='ltr'><strong>in</strong></span> 
     </span>
    </p>
   </div>
   <div class='ocr_carea' id='block_1_118' title="bbox 2150 5749 2646 5820">
    <p class='ocr_par' dir='ltr' id='par_1_118' title="bbox 2150 5749 2646 5820">
     <span class='ocr_line' id='line_1_120' title="bbox 2150 5749 2646 5820; baseline -0.014 -16"><span class='ocrx_word' id='word_1_874' title='bbox 2150 5751 2389 5820; x_wconf 83' lang='lat' dir='ltr'><strong>pejorem</strong></span> <span class='ocrx_word' id='word_1_875' title='bbox 2418 5749 2646 5816; x_wconf 83' lang='lat' dir='ltr'><strong>partem.</strong></span> 
     </span>
    </p>
   </div>
  </div>
