3924 6232
121 402 198 454 ῒῖτ
1476 349 1760 451 .HOMILIA
1800 394 1978 451 XXIV.

3254 396 3356 450 278

121 518 314 582 utraque
341 510 425 582 agi
455 511 785 582 comperiet.
813 510 1110 566 Conﬁrmat
1138 509 1189 564 id
1215 509 1447 582 quidem,
1473 511 1622 582 quod
1652 521 1735 564 est
1753 509 1828 562 tle
1869 509 2136 582 maxime,
2184 507 2351 582 codex
2371 507 2826 582 _Taur_inensis,__in
2846 509 3356 582 _quo_est_superior

120 576 248 650 inter
270 576 516 650 homilias
547 576 616 636 de
649 582 949 650 Epiphania
995 595 1217 634 numero
1234 576 1407 650 tertia
1427 579 1606 650 ;_h:ec_
1632 587 1840 647 quarta.
1892 578 2066 650 Atque
2101 578 2211 650 haec
2248 576 2617 650 lia_ximo__ip_si
2645 577 2950 650 attribuitur
2967 579 3029 650 _in
3075 577 3142 628 99
3170 577 3358 650 codice

118 646 298 701 Sanctae
323 646 516 703 Crucis
548 651 600 703 in
624 641 947 715 Jerusalem,
979 657 1166 716 estque
1191 641 1529 702 numero'lti.
1563 641 1745 714 Neque
1773 662 1920 716 vero,
1951 641 2075 714 q'uia
2105 647 2158 699 in
2187 645 2369 716 multis
2391 641 2663 700 codicibus
2682 660 2745 700 ea
2768 645 2980 698 Maximi
3006 661 3116 716 non
3145 645 3358 714 praefert

119 730 284 769 nomen
315 718 517 773 idcirco
559 718 916 772 dubitandum
937 714 1059 771 erit
1083 714 1213 770 num
1260 717 1359 785 ipsi
1373 716 1464 785 _.sit
1492 715 1821 770 ascribenda.
1868 714 2079 769 Etenim
2106 722 2167 785 ut
2193 715 2306 768 haec
2335 715 2462 785 item
2493 716 2672 785 (quam
2695 729 2815 785 esse
2841 715 3128 783 superioris
3152 727 3358 785 genua-

119 801 221 838 nam
251 789 482 856 constat)
517 797 798 842 auctorem
827 789 1076 841 habuisse
1116 782 1404 856 Maximum
1431 793 1740 856 censeatur,
1754 785 1894 856 satis
1921 785 2044 856 erit,
2074 784 2120 837 si
2148 785 2384 856 omnium
2414 782 2674 839 fere’cum
2699 784 3039 853 scriptorum,
3071 793 3182 837 tum
3209 783 3357 837 codi-

119 869 217 907 cum
240 852 564 910 auctoritate
587 858 924 927 superiorem
952 857 1098 909 illam
1122 856 1295 909 eidem
1323 854 1556 909 Maximo
1585 852 1945 921 adjudicatam
1972 854 2153 918 fuisse,
2187 853 2403 921 liqueat.

120 982 480 1035 Aeacum-rcis.
528 1013 606 1022 —
651 982 1037 1051 Scripturarum
1073 982 1358 1034 auctoritas
1408 997 1502 1051 nos
1539 982 1684 1033 docet
1715 983 1760 1040 Α
1789 982 1969 1034 statim
2019 981 2245 1037 Domino
2273 981 2632 1047 crediderunt,
2674 995 2772 1036 nos
2815 982 3050 1051 acceptis
3077 981 3249 1036 adhuc
3277 990 3358 1035 tot

173 1051 296 1119 quod
322 1053 557 1104 ocularis
587 1049 835 1120 inspectio
865 1054 1115 1117 apostolis
1161 1052 1423 1120 prtestitit.
1458 1049 1548 1114 Illi
1577 1052 1684 1101 visa

173 1128 460 1189 periculosa
507 1137 663 1189 aqum
700 1123 753 1172 in
783 1122 955 1173 vinum
991 1120 1322 1173 conversione
1349 1119 1420 1171 ad
1447 1135 1685 1189 magnam
1762 1144 1769 1152 ο

172 1187 220 1239 in
246 1187 508 1241 Christum
540 1187 700 1252 ﬁdem
735 1205 788 1242 se
815 1200 1121 1251 erexerunt;
1160 1204 1256 1241 nos
1285 1205 1317 1240 a
1339 1190 1501 1240 sacris
1532 1187 1692 1239 Litte-

175 1257 236 1309 ris
258 1258 534 1324 admoniti,
570 1258 798 1311 eamdem
826 1258 1067 1311 credendi
1087 1258 1384 1327 ﬁrmitatem
1413 1257 1687 1309 induamus

176 1335 218 1378 et
243 1327 474 1395 proﬁteri
500 1329 678 1396 parati
709 1329 887 1380 simus.

177 1434 703 1492 Meminit-sanctitas
733 1445 932 1502 vestra,
955 1435 1166 1502 fratres,
1184 1434 1478 1505 superioris
1498 1432 1683 1503 prndi-

120 1525 320 1581 cationis
348 1536 588 1590 nostrae,
621 1541 727 1596 qua
767 1526 1145 1596 descripsimus
1183 1525 1374 1579 beatos
1418 1523 1710 1592 apostolos,

124 1629 212 1668 uno
235 1615 346 1669 viso
375 1615 648 1669 miraculo
671 1655 686 1680 ,
732 1614 838 1669 hoc
865 1622 946 1668 est
975 1628 1114 1681 aqua
1147 1613 1200 1666 in
1227 1613 1410 1667 vinum
1439 1626 1470 1665 a
1498 1610 1689 1665 Salva-

124 1713 222 1760 tore
242 1720 529 1774 conversa,
563 1707 617 1760 in
645 1720 767 1760 eum
788 1706 1034 1775 protinus
1056 1714 1081 1742 °
1103 1704 1414 1760 credidisse.
1443 1703 1522 1757 ita
1549 1703 1690 1757 enim

123 1791 184 1846 ait
206 1795 531 1862 evangelista
571 1794 642 1849 de
670 1793 901 1849 Domino
933 1811 946 1847 :
985 1793 1059 1847 Et
1096 1793 1450 1864 manifestaeit
1476 1792 1693 1861 gloriam

124 1898 265 1948 um,
297 1892 346 1936 ct
377 1884 716 1938 crediderunt
750 1884 805 1937 in
837 1899 956 1937 eum
984 1883 1226 1953 discipuli
1254 1883 1367 1951 ejus
1399 1879 1574 1952 (Joan.
1608 1880 1689 1949 ll).

125 1970 255 2035 Quod
278 1970 481 2026 factum
525 1987 638 2026 non
669 1971 788 2026 ideo
831 1980 1036 2025 tantum
1066 1973 1323 2041 scriptum
1354 1980 1438 2026 est
1478 1978 1538 2025 ut
1575 1969 1695 2023 illo-

127 2075 229 2114 rum
262 2062 358 2115 sub
400 2062 607 2130 quibus
642 2063 838 2116 lactum
864 2068 950 2116 est
975 2061 1100 2116 lidei
1142 2062 1311 2130 gloria
1343 2067 1691 2123 monstretur,

122 2150 203 2204 sed
240 2161 293 2206 et
335 2149 564 2221 propter
615 2166 746 2219 nos,
790 2151 886 2219 qui
927 2150 1118 2206 eodem
1161 2150 1464 2205 devotionis
1512 2162 1696 2203 exem-

125 2239 201 2308 plo
239 2241 264 2278 δ
307 2243 650 2298 credulitatis
685 2243 854 2311 gloria
894 2257 1268 2310 provocamur.
1315 2239 1558 2296 Christus
1588 2242 1691 2310 71

1792 1071 2171 1127 beneﬁciorum
2199 1073 2530 1127 mirabilibus
2557 1073 2879 1127 dubitamus.
2913 1072 3244 1138 Dubitamus,
3287 1074 3359 1127 in-

1791 1178 1974 1232 quam,
1996 1162 2119 1231 quia
2146 1165 2427 1231 praesentia
2455 1163 2739 1230 diligimus,
2771 1163 2894 1216 dum
2915 1162 3100 1217 futura-
3116 1178 3221 1216 non
3251 1177 3357 1216 cre-

1790 1256 1966 1310 dimus
1994 1271 2006 1306 :
2032 1253 2244 1308 divitias
2268 1268 2511 1307 amamus
2534 1254 2585 1307 in
2607 1254 2822 1316 sacculo,
2847 1252 2973 1306 dum
2998 1267 3090 1307 eas
3117 1253 3357 1321 accipere

1791 1351 2109 1400 cunctamur
2135 1358 2163 1397 a
2192 1342 2426 1398 Christo.
2474 1344 2748 1398 Iracundia
2776 1344 3124 1399 immoderate
3152 1344 3358 1398 extolli-

1792 1449 1932 1497 mur,
1965 1433 2092 1488 dum
2121 1433 2494 1487 retributionis
2527 1433 2782 1501 judicium
2814 1449 2919 1488 non
2951 1435 3217 1487 timemus.
3247 1430 3360 1485 Cie-

1793 1530 2000 1590 terum,
2039 1523 2130 1591 qui
2179 1523 2332 1577 novit
2371 1524 2629 1592 scriptum
2668 1540 2788 1579 esse
2818 1523 3030 1590 (Matth.
3077 1521 3171 1594 vn)
3208 1539 3219 1574 :
3254 1537 3360 1589 quo

1789 1612 1992 1682 judicio
2033 1612 2400 1681 judicaveritis
2423 1652 2437 1677 ,
2489 1615 2676 1669 eodem
2717 1614 3040 1682 judicabitur
3077 1611 3145 1666 de
3171 1612 3323 1666 vobis
3347 1651 3359 1675 ,

1795 1703 1997 1771 absque
2025 1701 2188 1757 dubio
2215 1702 2351 1758 lenis
2373 1744 2388 1769 ,
2433 1704 2741 1759 moderatus
2767 1719 2822 1758 et
2858 1704 3003 1757 mitis
3030 1709 3136 1767 est,
3165 1710 3220 1756 et
3249 1703 3363 1771 plus

1793 1790 2036 1845 bonitate
2086 1791 2230 1858 cogit
2275 1805 2434 1859 quam
2479 1793 2767 1847 severitate
2794 1792 3068 1861 compellit
3109 1810 3123 1846 :
3158 1791 3362 1845 amicus

1797 1881 2139 1949 indulgentiae
2180 1880 2453 1937 familiaris
2477 1893 2566 1938 .est
2594 1884 2800 1948 venite;
2842 1885 2948 1954 72
2976 1883 2998 1921 τ
3032 1891 3089 1937 ιιι
3114 1898 3234 1938 eam
3263 1881 3364 1935 fre-

1797 1979 2028 2040 quenter
2052 1971 2371 2048 impartit,.a
2414 1972 2639 2027 Domino
2676 1987 2889 2042 semper
2916 1971 3162 2040 accipiat.
3193 1969 3365 2036 Siqui-

1797 2062 1922 2116 dem
1949 2062 2228 2130 prudentis
2255 2059 2578 2117 sit‘rcctoris
2607 2062 2679 2116 ita
2712 2071 2953 2117 terrenos
2979 2061 3216 2116 honores
3245 2073 3366 2127 age-

1799 2166 1879 2214 re,
1921 2159 1981 2205 ut
2027 2149 2488 2206 honoriﬁcentiam
2529 2153 2762 2207 cmlestis
2797 2151 3067 2219 dignitatis
3107 2151 3365 2218 acquirat.

1801 2238 1869 2293 Et
1914 2239 1960 2296 si
1989 2240 2256 2294 interdum
2295 2226 2533 2308 vigorem
2575 2241 2784 2295 dicendi
2829 2242 2882 2295 in
2928 2241 3083 2296 nobis
3130 2240 3368 2308 corporis

123 2331 249 2383 enim
282 2333 424 2400 quod
467 2339 730 2400 operatus
770 2340 883 2398 est,
917 2348 1024 2387 non
1061 2332 1164 2386 illis
1202 2339 1410 2386 tantum
1440 2339 1695 2400 operatus
1729 2335 1772 2393 Β
1799 2333 2062 2387 obtundat
2105 2332 2406 2398 infirmitas,
2439 2340 2617 2387 tamen
2646 2333 2821 2388 studio
2850 2331 3152 2388 devotionis
3180 2340 3370 2384 VBSH‘J‘.

125 2426 195 2470 est
214 2434 344 2486 quos
376 2421 617 2475 habebat
642 2430 766 2475 tunc
790 2430 1100 2490 praesentes,
1124 2420 1220 2476 sed
1249 2429 1304 2475 et
1327 2421 1483 2475 nobis
1504 2430 1690 2490 postea

125 2509 368 2563 secuturis
391 2551 406 2575 ,
451 2519 511 2563 ut
539 2511 668 2564 licet
695 2510 927 2578 majores
956 2510 1122 2564 nostri
1152 2517 1399 2579 tempore
1427 2524 1528 2563 nos
1555 2524 1694 2578 prae-

125 2599 355 2654 cederent
380 2640 396 2664 ,
441 2609 624 2655 tamen
667 2602 940 2670 signorum
994 2614 1016 2640 ε
1061 2603 1230 2670 gloria
1274 2618 1384 2658 non
1421 2604 1690 2672 prmirent.

129 2688 241 2754 Qaze
267 2693 406 2745 enim
449 2693 694 2746 exhibita
744 2701 827 2746 est
864 2693 1148 2761 praesentia
1185 2708 1367 2747 rerum
1395 2693 1447 2747 in
1477 2694 1698 2770 mirabi-

129 2779 251 2835 libus
277 2783 472 2850 virtus,
512 2782 703 2837 eadem
733 2783 909 2854 virtus
932 2783 1087 2837 nobis
1115 2782 1414 2837 litterarum
1444 2776 1696 2838 thesauro

127 2882 451 2940 conservata,
485 2882 547 2927 ut
575 2874 733 2927 nobis
762 2880 1043 2943 praestaret
1078 2875 1272 2942 pagina
1301 2873 1444 2943 quod
1471 2875 1576 2928 illis
1606 2888 1698 2942 ge-

129 2961 265 3015 rebat
304 2963 560 3027 historia;
609 2964 718 3017 imo
765 2964 817 3016 in
857 2963 1012 3018 nobis
1054 2964 1258 3031 geritur
1298 2948 1694 3032 quidquidbo-

127 3048 198 3104 bis
223 3051 510 3119 ingeritur;
558 3049 585 3119 ἐι
619 3052 880 3120 quidquid
917 3054 1072 3107 nobis
1101 3053 1417 3120 insinuatur,
1451 3061 1512 3108 ut
1538 3054 1699 3123 scrip-

129 3143 620 3210 turarumspeculo
666 3141 962 3196 dictaretur
1008 3152 1064 3197 et
1107 3145 1400 3212 potentiam
1446 3143 1696 3208 Domini,

126 3243 271 3295 quam
299 3232 372 3284 illi
416 3233 730 3285 carnalibus
770 3233 938 3287 oculis
967 3240 1278 3296 cernerent,
1313 3249 1411 3286 nos
1440 3233 1697 3300 spirituali

127 3317 307 3375 lumine
343 3322 675 3376 videremus.
704 3321 774 3374 Et
813 3324 1144 3376 crediderunt
1185 3324 1238 3375 in
1281 3339 1415 3384 eum,
1447 3331 1496 3376 et
1541 3324 1704 3375 mani-

126 3409 308 3476 {estauit
336 3412 558 3480 gloriam
594 3428 743 3464 suam
789 3412 1056 3480 discipulis
1099 3414 1209 3466 suis
1250 3411 1480 3482 (llud).
1527 3412 1699 3478 Quam

125 3505 247 3553 bene
274 3503 576 3570 potentiam
606 3501 818 3556 Domini
843 3503 1189 3572 subsequitur
1215 3502 1431 3556 devotio
1460 3502 1696 3556 servulo-

125 3605 257 3656 rum,
289 3602 343 3647 et
377 3594 528 3663 quod
556 3595 816 3662 magister
840 3594 1000 3649 docet
1026 3579 1192 3663 Opera
1211 3634 1225 3659 ,
1263 3593 1507 3662 discipuli
1536 3592 1702 3648 corde

1798 2423 2050 2478 fortiores
2077 2421 2356 2477 emcimur.
2400 2422 2535 2476 Nam
2579 2437 2686 2490 quo
2712 2438 2807 2477 vos
2833 2422 3128 2477 studiosius
3155 2419 3369 2482 auditis,

1798 2522 1853 2568 et
1873 2529 1970 2568 nos
1994 2514 2248 2568 libentius
2271 2512 2654 2582 prmdicamus;
2680 2507 2734 2566 et
2754 2513 2923 2567 virtus
2947 2511 3101 2566 nobis
3119 2509 3371 2578 loquendi

1798 2601 2049 2667 additur,
2097 2617 2218 2656 cum
2247 2617 2346 2656 vos
2393 2602 2720 2667 intelligendi
2767 2601 3188 2657 accommodatis
3225 2598 3372 2652 audi-

1799 2701 1933 2746 tum.
1967 2691 2095 2758 Quis
2122 2707 2228 2746 non
2257 2700 2483 2746 conetur
2511 2692 2619 2746 illic
2645 2692 2795 2746 verbi
2823 2691 3055 2747 caelestis
3081 2704 3263 2745 semen
3292 2688 3373 2756 ja-

1798 2798 1940 2848 cere,
1972 2785 2063 2836 ubi
2093 2781 2224 2836 illud
2267 2782 2388 2850 puri
2416 2782 2592 2836 cordis
2622 2783 2846 2837 fecunda
2872 2790 3014 2836 terra
3059 2790 3084 2828 ε
3112 2780 3374 2848 suscipit?

1799 2872 1948 2938 Quis,
1979 2872 2217 2940 inquam,
2263 2887 2370 2926 non
2401 2872 2510 2927 illic
2535 2874 2761 2927 verbum
2793 2872 3088 2928 Salvatoris
3112 2872 3376 2926 collocare

1799 2964 1945 3028 velit,
1981 2962 2070 3016 ubi
2101 2961 2230 3015 illud
2259 2977 2363 3016 non
2393 2963 2727 3016 saecularium
2769 2961 3073 3016 sollicitudo
3100 2960 3374 3029 prmfocet,

1800 3053 1895 3106 sed
1941 3050 2344 3119 disciplinarum
2372 3051 2725 3120 spiritualium
2755 3053 2926 3104 virtus
2954 3050 3230 3105 enutriat?
3274 3048 3364 3101 Er-

1799 3156 1889 3210 go,
1923 3143 2133 3203 lratres,
2167 3142 2292 3210 quia
2322 3143 2374 3195 in
2413 3150 2598 3196 sancta
2624 3140 2923 3210 Epiphania
2969 3141 3374 3202 exsultavimus,

1803 3232 2043 3286 videntes
2069 3233 2326 3286 miracula
2358 3231 2687 3298 Salvatoris;
2736 3232 2993 3287 debemus
3019 3232 3196 3287 facere
3232 3235 3376 3301 quod

1801 3321 1942 3375 illius
1988 3323 2244 3390 temporis
2287 3322 2533 3391 discipuli
2564 3331 2689 3377 tunc
2718 3322 2981 3377 fecerunt.
3013 3322 3166 3389 Quod
3195 3332 3373 3378 autem

1801 3411 1932 3478 dixi,
1963 3413 2160 3467 vidisse
2187 3428 2285 3467 nos
2312 3413 2474 3468 modo
2509 3415 2653 3482 quod
2691 3415 2819 3469 olim
2848 3424 3055 3484 gestum
3084 3423 3196 3480 est,
3226 3416 3377 3471 vide-

1800 3519 1921 3558 mus
1949 3503 2127 3572 plane,
2154 3504 2503 3572 videmusque
2529 3505 2788 3572 quotidie.
2820 3505 2897 3560 Ea
2921 3507 3067 3562 enim
3087 3515 3211 3563 sunt
3229 3507 3380 3563 Chri-

1801 3594 1872 3648 sti
1917 3595 1940 3630 δ
1967 3595 2225 3650 miracula
2252 3636 2268 3662 ,
2317 3603 2376 3650 ut
2417 3611 2523 3650 non
2552 3596 2832 3665 iniquitate
2880 3607 3232 3668 praetereant,
3284 3600 3377 3654 sed

121 3682 429 3739 describunt.
463 3684 609 3740 Ecce
640 3695 662 3723 °
687 3686 773 3740 cui
802 3685 1177 3740 manifestatur
1201 3686 1372 3740 virtus
1399 3685 1692 3754 operantis,
1726 3679 1770 3742 C
1801 3684 1972 3752 gratia
2000 3684 2409 3750 convalescant;
2451 3700 2558 3740 non
2590 3687 2859 3741 oblivione
2887 3688 3235 3755 sepeliantur,
3284 3689 3380 3742 sed

124 3780 172 3825 et
212 3773 339 3830 ﬁdes
382 3777 711 3846 praedicatur
755 3776 1039 3831 manifesta
1087 3775 1442 3831 credentium.
1495 3773 1696 3828 Praedi-

124 3865 275 3920 canda
320 3867 486 3937 plane
512 3867 889 3938 apostolorum
918 3865 1073 3936 ﬁdes,
1115 3881 1236 3937 quae
1262 3867 1380 3922 viso
1408 3881 1516 3921 uno
1545 3867 1699 3933 signo

124 3954 336 4009 credidit
362 3956 416 4009 in
459 3957 914 4025 omnipotentiam
940 3955 1260 4012 Salvatoris.
1301 3955 1545 4026 Apostoli
1571 3955 1697 4009 dum

125 4043 368 4099 mirantur
395 4061 596 4114 aquam
628 4045 683 4099 in
711 4046 898 4100 vinum
922 4061 1154 4112 versam,
1187 4046 1286 4116 ipsi
1310 4061 1378 4101 ex
1402 4046 1550 4101 omni
1571 4045 1700 4100 frece

126 4142 454 4199 peccatorum
499 4136 751 4191 similiter
792 4144 919 4191 sunt
945 4137 1230 4202 conversi,
1277 4143 1332 4191 et
1375 4135 1546 4190 instar
1572 4133 1700 4190 facti

125 4220 362 4278 miraculo
383 4263 401 4288 ,
432 4239 503 4280 ex
529 4224 623 4277 vili
667 4225 1052 4294 superstitione
1083 4225 1365 4294 gentilium
1413 4225 1468 4279 in
1497 4225 1701 4294 pretio-

125 4322 225 4363 sam
267 4309 614 4368 devotionem
663 4314 1000 4370 credentium
1044 4323 1170 4370 sunt
1217 4315 1502 4380 translati,
1551 4323 1607 4370 et
1643 4323 1702 4368 ut

126 4412 248 4468 aqua
274 4401 328 4456 in
366 4404 557 4459 vinum
603 4418 758 4458 versa
785 4419 1004 4473 sapore;
1031 4405 1252 4471 rubore,
1285 4406 1470 4460 colore
1507 4403 1698 4460 condi-

127 4495 231 4552 tur,
261 4492 330 4545 ita
359 4493 608 4548 scientia:
653 4494 799 4561 quod
837 4501 956 4548 erat
981 4493 1038 4548 in
1078 4494 1163 4549 his
1189 4494 1448 4549 insulsum
1491 4495 1700 4564 accepit

124 4589 392 4649 saporem;
441 4583 594 4653 quod
641 4584 846 4653 pallens
890 4586 1074 4654 gratia:
1131 4587 1361 4656 sumpsit
1419 4587 1658 4644 colorem
1679 4629 1694 4656 ,

129 4672 252 4735 quod
278 4673 528 4742 frigidum
555 4675 780 4729 incaluit
806 4676 1225 4732 immortalitatis
1247 4677 1464 4733 ardore.
1498 4678 1700 4747 Magni-

129 4753 314 4814 ﬁcanda
342 4763 507 4830 igitur
549 4762 922 4831 apostolorum
955 4763 1088 4818 fides
1109 4804 1124 4831 ,
1165 4779 1284 4833 qua:
1313 4764 1437 4820 ideo
1465 4777 1697 4830 evangeo

130 4845 220 4903 lico
245 4866 496 4908 sermone
545 4853 817 4924 descripta
835 4839 967 4918 est,
999 4863 1061 4910 ut
1103 4866 1158 4910 et
1185 4856 1290 4910 illis
1317 4863 1461 4912 esset
1487 4855 1556 4909 ad
1586 4855 1699 4908 lau-

129 4937 234 4993 dem
259 4983 273 5006 ,
319 4952 375 4997 et
393 4943 564 5000 nobis
591 4944 880 5014 proliceret
904 4946 973 5001 ad
1020 4948 1348 5018 exemplum.
1399 4946 1506 5002 Sed
1551 4945 1697 5015 quod

1799 3781 1861 3826 ut
1883 3773 2170 3828 virtutibus
2211 3773 2551 3828 innoventur.
2601 3775 2759 3844 Apud
2787 3777 3085 3845 potentiam
3113 3779 3253 3831 enim
3289 3778 3379 3832 Dei

1800 3864 1931 3918 nihil
1977 3873 2062 3919 est
2089 3865 2346 3920 abolitum
2372 3907 2388 3934 ,
2429 3865 2562 3919 nihil
2607 3867 2937 3934 prmteritum
2963 3909 2978 3933 ,
3026 3868 3121 3922 sed
3168 3884 3266 3938 pro
3295 3871 3380 3923 sui

1800 3953 2171 4022 magnitudine
2198 3953 2377 4007 omnia
2420 3953 2498 4008 illi
2524 3955 2577 4008 in
2609 3955 2859 4023 prmsenti
2891 3963 3053 4021 sunt;
3104 3963 3273 4010 totum
3305 3958 3378 4011 illi

1802 4050 2013 4111 tempus
2041 4049 2124 4095 est
2151 4041 2329 4095 hodie.
2361 4039 2514 4095 Unde
2549 4049 2604 4095 et
2639 4041 2696 4096 8.
2731 4043 2993 4112 pr0pheta
3023 4042 3154 4097 dicit
3185 4062 3197 4096 :
3230 4043 3380 4098 Mitte

1801 4132 1927 4184 anni
1956 4140 2077 4184 ante
2103 4131 2278 4184 oculos
2306 4138 2438 4195 tuos,
2461 4139 2706 4202 tauquam
2725 4133 2834 4187 dies
2861 4139 2971 4186 und
2990 4133 3107 4198 (Ps.
3134 4135 3374 4196 munt).

1798 4221 1958 4287 Quod
1988 4222 2033 4275 si
2071 4237 2232 4276 omne
2259 4222 2438 4276 saeculi
2471 4230 2681 4291 tempus
2729 4239 2835 4277 una
2864 4225 2979 4278 dies
3020 4233 3105 4279 est
3150 4225 3380 4292 Domino

1809 4310 1825 4349 ί
1859 4313 2048 4367 eadem
2089 4326 2220 4381 ergo
2247 4313 2335 4368 die
2357 4353 2372 4378 ,
2413 4327 2519 4382 qua
2549 4314 2811 4369 mirabilia
2850 4315 3118 4370 Salvator.
3139 4318 3382 4389 patribus

1800 4411 2056 4473 operatus
2085 4411 2186 4468 est,
2232 4410 2486 4472 operatus
2525 4413 2583 4458 et
2623 4404 2776 4459 nobis
2821 4413 2923 4462 est.
2954 4405 3194 4461 Vidimus
3222 4407 3381 4474 igitur

1800 4501 1856 4549 et
1884 4511 2001 4559 nos,
2033 4497 2170 4549 sicut
2197 4494 2432 4561 majores
2461 4497 2662 4563 nostri,
2687 4496 2952 4551 mirabilia
2991 4497 3222 4563 Domini,
3259 4515 3379 4554 cum

1799 4585 1917 4653 pari
1945 4600 2006 4638 ea
2036 4600 2156 4660 cum
2186 4585 2289 4639 illis
2311 4597 2530 4656 stupore
2567 4587 2921 4657 suscepimus.
2958 4588 3304 4646 Gustavimus
3328 4600 3382 4644 et

1802 4689 1918 4734 nos.
1951 4673 2087 4727 sicut
2127 4674 2230 4739 illi,
2263 4675 2331 4728 de
2377 4675 2507 4744 ipsis
2535 4675 2770 4746 hydriis,
2799 4676 3063 4745 siquidem
3094 4678 3167 4733 illi
3193 4679 3260 4734 de
3301 4681 3383 4734 his

1799 4763 2049 4834 poculum
2094 4763 2204 4817 vini
2264 4764 2550 4830 biberunt,
2603 4781 2703 4821 nos
2747 4782 2877 4820 vero
2926 4765 3112 4822 salutis
3160 4769 3383 4824 calicem

1799 4855 2146 4924 sumpsimus.
2172 4855 2438 4910 Debemus
2458 4869 2588 4924 ergo
2606 4855 2810 4926 facere,
2835 4858 2951 4913 viso
2973 4859 3125 4927 signo
3147 4859 3379 4924 Domini,

1799 4945 1944 5014 quod
1972 4945 2144 4999 nostri
2170 4944 2352 5000 iecere
2395 4945 2625 5015 priores.
2672 4944 2730 5001 Si
2759 4946 2904 5001 enim
2932 4948 3119 5002 eadem
3151 4949 3202 5002 in
3230 4949 3383 5004 nobis

127 5030 263 5098 pejus
285 5042 389 5100 est,
429 5035 540 5090 illis
571 5036 688 5090 laus
716 5052 810 5091 sua
841 5045 1141 5106 permanet,
1185 5054 1286 5094 nos
1315 5038 1561 5108 exempla
1587 5053 1694 5093 non
1723 5039 1774 5098 D
1799 5033 2100 5088 Divinitatis
2128 5033 2338 5088 refulsit
2382 5035 2552 5102 gratia
2579 5076 2594 5100 ,
2641 5034 2832 5090 eadem
2859 5045 2916 5090 ct
2945 5036 3066 5090 lidei
3107 5037 3248 5106 apud
3283 5054 3382 5093 nos

128 5133 446 5186 permovent.
482 5125 618 5180 Nam
647 5134 851 5194 quanto
873 5128 1202 5196 posteriores
1225 5144 1410 5183 sumus
1429 5137 1693 5198 tempore,

129 5215 262 5264 tanto
286 5220 340 5267 et
380 5213 668 5270 inferiores
696 5217 906 5269 merito.
960 5214 1039 5269 llli
1087 5217 1229 5270 enim
1255 5218 1373 5272 viso
1402 5233 1512 5272 uno
1541 5218 1696 5285 signo

188 5349 214 5419 ξ
519 5345 594 5419 S._
605 5345 814 5419 crucis,
843 5347 1120 5419 discipulos
1144 5348 1268 5419 ejus
1287 5347 1586 5419 credidisse.

127 5407 359 5534 ωζξηίέἀ.
386 5415 531 5471 idem
561 5414 619 5470 S.
643 5407 850 5480 Crucis,
880 5415 951 5468 ad
975 5407 1297 5471 credulitatis
1318 5417 1540 5489 gloriam
1565 5432 1691 5488 pro-

321 5501 366 5537 r.
971 5513 977 5519 -

189 5558 209 5626 ξ
400 5551 658 5626 Laurent.
673 5625 680 5626 ί
693 5554 1044 5626 ιιεὶςηῳ-ωη
1062 5540 1260 5626 gratia.

436 5622 492 5678 S.
527 5613 812 5700 Crucis'99
826 5613 884 5676 ct
909 5613 1416 5700 Laure'nt._habent,
1444 5623 1689 5694 quidquid

129 5685 570 5791 notitinsinmte
597 5692 988 5816 ScriEturarum
1007 5694 1211 5775 speculo
1241 5685 1540 5747 dictaret'ur.

237 5755 364 5815 Lod.
400 5758 682 5832 LaurenL,
762 5778 848 5817 cce
875 5778 1010 5819 entm
1040 5765 1416 5828 manifestatur.

1801 5124 1962 5179 debet
2007 5139 2126 5180 esse
2164 5125 2401 5180 devotio.
2453 5124 2592 5179 Dicit
2617 5127 2762 5180 enim
2791 5128 3119 5195 evangelista
3162 5130 3233 5184 de
3272 5130 3381 5185 Do-

1802 5215 1970 5280 mino,
2004 5214 2110 5269 hoc
2136 5215 2400 5272 miraculo
2428 5223 2764 5286 perpetrato,
2795 5215 2866 5270 Et
2889 5219 3237 5290 manifestam
3263 5223 3380 5291 glo-

1879 5342 1899 5382 ί
1928 5341 2100 5422 Codd.
2133 5343 2189 5398 S.
2215 5345 2401 5422 Crucis
2429 5344 2498 5399 99
2526 5354 2582 5402 et
2603 5346 2885 5417 Laurent.,
2906 5357 2966 5403 ut
2985 5350 3106 5405 dum
3136 5368 3250 5406 eam
3271 5354 3378 5422 fre-

1799 5424 2011 5483 quenger
2038 5416 2282 5483 impertit.

1873 5491 1899 5550 tr
1927 5482 2065 5535 Edit.
2096 5482 2265 5537 Paris.
2301 5485 2574 5550 Ambros.,
2604 5488 2874 5550 suscipiat.

1871 5547 1898 5587 ιι
1928 5550 2158 5621 (ξοίί.ξ99
2176 5551 2233 5606 8.
2267 5552 2454 5608 Crucis
2479 5562 2534 5608 et
2561 5547 2691 5609 edit.
2727 5547 2918 5621 Paris,
2950 5558 3228 5613 mirabilia.

1875 5622 1892 5657 ι
1935 5619 2194 5698 ρᾳιάόλᾷ
2245 5622 2431 5678 Crucis
2475 5632 2532 5698 et
2571 5623 2821 5680 Laurent.
2851 5667 2865 5694 ,
2907 5619 3090 5682 eadem
3133 5629 3234 5691 die,
3278 5645 3378 5698 qua

1784 5689 2054 5744 mirabilia
2084 5682 2328 5747 Salvator
2352 5691 2602 5762 patribus,
2637 5703 2740 5749 etc.
