3924 6232
535 344 640 400 279

1745 346 1794 403 S.
1831 347 2070 402 MAXIM!
2111 347 2551 406 TAURINENSIS

3676 358 3774 412 280

531 458 667 511 riam
694 473 860 526 suam,
894 463 942 510 et
969 457 1293 510 crediderunt
1317 457 1552 528 discipuli
1581 458 1634 509 in
1662 473 1778 510 eum
1808 457 1986 527 (Joan.
2020 458 2100 526 ιι).
2133 463 2179 518 Α
2209 467 2290 512 est
2315 475 2500 528 opere,
2532 476 2640 515 non
2673 462 2920 517 sermone
2946 479 2961 528 ;
2994 477 3102 518 non
3131 463 3334 533 lingua,
3362 464 3455 520 sed
3485 466 3680 521 corde:
3710 483 3774 521 ne

533 544 767 599 Credere
793 558 921 613 ergo
949 544 1222 609 debemus,
1254 545 1392 600 sicut
1420 551 1548 600 tunc
1588 546 1816 614 apostoli
1853 545 2099 600 credide-

531 643 675 689 runt.
706 636 844 690 Dicit
871 643 1050 689 autem
1075 642 1130 689 et
1153 635 1286 691 alius
1313 652 1326 687 :
1353 632 1422 687 Et
1448 650 1546 689 nos
1571 633 1859 689 Christiani
1887 649 2094 701 sumus,

528 732 585 778 ct
613 724 882 781 credimus
911 725 963 779 in
997 724 1164 780 Deum
1190 723 1544 779 Salvatorem.
1575 722 1684 779 Sed
1713 724 1933 779 credere
1960 740 2096 794 opus

2207 557 2262 602 et
2290 549 2498 604 dicatur
2533 551 2690 606 nobis
2723 569 2735 604 :
2772 551 2925 607 Plebs
2959 555 3068 608 lucc
3103 555 3256 609 labiis
3282 573 3366 610 me
3393 557 3651 620 honorat,
3691 574 3774 609 cor

2205 650 2374 693 autem
2403 656 2576 694 eorum
2617 643 2767 712 longe
2805 652 2882 696 est
2909 661 2942 697 a
2965 661 3046 698 me
3072 645 3229 714 (lsai.
3263 663 3410 714 xxtx,
3462 647 3560 711 l3;
3589 646 3767 700 Matth.

2204 745 2292 794 xv,
2321 728 2388 794 8;
2419 729 2586 783 Marc.
2621 747 2713 800 vn,
2743 730 2819 802 6).

1859 852 2201 916 HOMlLlA
2244 859 2446 918 XXV.

1762 946 1844 1001 De
1869 947 2167 1019 Epiphania
2193 952 2404 1008 Domini
2431 954 2535 1010 IX.

1961 1039 2334 1097 ADMONlTlO

597 1135 702 1205 73
727 1130 1028 1210 Genuinum
1048 1130 1107 1186 S.
1144 1129 1360 1210 Maximi
1387 1144 1529 1210 opus
1567 1130 1708 1184 hanc
1741 1130 1868 1184 item
1898 1146 2018 1210 esse
2053 1132 2331 1210 homiliam
2372 1152 2479 1191 non
2501 1138 2674 1192 solum
2699 1114 2822 1210 styli
2849 1141 3138 1196 similitudo
3165 1151 3325 1210 atque
3343 1145 3642 1199 constantia
3682 1147 3776 1201 de-

525 1199 813 1284 nto'ns'trat;
845 1203 938 1284 sed
967 1216 1174 1256 summa
1213 1201 1376 1254 etiam
1398 1199 2191 1284 Δ(ιοᾲίοιιιιι.ιιιιιπιιιιείιιιξξιιοινιιιιι
2223 1203 2620 1284 doctorumque
2666 1199 2925 1284 virorum,
2974 1212 3064 1279 qui
3086 1199 3596 1284 _ea_m'autApnhlici
3641 1199 3776 1284 juris

525 1271 784 1356 ’θθθῖυιίν
807 1279 900 1356 ³¹ξ⁸
926 1266 1934 1356 °°'I“m°'!'°'a'“"‘..c°"S€P§i9-.“.208
1957 1266 2264 1356 οθξίηθρδίε
2300 1275 2470 1356 ροάξθι
2500 1266 3463 1356 ‘05,.pas..198.j_eém§;Aazusuao
3487 1266 3775 1354 ἀέξειςιῖιῆ

523 1335 878 1420 praefertised
909 1342 1096 1420 contra
1123 1347 1284 1420 atque
1311 1337 1514 1392 veritas
1538 1337 1793 1420 postulat.
1816 1335 1953 1418 :l‘am
1983 1340 2125 1420 enim
2149 1341 2261 1396 hazc
2290 1343 2356 1397 ab
2385 1335 2667 1413 Augustini
2695 1335 3030 1403 scrnlonihus
3057 1335 3451 1420 diﬂ'equuam
3497 1335 3589 1407 est
3612 1335 3777 1408 Tristia

520 1405 787 1464 scribendi
809 1407 1090 1476 Augustini
1113 1407 1180 1460 ab
1200 1405 1271 1461 ea
1298 1422 1401 1476 qua
1431 1420 1557 1461 usus
1579 1412 1663 1460 est
1691 1405 1952 1461 Maximus
1971 1408 2302 1478 discrepans.

521 1519 908 1585 Αιισωίεκτυιι.
941 1550 1010 1562 --
1053 1518 1261 1587 Judteis
1312 1520 1504 1587 acriter
1543 1518 1820 1587 exprobrat
1857 1519 2098 1575 duritiem

586 1598 638 1642 et
657 1591 941 1644 caecitatem
958 1589 1018 1652 8.
1043 1585 1306 1643 latinus
1321 1631 1337 1657 ,
1353 1585 1488 1659 quod
1514 1585 1712 1659 fulgore
1737 1589 1932 1659 insoliti
1959 1591 2098 1642 side-

589 1659 662 1729 ris
700 1660 927 1729 votisque
969 1674 1238 1728 magorum
1279 1657 1523 1722 perculsi
1555 1666 1732 1711 natum
1772 1657 2097 1714 Saloatorem

587 1719 855 1798 inquirere
863 1719 1199 1795 despicerent.

588 1880 857 1946 Audistis,
908 1881 1130 1946 li'atres,
1179 1881 1467 1937 lectionem
1515 1881 1790 1951 Evangelii
1840 1883 2095 1937 salutaria

516 1971 795 2042 praesentis
816 1971 923 2026 diei
944 1980 1280 2026 sacramenta
1311 1973 1649 2027 recitantem.
1697 1972 1936 2026 Audistis
1956 1987 2092 2040 qua-

515 2061 638 2115 liter
661 2059 906 2114 Christus
949 2058 1236 2126 Dominus,
1267 2061 1361 2130 qui
1383 2061 1434 2115 in
1480 2061 1626 2116 hunc
1670 2061 1927 2117 mundum
1960 2072 1985 2098 ει
2015 2062 2094 2114 la-

514 2157 692 2205 tenter
718 2150 954 2217 advenit,
982 2151 1244 2222 paulatim
1291 2152 1542 2220 dignatus
1586 2159 1671 2206 est
1705 2168 1857 2206 suam
1881 2151 2093 2221 aperire

513 2240 830 2295 mortalibus
872 2241 1237 2311 maiestatem;
1276 2257 1603 2313 quanquam,
1626 2243 1906 2308 carissimi,
1925 2243 2092 2298 latere

514 2331 655 2387 inter
682 2333 911 2388 obscura
931 2333 1109 2388 saeculi
1133 2333 1315 2388 lumen
1338 2335 1563 2390 cceleste
1591 2349 1698 2388 non
1720 2341 1955 2404 poterat.
1982 2333 2090 2388 De-

512 2423 674 2492 nique
699 2438 822 2477 cum
845 2422 1211 2478 visitationem
1233 2438 1385 2477 suam
1414 2422 1640 2478 necdum
1689 2430 1832 2477 terra
1873 2423 2091 2491 dignos-

512 2522 682 2578 ceret,
715 2513 907 2568 emtum
934 2528 1029 2568 sua
1057 2513 1250 2581 gaudia
1293 2528 1356 2568 ac
1400 2512 1565 2568 totius
1603 2512 1787 2567 mundi
1829 2512 2087 2578 laetitiam,

2199 1523 2487 1579 adventum
2518 1526 2810 1581 innumeris
2836 1527 3167 1598 sacratisque
3189 1529 3409 1584 vocibus
3436 1531 3776 1599 cecinerunt,

2197 1612 2357 1667 crede
2378 1614 2462 1668 vel
2493 1615 2558 1668 iis
2597 1615 2811 1670 tandem
2846 1617 2937 1685 qui
2973 1631 3095 1671 eum
3138 1633 3243 1671 non
3267 1618 3441 1674 adhuc
3483 1631 3607 1688 post
3635 1629 3776 1674 tem-

2195 1716 2329 1772 pora
2350 1705 2702 1771 nasciturum,
2723 1706 2817 1761 sed
2833 1706 2945 1774 jam
2987 1714 3043 1761 et
3070 1707 3207 1776 apud
3231 1716 3311 1772 te,
3338 1717 3394 1762 et
3443 1709 3535 1763 tibi
3580 1718 3771 1764 natum

2197 1805 2318 1847 esse
2346 1801 2632 1848 testantur.
2662 1793 2791 1861 Quae
2820 1802 2966 1848 tanta
2988 1803 3070 1850 est
3091 1796 3143 1849 in
3166 1803 3384 1864 pectore
3438 1805 3532 1852 tno
3579 1800 3772 1853 morti-

2198 1878 2324 1935 fera:
2376 1883 2754 1938 obstinationis
2784 1888 2806 1930 ι
2835 1883 3114 1948 adversio,
3145 1893 3206 1938 ut
3247 1885 3394 1940 solus
3432 1902 3538 1940 non
3587 1888 3776 1945 audias

2196 1971 2340 2037 quod
2369 1986 2555 2026 omnes
2581 1972 2896 2041 loquuntur,
2928 1974 3073 2028 solus
3111 1975 3340 2043 relugias
3375 1975 3518 2045 quod
3550 1979 3771 2033 univer-

2194 2060 2328 2115 sitas
2369 2062 2567 2128 credit,
2609 2063 2758 2118 solus
2812 2071 2960 2119 certe
3017 2064 3198 2121 videre
3258 2075 3573 2122 contemnas
3627 2070 3774 2138 quod

2193 2149 2440 2217 Splendet
2464 2166 2496 2206 e
2516 2152 2691 2207 οωιοῖ
2715 2153 2867 2222 Apud
2887 2162 2940 2208 te
2963 2153 3111 2221 virgo
3134 2156 3411 2224 concepit,
3436 2165 3493 2211 et
3539 2158 3766 2226 virginis

2193 2243 2299 2291 tuae
2320 2246 2531 2306 partum
2552 2241 2758 2296 alienus
2782 2242 3057 2310 agnoscit;
3087 2243 3186 2297 tibi
3213 2242 3438 2298 salutem
3489 2252 3638 2301 tuam
3669 2263 3771 2302 an-

2190 2326 2378 2393 gelicae
2396 2343 2556 2383 voces
2583 2331 2903 2398 persuadere
2931 2347 3036 2386 non
3064 2342 3304 2401 possunt,
3323 2342 3376 2387 et
3397 2335 3466 2389 ad
3492 2335 3770 2394 Christum

2193 2421 2343 2470 tuum
2371 2433 2475 2471 una
2501 2417 2780 2475 Chaldaaos
2799 2421 2952 2476 stella
2977 2423 3246 2490 perduxit.
3273 2423 3372 2476 Ubi
3390 2432 3490 2492 est,
3520 2425 3772 2494 inquiunt

2192 2504 2354 2573 magi,
2377 2507 2462 2576 qui
2485 2515 2640 2560 natus
2660 2517 2737 2561 est
2766 2524 2859 2562 rex
2912 2508 3249 2563 Iudaeorum?
3285 2510 3517 2566 Vidimus
3563 2516 3770 2569 stellam

512 2601 778 2657 Chalda'is
799 2601 1160 2670 stupentibus,
1185 2602 1349 2657 tacito
1373 2602 1425 2656 in
1451 2602 1983 2670 sidere.loquebatur.
2024 2601 2102 2655 Et‘
2191 2595 2304 2664 ejus
2355 2596 2411 2648 in
2466 2593 2707 2663 Oriente,
2756 2605 2806 2652 et
2857 2601 3084 2653 venimus
3121 2601 3338 2654 adorare
3378 2617 3494 2654 eum
3529 2601 3708 2673 (Ibid.
3731 2607 3770 2659 ι,

511 2693 768 2761 cumquis
796 2698 1134 2760 quantusque
1181 2698 1327 2746 esset
1382 2689 1608 2745 necdum
1637 2690 1863 2744 inﬁdelis
1907 2697 2092 2759 posset

513 2782 696 2836 videre
722 2779 903 2834 Judaza
921 2797 934 2844 ;
955 2779 1066 2850 jam
1083 2788 1220 2834 tunc
1257 2781 1482 2849 gloriam
1511 2772 1628 2849 ejus
1650 2779 2089 2834 indiciisbexcita

512 2871 580 2925 de
606 2869 917 2925 cmlestibus
945 2869 1219 2938 gentilitas
1245 2869 1533 2923 sentiebat.
1563 2868 1709 2923 Nova
1733 2869 1878 2924 enim
1933 2869 2088 2923 stella

511 2973 706 3015 novum
734 2957 1052 3018 adventasse
1080 2958 1354 3012 hominem
1378 2958 1653 3012 revelabat
1671 2999 1685 3024 ,
1720 2967 1774 3012 et
1797 2959 1869 3012 ita
1902 2973 2087 3013 revera

511 3063 707 3102 novum
727 3087 743 3112 ,
769 3055 858 3115 ut,
889 3063 1012 3102 cum
1033 3055 1177 3105 esset
1224 3047 1320 3105 Dci
1360 3047 1549 3114 Filius,
1574 3048 1820 3103 indueret
1869 3064 2089 3105 carnem

510 3135 626 3189 sine
652 3136 1001 3204 generatione
1027 3136 1259 3202 carnali,
1289 3143 1347 3190 et
1372 3135 1600 3192 haberet
1651 3136 1943 3191 secundum
1997 3137 2090 3190 ho-

511 3225 707 3278 minem
739 3233 948 3294 tempus
968 3224 1253 3288 nascendi,
1283 3225 1372 3294 qui
1415 3224 1709 3280 secundum
1753 3223 1921 3279 Deum
1950 3226 2087 3280 nati-

511 3315 688 3368 vitatis
712 3314 924 3369 initium
973 3329 1080 3369 non
1109 3314 1363 3368 habebat.
1387 3313 1593 3369 Novum
1650 3313 1900 3368 nimirum
1946 3323 2083 3379 erat,

512 3411 570 3458 ut
593 3402 883 3473 Unlgenito
912 3404 1188 3469 Altissimi,
1213 3418 1374 3474 quem
1404 3419 1510 3458 non
1533 3403 1678 3473 capit
1706 3404 1926 3469 cmlum,
1957 3419 2085 3473 par-

510 3495 709 3549 vissiml
733 3495 928 3562 tugurii
956 3495 1233 3548 minimum
1286 3508 1526 3562 prznsepe
1581 3491 1841 3550 ulliceret.
1877 3491 2086 3550 Novum

511 3593 646 3650 erat,
684 3597 705 3625 ε
730 3587 823 3656 qui
857 3587 910 3642 in
961 3587 1270 3642 cmlestibus
1289 3601 1411 3640 cum
1461 3585 1571 3639 Deo
1600 3583 1758 3638 Patre
1805 3586 2082 3653 regnabat,

508 3687 722 3734 terrena
766 3686 934 3732 matre
972 3684 1286 3742 contentus,
1318 3676 1528 3743 vagitus
1583 3672 1821 3728 infantia:
1847 3673 2002 3728 daret
2029 3674 2084 3728 in

509 3767 719 3839 pannis.
769 3765 1040 3822 Laetemur
1079 3767 1294 3834 itaque,
1335 3763 1554 3829 fratres,
1603 3763 1838 3833 totisque
1879 3763 2086 3831 gaudiis

507 3858 860 3926 exsultemus,
887 3858 1015 3928 quia
1038 3856 1192 3912 nobis
1218 3864 1376 3910 natus
1403 3863 1488 3910 est
1506 3852 1752 3908 Christus
1777 3868 1844 3908 ex
1864 3851 2080 3917 femina,

508 3949 662 4003 nobis
681 3947 851 4019 jacuit
898 3947 951 4001 in
1001 3945 1260 4016 pratsepi,
1305 3944 1460 4000 nobis
1511 3943 1758 4012 vagiebat
1807 3943 1860 3998 in
1907 3942 2080 4008 cunis,

509 4036 662 4091 nobis
684 4035 954 4091 arridebat
980 4035 1032 4089 in
1062 4035 1238 4089 stella.
1271 4033 1466 4088 Totum
1489 4034 1632 4088 enim
1656 4033 1809 4086 nobis
1835 4031 2083 4102 prolicie-

508 4127 634 4192 bat,
661 4126 916 4197 quidquid
950 4123 976 4163 δ
1008 4125 1258 4180 Salvator
1296 4123 1605 4179 hominibus
1634 4121 1827 4190 agebat
1879 4123 1935 4175 in
1979 4122 2082 4175 ho-

507 4217 670 4270 mine.
701 4214 791 4268 Ait
813 4215 992 4282 itaque
1013 4213 1353 4281 evangelicus
1400 4226 1579 4266 sermo
1609 4228 1621 4262 :
1655 4207 1789 4263 Ecce
1830 4210 1971 4280 magi
2018 4208 2082 4261 ab

509 4303 722 4360 Oriente
748 4305 1059 4358 advenerunt
1084 4303 1190 4374 74
1219 4302 1654 4372 Hierosolymam,
1687 4299 1915 4354 dicentes
1939 4317 1956 4352 :
1985 4298 2083 4353 Ubi

504 4406 580 4449 est
608 4395 696 4465 qui
718 4402 874 4446 natus
902 4401 977 4447 est
998 4409 1089 4447 rea:
1111 4392 1435 4446 Judteorum.
1468 4389 1702 4444 Vidimus
1723 4389 1926 4443 stellam
1971 4389 2081 4459 ejus

504 4487 556 4538 in
584 4481 813 4548 Oriente,
845 4493 893 4537 et
918 4484 1144 4537 venimus
1185 4482 1409 4536 adorare
1452 4497 1568 4535 eum
1593 4479 1817 4550 (Matth.
1849 4480 1939 4547 ll).
1963 4479 2081 4544 Quo

505 4588 692 4642 usque,
721 4570 906 4627 iudice
927 4571 1225 4636 durissime,
1254 4580 1278 4608 °
1301 4571 1494 4625 obtusa
1510 4586 1658 4636 aure,
1679 4569 1874 4624 danais
1889 4568 2078 4633 oculis,

502 4669 558 4716 et
586 4659 790 4731 perﬁdo
840 4659 1004 4716 corde
1053 4660 1323 4730 persistis?
1351 4658 1492 4715 Ecce
1514 4659 1625 4728 jam
1673 4667 1795 4728 post
1848 4658 1936 4710 illa
1983 4673 2079 4726 pa-

507 4753 859 4807 triarcharum
887 4752 1186 4823 przecOnia,
1219 4761 1341 4822 post
1370 4753 1618 4806 vaticinia
1671 4751 2074 4820 prephetarum,

501 4845 748 4899 Christus
772 4851 826 4898 et
853 4841 1153 4912 agentibus
1197 4842 1537 4910 pmdicatur.
1582 4840 1639 4894 Si
1676 4840 1919 4909 patribus
1973 4840 2079 4894 tuis

505 4933 724 4988 credere
751 4930 1244 4999 detrectas,quiab
1287 4931 1438 4985 initio
1483 4931 1659 4984 saeculi
1703 4929 1891 4984 aeterni
1935 4929 2080 4997 regis

577 5077 603 5104 ⁸
629 5065 762 5122 Cod.
787 5065 908 5122 Vat.
941 5062 1097 5126 b229,
1122 5063 1366 5118 latentem
1403 5062 1628 5118 advenit.

575 5137 602 5175 ι’
630 5135 762 5192 Cod.
795 5135 915 5194 Y.at.
951 5131 1088 5186 1267
1135 5141 1193 5186 et
1236 5132 1402 5199 4951,
1427 5141 1501 5186 ‘et
1531 5131 1687 5186 Laur.
1712 5147 1759 5194 ι,
1791 5129 1930 5185 Plut.
1965 5147 2071 5195 xlv,

502 5205 708 5283 indiciis
730 5205 957 5283 eaciltaw
986 5202 1292 5283 cazlestibus.

579 5289 600 5316 τ
630 5273 798 5330 Codd.
829 5273 978 5328 Cass.
1027 5282 1096 5343 ut
1123 5273 1229 5342 qui.

507 5417 518 5427 .
571 5345 602 5427 εξ
625 5340 796 5427 Codd.
814 5339 934 5394 Vat.
963 5312 1097 5394 1267
1125 5350 1179 5395 et
1199 5339 1358 5408 4222,
1381 5338 1622 5394 Salvator
1650 5339 1870 5392 hominis
1889 5336 2074 5410 agebat

499 5417 555 5470 in
578 5413 800 5466 homine.

577 5479 907 5558 3904-.Vﬂl-
937 5477 1358 5558 ‘Q’éhot‘uf‘a:
1670 5545 1700 5558 _.
1778 5546 1789 5557 .
2005 5547 2015 5556 .

577 5551 597 5590 ί
628 5550 800 5605 Codd.
828 5550 944 5604 Vat.
978 5545 1116 5602 4222
1140 5555 1195 5604 et
1233 5547 1436 5610 Casin.,
1461 5545 1816 5598 obstinationis
1850 5547 2065 5598 aversio.

574 5632 600 5669 σ
631 5619 802 5675 Codd.
836 5618 1112 5686 Laureht.,
1138 5617 1308 5672 Vatic.
1339 5615 1500 5680 4951,
1521 5623 1572 5668 et
1593 5614 1799 5686 Casin.,
1832 5612 2068 5686 Prtedic-

506 5705 611 5747 tum
632 5699 706 5746 est
737 5707 752 5743 :
778 5688 967 5754 Quibus
997 5683 1196 5743 nonest
1246 5687 1554 5748 nuntiatum,
1585 5684 1647 5736 de
1700 5700 1758 5737 eo
1810 5683 2063 5750 videbunt,

2194 2689 2220 2728 Β
2251 2681 2308 2735 ln
2355 2683 2437 2738 his
2487 2685 2763 2754 impletum
2814 2694 2927 2752 est,
2967 2687 3112 2756 quod
3151 2689 3466 2758 prophetico
3517 2706 3772 2749 sermone

2193 2773 2501 2839 praedictum
2530 2783 2611 2829 est
2642 2775 2812 2846 (lsai.
2856 2777 2955 2846 v);
2980 2792 3110 2832 ecce
3163 2780 3304 2832 enim
3333 2778 3647 2845 Chaldmns,
3681 2784 3770 2837 cui

2192 2874 2365 2926 neque
2389 2861 2762 2916 annuntiatum
2785 2863 2852 2917 de
2877 2861 3091 2918 Christo
3113 2863 3286 2922 fuerat
3305 2881 3480 2935 neque
3499 2869 3770 2935 audierat,

2191 2955 2248 3002 et
2271 2948 2402 3002 vidit
2455 2951 2667 3004 stellam
2705 2950 2934 3016 Christi,
2961 2959 3015 3006 et
3038 2953 3224 3008 adesse
3270 2970 3391 3009 eum
3422 2957 3690 3011 intellexit
3719 2960 3771 3014 in

2190 3039 2364 3094 stella.
2397 3038 2637 3094 Aderant
2676 3040 2856 3110 itaque
2901 3041 3042 3112 magi
3091 3042 3404 3108 Dominum,
3438 3053 3495 3100 et
3532 3045 3770 3104 oderunt

2190 3144 2440 3196 munera,
2473 3138 2532 3186 ut
2585 3131 2900 3202 impleretur
2945 3131 2973 3171 ³³
3025 3135 3170 3203 quod
3206 3137 3282 3191 ait
3328 3137 3418 3192 ille
3467 3141 3769 3210 praecipuus

2191 3221 2570 3288 prophetarum
2591 3223 2787 3276 David:
2814 3223 3008 3292 Aﬂ'erte
3035 3224 3275 3292 Domino,
3304 3231 3490 3297 patria:
3515 3233 3766 3301 gentium,

2190 3309 2373 3377 aﬁ'erte
2397 3309 2618 3366 Domino
2658 3312 2877 3382 gloriam
2921 3322 2972 3367 et
3021 3315 3260 3370 honorem
3289 3316 3474 3385 (Psal.
3530 3335 3697 3375 xxnn
3717 3323 3760 3392 ).

2189 3396 2416 3453 Domino
2445 3407 2502 3454 et
2543 3399 2804 3464 Domino,
2836 3402 2980 3470 quod
3017 3403 3125 3470 ait,
3157 3405 3439 3460 Dominum
3462 3407 3611 3461 illum
3639 3424 3764 3464 esse

2186 3488 2480 3543 secundum
2503 3489 2670 3545 Deum
2689 3529 2705 3555 ,
2725 3489 3014 3546 Dominum
3045 3500 3100 3547 et
3151 3495 3448 3554 secundum
3491 3497 3766 3552 hominem

2187 3578 2413 3648 mystico
2467 3593 2717 3633 sermone
2765 3581 3040 3647 declarat;
3091 3583 3236 3650 quod
3282 3585 3425 3638 enim
3468 3585 3612 3640 Deus
3659 3597 3767 3653 est,

2184 3676 2400 3724 creator
2425 3677 2510 3724 est
2535 3670 2719 3724 mundi
2749 3670 2792 3725 ί.
2825 3671 2979 3737 Quod
3006 3673 3169 3728 homo
3197 3682 3298 3739 est,
3330 3675 3642 3746 redemptor
3681 3688 3767 3732 est

2181 3759 2388 3814 mundi.
2411 3758 2692 3826 Quomodo
2736 3776 2866 3829 ergo
2896 3779 3004 3823 non
3046 3763 3324 3832 privilegio
3353 3766 3456 3835 75
3487 3767 3767 3836 utriusque

2184 3848 2494 3903 substantia:
2537 3848 2797 3905 Dominus
2823 3859 2906 3906 est
2946 3853 3184 3906 omnitun
3238 3852 3513 3921 Christus,
3537 3855 3629 3924 qui
3658 3857 3767 3914 sibi

2183 3938 2434 3993 universa
2476 3947 2567 3992 aut
2613 3939 2915 4005 creatione,
2947 3949 3041 3995 aut
3091 3941 3462 4012 redemptione
3511 3945 3767 4014 subegit?

2183 4029 2378 4097 Afferte
2407 4071 2423 4097 ,
2489 4030 2702 4098 inquit,
2773 4029 2997 4086 Domino
3077 4033 3299 4103 gloriam
3379 4043 3431 4087 et
3511 4035 3768 4091 honorem

2187 4119 2360 4192 (Ibid.
2385 4120 2425 4191 ).
2482 4119 2716 4176 Honoris
2777 4135 2907 4190 ergo
2963 4130 3073 4186 est,
3129 4123 3423 4188 carissimi,
3479 4124 3621 4192 quod
3678 4125 3767 4180 of-

2183 4209 2362 4265 ferunt
2414 4204 2642 4279 gentiles
2692 4223 2947 4276 munera;
3011 4212 3225 4280 glorias,
3273 4212 3417 4280 quod
3482 4213 3765 4270 adorant:

2181 4315 2405 4356 munera
2433 4299 2669 4355 Chaldtei
2696 4299 2948 4369 oderunt,
2979 4307 3036 4354 et
3061 4301 3307 4356 adorant.
3339 4300 3512 4356 Unum
3559 4300 3624 4356 ab'
3655 4303 3768 4360 illis

2183 4390 2422 4445 defertur
2443 4398 2504 4444 ut
2525 4391 2660 4459 regi,
2692 4391 2836 4445 aliud
2874 4391 3161 4446 exhibetur
3183 4399 3242 4445 ut
3267 4391 3402 4446 Deo.
3446 4390 3512 4446 Hi
3552 4392 3766 4460 itaque,

2183 4482 2408 4537 adorato
2429 4481 2646 4536 Christo
2673 4483 2975 4550 oblatisqne
3006 4483 3335 4546 muneribus,
3367 4497 3464 4550 per
3481 4482 3638 4536 aliam
3661 4523 3677 4547 ,
3705 4495 3769 4560 ut

2183 4574 2379 4627 lectum
2415 4579 2519 4635 est,
2535 4572 2694 4626 viam
2741 4571 2942 4626 reversi
2997 4572 3198 4626 suntin
3251 4570 3526 4639 regionem
3577 4586 3766 4628 suam.

2185 4661 2500 4716 Rectissime
2521 4677 2618 4731 per
2637 4662 2796 4716 aliam
2819 4662 2962 4717 viam
2989 4661 3218 4716 redeunt
3233 4701 3248 4724 ,
3275 4677 3342 4715 ne
3373 4670 3625 4722 cruentus
3645 4660 3769 4718 lle-

2183 4750 2360 4816 rodes,
2392 4752 2498 4820 76
2523 4752 2614 4820 qui
2644 4759 2873 4806 mortem
2902 4751 3129 4820 parabat
3173 4749 3393 4815 infanti,
3425 4751 3616 4804 itinere
3643 4767 3768 4805 ma-

2179 4853 2367 4908 gorum
2391 4839 2673 4909 pervenire
2700 4839 2873 4908 possit
2925 4837 2992 4893 ad
3038 4836 3341 4901 Christum;
3388 4852 3564 4906 neque
3610 4842 3768 4896 enim

2180 4929 2273 4998 qui
2302 4928 2531 4984 adorare
2559 4926 2844 4982 Dominum
2865 4933 3160 4995 venerant,
3189 4924 3400 4981 Domini
3453 4941 3573 4982 esse
3600 4935 3770 4996 pote-

2179 5069 2227 5113 et
2255 5061 2342 5130 qui
2378 5075 2482 5113 non
2529 5058 2822 5138 audierunt,
2872 5057 3178 5128 intelligent.
3226 5055 3378 5137 Ecce.
3413 5055 3552 5108 enim
3595 5055 3768 5112 Chal-

2179 5131 2340 5193 datus,
2365 5138 2468 5183 etc.
2491 5127 2674 5181 Codex
2706 5127 2947 5181 Vatican.
2973 5125 3133 5191 4222,
3161 5125 3226 5178 1η
3255 5126 3333 5177 lus
3362 5124 3622 5193 impletum
3684 5135 3766 5180 est

2176 5200 2306 5252 illud
2324 5191 2460 5269 quod
2503 5197 2828 5269 prapheticus
2874 5211 3040 5269 sermo
3095 5191 3592 5269 prtedixit:0uibu_s
3652 5211 3764 5250 non

2176 5279 2252 5320 est
2272 5263 2630 5321 annuntiatum
2659 5268 2722 5319 de
2747 5282 2826 5329 eo,
2847 5263 3122 5333 uidebunt,
3152 5273 3200 5316 et
3227 5265 3311 5333 qui
3333 5278 3438 5315 non
3460 5263 3762 5330 audierunt,

2175 5335 2652 5407 intell‘igentLEcce
2667 5336 2803 5407 enim
2822 5331 3130 5407 Chaldwus,
3156 5331 3260 5407 etc.

2249 5403 2276 5442 ³³
2299 5399 2429 5526 (26%
2466 5405 2583 5525 Vit.
2609 5403 2786 5471 4951,
2815 5399 2954 5456 illud
2965 5403 3101 5472 quod
3127 5401 3202 5454 ait
3229 5400 3596 5470 prophetarum
3619 5416 3766 5468 pra:—

2249 5492 2350 5526 mus
2432 5491 2509 5526 “vi
2557 5514 2569 5526 ο

2205 5476 2350 5526 iouus
2382 5476 2569 5526 David.

2177 5492 2569 5598 ε’ρῖηἷῗείέῗξίῖἕζ
2605 5542 2720 5596 Vat.
2758 5539 2915 5610 ηδτ,
2936 5539 3076 5595 me
3101 5547 3155 5597 et
3184 5535 3340 5604 4951,
3369 5543 3428 5592 et
3452 5535 3562 5592 duo
3606 5537 3764 5595 Casi-

2180 5629 2385 5668 llOﬂSCS.
