3924 6232
132 397 213 447 ω
1504 389 1686 447 ΙΙΟΜῙΙ

1824 392 2006 452 XXVI.

3303 387 3411 443 282

132 513 233 558 rant
255 503 578 574 proditores.
603 503 781 571 Quam
809 503 967 570 bene,
1011 503 1222 567 fratres,
1249 517 1346 571 per
1373 502 1535 556 aliam
1562 504 1706 557 viam
1737 517 1782 570 Α
1811 523 1930 564 mus
1953 509 2093 562 hunc
2116 507 2285 574 diem,
2316 520 2594 575 magorum
2619 504 2880 576 obsequia
2903 509 3087 559 nostra
3113 501 3406 558 devotione

130 596 324 650 rediisse
351 595 651 650 dicuntur:
687 611 813 648 nam
834 595 951 663 qui,
973 594 1126 648 stella
1176 593 1333 658 duce,
1360 602 1622 648 venerant
1650 593 1703 648 in
1814 606 2131 667 superantes
2165 599 2488 666 :quouiam,
2518 598 2563 650 si
2589 597 2666 650 illi
2695 595 2968 650 Christum
2999 594 3026 633 ι)
3045 593 3316 663 jacentcm
3349 597 3404 647 in

126 684 358 748 ludaaam,
382 685 439 738 in
461 685 705 754 patriam
735 699 889 738 suam
916 684 1104 737 materni
1127 681 1270 736 Solis
1299 682 1585 736 illuminati
1613 697 1703 738 ra-

126 779 209 832 diis
228 784 595 834 revertuntur.
617 776 690 831 Et
715 778 841 833 ideo
866 787 891 815 ιι
917 778 1063 832 omni
1103 778 1412 833 reverentia
1460 778 1706 833 celebre-

1810 688 2095 746 Cunabulis
2117 695 2468 757 repererunt,
2501 701 2599 741 nos
2618 701 2744 741 eum
2769 693 3084 754 regnantem
3141 685 3404 741 habemus

1813 779 1869 832 in
1897 778 2070 833 cmlis.

1429 910 1772 971 HOMILIA
1837 911 2077 972 XXVI.

1379 1006 1462 1060 De
1484 1006 1784 1078 Epiphania
1805 1008 2017 1065 Domini
2045 1007 2119 1064 X.

1569 1099 1964 1156 ADMONITIO.

183 1195 324 1262 Quod
350 1197 420 1253 de
449 1197 766 1267 superiore,
789 1196 895 1252 hoc
922 1196 1065 1252 idem
1093 1196 1162 1252 de
1185 1197 1486 1267 insequenti
1517 1197 1738 1252 homilia
1768 1198 1927 1252 video
1949 1214 2067 1253 esse
2082 1197 2538 1254 constituendum.
2570 1196 2690 1250 Non
2717 1197 2862 1250 enim
2886 1195 3124 1267 editores
3163 1205 3387 1267 tantum

125 1282 304 1348 omnes,
335 1268 431 1322 sed
459 1264 690 1348 codices
715 1264 878 1348 etiam
897 1274 1167 1348 quotquot
1190 1264 1705 1348 in-prmcedentibus
1733 1268 2190 1348 admonitionibus
2240 1268 2658 1348 memoravimus
2709 1275 2993 1348 acceptam
3161 1266 3397 1348 blaximo

127 1337 286 1418 referri
311 1333 999 1418 oportere_demgnstraht.
1031 1333 1325 1418 Inscriptio
1348 1337 1677 1418 ejus‘eadem
1700 1344 1784 1418 est
1808 1337 1921 1418 fere
1944 1337 1996 1390 in
2024 1338 2324 1418 quibusque
2337 1337 2628 1418 codicibus
2652 1353 2664 1388 :
2699 1333 2778 1389 De
2809 1333 3395 1418 Epiphanimjloniiui,

127 1406 193 1456 vel
213 1403 606 1460 beati'llaximi
629 1407 694 1460 de
721 1404 1136 1475 Epiphaniorum
1166 1403 1272 1474 die,
1299 1407 1353 1460 in
1377 1403 1566 1462 codice
1587 1406 1910 1462 Taurinensi
1935 1403 2160 1462 numero
2188 1403 2274 1462 est
2301 1407 2564 1469 vicesima,
2587 1419 2693 1474 qua
2715 1419 2784 1460 ex
2813 1403 2943 1459 nota
2987 1404 3213 1473 intelligi
3237 1405 3398 1474 plana

127 1482 280 1542 potest
304 1476 498 1531 deesse
526 1492 727 1531 nonam
757 1491 822 1531 ac
846 1476 1121 1529 decimam.

127 1589 492 1660 Ascuam-run.
532 1619 610 1630 -
643 1587 939 1660 Humilitas
979 1587 1034 1660 in
1067 1604 1170 1660 qua
1215 1584 1408 1660 mundo
1460 1590 1702 1659 apparuit
1809 1589 1942 1644 lare.
1970 1550 2207 1645 veniunt
2235 1590 2440 1660 itaque,
2462 1597 2523 1644 ut
2543 1589 2742 1644 lectum
2770 1595 2872 1654 est,
2897 1588 2965 1644 ab
2989 1585 3212 1644 Oriente
3235 1587 3396 1643 Chal-

191 1657 1108 1749 Kﬂ?‘ﬁf‘f§‘f.€‘i€‘f"’3.“f9‘i‘_{fili
1140 1658 1400 1749 ίζζαέὲξξει
1439 1657 1703 1749 abiis???
1806 1681 1944 1746 dmi.
1977 1687 2277 1749 sequuntur
2297 1657 2549 1749 nimiam
2598 1679 2842 1743 stellam.
2864 1694 2974 1734 non
3024 1679 3232 1747 manca
3277 1685 3394 1733 arte

181 1739 314 1796 atque
338 1726 731 1796 splendoribus,
754 1734 810 1779 ut
838 1728 883 1780 si
934 1726 1110 1780 in’illa
1160 1727 1382 1796 prwbuit
1432 1726 1488 1781 se
1526 1744 1700 1782 verum

183 1797 444 1862 hominem,
469 1797 525 1850 in
549 1797 667 1851 istis
693 1796 852 1851 voluit
878 1798 1091 1867 agnosci
1112 1805 1168 1850 ut
1195 1813 1344 1850 verus
1378 1796 1535 1850 Deus.

1807 1773 2162 1842 recognitam,
2193 1773 2291 1827 sed
2317 1772 2400 1826 sui
2431 1772 2670 1826 novitate
2699 1770 3024 1826 mirabilem.
3072 1769 3278 1825 Idcirco
3296 1785 3394 1824 au-

1803 1875 1910 1920 tem
1939 1867 2080 1933 magi
2111 1865 2250 1934 apud
2280 1864 2443 1921 Israel
2468 1865 2737 1933 praecipue
2765 1873 2954 1916 natum
2999 1875 3180 1930 regem
3209 1860 3394 1928 requi-

183 1950 455 2016 Quamvis,
511 1948 855 2004 dilectissimi
883 1925 1125 2013 .fratres,
1180 1949 1451 2016 Christus,
1507 1950 1696 2005 salutis
1731 1999 1772 2023 η
1799 1964 1944 2020 runt,
1975 1925 2100 2023 quia
2129 1925 2347 2008 Dalaam
2378 1925 2719 2016 ille-ariolus,
2747 1960 2803 2006 et
2829 1925 3088 2006 sacerdos

127 2047 296 2093 nostra
324 2039 614 2105 Dominus,
639 2039 1031 2108 omnipotentis
1060 2037 1234 2094 Patris
1263 2039 1448 2104 Filius,
1464 2051 1691 2097 coaeter-

127 2147 234 2195 nus,
262 2130 530 2184 velamine
561 2130 743 2184 carnis
782 2129 1078 2198 adopertus
1117 2138 1174 2186 et
1202 2131 1418 2186 humilis
1446 2132 1696 2200 dignatus

126 2220 181 2270 sit
203 2220 408 2274 visitare
436 2219 720 2285 mortales,
773 2220 922 2274 dedit
952 2230 1132 2275 tamen
1183 2232 1204 2260 ο
1261 2230 1370 2275 tam
1421 2224 1584 2279 multa
1639 2233 1696 2279 et

125 2309 330 2363 maxima
348 2323 458 2364 suae
483 2308 789 2377 maiestatis
816 2308 1032 2373 indicia,
1057 2309 1252 2377 quibus
1280 2325 1438 2365 mens
1458 2311 1693 2366 humana

123 2401 320 2454 sentiret
347 2408 402 2454 et
423 2416 633 2456 novum
657 2400 932 2455 hominem
960 2409 1147 2454 natum
1164 2441 1179 2466 ,
1205 2408 1261 2455 et
1287 2401 1456 2455 Deum
1483 2402 1691 2458 adven-

125 2496 243 2544 tasse
268 2490 330 2545 de
358 2491 520 2546 (mlo.
563 2490 700 2544 Nam
738 2506 862 2546 cum
888 2492 1004 2560 ipse
1033 2491 1294 2546 Dominus
1349 2502 1533 2548 noster
1575 2495 1694 2564 lege

125 2581 389 2636 nativitatis
409 2583 664 2636 humanas
692 2582 950 2650 parvulus
971 2582 1028 2637 et
1046 2582 1222 2638 infans
1261 2583 1402 2653 apud
1449 2583 1692 2642 Iudaeam

125 2674 302 2742 vagiret
322 2675 374 2729 in
395 2676 553 2731 cuuis
571 2717 588 2742 ,
622 2673 649 2713 ά
677 2676 871 2731 lateret
909 2677 964 2732 in
992 2679 1204 2747 pannis,
1236 2677 1690 2746 magniﬁcentiam

126 2771 280 2818 tamen
321 2765 436 2834 ejus
484 2768 742 2822 universo
797 2769 915 2823 orbi
961 2769 1224 2824 mirabilis
1269 2771 1338 2825 ab
1381 2771 1491 2826 alto
1534 2771 1690 2825 stella

127 2855 378 2922 prodebat.
406 2857 542 2924 Quis
569 2859 718 2913 enim
763 2857 973 2913 dubitet
1027 2860 1200 2929 ipsam
1243 2861 1454 2916 stellam
1497 2862 1689 2916 lmtiori

127 2941 228 2998 luce
267 2953 318 2999 et
350 2945 764 3015 fulgentioribus
819 2948 982 3002 radiis
1027 2963 1376 3015 coruscasse,
1407 2965 1527 3019 qua:
1565 2952 1686 3006 οωιὶ

127 3041 359 3106 terraique
377 3039 562 3094 lumen
613 3039 864 3094 humanis
910 3039 1081 3096 oculis
1130 3040 1453 3108 ingerebat?
1481 3040 1548 3095 Et
1589 3057 1687 3095 ne-

127 3140 254 3182 cesse
290 3137 401 3184 erat
452 3139 514 3185 ut
562 3131 719 3184 stella
761 3131 877 3186 haec
927 3146 959 3185 a
1000 3133 1210 3186 mter-is
1262 3133 1528 3187 sideribus
1555 3133 1688 3187 orbe

127 3216 326 3274 clariore
376 3220 624 3286 distaret,
649 3236 770 3291 qum
819 3221 1173 3276 annuntiabat
1199 3220 1470 3278 Christum
1489 3262 1508 3292 ,
1536 3223 1688 3292 cujus

128 3309 346 3366 nativitas
369 3312 436 3366 ab
462 3312 732 3367 universis
759 3311 1077 3367 mortalibus
1104 3310 1414 3377 differebat;
1445 3319 1501 3367 et
1543 3329 1688 3369 novo

125 3399 311 3468 quidem
333 3403 508 3460 sidere
536 3408 668 3459 tunc
692 3403 929 3459 micabat
965 3405 1164 3460 omium
1186 3422 1200 3470 ;
1225 3404 1320 3460 sed
1346 3406 1517 3473 magis
1544 3421 1685 3462 novo

126 3491 325 3546 mundus
368 3493 573 3549 lumine
603 3492 925 3562 refulgebat.
983 3491 1115 3560 Quis
1165 3494 1307 3548 hanc
1359 3495 1686 3562 investigare

125 3577 472 3634 miraculorum
500 3581 731 3650 gloriam
754 3588 959 3650 posset,
989 3581 1133 3649 quod
1186 3596 1284 3651 pro
1322 3583 1561 3637 remedio
1596 3597 1682 3637 sa-

125 3665 230 3722 lutis
255 3679 464 3740 nosti-:2,
486 3686 601 3726 uno
628 3671 929 3742 eodemque
965 3680 1244 3726 momento
1272 3683 1520 3727 creatura
1550 3682 1573 3710 ε
1601 3673 1684 3726 lu-

123 3756 259 3811 cebat
283 3758 333 3812 in
361 3761 519 3826 caelo,
551 3768 608 3815 et
632 3757 864 3816 Creator
888 3762 1208 3832 splendebat
1255 3763 1310 3816 in
1358 3764 1552 3818 terris?
1572 3761 1684 3819 Nec

123 3847 308 3914 mirum,
336 3851 618 3916 carissimi,
653 3850 674 3890 ι
705 3852 965 3907 omlorum
995 3852 1280 3908 Dominum
1310 3855 1679 3910 testimonium

127 3936 322 3994 cteleste
347 3941 730 4011 prosequitur;
761 3949 855 3996 aut
887 3957 985 3997 cur
1003 3944 1162 3999 nobis
1216 3944 1552 3999 incredulum
1604 3947 1686 4000 vi-

124 4024 302 4095 deatur,
327 4030 371 4084 si
400 4031 743 4086 conditorem
783 4047 940 4088 suum
989 4035 1294 4104 obsequens
1339 4036 1544 4092 factura
1576 4045 1684 4093 tes-

124 4123 280 4176 tatur?
329 4119 394 4176 Et
437 4123 740 4180 mirabatur
780 4125 996 4194 quidem
1067 4132 1208 4180 terra
1272 4126 1418 4196 quod
1487 4142 1684 4182 novam

125 4213 306 4268 stellam
354 4217 567 4273 videret
615 4219 670 4272 in
720 4218 860 4272 caelo
892 4235 906 4270 -:
939 4225 966 4264 ε
995 4217 1090 4272 sed
1140 4219 1440 4273 mirabatur
1484 4221 1682 4275 cmlum

125 4304 242 4369 quod
281 4323 476 4364 novum
515 4308 701 4364 Solem
748 4309 968 4365 videbat
1016 4310 1070 4364 in
1123 4311 1302 4365 terris.
1353 4311 1525 4376 Quam
1553 4326 1681 4382 pro-

125 4390 272 4450 funda:
297 4400 654 4468 cogitationes
699 4399 943 4468 Domini,
973 4408 1030 4456 et
1054 4397 1085 4438 ¹ι
1127 4402 1530 4469 investigabiles
1579 4404 1681 4458 vim

124 4481 241 4549 ejus.
279 4485 294 4524 ί
317 4491 406 4556 qui
433 4505 504 4545 ue
531 4489 755 4560 perﬁdia
777 4490 1053 4545 hominum
1075 4499 1288 4560 partum
1308 4491 1540 4561 Virginis
1577 4493 1680 4547 im-

124 4584 378 4644 pugnaret,
426 4578 581 4634 dedit
626 4580 694 4634 ab
747 4579 966 4634 excelso
1019 4580 1376 4636 clarissimum
1449 4583 1679 4651 signum,

123 4664 245 4730 Quod
269 4669 660 4738 uecgentilitas
700 4669 941 4725 refutare
969 4679 1185 4739 posset,
1212 4686 1314 4728 nec
1361 4669 1544 4731 Iudaea
1587 4688 1682 4729 ce-

183 4807 206 4872 _'
230 4799 353 4872 God.
382 4804 508 4862 Vat.
531 4802 696 4872 4951,
724 4807 1002 4862 amnicum
1021 4810 1325 4864 reverentia.

182 4867 783 4949 Igodchas'saleg'un‘t
811 4876 1090 4949 laetantem
1113 4893 1210 4947 pro
1231 4880 1511 4949 jacentem.

185 4948 205 5008 ἵ
230 4938 355 4998 Cod.
373 4944 623 5003 Vallice'l.
650 4938 692 4997 Ᾰ
720 4942 808 5008 1Ο,
826 4945 964 5000 dedit
975 4938 1148 5001 tamen
1169 4938 1408 5003 multane
1427 4953 1680 5008 maxima.

183 5006 206 5089 ξ
227 4984 355 5089 ξιῖᾇῖ
377 4984 516 5089 vi}?
517 4984 692 5084 “12:3?
703 4984 808 5065 es
826 4984 964 5083 ἵέιῇῖ
975 4984 1271 5089 ὶᾘῖἑέἑῖῗέ
1277 4984 1586 5089 ’3ιῖἇῖιῖῖέ

185 5079 347 5157 ξ
375 5079 1142 5157 ᾒθκὶᾳξίςνεςιεωγᾳιιθειαι
1158 5090 1213 5142 in
1236 5079 1381 5144 caelo;

188 5144 204 5182 ¹
229 5148 351 5208 Cod.
375 5144 496 5210 Vat'.
522 5144 688 5221 4931,
714 5153 762 5207 si
785 5144 1068 5214 perduim
1093 5159 1340 5216 calorum
1383 5159 1682 5232 obsequium

123 5217 294 5268 (ciale
317 5227 652 5268 maxumin".

676 5314 736 5379 ,ιν
783 5299 875 5379 θεά
914 5296 1366 5379 Pleminium:
1384 5285 1595 5379 ιαειέιριῖ
1626 5301 1680 5357 in

284 5366 636 5476 v(:tmveniunt
676 5365 969 5425 lectionem
1001 5365 1184 5450 ωε.
1233 5369 1390 5427 codd.
1441 5365 1583 5426 1267
1625 5380 1683 5433 et

251 5470 266 5476 -
329 5433 412 5476 ιιι-
445 5435 481 5476 Α
508 5435 576 5476 m
626 5446 680 5476 οι
710 5439 844 5476 ΜΑΑ
893 5436 1052 5476 nnc...

159 5425 414 5503 9.5|1Val_l.
439 5435 486 5488 Α
508 5435 597 5503 10,
626 5446 684 5492 et
710 5439 868 5495 codd.
893 5436 1072 5493 Casin.

365 5501 486 5579 νειμ
510 5493 670 5579 ρθέίι,
700 5493 940 5579 ἀφίξῃ
957 5508 1341 5579 inuestigabiles
1358 5551 1373 5575 ,
1400 5519 1509 5568 etc.

141 5604 146 5614 -
233 5565 306 5625 Ex
514 5556 1529 5638 L'aﬁﬁi‘éi'viil'dsiaéin'ii'{cii};
1553 5596 1676 5637 cor.

125 5625 310 5704 Ῠῖὕιιυτ,
332 5657 384 5696 tu
409 5657 517 5704 quo
540 5649 803 5703 mendose
831 5648 1026 5704 legitur
1051 5652 1186 5704 m’.

191 5647 310 5713 :itur,
332 5647 384 5696 in
409 5657 517 5712 quo
540 5649 803 5703 mendose
831 5648 1026 5716 legitur
1051 5652 1200 5731 συνεζ-

191 5720 204 5786 ξ
239 5707 367 5786 Idem
393 5715 510 5786 cod.
539 5714 667 5786 Reg.
684 5761 698 5784 ,
731 5719 904 5772 locuta
923 5735 1034 5771 esse
1057 5719 1368 5786 perhibetur.

191 5778 215 5818 ι
239 5777 367 5835 Idem
395 5785 511 5841 cod.
541 5777 669 5842 Vat;
686 5777 859 5856 1267,
889 5777 1093 5843 stellam
1113 5806 1176 5845 ex
1212 5789 1374 5845 Iacob
1401 5793 1669 5847 orituram.

1725 1999 1773 2058 B

1801 2048 2060 2116 gentium,
2090 2047 2243 2115 cujus
2272 2045 2421 2100 asina
2452 2045 2466 2095 i
2501 2045 2679 2100 locuta
2708 2043 3052 2114 perhibetur,
3083 2041 3293 2097 stellam
3323 2057 3393 2098 ex

1797 2135 1965 2191 Jacob
1993 2134 2020 2172 ¹ι
2049 2135 2327 2191 oriundam
2346 2175 2361 2199 ,
2393 2141 2448 2188 et
2477 2134 2748 2187 hominem
2792 2147 2856 2186 ex
2887 2131 3052 2185 Israel
3096 2131 3392 2199 propheta-

1796 2233 1950 2280 verat
1976 2241 2096 2280 esse
2125 2232 2409 2278 venturum
2439 2222 2559 2276 :-ait
2609 2222 2754 2277 enim
2801 2221 2944 2275 inter
2991 2228 3221 2283 cmtera,
3245 2219 3385 2273 sicut

1797 2315 1990 2383 legitur
2022 2334 2034 2368 :
2069 2313 2279 2368 Orielur
2297 2315 2448 2369 stella
2467 2322 2532 2367 ea:
2551 2311 2714 2366 Iacob
2736 2354 2752 2380 ,
2781 2321 2830 2364 et
2858 2320 3100 2382 exsurget
3146 2311 3297 2372 Ιιρηοο
3325 2326 3390 2364 ea:

1798 2405 1973 2460 Israel
2039 2405 2236 2476 (Num.
2295 2404 2478 2473 xxxv).
2549 2404 2718 2458 Nemo
2773 2416 2903 2470 ergo
2960 2418 3109 2456 nunc
3157 2403 3388 2456 miretur

1796 2499 1900 2569 77
1948 2496 2286 2552 nativitatem
2342 2493 2666 2549 dominicam
2721 2493 3004 2562 agnovisse
3059 2489 3382 2558 Chaldaeos,

1795 2603 1960 2657 quam
1986 2585 2192 2654 utique,
2220 2585 2288 2651 si,
2313 2584 2588 2638 revelante
2619 2581 2757 2650 Deo,
2787 2582 3147 2652 prmnuntiare
3175 2580 3387 2650 potuit;

1793 2680 1970 2748 potuit
1996 2677 2212 2747 gentilis
2262 2690 2592 2743 agnoscere;
2624 2674 2724 2730 fuit
2771 2675 2912 2729 enim
2960 2673 3091 2741 hoc;
3119 2680 3381 2742 quantum

1792 2770 2046 2824 aestimari
2071 2769 2252 2838 datur,
2277 2764 2298 2805 ι
2329 2780 2576 2836 supema:
2595 2765 2964 2835 dispositionis
2994 2763 3275 2819 arbitrium
3297 2764 3383 2816 in-

1791 2870 1876 2915 ter
1901 2859 2288 2914 sacratissimas
2316 2857 2702 2926 prophetarum
2728 2870 2916 2923 voces,
2947 2863 2987 2890 ω
3015 2855 3179 2909 etiam
3211 2850 3278 2907 ab
3305 2853 3388 2906 in-

1793 2949 1941 3003 ﬁdeli
1971 2949 2190 3004 homine
2219 2947 2336 3015 ejus
2364 2945 2748 3016 prmdiceretur
2785 2953 2813 2980 ιι
2847 2943 3133 3006 adventus,
3164 2942 3255 3010 qui
3285 2957 3386 3010 pro

1794 3040 2028 3095 ﬁdelium
2080 3037 2480 3106 inﬁdeliumque
2525 3044 2645 3091 erat
2697 3034 3074 3106 redemptione
3100 3042 3381 3089 venturus.

1792 3130 1860 3184 Et
1886 3145 1950 3185 ea
1972 3129 2222 3184 nimirum
2251 3129 2461 3182 ratione
2486 3125 2778 3196 prophetat
2806 3125 3076 3180 idolorum
3107 3124 3382 3190 sacerdos,

1791 3229 1852 3276 ut
1878 3221 1924 3275 si
1970 3219 2167 3274 Judaais
2195 3218 2613 3289 praedicantibus
2645 3215 2716 3272 de
2756 3215 2997 3271 adventu
3023 3214 3224 3269 Christi
3266 3229 3387 3268 cre-

1792 3313 1922 3368 dere
1945 3312 2084 3367 forte
2112 3310 2383 3380 gentilitas
2410 3309 2712 3377 renuisset,
2739 3321 2962 3362 suonun
2991 3305 3185 3360 saltem
3227 3305 3385 3361 testi—

1789 3403 2031 3458 monium
2053 3408 2374 3471 sequeretur
2401 3408 2705 3454 auctorum.
2722 3397 2850 3454 Nec
2876 3397 3185 3452 dubitemus
3212 3396 3385 3451 omni-

1790 3503 2069 3564 potentem
2098 3508 2162 3548 ac
2190 3490 2633 3560 benignissimum
2656 3489 2823 3544 Deum
2847 3489 3070 3542 Balaam
3096 3488 3172 3542 illi
3193 3487 3385 3542 alieni-

1787 3599 1942 3654 genae
1990 3583 2340 3654 praescientia:
2385 3582 2515 3636 dare
2562 3580 2808 3650 potuisse
2855 3585 3161 3634 semo'nem
3185 3617 3203 3641 ,
3235 3587 3259 3613 ο
3287 3577 3382 3647 qui

1788 3678 1952 3732 asinm
1981 3677 2150 3746 ipsius
2172 3677 2407 3745 linguam
2431 3675 2484 3730 iu
2512 3675 2678 3731 verba
2707 3674 3148 3744 potuit-humana
3170 3671 3379 3731 laxare.

1788 3767 2135 3838 Loquebatur
2191 3767 2353 3836 igitur
2405 3765 2637 3819 sessoris
2700 3763 2856 3818 arioli
2911 3763 3062 3817 asina
3086 3803 3104 3830 ,
3149 3775 3388 3831 pronus

1787 3863 1989 3932 quippe
2017 3860 2234 3925 animal,
2264 3865 2320 3912 et
2337 3857 2712 3912 naturalitere
2733 3855 3024 3924 inspiciens
3069 3861 3288 3919 terrm,
3321 3859 3386 3907 ut

1787 3950 2072 4006 manifesto
2099 3951 2336 4018 signaret
2375 3947 2590 4002 indicio-
2612 3946 2757 4015 quod
2784 3946 3038 4001 universa
3062 3944 3390 4012 gentilitas,

1786 4055 1908 4111 quae
1936 4041 2045 4096 aris
2090 4039 2293 4106 dedita,
2324 4045 2379 4092 et
2421 4038 2474 4092 in
2505 4045 2706 4090 terram
2746 4048 2962 4104 semper
3006 4033 3393 4105 perﬁdiarum

1787 4130 2030 4201 pondere
2057 4144 2263 4199 pressa,
2290 4128 2595 4198 despiciens
2623 4123 3014 4195 omnipotentis
3034 4124 3390 4192 Dei‘oultlm,

1787 4223 1950 4276 tacita
1977 4230 2095 4275 erat
2121 4228 2180 4274 et
2223 4213 2404 4284 muta;
2449 4217 2778 4272 adventante
2823 4213 3297 4279 stellaes'Jacoh,
3325 4221 3387 4269 et

1785 4311 2006 4366 homine
2045 4325 2114 4364 ex
2161 4308 2346 4377 Israel,
2370 4307 2568 4363 enectis
2593 4306 2663 4361 ad
2687 4306 2887 4363 caelqu
2916 4305 3122 4372 oculis,
3140 4304 3384 4361 saeui

1786 4401 1880 4455 Dei
1901 4400 2128 4468 gloriam
2143 4397 2477 4468 quotidianls
2489 4389 3092 4453 esset'coulbssionihus
3102 4395 3383 4453 loeutus.

1786 4490 1947 4545 Venit
1972 4491 2172 4558 itaque,
2193 4488 2406 4557 fratres,
2428 4489 2496 4544 ab
2518 4486 2738 4543 Oriente
2761 4488 3062 4542 illuminata
3085 4487 3383 4554 gentilitas,

1783 4581 1966 4639 Iudaea
1992 4598 2147 4648 vero,
2181 4593 2206 4622 τ
2234 4583 2505 4638 durissimi
2551 4581 2733 4638 cordis
2777 4581 3225 4638 sni‘inﬂdelitate
3259 4595 3380 4647 caa-

1787 4684 1929 4743 cata,
1961 4684 2207 4733 remanet
2241 4676 2310 4730 in
2337 4689 2557 4731 occasu.
2585 4673 2875 4741 Quomodo
2903 4679 3084 4732 autem
3113 4689 3222 4749 non
3247 4683 3382 4730 vero

1714 4815 1768 4879 υ
1865 4810 1881 4851 ¹
1918 4812 2066 4868 Idem
2094 4813 2216 4869 cod.
2263 4813 2397 4882 Reg.
2456 4820 2513 4869 et
2538 4812 2661 4871 cad.
2707 4811 2834 4867 Vat.
2857 4809 3016 4882 4951,
3047 4813 3236 4873 divina
3262 4811 3378 4867 dis-

1787 4889 2132 4953 pensationis,
2158 4889 2270 4939 etc.

1862 4952 1901 5034 '_'
1923 4951 2068 5034 90d.
2108 4953 2446 5034 Ibat-treukr3
2473 4961 2532 5007 ut
2557 4952 2622 5034 ab
2660 4951 2875 5034 inﬁdeli
2893 4953 3119 5034 homine.

1861 5032 1889 5060 ιι
1919 5022 2054 5078 Cod.
2104 5021 2288 5078 Casin.
2337 5022 2475 5086 106,
2505 5021 2785 5088 aduentus;
2825 5031 2875 5076 et
2925 5023 3222 5077 animarum
3271 5021 3378 5076 Re-

1787 5091 2106 5175 ιέειξιριονεηξ
2157 5092 2479 5175 praeﬁciunt
2523 5090 2791 5175 {domn
2821 5091 3090 5175 εαορτδφί
3115 5100 3173 5146 κε
3198 5090 3378 5175 *θέεις

1936 5161 2364 5288 priggjiaeatoribus
2387 5162 2452 5218 de
2477 5163 2700 5218 aduentu
2728 5161 2954 5230 Christi,
2977 5170 3089 5221 etc.
3127 5180 3142 5218 :
3173 5162 3380 5219 omittit

1809 5249 1840 5286 n
1871 5249 1928 5286 er
1950 5249 2004 5287 m
2133 5273 2148 5287 .

1787 5235 1928 5288 inter
1950 5235 2148 5288 media.

1864 5311 1888 5338 ο
1937 5302 2110 5358 Codd.
2164 5301 2281 5356 Vat.
2316 5299 2454 5374 1367
2500 5309 2558 5357 et
2602 5300 2780 5374 ιθξζ,
2831 5318 2897 5374 ac
2943 5301 3200 5374 Laurent.
3227 5341 3245 5361 .
3287 5306 3407 5374 φιν

1787 5374 1956 5496 asina:
2007 5374 2213 5446 ipsius;
2249 5372 2373 5429 cod.
2421 5387 2552 5429 vero
2605 5371 3048 5432 4951'rclaxars
3101 5371 3232 5442 legit
3277 5371 3377 5442 pro

1809 5460 1990 5496 axare.

1809 5460 1990 5497 axare.

1861 5523 1886 5562 ιι
1915 5512 2050 5584 Cod.
2084 5512 2250 5584 Reg.,
2279 5511 2562 5582 respiciens
2590 5521 2802 5584 terram.

1858 5591 1886 5632 «ι
1910 5583 2044 5655 (Sed.
2086 5578 2307 5655 Regii»,
2349 5578 2502 5638 etiam
2545 5584 2599 5655 is}
2645 5581 2743 5655 Dei
2771 5581 3015 5655 gloriam,
3047 5587 3157 5640 etc.
3189 5578 3374 5635 Codex

1783 5668 1914 5707 vero
1945 5653 2064 5707 Vat.
2095 5648 2254 5717 ωλι,
2287 5648 2535 5709 aztemam
2555 5650 2654 5710 Dei
2681 5648 2922 5718 gloriam,
2954 5660 3060 5707 etc.

1859 5733 1879 5761 τ
1912 5723 2076 5782 Iidem
2125 5725 2278 5782 codd.
2342 5723 2473 5794 Reg.
2528 5732 2585 5780 et
2613 5718 2872 5777 Vallicell.
2933 5722 2996 5776 A.
3051 5720 3152 5784 10,
3202 5718 3350 5775 dum

1783 5809 1934 5846 δυηα.
