3924 6232
516 385 617 439 (ὶδῖ

1729 381 1781 437 8.
1823 383 2064 436 MAXIMI
2103 381 2552 438 TAURINENSIS

3678 381 3799 434 288

512 494 655 564 enim
687 492 739 546 in
768 493 898 548 edit.
927 493 1085 550 Rom.
1117 494 1334 564 Sixtina,
1352 495 1462 564 hate
1489 495 1703 548 homilia
1732 495 1983 564 inscripta
1999 502 2094 564 est
2117 511 2130 544 :
2156 493 2233 547 De
2253 494 2502 564 baptismo
2524 493 2744 564 Christi;
2767 507 2890 564 cum
2919 501 3097 564 tamen
3119 492 3333 564 nullum
3363 490 3528 564 deeo
3555 493 3791 548 verbum

512 562 674 615 faciat
695 572 904 641 auctor,
930 572 985 617 et
1011 579 1043 617 a
1069 565 1246 641 capite
1274 563 1341 618 ad
1378 563 1577 619 calcem
1605 578 1787 632 magos
1814 560 2012 618 Christi
2054 571 2237 616 natum
2266 560 2595 631 inquirentcs
2617 562 2914 630 collaudet,
2952 571 3009 618 et
3031 560 3247 618 Judzeos
3274 562 3583 619 incredulos
3611 566 3792 618 vehe-

512 641 727 688 menter
751 632 1055 700 redarguat.

513 741 907 814 Augeat-3mm.
947 775 1020 786 —
1063 742 1334 797 Rationem
1377 743 1544 814 reddit
1592 743 1654 799 S.
1696 741 1956 798 Maximus
1993 761 2084 796 cur
2112 750 2154 806 Α
2186 759 2302 797 rum
2335 743 2572 798 virorum
2606 744 2818 812 eloquia
2839 744 2905 799 ad
2934 744 3258 814 agnitionem
3293 743 3412 798 Filii
3437 743 3530 797 Dei
3560 742 3795 798 Iudaica

585 811 839 865 Dominus
865 829 955 881 per
980 814 1281 881 inusitatum
1307 813 1450 865 sidus
1478 816 1642 880 fuerat
1670 814 1958 865 hominibus
1979 830 2084 866 ma-

585 880 930 952 nifestandus.
963 881 1113 952 Regis
1145 880 1366 934 Herodis
1393 881 1788 952 Judworumque
1815 883 2089 936 increduli-

587 958 743 1002 tatem
764 951 1164 1003 inexcusabilem
1188 951 1430 1003 ostendit.

587 1099 832 1157 Salutare
879 1102 1031 1156 nobis
1077 1109 1181 1169 est,
1210 1102 1417 1165 fratres,
1459 1111 1617 1170 atque
1657 1104 2002 1168 conveniens,
2028 1113 2090 1158 ut

517 1200 899 1246 concurrentes
935 1192 1002 1246 ad
1041 1192 1172 1245 festa
1219 1191 1484 1246 dominica
1531 1201 1584 1245 et
1619 1193 1868 1263 mysteria
1898 1192 2086 1247 Salva-

517 1280 652 1334 toris
675 1281 840 1334 nostri
859 1321 873 1344 ,
905 1280 971 1334 de
997 1280 1148 1348 cujus
1175 1282 1451 1336 nativitate
1478 1283 1643 1348 gavisi
1670 1299 1852 1338 sumus
1869 1322 1884 1347 ,
1917 1291 1942 1320 ⁸
1973 1283 2090 1352 ejus

518 1368 945 1422 manifestationc
971 1370 1245 1424 laetemur:
1276 1371 1397 1440 quia
1439 1373 1572 1426 sicut
1602 1373 1870 1427 nascendo
1891 1374 2092 1441 glorio-

505 1474 608 1513 sus
635 1466 716 1514 est
742 1459 834 1514 Dei
873 1459 1068 1522 Filius,
1110 1461 1182 1514 ita
1220 1462 1525 1530 apparcndo
1567 1463 1841 1518 mirabilis.
1899 1464 2090 1519 Mirum

518 1562 748 1616 namque
792 1548 936 1616 quod
982 1548 1223 1603 Christus
1268 1551 1530 1618 processit
1581 1566 1648 1606 ex
1701 1551 1940 1620 virgine;
1991 1569 2092 1609 nec

504 1638 693 1691 minus
723 1639 1058 1705 magnificum
1099 1639 1239 1708 quod
1270 1649 1517 1694 ostensus
1545 1656 1576 1694 e
1603 1642 1740 1697 cmlo
1765 1651 1867 1696 est.
1898 1641 2090 1697 Mirum

518 1726 673 1780 valde
699 1727 842 1795 quod
870 1743 1065 1781 novum
1095 1729 1362 1782 hominem
1409 1738 1551 1783 terra
1580 1731 1841 1800 suscepit;
1873 1739 2092 1801 stupen-

517 1815 639 1869 dum
669 1815 1010 1871 nihilominus
1043 1817 1188 1884 quod
1226 1831 1430 1872 novum
1473 1819 1616 1874 hunc
1645 1821 1913 1875 hominem
1953 1837 2091 1877 nova

515 1903 584 1958 de
613 1905 748 1959 caelo
773 1905 929 1959 stella
949 1906 1262 1974 prodiderit.
1307 1906 1458 1977 Apud
1500 1907 1738 1963 Judmam
1766 1909 2010 1967 Christus
2039 1913 2091 1967 in

517 1993 740 2062 przesepi
787 1994 1092 2062 pastoribus
1137 1995 1412 2063 vagiebat;
1445 2003 1502 2050 et
1545 1997 1596 2050 in
1626 1996 2092 2070 Chaldzeamago-

2187 831 2349 885 corda
2377 848 2483 886 non
2517 833 2764 887 ﬂexerint
2787 873 2801 898 ,
2833 834 2990 886 unius
3025 833 3196 887 stella:
3232 833 3415 886 radius
3456 832 3613 886 ﬁdem
3645 845 3794 898 gen-

2188 921 2318 974 tium
2345 922 2639 975 suscitavit.
2665 920 2794 987 Quae
2817 931 2962 975 tanta
2984 921 3330 990 permutatio,
3352 920 3570 983 fratres,
3589 933 3794 987 quzcvc

2185 1009 2286 1062 ista
2317 1011 2601 1064 conversio
2631 1011 2745 1063 est?
2786 1009 2943 1078 Apud
2989 1009 3203 1063 Judmos
3231 1010 3494 1078 propheta
3518 1011 3793 1076 loquitur,

2186 1116 2288 1154 nec
2317 1101 2562 1166 auditur;
2614 1100 2752 1170 apud
2796 1101 3022 1168 gentiles
3064 1101 3220 1154 stella
3265 1107 3447 1164 tacet,
3480 1107 3536 1153 et
3566 1098 3792 1151 suadet.

2186 1193 2329 1247 Vere
2374 1193 2514 1247 sicut
2552 1192 2806 1262 scriptum
2835 1199 2952 1246 est:
3011 1190 3205 1258 Quibus
3234 1207 3338 1244 non
3372 1199 3448 1244 est
3484 1189 3792 1242 nuntiaturus

2190 1283 2253 1337 de
2272 1300 2331 1338 eo
2358 1284 2631 1346 videbunt;
2653 1293 2703 1337 et
2723 1285 2807 1355 qui
2833 1299 2938 1336 non
2971 1283 3270 1345 audierunt,
3301 1281 3594 1350 intelligent
3615 1277 3790 1348 (Isai.

2190 1389 2280 1440 ut;
2313 1374 2465 1428 Rom.
2493 1375 2603 1439 xv).
2631 1374 2770 1429 Ecce
2797 1375 2938 1431 enim
2962 1370 3195 1428 Chaldzei
3218 1415 3236 1441 ,
3275 1372 3470 1440 quibus
3515 1371 3646 1424 nihil
3676 1386 3755 1422 un
3775 1401 3792 1412 ο

2189 1477 2351 1529 quam
2402 1461 2574 1515 fuerat
2618 1462 2686 1516 de
2733 1461 3031 1530 hujusmodi
3063 1461 3332 1531 mysteriis
3370 1459 3722 1529 praedicatum
3759 1456 3790 1493 ἀ

2193 1551 2576 1606 intellexerunt
2623 1553 2954 1604 nativitatem
3000 1549 3234 1615 Christi;
3289 1551 3567 1619 ipsumque
3610 1547 3788 1601 Chri-

2192 1647 2336 1696 stum
2392 1641 2621 1695 sollicite
2674 1650 2697 1678 ο
2745 1641 3156 1710 perquirentes,
3207 1639 3345 1693 uelo
3397 1637 3414 1676 ί
3462 1645 3794 1692 monstrata:

2193 1732 2361 1786 stellae
2388 1732 2581 1786 ducatu
2605 1773 2619 1796 ,
2650 1732 2891 1786 invenire
2930 1739 3260 1786 meruerunt.
3287 1730 3395 1786 Nec
3420 1745 3553 1784 sane
3597 1745 3626 1782 a
3653 1730 3794 1796 uui-

2192 1819 2507 1888 buscunque
2552 1820 2775 1885 vilibus,
2827 1819 3068 1875 obscuris
3114 1821 3443 1889 abjectisque
3471 1819 3796 1872 hominibus

2192 1910 2309 1964 haec
2327 1917 2452 1963 sunt
2477 1910 2563 1963 vel
2589 1910 2881 1973 intellecta,
2912 1910 2997 1963 vel
3029 1905 3139 1963 visa
3159 1951 3174 1976 ,
3205 1909 3304 1963 sed
3342 1925 3371 1962 a
3401 1908 3699 1969 Chaldaeis,
3739 1907 3797 1960 id

2196 2006 2298 2064 est,
2327 2001 2436 2070 85
2465 1999 2604 2068 apud
2631 2013 2767 2068 quos
2797 2007 2824 2046 ι
2857 1999 3294 2068 superstitionum
3319 1999 3576 2065 regnabat
3605 2012 3794 2051 error.

516 2097 633 2136 rum
680 2082 850 2137 oculis
896 2083 1036 2137 inter
1079 2083 1255 2138 sidera
1302 2087 1635 2142 coruscabat.
1685 2087 1836 2159 Apud
1876 2089 2093 2146 Judzeos
2123 2095 2169 2154 Β
2194 2086 2252 2141 In
2282 2089 2366 2142 his
2393 2089 2666 2156 ingressus
2702 2089 2957 2142 mundum
2983 2087 3226 2143 Christus
3252 2089 3516 2157 primitias
3547 2087 3679 2143 fidei
3704 2105 3797 2143 sa-

516 2171 768 2226 sordebat
789 2171 842 2224 in
869 2172 1097 2241 pannis;
1145 2173 1282 2241 apud
1308 2175 1535 2242 gentiles
1562 2174 1797 2245 fulgebat
1824 2179 1876 2232 in
1902 2179 2092 2249 gloria.

517 2254 582 2310 Et
605 2257 821 2327 quidem
848 2274 1070 2314 necesse
1096 2269 1214 2314 erat
1255 2268 1314 2314 ut
1340 2262 1598 2317 cmlorum
1636 2262 1920 2320 Dominum
1945 2267 2099 2321 testi-

516 2349 754 2402 monium
802 2349 1021 2403 cmleste
1057 2351 1404 2418 praecederet,
1454 2358 1510 2405 et
1553 2361 1828 2408 auctorem
1860 2355 1993 2410 lucis
2021 2357 2097 2410 si-

518 2451 677 2505 gnum
708 2437 736 2477 δ
778 2437 912 2492 lucis
959 2439 1244 2494 revelaret.
1303 2441 1550 2509 Magnum
1591 2443 1714 2510 hoc,
1743 2445 1955 2508 fratres,
1987 2455 2100 2502 tre-

517 2529 878 2598 mendumque
903 2533 1248 2602 mysterium,
1298 2549 1417 2588 cum
1448 2551 1587 2591 unus
1607 2536 1855 2608 idemque
1882 2555 2098 2596 annun-

518 2619 685 2672 tiatur
704 2618 772 2673 de
798 2618 960 2674 Patre
985 2620 1144 2687 Deus,
1169 2630 1226 2676 et
1246 2622 1411 2678 homo
1440 2623 1508 2679 de
1535 2635 1740 2693 matre;
1773 2643 1909 2684 unus
1938 2630 2102 2685 idem-

517 2723 625 2778 que
655 2707 791 2764 filius
821 2708 1050 2775 feminae,
1082 2719 1138 2766 et
1166 2710 1304 2769 ﬁlius
1328 2715 1662 2785 majestatis;
1694 2733 1831 2776 unus
1853 2721 2102 2790 idemque

518 2801 798 2855 hominum
850 2804 1155 2873 particeps,
1204 2813 1261 2859 et
1307 2806 1564 2863 Dominus
1591 2811 1922 2878 angelorum.
1972 2812 2102 2880 Quis

518 2893 662 2946 enim
691 2893 869 2946 valeat
892 2895 1160 2949 aestimare
1185 2897 1372 2964 quanti
1415 2902 1756 2966 sacramenti,
1785 2912 2102 2973 quantaque

518 2982 591 3036 sit
615 2981 818 3050 gloriae,
849 2983 997 3052 quod
1024 2983 1113 3038 ille
1137 2987 1279 3053 sugit
1302 2988 1486 3051 ubera,
1511 2990 1600 3056 qui
1625 2993 1797 3058 pascit
1811 2994 2009 3060 omnia,
2047 3003 2104 3050 et

521 3073 612 3142 qui
629 3073 890 3127 universis
917 3074 1276 3130 animantibus
1292 3077 1501 3131 vivendi
1523 3080 1874 3135 substantiam
1886 3092 2105 3152 przestat

522 3179 554 3219 e
581 3165 742 3230 cmlo,
758 3167 828 3220 oh
849 3167 1078 3221 salutem
1103 3169 1438 3223 terrestrium
1467 3178 1685 3226 terreno
1711 3173 1821 3244 δή,
1846 3174 1984 3229 lacte
2005 3192 2105 3230 nu-

526 3256 721 3311 tritur?
767 3257 954 3313 Nullus
982 3273 1112 3328 ergo
1141 3260 1406 3329 ambigat,
1440 3277 1600 3316 nemo
1628 3273 1930 3330 cunctetur,
1961 3266 2104 3337 quod

525 3345 773 3401 Christus
821 3347 876 3401 in
919 3355 1066 3402 terra
1112 3349 1312 3419 degens
1342 3347 1577 3418 fulgebat
1604 3353 1657 3406 in
1687 3355 1844 3419 caelo,
1876 3357 1999 3424 quia
2027 3356 2106 3411 sic

2201 2178 2389 2234 lutaris
2436 2177 2675 2233 invenit:
2727 2185 2782 2232 et
2827 2176 3024 2232 factum
3069 2185 3153 2232 est
3202 2177 3341 2231 inter
3381 2175 3595 2231 Iudaeos
3623 2187 3798 2246 atque

2201 2267 2429 2337 gentiles
2454 2266 2724 2336 quoddam
2751 2266 2990 2335 perfidia:
3027 2263 3260 2334 ﬁdeique
3288 2275 3585 2320 certamen.
3646 2265 3800 2318 Nato

2202 2357 2347 2411 enim
2383 2355 2599 2410 Christo
2635 2355 2937 2410 exsultabat
2963 2354 3207 2409 Chaldtea
3235 2393 3250 2419 ,
3289 2363 3344 2408 et
3372 2363 3484 2408 tota
3521 2370 3645 2408 cum
3681 2354 3801 2407 suis

2201 2445 2532 2517 principibus
2570 2443 2938 2515 Hierosolyma
2980 2445 3349 2513 torquebatur.
3419 2444 3803 2497 lnseetahatur

2201 2536 2454 2605 Judaeus,
2514 2549 2702 2603 magns
2751 2532 2778 2572 ιι
2826 2533 3128 2599 adorabat;
3169 2542 3225 2588 et
3273 2533 3512 2587 Herodes
3559 2531 3803 2586 acuebat

2204 2627 2473 2696 gladium,
2511 2626 2791 2683 Chaldzeus
2842 2640 3062 2679 munera
3111 2624 3466 2694 praeparabat.
3519 2622 3626 2677 Sed
3661 2623 3803 2691 quid

2204 2721 2398 2774 mirum
2422 2720 2468 2774 si
2496 2717 2652 2774 turba
2691 2717 2780 2771 illa
2806 2715 3027 2771 Judaiea
3060 2714 3258 2770 Christi
3297 2729 3403 2768 non
3431 2712 3674 2781 suscepit
3718 2714 3804 2766 in-

2203 2811 2448 2880 fantiam,
2486 2810 2502 2848 ί
2529 2824 2648 2880 qua:
2677 2809 2837 2864 etiam
2862 2815 3106 2864 mortuos
3142 2806 3488 2860 suscitantem
3515 2812 3806 2858 contuma-

2204 2903 2338 2956 citer
2376 2903 2389 2951 ι
2427 2900 2592 2955 abusa
2638 2898 2999 2968 contempsit?
3039 2896 3173 2963 Quid
3227 2895 3420 2949 mirum
3459 2894 3506 2948 si
3548 2894 3600 2946 in
3639 2894 3804 2947 cunis

2200 2990 2470 3060 jacentem
2503 2989 2776 3044 Christum
2803 3001 3056 3058 sprevere
3079 2984 3269 3049 Judzei,
3318 2998 3476 3053 quem
3502 3025 3518 3050 ,
3546 2997 3675 3036 cum
3707 2997 3807 3036 eae-

2205 3080 2282 3136 cis
2301 3081 2384 3134 vel
2415 3094 2550 3134 nova
2579 3079 2734 3134 daret
2762 3077 2986 3144 lumina,
3009 3075 3091 3130 vel
3113 3083 3389 3144 repararet
3416 3073 3635 3139 amissa,
3673 3073 3807 3127 lan-

2205 3184 2506 3238 guoresque
2549 3169 2729 3222 varios
2776 3165 3053 3221 salutifero
3098 3178 3348 3219 sermone
3377 3161 3403 3200 ¹ι
3435 3171 3656 3217 curaret
3683 3205 3702 3230 ,
3737 3162 3806 3216 ad

2207 3259 2386 3313 omnia
2405 3257 2662 3313 beneﬁcia
2689 3255 2898 3312 Domini
2935 3253 3246 3309 redimentis
3275 3253 3487 3320 ingrati,
3517 3252 3808 3306 mendacis

2206 3350 2397 3418 linguae
2424 3351 2535 3421 88
2565 3346 2845 3403 calumniis
2874 3343 3230 3400 incusabant?
3257 3340 3397 3421 Quid
3425 3341 3620 3395 mirum
3653 3343 3708 3395 si
3755 3342 3808 3395 in

501 3436 674 3510 _venit
700 3436 769 3492 ad
796 3445 991 3504 terras,
1026 3450 1048 3477 ε
1079 3447 1141 3494 ut
1168 3416 1280 3494 non
1293 3416 1622 3510 relinqueret
1649 3416 1862 3498 omium.
1893 3416 1960 3498 lit
1980 3446 2102 3502 inde
2131 3453 2176 3515 (ζ
2206 3416 2321 3510 ejus
2349 3416 2624 3494 nativitate
2651 3438 2819 3493 stella:
2839 3435 3170 3506 splendentis
3198 3416 3390 3488 indicia
3413 3433 3809 3499 neglexerunt,

527 3529 784 3599 estquod
827 3529 1144 3599 virginalem
1189 3531 1332 3585 hunc
1371 3546 1598 3601 puerum
1645 3533 1863 3588 laudant
1899 3537 2106 3604 angeli,

529 3618 794 3678 mirantur
816 3627 1063 3689 pastores
1083 3660 1098 3686 ,
1140 3621 1332 3676 malum
1363 3628 1669 3690 attestatur,
1701 3635 2028 3683 venerantur
2055 3637 2113 3682 et

531 3709 671 3778 magi
691 3749 706 3776 ,
733 3709 856 3780 quia
895 3710 1117 3780 mystica
1143 3710 1261 3779 ejus
1287 3712 1538 3768 nativitas
1565 3715 1898 3784 sempiterno
1915 3716 2110 3784 gaudio

527 3807 584 3854 et
622 3806 804 3853 terran
870 3797 1156 3853 lastitlcavit
1201 3807 1258 3855 et
1299 3801 1511 3856 cmlum.
1563 3801 1716 3857 Hune
1761 3817 1890 3871 ergo
1931 3818 2111 3872 regem

529 3887 831 3944 coalestium
850 3887 1236 3958 hominumque
1263 3896 1550 3957 rectorem,
1581 3891 1679 3946 sub
1707 3893 1880 3947 carnis
1907 3901 2112 3964 myste-

529 3981 613 4036 rio
637 3980 963 4046 venientem,
993 3976 1203 4035 invidus
1244 3981 1425 4036 tremit
1453 3978 1725 4050 Herodes,
1755 3981 1935 4038 Iudaea
1984 3984 2106 4038 inll-

500 4068 504 4140 ξ
528 4063 665 4126 dens
693 4066 925 4141 ahjurat.
967 4069 1174 4126 Tremit
1200 4069 1442 4127 Herodes
1470 4071 1730 4128 infantem
1758 4075 1919 4142 regias
1945 4074 2115 4142 digni-

530 4160 694 4226 tatis,
739 4161 868 4229 quia
924 4159 1220 4215 bonitatem
1273 4161 1542 4217 nascentis
1588 4161 1800 4229 ignorat
1843 4181 1856 4215 :
1901 4163 2114 4232 ahjurat

531 4249 802 4306 Christum
841 4248 1055 4312 Judzea,
1084 4263 1244 4321 quem
1272 4249 1557 4320 praedicat,
1598 4253 1723 4321 quia
1752 4254 2114 4323 impietatibus

533 4342 644 4397 suis
667 4349 912 4397 metuens
934 4339 1062 4410 justi
1079 4339 1273 4409 judicis
1293 4339 1488 4412 refugit
1509 4342 1839 4412 aequitatem;
1863 4351 1919 4398 et
1943 4344 2116 4399 scele-

534 4445 653 4486 tum
679 4445 900 4485 suanm
925 4431 1193 4486 obcaecata
1224 4431 1459 4486 tenebris
1475 4469 1492 4494 ,
1518 4431 1635 4487 sola
1661 4431 1850 4487 videre
1877 4447 1982 4486 non
2012 4447 2114 4502 po-

539 4529 648 4576 test
691 4521 838 4591 qmd
883 4521 1129 4595 omnibus
1173 4521 1420 4590 splendet
1464 4535 1496 4578 e
1524 4523 1664 4578 etnlo
1707 4530 1808 4577 :et
1837 4539 1958 4578 cum
2007 4540 2118 4579 om-

2207 3535 2261 3588 in
2303 3533 2456 3602 cujus
2483 3531 2756 3601 passione,
2803 3529 2965 3584 etiam
3010 3527 3128 3582 sole
3167 3526 3404 3595 lugente,
3441 3524 3606 3578 laetati
3631 3525 3810 3578 sunt?

2209 3623 2346 3690 Quid
2369 3623 2586 3690 mirum,
2614 3621 2659 3676 si
2687 3619 2951 3675 Chaldaeis
2978 3616 3411 3683 adventantibus,
3439 3616 3496 3668 hi
3522 3612 3541 3652 ι
3575 3615 3812 3669 credere

2210 3715 2500 3769 noluerunt
2524 3754 2540 3783 ,
2581 3725 2717 3779 quos
2740 3709 2806 3763 ad
2837 3709 2994 3763 Iidem
3019 3706 3263 3761 veritatis
3285 3703 3548 3758 adducere
3578 3718 3811 3757 concur-

2211 3819 2302 3860 sus
2330 3819 2435 3857 non
2458 3801 2632 3871 potuit
2660 3798 3013 3868 angelorum?
3042 3795 3310 3850 Lmtemur
3333 3793 3513 3862 itaque
3539 3806 3664 3857 nos,
3697 3791 3810 3844 fra-

2213 3902 2350 3962 tres,
2379 3899 2435 3948 et
2459 3891 2789 3946 exsultemus
2817 3889 2871 3943 in
2893 3887 3143 3954 Domino,
3171 3883 3517 3940 festivitatem
3544 3879 3809 3950 perennis

2210 3982 2449 4054 mysterii
2473 3980 2620 4035 omni
2646 3993 2769 4034 cum
2803 3976 2999 4047 gaudio
3039 3973 3403 4037 celebrantes;
3432 3971 3524 4040 qui
3554 3970 3810 4025 nativita-

2213 4081 2322 4130 tem
2368 4071 2693 4128 dominicam
2752 4084 2860 4124 non
2907 4065 3234 4134 coniecturis
3278 4062 3587 4118 carnalibus
3636 4061 3807 4116 adne-

2212 4177 2422 4232 gamus,
2461 4161 2558 4216 sed
2590 4159 2694 4213 fide
2733 4157 2962 4228 simplici
3001 4153 3352 4218 mnﬁtemur;
3386 4153 3479 4221 qui
3503 4149 3807 4206 Salvatoris

2215 4251 2500 4306 adventum
2522 4264 2629 4303 non
2657 4247 3026 4302 nuntiantibus
3053 4243 3245 4313 magis,
3273 4242 3367 4297 sed
3397 4247 3694 4296 attestante
3720 4240 3807 4296 de-

2218 4355 2381 4411 super
2423 4339 2582 4393 Patre
2625 4337 3005 4405 cognovimus;
3052 4333 3146 4404 qui
3186 4332 3459 4389 Christum
3487 4329 3805 4394 Dominum,

2219 4449 2326 4488 non
2353 4431 2464 4500 jam
2492 4431 2634 4484 inter
2653 4424 2917 4484 cunabula
2941 4426 3244 4494 vagientem
3270 4423 3582 4493 querimus,
3602 4421 3701 4477 sed
3730 4434 3810 4474 re-

2221 4533 2473 4593 gnantem
2505 4534 2825 4575 veneramur
2862 4518 2916 4574 in
2942 4516 3080 4573 calo
3106 4513 3290 4570 Iesum
3311 4512 3590 4570 Christum
3617 4511 3807 4568 Domi-

536 4608 684 4666 nium
705 4609 1133 4681 patriarcharum
1159 4608 1404 4667 doctrina
1425 4651 1443 4678 ,
1474 4627 1538 4669 ac
1563 4613 1877 4683 prophetica
1903 4621 2120 4669 sancto-
2224 4629 2351 4668 num
2374 4623 2433 4666 ω.

1843 4724 2190 4786 HOMILIA
2249 4725 2496 4786 XXIX.

1815 4819 1893 4875 De
1926 4821 2196 4893 Baptistae
2240 4819 2434 4876 Christi
2463 4819 2514 4874 I.

1997 4908 2389 4964 ADHONITIO.

608 4997 1104 5075 Otumvis_cod_ice_s
1127 5000 1446 5075 Casineuses
1470 5008 1530 5075 _et
1552 5000 1881 5075 Vallicellanl
1904 5001 2267 5075 haehomilia
2295 5011 2539 5075 careant,
2568 5016 2756 5063 eorum
2798 5008 2981 5070 tamen
3003 4998 3180 5054 vicem
3206 4996 3460 5066 supplent
3488 4995 3583 5075 alii
3623 4996 3798 5075 multi,

539 5067 752 5127 certum
771 5069 840 5126 de
865 5069 924 5151 S.
954 5068 1186 5126 Maximo
1217 5072 1578 5126 testimonium
1605 5071 1911 5127 reddentes.
1958 5068 2291 5128 Bibliotheca
2329 5072 2502 5128 Vatic.
2523 5067 2764 5142 quatuor
2799 5067 3018 5140 praestat
3045 5083 3172 5126 mss.
3199 5074 3569 5128 monumenta,
3601 5067 3805 5121 scilicet

610 5190 651 5254 Ἀ
673 5179 809 5237 Cod.
840 5180 1094 5239 harent.
1125 5179 1325 5252 1,,Plet.
1358 5197 1466 5254 xxv,
1490 5182 1559 5236 de
1581 5183 1693 5252 ejus
1720 5183 2109 5254 manifestatio-
2142 5187 2192 5246 ι)
2288 5181 2317 5219 δ
2355 5182 2524 5254 Codd.
2570 5182 2693 5254 Vat.
2739 5179 2901 5250 4951,
2930 5187 2984 5236 et
3011 5177 3220 5248 Casin.,
3257 5176 3533 5233 adorabat.
3567 5175 3808 5232 Herodes

541 5269 608 5308 tu
636 5251 884 5306 latent”.

614 5320 641 5366 δ
677 5319 961 5392 Cod.'Vat.
993 5319 1154 5392 4951,
1182 5321 1388 5392 signant
1420 5321 1648 5392 luminis.

621 5400 645 5458 ς
680 5389 822 5458 Iidem
851 5390 972 5444 cod.
999 5389 1142 5458 Vat.,
1170 5389 1355 5444 ut'non
1376 5391 1684 5458 relinqueret
1707 5391 1909 5446 calum.

612 5457 647 5512 ἀ
679 5457 812 5530 Cod.
843 5458 1020 5530 Casin.
1055 5457 1180 5530 ςρβ,
1203 5459 1516 5530 intelligunt.

619 5538 644 5570 ε
681 5527 814 5598 Cod.
849 5527 1019 5582 Vatic.
1051 5527 1214 5598 4951,
1243 5539 1299 5584 et
1326 5527 1494 5582 Palat.
1523 5527 1649 5595 433,
1677 5529 1898 5584 sollicite
1923 5529 2121 5598 perqui-

548 5607 667 5654 runt
693 5597 1179 5661 cmlqmonstrante.

624 5667 642 5705 t
683 5667 827 5738 [1min
1003 5665 1209 5738 Casin.,
1235 5667 1360 5722 aulo
1379 5676 1697 5738 monstrante
1719 5669 1995 5738 reperiunt.

621 5746 646 5785 ι
683 5735 815 5792 Cod.
847 5735 1156 5805 Novarien.,
1187 5737 1582 5806 superstitiosus.

2223 5252 2864 5385 πτεῗέἁῆὀέῖφλθῦι,
2913 5333 3062 5390 quem
3089 5317 3247 5373 etim
3291 5323 3522 5371 mortuos
3551 5318 3808 5370 suscitau-

2225 5400 2348 5454 tem,
2380 5401 2486 5447 etc.

2299 5451 2495 5515 l’Cod.
2530 5457 2648 5512 Vat.
2674 5455 2790 5510 Pal.
2821 5454 3023 5511 omittit
3045 5467 3236 5509 vocem
3263 5451 3444 5507 abusa.

2293 5529 2319 5568 ιι
2358 5529 2503 5584 Idem
2532 5528 2679 5595 cod.,
2708 5533 2918 5595 sanaret
2955 5537 3054 5595 pro
3078 5531 3304 5595 curaret.

2301 5597 2319 5638 ι
2362 5598 2493 5652 Cod.
2525 5591 2815 5652 Novarien.
2840 5593 2934 5662 27,
2959 5591 3017 5662 lii
3039 5591 3208 5646 redire
3235 5591 3533 5662 nouerunt,
3555 5601 3663 5662 etc.

2293 5678 2334 5706 ω
2372 5667 2507 5722 Cod.
2542 5665 2664 5719 Vat.
2697 5662 2857 5727 4951,
2880 5659 3174 5734 subjungit,
3203 5677 3318 5714 cum
3343 5659 3504 5717 Patre
3531 5671 3582 5716 et
3612 5661 3803 5734 Spiritu

2224 5748 2406 5794 sancto
2429 5738 2485 5791 in
2512 5736 2702 5790 stecula
2730 5733 3055 5790 sazculorurn.
3089 5732 3271 5784 Amen.
