3924 6232
534 350 626 404 291

1766 337 1818 393 S.
1853 338 2093 392 MAXIM]
2135 337 2585 394 TAURINENSIS

3717 337 3860 388 993

535 462 614 512 ιιειι
642 463 860 509 sanctus
896 469 954 508 sc
991 453 1227 522 Spiritus
1257 451 1425 506 videri
1464 449 1629 514 dedit,
1661 460 1716 504 et
1749 453 1801 504 in
1845 467 1978 506 voce
2007 468 2124 506 ser-
2157 459 2202 512 Α
2232 455 2305 504 vit
2335 454 2388 506 in
2419 454 2675 505 carnem?
2712 453 2843 517 Quid
2876 454 3092 518 mirum,
3137 454 3180 507 si
3213 453 3326 520 ejus
3352 449 3509 519 jussu
3539 465 3666 518 aqua
3696 466 3854 503 me-

535 547 711 600 monis
759 545 919 598 Pater
959 545 1129 597 audiri
1164 562 1173 594 :
1209 545 1285 596 ait
1317 544 1458 596 enim
1489 562 1501 594 τ
1541 542 1641 594 Hic
1669 551 1744 595 est
1786 542 1955 595 Filius
1985 559 2127 594 meus

538 636 771 697 dilectus,
797 635 850 687 in
876 650 974 703 quo
1002 634 1125 686 mihi
1158 633 1446 700 complacui
1478 632 1691 701 (Matth.
1721 634 1822 703 ιιι).
1857 632 2048 686 Videte
2077 639 2129 686 et

538 723 820 786 intendite,
867 723 1078 787 fratres,
1119 732 1378 790 quantum
1411 724 1594 790 gratiae
1629 721 1695 776 de
1734 722 1911 776 divina
1941 723 2129 790 digna-

2237 543 2426 595 liorem
2475 542 2686 610 prolicit
2735 544 2786 595 in
2816 557 3085 610 saporem,
3135 541 3287 609 cujus
3315 541 3650 608 operatione,
3694 555 3852 592 cum

2236 647 2416 686 amara
2449 642 2613 698 esset,
2641 633 2656 670 ί
2694 635 2744 685 in
2789 637 3003 703 myrrha
3031 633 3274 686 bibituris
3307 631 3519 701 populis
3549 632 3682 696 ligno
3717 647 3860 681 mc-

2233 724 2448 778 dicante
2476 724 2686 778 dulcata
2721 733 2827 787 est;
2854 724 3003 791 cujus
3026 725 3249 792 imperio
3280 724 3465 783 etiam,
3500 729 3555 774 ut
3593 721 3858 774 sitienti-

541 815 686 865 limit)
717 813 1015 866 mortalitas
1045 820 1412 880 consequatur
1447 830 1458 862 :
1497 827 1619 864 nam
1664 820 1722 863 ut
1769 812 2129 865 sacratissima
2223 816 2334 868 bus
2376 817 2426 868 in
2460 830 2641 868 eremo
2684 830 2790 868 non
2822 815 3052 882 deesset,
3078 816 3290 869 concita
3317 822 3342 859 3
3376 813 3632 882 prosilivit
3664 828 3692 864 e
3731 807 3876 876 pe:

540 902 929 970 redemptionis
951 905 1427 972 nostraz~niysteria
1450 902 1838 956 confirmentur
1863 912 1916 956 et
1939 911 1995 956 ut
2023 917 2136 955 ma-

543 994 786 1048 nifestius
811 1002 1012 1048 teter-na
1036 996 1190 1047 nobis
1213 993 1443 1049 Trinitas
1467 1004 1491 1030 ⁸
1519 996 1869 1058 revelaretur,
1895 993 2136 1062 baptiza-

544 1091 633 1137 tur
661 1084 826 1137 Filius
856 1085 905 1136 in
934 1084 1188 1137 Jordane.
1229 1083 1459 1152 Spiritus
1493 1084 1792 1138 sanctificat
1829 1098 2136 1136 sacramen-

546 1181 678 1237 tum,
713 1172 871 1225 Pater
908 1173 1081 1242 aperit
1120 1174 1419 1226 veritatem.
1453 1172 1712 1241 Superest
1741 1172 1855 1240 jam
1893 1182 1952 1224 ut
1982 1172 2136 1224 tertia

547 1263 846 1315 devotionis
875 1261 1029 1329 hujus
1059 1263 1270 1316 caritati
1302 1269 1494 1316 vestra:
1521 1277 1681 1316 causa
1712 1263 1988 1316 clarescat.
2023 1261 2135 1313 Ho-

545 1353 631 1404 die
685 1352 1046 1412 nihilominus,
1080 1361 1138 1404 ut
1168 1353 1478 1419 perhibetur
1507 1367 1535 1404 a
1586 1351 1843 1419 patribus,
1881 1349 2138 1404 Dominus

545 1441 700 1497 Jesus
730 1442 780 1495 in
803 1441 947 1494 Cana
974 1440 1206 1495 Calibus:
1225 1442 1291 1495 de
1319 1442 1344 1478 δ
1370 1443 1520 1510 aquis
1542 1441 1720 1495 effecit
1745 1441 1927 1494 vinum
1952 1440 2132 1500 (Joan.

549 1535 628 1601 ιι).
663 1534 800 1586 Nihil
831 1549 858 1585 a
907 1535 1056 1586 vobis
1084 1542 1186 1598 est,
1219 1533 1426 1598 fratres,
1462 1535 1510 1586 in
1543 1533 1846 1602 hujusmodi
1876 1533 2136 1587 mirabili-

544 1623 645 1675 bus
684 1622 749 1675 de
780 1621 1037 1677 Creatore
1066 1623 1463 1686 cunctandum;
1497 1623 1588 1691 qui
1636 1623 1781 1677 enim
1830 1623 1884 1676 in
1911 1622 2138 1677 exordio

545 1711 730 1765 mundi
762 1722 782 1748 ο
808 1711 954 1765 dedit
983 1727 1101 1766 esse
1127 1728 1315 1779 aquas,
1342 1713 1393 1764 in
1418 1711 1522 1766 fine
1546 1727 1759 1781 quoque
1786 1711 1970 1766 mundi
1992 1711 2138 1780 quod

2241 906 2356 959 ira?
2385 907 2494 975 39
2522 903 2588 956 Et
2617 904 2689 958 ibi
2722 905 2747 940 ιι
2778 904 2989 972 quidem
3032 919 3169 972 aqua
3220 903 3466 972 procedit
3493 916 3522 955 c
3551 917 3697 960 saxo,
3741 903 3856 950 ubi

2239 993 2417 1047 adhuc
2448 993 2614 1060 figura
2644 993 2896 1061 spiritalis
2925 1002 3007 1046 est
3038 993 3242 1061 poculi;
3267 993 3356 1046 hic
3384 1006 3512 1044 vero
3542 1006 3634 1059 per
3663 989 3854 1042 Chri-

2238 1093 2380 1138 stum
2409 1082 2638 1138 eflicitur
2665 1084 2871 1146 vinum,
2902 1083 2991 1136 ubi
3015 1082 3128 1148 jam
3152 1097 3277 1136 vera
3308 1090 3390 1135 est
3418 1081 3708 1133 bibentium
3757 1092 3864 1131 sa-

2239 1175 2340 1228 lus.
2369 1173 2504 1239 Quid
2533 1173 2713 1241 igitur,
2748 1172 2957 1238 fratres,
2990 1173 3092 1226 hoc
3122 1172 3294 1226 laetius
3322 1172 3428 1232 die,
3460 1170 3584 1237 quid
3610 1169 3712 1222 hac
3744 1183 3860 1221 so—

2237 1263 2516 1316 lemnitate
2544 1264 2825 1326 sacratius,
2859 1264 2907 1316 in
2940 1277 3042 1329 qua
3074 1272 3286 1330 partum
3315 1260 3555 1326 virginis,
3581 1259 3669 1327 qui
3697 1258 3864 1310 late-

2238 1352 2330 1404 bat
2360 1353 2413 1405 in
2442 1353 2611 1415 cunis,
2648 1351 2802 1405 stella
2831 1351 3122 1418 fulgentior
3147 1350 3398 1418 gentibus
3434 1346 3448 1385 ί
3491 1347 3854 1410 coruscavit;

2238 1442 2294 1495 in
2314 1457 2419 1510 qua
2445 1440 2789 1508 Unigenitum
2821 1441 2914 1495 Dei
2945 1442 2997 1494 in
3027 1441 3505 1494 sanctilicationem
3533 1439 3613 1492 sui
3630 1436 3858 1491 Jorda-

2239 1535 2324 1588 nis
2353 1534 2492 1588 unda
2522 1533 2777 1602 suscepit,
2803 1533 2965 1586 homo
2991 1530 3246 1600 Spiritum
3275 1539 3520 1586 sanctum
3549 1528 3696 1592 vidit,
3723 1525 3855 1579 Pa-

2241 1632 2378 1679 trem
2427 1621 2657 1677 mundus
2698 1623 2930 1687 audivit;
2959 1623 3070 1692 90
3108 1621 3161 1675 in
3189 1636 3295 1690 qua
3325 1622 3488 1675 etiam
3525 1619 3710 1674 sobrio
3743 1619 3858 1671 illo

2244 1714 2260 1764 l
2299 1713 2408 1766 viui
2437 1711 2695 1767 mirabilis
2713 1711 2909 1780 poculo
2931 1711 3166 1781 peccatis
3185 1711 3391 1766 ebrium
3415 1708 3645 1764 mortale
3662 1720 3857 1776 genus

543 1802 718 1854 voluit
748 1800 872 1856 fecit
899 1818 967 1856 ex
996 1802 1149 1869 aquis
1187 1820 1198 1853 :
1243 1802 1464 1870 majoris
1493 1817 1690 1871 nempe
1723 1801 2027 1871 maiestatis
2055 1809 2136 1855 est
2170 1807 2212 1866 Β
2240 1803 2488 1858 visitasse
2516 1817 2576 1856 se
2601 1799 2848 1856 Christus
2876 1801 3145 1856 ostendit?
3169 1799 3238 1853 Et
3265 1799 3412 1867 ideo,
3457 1797 3739 1861 carissimi,
3793 1797 3856 1850 in

544 1888 571 1928 ἀ
593 1907 780 1947 creare
797 1907 915 1962 qua:
937 1909 1043 1947 non
1071 1901 1244 1958 erant,
1264 1910 1427 1962 quam
1449 1903 1634 1950 creata
1666 1902 1894 1950 mutare.
1921 1894 1988 1948 Et
2012 1895 2139 1964 quid

544 1982 761 2044 mirum,
789 1984 832 2036 si
861 1982 927 2035 ad
957 1993 1284 2052 praeceptum
1320 1984 1527 2039 Domini
1552 1985 1635 2038 sui
1658 1999 1796 2051 aqua
1818 1985 2060 2038 transivit
2086 1985 2139 2037 in

545 2071 731 2124 vinum
759 2070 914 2139 cujus
942 2080 1075 2125 nutu
1107 2082 1129 2108 ο
1157 2072 1455 2126 salubrium
1505 2072 1747 2126 fomenta
1789 2073 2042 2128 imbrium
2085 2081 2138 2127 et

546 2160 663 2230 ipsa
692 2160 804 2214 vini
831 2161 1066 2228 genitrix
1094 2176 1198 2216 uva
1247 2163 1513 2216 nutritur?
1541 2160 1679 2227 Quid
1708 2161 1926 2228 mirum,
1957 2162 2003 2216 si
2031 2161 2141 2215 Do-

548 2251 727 2305 minus
755 2253 996 2305 omnium
1027 2260 1249 2322 pr0pter
1275 2253 1550 2307 hominem
1579 2267 1748 2322 aquas
1775 2254 1936 2307 vertit
1975 2253 2028 2307 in
2057 2254 2140 2308 vi-

547 2356 697 2410 num,
725 2341 819 2411 qui
846 2351 906 2397 ut
934 2343 1213 2399 hominem
1245 2342 1529 2405 conderet,
1563 2350 1764 2398 terram
1794 2341 2146 2397 transforma-

2241 1892 2609 1962 spiritualibus
2627 1891 2800 1955 donis,
2823 1891 3041 1945 lubrica:
3065 1889 3242 1944 carnis
3261 1888 3540 1958 voluptate
3567 1885 3855 1956 deposita,

2243 1981 2596 2050 spiritualiter
2637 1980 2999 2049 gaudeamus,
3051 1987 3112 2033 ut
3156 1979 3409 2032 tenebras
3449 1977 3628 2032 cordis
3665 1977 3856 2029 nostri

2243 2072 2424 2126 lumen
2471 2071 2640 2126 stellae
2690 2071 2926 2126 caelestis
2962 2069 3201 2133 irradiet,
3244 2067 3554 2123 benedictio
3601 2074 3858 2136 paterna

2244 2161 2394 2215 vocis
2422 2160 2675 2228 illustret,
2711 2168 2770 2216 et
2806 2160 3042 2216 salutare
3069 2173 3171 2215 nos
3196 2159 3383 2216 vinum
3409 2157 3627 2214 Christo
3662 2158 3855 2230 propi-

2247 2237 2410 2308 n'ame
2435 2250 2686 2307 ιωιιιιοει.

1895 2455 2237 2517 HOMILIA
2285 2455 2500 2516 XXX.

1832 2555 1911 2609 De
1945 2556 2215 2626 Baptismo
2245 2556 2438 2610 Christi
2466 2553 2547 2609 ΙΙ.

2003 2643 2396 2700 ADMONITIO.

634 2741 712 2796 Ex
740 2740 1062 2796 Taurinensi
1090 2739 1279 2794 codice
1308 2738 1467 2808 plane
1496 2743 1712 2791 constat
1739 2734 1796 2790 S.
1830 2735 2118 2808 Maximum
2147 2735 2419 2808 ‘bomilias
2464 2735 2683 2802 triginta
2733 2737 2963 2790 edidisse
3001 2735 3068 2808 de
3109 2735 3364 2804 baptismo
3393 2732 3610 2808 Christi.
3642 2733 3853 2808 Harum

552 2827 837 2883 perpauca:
870 2818 1191 2880 supersunt,
1227 2803 1328 2864 nec
1355 2815 1438 2862 est
1465 2821 1649 2860 earum
1679 2815 1892 2859 servata
1920 2805 2052 2859 satis
2079 2806 2360 2871 integritas
2387 2813 2612 2926 propter
2637 2813 2978 2859 vetustatem.
3012 2803 3183 2870 Quam
3212 2819 3355 2858 nunc
3381 2803 3630 2859 damuse
3658 2805 3856 2883 codice

552 2883 780 2926 nhhnlim
807 2879 987 2926 Sancti
1020 2879 1269 2926 Dalmatii
1299 2878 1533 2926 exscrihi
1563 2876 1904 2926 curavimus.
1937 2891 2044 2926 nuo
2066 2875 2118 2926 in
2150 2875 2337 2926 codice
2360 2883 2446 2926 est
2525 2891 2553 2926 e
2579 2873 2830 2926 baptismo
2859 2874 3051 2926 Christi
3085 2875 3300 2926 homilia
3319 2875 3535 2926 quinta:
3568 2874 3620 2926 in
3651 2873 3852 2926 Tauri-

552 2875 780 2936 abb'atiaa
807 2875 989 2934 Sancti
1020 2879 1270 2932 Dalmatii
1299 2878 1533 2931 exscribi
1563 2876 1904 2939 curavimus,
1937 2891 2044 2944 quo
2066 2875 2118 2928 in
2150 2875 2337 2944 codice
2360 2883 2446 2929 est

2525 2891 2567 2944 ς
2579 2873 2830 2943 baptismo
2859 2874 3051 2944 Christi
3085 2875 3300 2944 homilia
3319 2875 3535 2944 quinta;
3568 2874 3620 2944 in
3651 2873 3852 2926 Tauri-

541 2950 705 3004 'nensi
737 2959 916 3002 autem
945 2949 1130 3002 codice
1161 2962 1382 3000 numero
1415 2954 1496 2998 est
1523 2955 1735 3015 octava,
1765 2941 2180 3015 inscribitur-que
2207 2942 2288 2996 De
2312 2944 2492 2996 eadem
2525 2941 2823 3015 Epiphania
2859 2953 2907 2998 et
2945 2943 3198 3015 baptismo
3227 2941 3442 2997 Christi.
3473 2941 3676 3012 Stylus,
3717 2958 3853 2996 seu-

553 3021 842 3073 tentiarum
875 3027 1133 3072 constans
1162 3016 1549 3081 conformitas,
1580 3014 2123 3082 adducendorumque
2169 3013 2415 3068 locorum
2463 3027 2633 3067 sacra:
2678 3012 2968 3083 Scriptura:
3012 3012 3156 3068 ratio
3199 3021 3519 3082 argumento
3557 3021 3686 3066 sunt
3727 3026 3855 3067 eam

556 3089 770 3142 nonnisi
804 3088 1036 3142 Maximo
1064 3098 1343 3155 acceptam
1374 3084 1567 3139 referri
1596 3093 1871 3154 oportere.

555 3223 948 3276 Aacuusuruu.
1009 3250 1084 3261 —-—
1132 3217 1366 3270 Christus
1399 3257 1414 3281 ,
1465 3218 1549 3287 qui
1597 3232 1700 3269 non
1752 3223 1857 3268 tam
1890 3213 2148 3287 ‘Salvator
2176 3220 2222 3282 ρ
2253 3222 2624 3284 regeneratus.
2654 3212 2731 3268 Ita
2760 3213 2904 3268 enim
2934 3211 3141 3269 infinita
3163 3229 3260 3269 sua
3290 3215 3556 3284 sapientia
3580 3214 3855 3285 disposuit

660 3308 779 3343 umn
826 3289 1071 3369 magister
1097 3289 1409 3368 .smtctitatis
1453 3284 1768 3369 advenerat,
1809 3284 2036 3365 salutem
2090 3285 2143 3336 iu

660 3311 779 3343 umn
826 3311 1071 3369 ηιαφιδιεῖ
1114 3311 1409 3340 διιησιιιιιιιδ
1453 3311 1730 3339 ιιίιυιηεῑαι
1752 3324 1768 3348 ν
1817 3311 2036 3337 aususcm
2090 3311 2143 3336 ιιι

624 3311 878 3428 ann‘smo
909 3358 1148 3419 instituit,
1173 3365 1222 3428 et
1252 3356 1512 3428 prweessit
1541 3354 1776 3424 exemplo
1803 3354 1859 3428 in
1885 3369 2001 3407 eum
2029 3368 2144 3428 cre-

626 3423 828 3491 dituris,
855 3437 910 3480 ut
938 3423 1345 3496 regenerationis
1367 3425 1572 3496 lavacro
1603 3441 1636 3476 a
1664 3423 1888 3493 peccatis
1924 3423 2145 3477 munda-

629 3508 821 3566 rentur,
855 3506 903 3550 et
930 3494 1322 3565 justiﬁcationis
1365 3494 1586 3564 gratiam
1618 3501 1998 3559 compararent.

630 3668 707 3721 Ex
737 3667 1050 3735 Evangelio,
1069 3665 1283 3731 fratres,
1312 3679 1486 3734 nuper
1513 3665 1832 3728 audivimus,
1861 3663 2148 3718 Dominum

557 3769 800 3814 nostrum
829 3757 1009 3813 Iesum
1036 3755 1311 3809 Christum
1358 3755 1426 3810 ad
1471 3770 1624 3810 sacra
1669 3754 1918 3810 Jordanis
1947 3753 2146 3808 ﬂuenta

557 3848 804 3918 baptismi
833 3861 994 3900 causa
1015 3846 1246 3908 venisse,
1279 3860 1445 3914 seque
1485 3845 1537 3899 in
1567 3845 1757 3900 eodem
1781 3842 1999 3899 ﬂumine
2026 3859 2146 3914 my-

557 3939 740 3993 steriis
769 3936 1078 3991 cmlestibus
1106 3937 1417 3990 consecrari
1443 3935 1712 4001 voluisse;
1743 3934 1887 4002 quod
1929 3933 2146 4003 quidem

559 4043 726 4097 quare
767 4028 881 4096 ipse
929 4026 1275 4095 praestiterit,
1321 4026 1508 4079 mirari
1553 4041 1661 4079 nou
1710 4024 1987 4079 debemus.
2028 4023 2148 4093 Ipse

561 4120 703 4172 enim
751 4116 986 4188 primus.
1037 4116 1181 4184 quod
1221 4115 1432 4170 ueteris
1476 4114 1781 4168 faciendum
1826 4114 2144 4184 imperabat,

561 4208 783 4275 exsequi
813 4207 1014 4271 voluit,
1057 4213 1115 4258 ut
1143 4205 1309 4260 veluti
1335 4206 1510 4259 bonus
1553 4204 1808 4272 magister
1846 4204 2146 4259 doctrinam

562 4315 713 4355 suam
749 4312 857 4352 non
881 4305 987 4352 tam
1017 4297 1194 4350 verbis
1222 4295 1536 4358 insinuaret,
1566 4310 1726 4364 quam
1755 4295 1963 4350 actibus
1984 4295 2148 4349 etiam

567 4392 681 4458 ipse
729 4394 1033 4441 exerceret.
1079 4385 1208 4441 Haec
1253 4395 1434 4440 autem
1482 4384 1662 4439 omnia
1703 4384 1806 4438 bac
1853 4383 1941 4439 die
1985 4382 2151 4440 fuisse

567 4486 784 4548 peracta
814 4477 1154 4532 manifestum
1183 4484 1283 4540 est,
1315 4475 1476 4544 idque
1511 4489 1577 4529 ex
1606 4474 1722 4544 ipsa
1751 4474 1914 4528 etiam
1954 4488 2148 4544 possu-

2250 3305 2528 3371 Dominns,
2562 3319 2632 3359 ne
2659 3304 2822 3372 longe
2852 3304 2994 3358 inter
3019 3318 3080 3358 se
3108 3303 3389 3358 hominum
3409 3312 3536 3358 vota
3558 3304 3850 3369 distarent;

2247 3406 2409 3466 atque
2436 3396 2575 3450 adeo
2598 3396 2650 3449 in
2675 3411 2784 3450 uno
2805 3396 3105 3465 eodemque
3130 3405 3393 3465 tempore,
3417 3411 3577 3465 quem
3602 3399 3850 3466 genitum

2247 3486 2494 3540 [nomines
2532 3484 2942 3552 gratulabantur
2970 3485 3024 3538 in
3059 3492 3222 3549 terra,
3256 3486 3652 3544 sanctificatum
3693 3488 3849 3542 laeta-

2248 3585 2399 3631 retur
2428 3576 2480 3629 in
2509 3575 2662 3632 costis
2685 3615 2699 3628 .
2731 3583 2790 3630 ut
2827 3577 2920 3644 qui
2947 3583 3164 3646 partum
3191 3576 3446 3646 Virginis,
3477 3580 3851 3635 nuntiantibus

2248 3667 2476 3735 angelis,
2499 3665 2612 3735 jam
2641 3667 3010 3737 possidebant,
3032 3675 3092 3722 ut
3110 3665 3206 3723 Dei
3230 3666 3448 3736 Filium,
3468 3669 3621 3725 cmlis
3642 3679 3849 3726 testan-

2249 3759 2414 3824 tibus,
2461 3757 2782 3825 retinerent,
2833 3757 3076 3828 certique
3121 3768 3305 3813 essent
3349 3773 3542 3813 verum
3585 3757 3686 3813 Dei
3731 3773 3848 3814 esse

2249 3845 2442 3901 Filium
2483 3860 2645 3914 quem
2685 3843 2850 3914 Virgo
2877 3854 3193 3917 pepererat;
3224 3847 3374 3902 illum
3411 3847 3557 3902 enim
3588 3856 3647 3902 ut
3676 3847 3846 3904 Deum

2250 3936 2510 3990 Divinitas
2557 3935 2672 4005 ipsa
2720 3937 3071 4005 agnoscebat.
3101 3935 3239 3991 Novi
3283 3937 3428 3991 enim
3471 3945 3662 4006 partus
3708 3952 3846 3992 nova

2249 4033 2526 4082 merentur
2575 4026 2854 4095 obsequia.
2913 4025 2991 4080 lbi
3042 4040 3168 4082 cum
3222 4025 3518 4082 secundum
3572 4027 3845 4082 hominem

2251 4117 2512 4184 nascitur,
2533 4124 2706 4170 mater
2732 4115 2897 4172 Maria
2925 4131 3047 4172 eum
3076 4131 3177 4173 suo
3204 4117 3326 4172 sinu
3353 4107 3735 4182 circumfovet;
3762 4118 3843 4172 hic

2250 4222 2373 4261 cum
2401 4206 2700 4262 secundum
2729 4208 3048 4278 mysterium
3078 4207 3334 4276 gignitur,
3363 4222 3488 4262 eum
3518 4207 3661 4262 Deus
3689 4206 3844 4261 Pater

2249 4312 2344 4352 sua
2365 4312 2498 4352 voce
2517 4296 2913 4366 complectitur.
2939 4298 3029 4352 Ait
3047 4299 3193 4354 enim
3217 4315 3230 4350 :
3256 4296 3361 4351 Hie
3379 4306 3456 4351 est
3478 4295 3658 4352 Filius
3675 4313 3838 4369 meus,

2250 4390 2306 4442 in
2340 4405 2438 4460 quo
2467 4389 2593 4442 mihi
2621 4389 2911 4460 complacui
2940 4389 3083 4456 bene,
3113 4392 3282 4460 ipsum
3308 4390 3485 4444 audite
3517 4389 3734 4461 (Matth.
3763 4390 3838 4458 ιι).

2252 4477 2395 4547 Ergo
2424 4487 2598 4534 mater
2624 4479 2678 4533 in
2707 4488 2866 4549 partu
2911 4480 3060 4537 molli
3109 4481 3258 4536 illum
3303 4480 3578 4537 blanditur
3615 4466 3838 4551 gremio,

566 4585 686 4624 mus
729 4569 944 4624 ratione
988 4567 1262 4635 colligere.
1314 4565 1472 4621 Ratio
1520 4567 1664 4620 enim
1710 4565 1878 4633 exigit
1923 4572 1983 4618 ut
2029 4571 2152 4635 post
2182 4577 2232 4638 ι)
2259 4568 2421 4625 Pater
2448 4585 2578 4625 vero
2607 4570 2661 4624 in
2692 4570 2962 4640 baptismo
2989 4571 3082 4642 pio
3108 4571 3188 4627 im
3215 4571 3527 4628 testimonio
3554 4571 3837 4629 fabulam.

568 4661 771 4716 Natalis
799 4661 1051 4715 dominici
1075 4659 1236 4742 diem,
1262 4659 1362 4714 etsi
1392 4659 1720 4727 interpositis
1743 4659 1924 4722 annis,
1955 4657 2148 4713 eodem

567 4761 748 4808 autem
787 4760 1032 4821 tempore
1072 4751 1169 4804 ista
1213 4759 1532 4820 sequeretur
1562 4747 1851 4815 festivitas,
1881 4763 2151 4818 quamque

567 4845 730 4900 etiam
774 4845 1008 4898 natalem
1043 4841 1414 4914 appellandam
1454 4850 1604 4912 puto.
1635 4840 1786 4896 Tunc
1812 4841 1957 4896 enim
1996 4847 2154 4896 natus

569 4945 653 4990 est
680 4933 1019 4995 hominibus,
1052 4931 1213 4987 hodie
1249 4943 1469 4987 renatus
1497 4940 1578 4986 est
1605 4929 1973 4987 sacramentis.
2006 4928 2156 4986 Tunc

2252 4652 2427 4717 Mater
2469 4662 2618 4716 illum
2664 4664 2836 4732 magis
2862 4663 3196 4720 adorandum
3223 4663 3440 4733 ingerit,
3470 4662 3636 4720 Pater
3659 4665 3838 4722 colen-

2251 4753 2379 4808 dum
2398 4753 2647 4822 gentibus
2669 4751 3000 4809 manifestat.
3024 4751 3192 4814 Venit,
3206 4754 3368 4824 igitur
3397 4754 3662 4812 Dominus
3689 4756 3839 4812 hodie

2254 4841 2321 4896 ad
2365 4841 2714 4912 baptismum,
2745 4852 2803 4898 et
2846 4858 3044 4913 corpus
3085 4858 3242 4900 suum
3287 4845 3456 4900 voluit
3503 4861 3646 4915 aqua
3692 4845 3835 4902 dilui.

2257 4931 2410 4987 Dicet
2454 4932 2683 4990 fortasse
2709 4933 2941 5003 aliquis:
2967 4933 3025 4989 Si
3053 4942 3273 4990 sanctus
3313 4943 3431 5005 est,
3479 4951 3652 5006 quam
3678 4935 3837 4992 voluit

569 5042 667 5098 per
697 5025 965 5095 Virginem
993 5023 1170 5081 editus
1212 5031 1326 5088 est,
1378 5023 1538 5078 hodie
1580 5037 1679 5093 per
1704 5021 2018 5094 mysterium
2056 5020 2158 5076 fuit
2257 5024 2555 5096 baptizari?
2585 5025 2723 5080 Audi
2750 5039 2918 5095 ergo:
2951 5026 3076 5082 ideo
3114 5025 3422 5098 baptizatur
3460 5025 3711 5085 Christus
3735 5043 3835 5086 non

647 5236 672 5264 ⁸
705 5226 840 5280 Cod.
872 5227 991 5280 Vat.
1026 5224 1150 5292 189,
1184 5226 1448 5279 reveletur.

649 5300 674 5333 δ
709 5297 849 5350 Ideni
878 5295 998 5349 cod.
1034 5295 1175 5366 ﬂat”
1207 5297 1271 5348 de
1291 5312 1444 5366 aqua.

651 5377 674 5435 ε
703 5367 846 5419 ldem
877 5367 1000 5418 cod.
1035 5363 1180 5435 _V_at.,
1204 5380 1314 5418 esse
1339 5363 1462 5435 fecit
1489 5379 1670 5435 aquas.

643 5433 670 5471 ἀ
709 5435 851 5504 [dem
880 5435 1000 5504 cod.
1034 5432 1180 5500 Vat.,
1206 5432 1399 5504 creare,
1431 5432 1564 5504 quod
1583 5450 1688 5488 non
1713 5440 1843 5486 erat.

649 5513 673 5540 ε
709 5501 842 5557 Cod.
893 5497 1176 5573 Laurent,
1235 5503 1379 5572 cujus
1437 5497 1564 5556 nutu
1615 5497 1857 5573 fomento
1888 5499 2151 5573 imbrium.

572 5583 702 5629 Item
733 5574 851 5627 cod.
899 5572 1063 5636 γεω
1123 5571 1406 5626 Novarien.
1457 5587 1587 5626 vero
1616 5571 1753 5626 'cod.
1797 5571 1959 5639 legit,
2006 5571 2153 5641 cujus

571 5655 699 5700 nutu
749 5643 1032 5696 salubrium
1081 5643 1306 5712 fomento
1362 5644 1600 5712 imbrium
1635 5651 1846 5712 propter
1898 5641 2154 5694 hominem

573 5731 735 5784 aquas
791 5713 938 5768 vertit
986 5715 1043 5768 in
1083 5710 1297 5768 irinum?
1346 5710 1446 5778 Qui
1489 5723 1552 5766 ut
1589 5710 1844 5766 hamittem
1894 5712 2155 5779 conderet,

2253 5231 2446 5278 terram
2471 5225 2883 5294 transformcit,
2920 5233 3029 5280 etc.

2329 5291 2355 5377 Ξ
2393 5293 2540 5377 item
2568 5294 2689 5377 οοίὲ·
2711 5293 3085 5377 Ξτειιιτειιινὲπ
3110 5293 3503 5377 mitam
3549 5299 3769 5368 ροηδε»

2328 5371 2355 5437 β
2385 5362 2539 5437 idem
2563 5362 2688 5437 cod.
2709 5363 3078 5437 _Vat.,eoncit_t_i
3097 5363 3353 5437 consilio“
3372 5381 3402 5420 e
3421 5362 3594 5437 petra.

2326 5429 2354 5469 δ
2383 5432 2528 5488 Idem
2708 5429 2989 5502 Laurént.,
3019 5431 3092 5486 Et
3107 5431 3178 5488 ibi
3199 5429 3444 5504 φησιιὶοή
3483 5453 3577 5508 per
3616 5436 3832 5511 Moysen

2255 5518 2390 5573 aqua
2415 5503 2647 5572 procedit
2671 5521 2701 5558 e
2727 5519 2878 5558 saxo.
3214 5503 3221 5504 7

2335 5570 2351 5657 ξ
2385 5571 2534 5657 idem
2562 5573 2686 5657 cod.
2710 5573 2869 5657 ‘Ya‘tn
2891 5571 3453 5657 gentibus'declarauit.

2333 5642 2347 5692 i
2384 5641 2530 5725 idem
2557 5643 2677 5699 cod.
2710 5641 2912 5713 Vatia;
2937 5643 3107 5700 sobrio
3128 5644 3219 5700 illo
3247 5644 3366 5700 vino
3388 5644 3832 5718 mirabili,”an

2255 5723 2471 5780 peccati,
2492 5723 2598 5770 etc.
