3924 6232
126 310 212 363 393

1505 313 1774 370 IIOMIHA
1814 316 2018 373 XXXII.

3314 337 3421 393 294

132 444 176 480 ιιι
201 425 578 480 saiitttilicetur
602 427 678 481 ab
699 429 870 495 aquis,
897 426 988 480 sed
1013 436 1069 480 ut
1089 442 1253 496 aquas
1275 430 1388 498 ipse
1408 432 1728 501 sanctiticet,
1761 446 1807 501 Λ
1839 436 2082 489 homines
2105 435 2277 491 nubes
2296 439 2596 507 operiebat,
2620 441 2760 495 unda
2790 445 3058 511 portabat.
3096 445 3219 503 Hmc
3240 458 3422 506 autem

129 526 171 567 et
196 516 585 584 puriﬁcatione
632 519 719 571 sui
748 518 941 572 ﬂuenta
980 519 1224 587 puriltcet
1251 521 1339 574 illa
1365 537 1481 591 qua:
1524 525 1710 590 tangit.

128 603 468 662 Consecratio
510 609 664 662 enim
696 607 891 661 Christi
920 609 1251 664 consecratio
1281 618 1363 664 est
1400 613 1574 680 major
1602 614 1715 667 cle-

128 697 296 749 menti.
344 697 490 751 Nam
520 714 649 752 cum
680 698 927 753 Salvator
953 707 1137 754 noster
1170 702 1419 768 abluitur,
1445 703 1558 771 jam
1592 684 1717 758 tunc

128 787 169 838 in
196 789 358 841 nostri
392 790 671 857 baptisma
706 798 815 843 tota
846 806 979 860 aqua
1005 794 1309 859 inundatur,
1334 800 1388 847 et
1406 795 1717 861 puriﬁcatur

126 877 247 941 lous,
280 888 341 931 ut
368 880 649 933 secuturis
682 884 1019 948 postmodum
1050 884 1261 950 populis
1308 884 1504 938 lavacri
1544 885 1715 952 gratia

126 967 469 1022 ministretur.
507 968 774 1025 Praecedit
811 985 938 1038 ergo
968 988 1064 1041 per
1091 974 1413 1043 baptismum
1432 1018 1447 1042 ,
1478 983 1536 1029 ut
1564 974 1722 1030 Chri—

126 1059 270 1111 Stiani
302 1068 431 1127 post
462 1075 589 1115 eum
619 1061 952 1118 conﬁdenter
972 1066 1153 1135 populi
1179 1068 1594 1136 subsequantur.
1627 1068 1722 1122 At—

132 1160 226 1213 que
253 1147 325 1201 ita
356 1149 623 1203 columna
666 1150 804 1217 ignis
832 1168 927 1220 per
965 1169 1114 1208 mare
1144 1154 1383 1209 Rubrum
1425 1159 1718 1225 prtecessit,

127 1237 220 1308 91
264 1246 322 1291 ut
380 1240 537 1307 quod
582 1244 920 1298 monstrabat
966 1245 1069 1298 iter
1108 1245 1199 1300 ﬁlii
1244 1246 1409 1302 Israel
1455 1249 1722 1318 intrepide

128 1339 509 1396 sequerentur;
554 1340 612 1385 et
650 1333 764 1401 ipsa
794 1334 941 1402 prius
969 1350 1065 1403 per
1093 1350 1263 1404 aquas
1291 1351 1473 1405 gressa
1504 1346 1618 1405 est,
1659 1346 1720 1393 ut

128 1424 233 1484 post
262 1433 321 1474 se
350 1421 704 1474 venientibus
725 1423 900 1476 viandi
923 1424 1172 1477 semitam
1196 1435 1541 1494 pnepararet.
1564 1426 1720 1492 Quod

129 1506 349 1575 quidem,
372 1510 454 1562 uti
488 1510 786 1579 Apostolus
805 1511 860 1580 (Ι
880 1511 999 1567 Cor.
1026 1514 1081 1583 x)
1115 1515 1209 1581 ait,
1241 1516 1490 1586 baptismi
1521 1526 1723 1588 myste-

131 1594 251 1650 rium
269 1595 385 1652 l'uit.
412 1597 490 1653 Et
516 1600 849 1671 baptismum
879 1602 1038 1672 plane
1058 1605 1456 1673 quodammodo
1485 1613 1608 1661 erat
1634 1608 1725 1662 ubi

1825 527 2005 579 omnia
2036 536 2291 596 operatus
2336 538 2420 584 est
2446 530 2691 587 Christus
2738 533 2997 590 Dominus
3017 578 3033 603 ,
3077 537 3219 592 idem
3248 542 3338 607 qui
3368 550 3426 595 ct

1823 616 1988 671 modo
2020 634 2032 670 :
2065 619 2156 686 qui
2186 619 2327 673 sicut
2358 627 2485 675 tunc
2513 637 2611 691 per
2638 638 2789 677 mare
2820 623 3063 681 Rubrum
3092 628 3232 683 ﬁlios
3256 627 3425 685 Israel

1823 710 1877 762 in
1906 707 2042 773 ignis
2069 709 2315 781 columna
2348 712 2622 778 prcecessit
2648 712 2843 780 (Exod.
2874 718 3020 787 xm);
3053 718 3124 771 ita
3154 735 3299 775 nunc
3320 738 3419 790 per

1823 795 2149 862 baptismum
2178 796 2514 854 Christianos
2559 802 2788 871 populos
2837 804 2891 857 in
2931 809 3174 875 corporis
3203 811 3287 864 sui
3314 814 3422 883 92

1824 884 2072 939 columna
2120 889 2393 955 praacedit.
2446 889 2600 959 Ipse,
2632 893 2886 963 inquam,
2927 896 3017 951 illa
3048 906 3132 952 est
3175 902 3426 956 columna

1825 988 1945 1041 quae
1976 982 2102 1030 tunc
2145 979 2487 1043 sequentium
2538 982 2709 1036 oculis
2755 983 2930 1039 lucem
2960 988 3231 1055 prmstitit,
3263 992 3426 1046 modo

1824 1068 1955 1120 v'ero
1997 1067 2177 1122 lumen
2225 1070 2559 1125 credentium
2607 1075 2778 1129 oculis
2824 1078 3165 1146 suppeditat;
3201 1089 3328 1137 tunc
3373 1084 3424 1136 in

1825 1155 2040 1210 ﬂuentis
2060 1157 2324 1213 undarum
2345 1162 2592 1215 semitam
2622 1164 2895 1234 solidavit,
2921 1183 3063 1223 nunc
3092 1169 3146 1223 in
3173 1172 3424 1240 baptismi

1825 1244 2041 1301 lavacro
2072 1246 2193 1302 lidei
2244 1258 2439 1304 nostra;
2466 1252 2694 1319 vestigia
2723 1255 3044 1311 corroborat
3087 1276 3099 1309 :
3141 1274 3239 1327 per
3266 1275 3426 1328 quam

1812 1338 1979 1393 ﬁdem
2034 1341 2127 1410 qui
2191 1340 2487 1410 intrepidus
2554 1345 2949 1414 ambulaverit,
3016 1361 3425 1417 persecutorem

1826 1428 2139 1500 aEgyptium
2168 1446 2277 1485 non
2304 1432 2537 1501 timebit,
2559 1442 2721 1503 atque
2743 1436 2813 1489 ad
2833 1437 3074 1493 cmlestia
3099 1454 3265 1508 regna
3297 1456 3423 1510 per-

1828 1521 2029 1587 veniet,
2060 1520 2103 1574 si
2138 1518 2293 1575 fidem
2313 1562 2330 1591 ,
2360 1537 2524 1591 quam
2555 1532 2732 1593 tenet,
2760 1524 2918 1582 bonis
2946 1530 3203 1598 operibus
3228 1530 3423 1586 conﬁr-

1830 1608 2019 1663 mabit.
2042 1607 2294 1679 Explicit.

1438 1716 1793 1780 HOMILIA
1849 1720 2097 1781 XXXI.

1395 1816 1475 1871 De
1504 1817 1772 1888 Baptism
1803 1818 1995 1874 Christi
2025 1819 2144 1875 ΙΙΙ.

1576 1904 1975 1963 ADMONITIO.

192 1983 412 2085 Qq'mkde
440 1988 729 2085 superiorf
756 1988 977 2085 immitia
1005 1988 1240 2085 Maximo
1268 1994 1585 2085 ascribenda
1613 1996 2349 2085 animadvertimps,h.eadcm
2397 2000 2452 2055 in
2488 2001 2630 2085 hanc
2657 2005 2790 2061 satis
2831 2010 3201 2085 apte__ca_dunt.
3234 2014 3421 2085 Itaque

133 2069 226 2142 gon
251 2056 439 2142 dubito
493 2056 647 2142 quin
681 2058 839 2142 hujus
884 2061 1043 2115 etiam
1097 2071 1289 2142 auctor
1327 2064 1494 2142 idem
1520 2066 1684 2120 fuerit
1712 2067 1953 2142 antistes
2000 2056 2448 2142 Τειιίι-ἱηέξιιδὶιιιιιζ
2486 2056 2787 2142 Hancwnos
2816 2056 3420 2142 ξ

134 2122 858 2219 §ancti£alm€tiiuduoliusz
872 2139 1051 2219 atque
1068 2131 1496 2219 rexﬂil‘aurinensi
1506 2136 1867 2219 "accepimus.
1906 2134 2143 2219 Ilterque
2187 2122 2374 2194 Sancti
2399 2122 2859 2219 ‘nani’iinféij

135 2191 407 2291 modo
442 2195 639 2291 τ’
652 2199 799 2291 εενάε
826 2191 1081 2270 baptismo
1134 2200 1329 2257 Christi
1355 2204 1572 2258 homilia
1602 2191 1722 2259 II'I.
1763 2191 2132 2262 Taurinens‘is
2154 2191 3416 2291 vero"?1Eafa}'iiﬁﬁiéiih’éi'i'aiﬁﬁié

137 2259 312 2318 Christi
336 2265 559 2320 humilia
584 2266 767 2322 XXX.

136 2375 514 2461 Auantius-run.
538 2380 863 2461 —:Ioannes
896 2382 1130 2453 Baptista
1158 2386 1225 2461 de
1268 2383 1474 2461 Christo
1500 2387 1569 2461 ad
1595 2404 1711 2441 eum
1746 2393 1787 2452 Β
1816 2387 1909 2456 qui
1938 2402 2036 2442 rex
2066 2402 2125 2444 es
2154 2396 2212 2444 et
2238 2389 2489 2447 dominus
2527 2392 2923 2452 dominantium
2969 2401 3035 2454 ad
3086 2410 3237 2457 tuum
3265 2409 3418 2461 venis

194 2448 490 2525 accedeme2
534 2460 603 2525 ut,
622 2448 992 2525 baptizaretur,
1022 2454 1275 2521 praedicat
1307 2458 1466 2510 turbis
1485 2496 1499 2518 ,
1542 2458 1715 2525 ipsum

197 2533 298 2596 esse
316 2520 1040 2596 jastiﬁcatiouisauctorem;
1071 2538 1184 2576 cum
1206 2526 1275 2596 sit
1294 2526 1472 2596 Agnus
1500 2522 1624 2591 Dei,
1650 2528 1720 2580 ad

196 2587 283 2638 hoc
312 2587 525 2651 missus,
557 2600 617 2641 ut
646 2590 795 2643 tollat
820 2600 1032 2659 peccata
1060 2594 1259 2647 mundi.

197 2677 324 2730 Ante
351 2678 469 2732 dies
497 2679 737 2747 aliquot,
770 2678 991 2749 fratres,
1020 2684 1292 2751 prosecuti
1319 2700 1503 2739 sumus
1531 2685 1713 2741 Domi-

139 2778 246 2817 num
274 2776 519 2821 nostrum
563 2767 747 2822 Jcsum
786 2768 1057 2825 Christum
1117 2787 1225 2826 non
1269 2772 1380 2842 jam
1430 2776 1510 2829 sui
1556 2791 1717 2831 causa

139 2850 447 2923 baptizatum
477 2873 626 2925 esse,
655 2858 751 2912 sed
799 2860 1002 2925 nostri;
1052 2877 1173 2916 cum
1220 2865 1363 2918 enim
1412 2864 1527 2933 ipse
1570 2866 1713 2921 nulla

140 2954 337 3009 [cacata
366 2946 578 3002 fecerit.
612 2947 718 3003 Sed
750 2956 931 3003 tamen
962 2950 1085 3004 ideo
1126 2953 1192 3006 ad
1238 2950 1487 3008 Iordanis
1516 2952 1715 3009 ﬂuenta

139 3036 285 3102 venit,
330 3037 454 3093 ideo
503 3048 858 3108 peccatorum
888 3040 960 3093 illi
994 3042 1184 3109 turbae,
1214 3058 1334 3113 qua:
1376 3046 1444 3097 ad
1492 3043 1717 3098 Joannis

138 3124 380 3195 baptisma
408 3140 752 3198 accesserat,
784 3146 845 3186 se
874 3133 1200 3201 immiscuit,
1231 3144 1345 3189 tum
1376 3144 1435 3189 ut
1463 3136 1715 3191 Jordanis

136 3218 476 3276 sanctiﬁcaret
504 3236 695 3290 aquas,
720 3231 832 3277 tum
863 3232 923 3278 ut
947 3240 1049 3279 nos
1068 3226 1133 3279 ad
1160 3226 1413 3296 baptismi
1440 3228 1713 3284 lavacrum

138 3306 401 3378 invitaret,
432 3321 490 3366 et
519 3327 620 3368 vos
648 3315 919 3383 praecipue
958 3316 1408 3387 catechumenos,
1458 3320 1551 3390 qui
1597 3322 1714 3376 sine

138 3394 434 3467 baptismate
475 3403 717 3473 paradisi
765 3404 956 3473 gaudia
1002 3422 1111 3461 non
1158 3410 1384 3478 potestis
1428 3413 1707 3481 consequi.

138 3483 279 3554 quue
306 3492 464 3545 etiam
496 3492 732 3547 credidit
756 3493 1099 3550 beatissimus
1123 3496 1213 3551 ille
1246 3496 1447 3553 Christi
1471 3500 1711 3571 Baptista

136 3574 365 3636 Joannes.
416 3584 556 3639 Nam
596 3594 657 3639 ut
691 3586 965 3643 Christum
1003 3589 1071 3642 ad
1110 3605 1169 3645 se
1208 3593 1515 3648 venientem
1557 3595 1709 3665 vidit,

138 3683 247 3724 ecce
275 3672 339 3727 ad
371 3674 517 3729 illam
546 3690 847 3732 conversus
872 3687 1219 3747 peccatorum
1256 3683 1490 3749 turbam,
1520 3686 1615 3754 qui
1644 3686 1710 3740 ad

1820 2479 2119 2533 famulum!
2148 2479 2229 2535 Tu
2256 2482 2348 2552 qui
2376 2492 2595 2538 sanctus
2635 2500 2696 2541 es
2722 2487 2790 2541 ad
2819 2500 3163 2557 peccatorem
3194 2495 3417 2552 descen-

1818 2569 1935 2637 dis,
1962 2579 2022 2622 ut
2050 2570 2118 2624 ab
2149 2570 2266 2639 ipso
2294 2571 2627 2642 baptizeris?
2657 2586 2680 2612 ι
2711 2576 2781 2629 Ει
2811 2581 2946 2633 tanti
2978 2580 3140 2637 officii
3177 2586 3419 2643 ministe-

1819 2660 1957 2714 rium
2006 2660 2221 2716 Christo
2268 2662 2385 2732 ipse
2431 2666 2809 2735 recusavisset,
2838 2670 2943 2725 nisi
2990 2672 3106 2741 ipse
3154 2675 3230 2730 illi
3262 2678 3314 2731 id
3362 2689 3419 2734 ut

1821 2758 2101 2818 prtestaret
2123 2751 2389 2820 jussisset.
2423 2752 2555 2808 Sine
2581 2757 2734 2811 modo
2752 2798 2767 2823 ,
2793 2758 2967 2828 inquit
2994 2777 3177 2818 sermo
3206 2765 3418 2824 divinus

1817 2841 1909 2910 qui
1940 2850 2067 2896 ante
2095 2842 2268 2898 lectus
2295 2852 2407 2909 est;
2435 2846 2510 2898 sic
2529 2848 2668 2900 enim
2687 2848 2833 2903 decet
2852 2867 2948 2904 nos
2968 2854 3184 2923 implere
3212 2874 3417 2913 onmem

1810 2934 2091 3003 justitiam.
2124 2933 2238 3005 Ego
2266 2952 2299 2989 a
2329 2944 2380 2990 te
2405 2936 2562 2992 debeo
2592 2938 2852 3005 baptizari
2874 2941 3089 3012 (Matth.
3114 2950 3193 3017 11).
3229 2948 3416 3019 Bapti-

1816 3032 1968 3077 zatur
1988 3038 2119 3092 ergo
2139 3039 2169 3077 a
2191 3023 2401 3080 Joanne
2418 3025 2594 3093 Jesus,
2619 3044 2727 3083 non
2749 3032 2965 3098 quidem
2987 3036 3108 3100 sibi,
3126 3037 3219 3091 sed
3240 3040 3415 3095 nobis.

1816 3115 2125 3185 Baptizatur
2145 3132 2174 3169 a
2196 3125 2443 3172 creatura
2477 3118 2640 3183 Deus,
2666 3136 2695 3173 a
2725 3137 2883 3177 servo
2911 3126 3185 3197 dominus,
3215 3139 3275 3183 ut
3303 3132 3419 3201 ipse

1814 3205 2064 3275 impleret
2082 3221 2299 3260 omnem
2307 3206 2596 3275 justitiam.
2616 3208 2673 3264 Si
2703 3211 2864 3280 igitur
2879 3214 2991 3282 ille,
3013 3218 3104 3285 qui
3134 3204 3413 3288 peccatum

1814 3313 1924 3351 non
1953 3298 2100 3365 fecit,
2131 3297 2435 3367 baptizatus
2460 3309 2579 3369 est,
2609 3317 2779 3372 quare
2807 3311 2865 3359 et
2896 3322 3016 3374 nos,
3044 3310 3134 3377 qui
3161 3323 3415 3379 peccato—

1814 3404 1902 3443 res
1930 3403 2132 3454 sumus,
2163 3389 2428 3459 baptizari
2458 3406 2569 3446 non
2606 3393 2901 3451 debemus?
2928 3396 2985 3451 Si
3013 3398 3292 3470 Christus,
3323 3405 3417 3473 qui

1814 3479 1930 3549 ipsa
1976 3486 2094 3533 erat
2135 3480 2387 3548 castitas,
2437 3481 2729 3552 sobrietas,
2780 3485 3108 3557 innocentia,
3157 3494 3299 3547 servi
3334 3496 3417 3550 sui

1812 3571 1985 3625 voluit
2010 3571 2140 3640 tingi
2164 3570 2516 3641 baptismate,
2539 3588 2638 3629 cur
2656 3582 2712 3630 et
2739 3591 2861 3645 nos,
2889 3579 3085 3648 quibus
3113 3584 3417 3640 exuberans

1814 3670 1897 3716 est
1916 3660 2126 3715 sarcina
2146 3669 2521 3731 peccatorum,
2540 3679 2648 3719 non
2669 3668 3049 3723 mandabimur
3070 3670 3137 3725 ad
3156 3673 3416 3730 salutem?

138 3756 292 3824 ipsum
314 3773 605 3833 venerant,
634 3774 693 3819 ut
721 3767 1149 3839 baptizarentur,
1175 3773 1310 3828 dixit
1334 3792 1347 3827 ;
1374 3773 1505 3829 Ecce
1530 3750 1710 3847 dgnus
1736 3760 1779 3819 (ἶ
1811 3750 2093 3847 “cum?”
2134 3752 2297 3847 ίθίίΨ
2337 3754 2485 3847 quod
2532 3754 2648 3825 ipse
2700 3760 3027 3815 venerabilis
3062 3760 3264 3820 Christi
3305 3764 3412 3822 Ba"

139 3847 221 3904 Dei
236 3868 252 3904 :
267 3857 480 3925 eccequi
501 3856 641 3909 tollit
659 3865 926 3923 peccatum
944 3862 1142 3917 mundi.
1162 3861 1302 3919 Ecce
1323 3856 1515 3935 nempe
1537 3866 1705 3935 illum,

138 3941 214 4007 qui
240 3954 515 4010 peccatum
561 3962 838 4015 nunquam
867 3947 1013 4004 fecit.
1038 3949 1178 4007 Ecce
1205 3952 1389 4020 Agnus
1431 3955 1548 4009 Dei.
1572 3954 1709 4011 Ecce

139 4026 213 4083 hic
239 4032 368 4087 tollit
393 4044 619 4104 peccata
649 4037 852 4091 mundi.
885 4038 966 4093 Ad
995 4039 1143 4094 illum
1172 4042 1334 4109 igitur
1360 4046 1580 4099 currite.
1628 4046 1709 4101 Ab

141 4116 239 4184 ipso
263 4122 583 4192 baptismum
611 4127 889 4197 suscipite.
924 4126 1123 4186 Potens
1151 4141 1235 4187 est
1263 4134 1405 4188 enim
1437 4136 1551 4205 ipse
1578 4152 1709 4207 pec-

141 4216 242 4261 cata
269 4220 440 4267 vestra
469 4214 760 4270 mundare.
782 4215 865 4271 Ab
886 4216 1004 4287 ipso
1031 4228 1086 4274 et
1114 4234 1214 4289 ego
1236 4223 1395 4293 cupio
1424 4224 1707 4295 baptizari.

142 4298 293 4367 Atque
310 4301 361 4355 id
386 4319 579 4359 revera
604 4306 829 4375 optabat
847 4306 1108 4378 Joannes,
1130 4312 1273 4367 unde
1291 4310 1509 4370 Christo
1537 4315 1703 4371 dixit:

142 4383 239 4457 Ego
263 4408 293 4444 a
319 4402 365 4445 te
389 4394 546 4450 debeo
576 4395 858 4465 baptizari,
888 4408 938 4452 et
967 4408 1019 4453 tu
1047 4402 1187 4455 venis
1210 4402 1280 4455 ad
1310 4405 1431 4458 me?
1460 4404 1583 4463 Hoc,
1603 4414 1706 4475 est,

145 4486 193 4531 tu
213 4484 295 4550 qui
320 4484 459 4543 Deus
508 4502 571 4545 es
615 4487 686 4543 ad
736 4496 885 4547 tuam
926 4492 1209 4551 descendis
1252 4506 1558 4554 creaturam
1573 4501 1707 4556 ?.Tu

1810 3843 1976 3913 ptista
2006 3843 2060 3898 in
2090 3858 2149 3899 se
2178 3844 2294 3899 ﬁeri
2317 3846 2563 3915 optabat,
2589 3855 2645 3903 et
2673 3865 2782 3904 non
2814 3850 3067 3913 obtinuit.
3099 3853 3195 3909 Ille
3215 3855 3415 3914 Christi

1811 3934 2076 4005 baptisma
2107 3935 2379 4005 cupiebat,
2430 3937 2521 3994 ille
2549 3939 2618 3994 ab
2654 3940 2774 4009 ipso
2800 3941 3063 4012 baptizari
3090 3947 3329 4017 volebat,
3359 3960 3416 4005 et

1812 4033 1995 4081 tamen
2024 4025 2077 4081 id
2105 4027 2357 4083 obtinere
2384 4044 2493 4084 non
2522 4032 2737 4086 meruit.
2778 4033 2945 4089 Nobis
2965 4047 3161 4107 sponte
3190 4039 3415 4097 oﬁ‘ertur

1812 4116 2113 4186 baptisma;
2144 4117 2484 4188 baptizemur
2509 4120 2703 4189 igitur;
2736 4139 2864 4180 nam
2896 4126 3011 4196 ipse
3034 4130 3196 4184 etiam
3227 4130 3416 4189 Salva-

1810 4214 1901 4262 tor
1930 4216 2131 4274 noster,
2156 4216 2214 4262 ut
2243 4211 2426 4264 omnia
2456 4212 2590 4280 legis
2616 4214 2893 4285 mandata,
2916 4202 3077 4288 quam
3108 4221 3224 4291 ipse
3251 4224 3416 4280 dede-

1811 4307 1927 4368 rat,
1957 4299 2297 4369 adimpleret,
2326 4303 2501 4358 voluit
2541 4304 2836 4375 baptizari;
2888 4310 3030 4366 sicut
3076 4312 3204 4369 alibi
3250 4316 3415 4372 etiam

1813 4391 1927 4461 ipse
1967 4393 2140 4447 dixit:
2174 4392 2297 4448 Non
2343 4398 2459 4451 ueni
2507 4398 2672 4469 legem
2719 4400 2944 4469 solvere,
2992 4406 3084 4460 sed
3130 4408 3415 4480 adimplere

1814 4482 2028 4553 (Matth.
2053 4485 2131 4553 ἢ).
2156 4483 2408 4556 Explicit.

1424 4590 1772 4653 HOMILIA
1833 4595 2109 4657 XXXII.

1394 4691 1475 4746 De
1503 4692 1773 4764 Baptismo
1797 4694 1987 4750 Christi
2020 4696 2128 4754 IV.

1560 4787 1954 4845 ADMONITIO.

199 4860 295 4966 g3
332 4862 576 4966 Hamilim
605 4868 766 4966 hu]:th
788 4870 1001 4966 nonnisi
1025 4887 1152 4954 pars
1178 4874 1293 4955 huic
1317 4877 1563 4966 exiguae
1588 4880 1877 4966 codicibus.
1888 4880 2072 4963 Sancti
2090 4882 2355 4966 Dalmatii
2376 4893 2432 4966 et
2453 4885 2775 4966 Taurinensi
2807 4893 3036 4966 describi
3057 4898 3250 4966 potuit.
3277 4900 3411 4961 Nam

322 4937 538 5028 reliqum
577 4937 1133 5028 escidemnglnescio
1146 4944 1299 5028 cujus
1324 4937 1773 5028 hominisculpaL
1788 4953 1888 5028 qui
1909 4967 1976 5007 ex
2006 4953 2281 5028 codicibus
2305 4937 2786 5028 iisdemiioliawd-uo

146 5003 594 5107 Εσῦἓιεξιὲἰιέιω·
618 5026 633 5061 :
667 5008 803 5064 Item
828 5019 880 5065 et
904 5003 967 5067 de
991 5003 1246 5084 baptismb
1261 5016 1490 5071 Aemilia
1521 5017 1624 5085 IX,
1646 5003 1700 5075 in
1731 5003 3193 5107 'Taiiﬁdéhs'i‘Siiéiﬁiéilt'éJ.32;;33350

145 5064 330 5124 (tonsilia
354 5073 515 5133 XIV.

148 5154 604 5264 Ang?snruml—
630 5168 732 5264 βίοι
920 5174 1100 5264 paucis
1134 5176 1439 5264 intelligitur
1474 5190 1710 5264 sanctum
1739 5187 1787 5246 D
1816 5184 1987 5239 virtus
2016 5200 2084 5241 ex
2113 5186 2348 5245 lectione
2392 5206 2556 5260 quam
2605 5196 2779 5252 modo
2804 5184 3109 5257 audivimus
3137 5204 3412 5264 evidenter

204 5227 469 5316 agnam}
496 5240 597 5316 hac
625 5242 680 5293 in
701 5227 1001 5316 hoinilia'de
1018 5227 1441 5316 ηιάίιίῖεὲιᾶῗίὸἦέ

502 5310 558 5361 in
588 5313 839 5391 .convivio
880 5312 1039 5368 Cana:
1089 5300 1361 5383 Ga'liltew,

204 5362 489 5436 baptismate
516 5362 703 5450 egisse.

1805 5274 2095 5344 colligitur.
2119 5276 2375 5344 Quamvis
2392 5281 2535 5336 enim
2585 5288 2981 5357 omnipotentia
3027 5292 3169 5349 illius
3184 5335 3199 5360 ,
3222 5310 3328 5365 qua
3356 5299 3409 5354 in

1806 5366 2074 5437 principio
2100 5384 2277 5424 rerum
2300 5387 2404 5425 una
2433 5390 2556 5429 cum
2588 5374 2750 5433 Patre
2775 5388 2829 5433 et
2848 5380 3050 5450 Spiritu
3078 5397 3269 5443 sancto
3295 5406 3411 5445 ρω-

1806 5456 1915 5511 lum
1946 5473 2015 5513 ex
2044 5460 2215 5516 nihilo
2242 5465 2447 5517 creavit
2491 5473 2549 5521 et
2589 5474 2809 5534 terram,
2842 5471 3013 5529 latere
3052 5477 3325 5531 videretur
3354 5480 3407 5534 in

204 5520 476 5587 Salvatoris
510 5534 725 5592 Domini
765 5538 935 5593 nostri
962 5538 1090 5595 Jesu
1128 5539 1325 5598 Christi
1362 5545 1705 5616 omnipotens
1806 5549 2046 5619 homine,
2082 5568 2247 5625 quem
2275 5570 2375 5626 pro
2401 5566 2588 5614 nostra
2626 5520 2990 5633 assunipserat
3022 5568 3131 5639 94
3159 5568 3405 5641 redemp—

203 5676 226 5705 ⁸
250 5672 371 5731 Cod.
395 5678 637 5757 Taurin.,
665 5686 735 5743 Et
754 5690 926 5746 sancti
952 5692 1105 5757 adicit
1126 5694 1463 5752 ministerium
1493 5700 1827 5755 recusavisse!
1858 5699 2120 5772 Joannes,
2153 5705 2257 5761 nisi
2295 5706 2406 5779 ipse
2427 5707 2534 5776 illi,
2562 5711 2619 5765 id
2644 5721 2700 5767 ut
2725 5722 3027 5784 prwstarct,
3053 5718 3398 5789 jubebat,ctc.
