3924 6232
549 326 651 380 205

1752 331 1808 386 S.
1851 329 2095 385 MAXIMI
2135 329 2582 387 TAURINENSIS

3688 334 3804 388 296

547 436 712 496 tione,
745 434 856 487 suis
883 441 964 491 est
993 433 1268 488 evidenter
1293 433 1564 502 discipulis
1613 437 1969 490 manifestata.
2000 437 2130 489 Nam
2161 442 2205 499 Α
2234 451 2338 504 que
2385 451 2552 504 aquas
2588 437 2855 492 convertit
2885 437 2936 490 in
2982 439 3183 492 vinum.
3216 439 3437 510 (Desunt
3477 441 3529 494 in
3566 443 3806 509 originali

545 538 665 578 cum
720 523 1016 593 adnuptias
1072 525 1270 578 veteris
1324 525 1551 579 instituti
1598 529 1832 581 venisset
1882 528 1935 580 in
1982 527 2129 581 Cana

544 612 794 680 Galilw,
820 622 876 669 et
901 614 1192 683 derepente
1219 615 1629 670 convivantibus
1649 616 1905 671 defuisset
1925 617 2129 677 vinum,

546 701 679 770 ipse,
738 704 830 774 qui
883 704 1082 773 nuptiis
1125 704 1229 760 illis
1275 721 1383 760 non
1432 715 1549 760 erat
1570 706 1897 774 dedignatus
1923 706 2132 770 adesse,

544 795 759 863 nuptias
782 808 997 865 quoque
1019 794 1138 850 illas
1165 793 1428 851 miraculo
1455 795 1621 850 voluit
1658 795 2031 865 comprobare,
2053 802 2135 848 at-

1818 898 2163 959 HOMILIA

2234 526 2336 579 duo
2357 527 2511 596 folia,
2536 526 2722 579 deinde
2749 528 2823 579 ita
2849 528 3170 580 concluditur
3190 529 3230 596 :)
3266 527 3333 582 Ut
3359 529 3427 583 ab
3456 527 3598 582 omni
3624 530 3807 582 mundi

2233 613 2392 682 hujus
2412 615 2814 682 inquinamento
2834 615 3042 668 liberati
3073 615 3142 669 ad
3178 617 3419 671 etelestia
3441 630 3600 684 regna
3621 631 3808 686 pave-

2238 705 2353 758 nire
2380 705 2664 772 possimus,
2699 704 2816 773 ipso
2843 704 3149 773 adiuvante,
3189 707 3281 775 qui
3307 713 3498 775 regnat
3537 708 3587 760 in
3614 707 3811 760 sreeula

2239 793 2576 848 seculorum.
2609 792 2800 848 Amen.

2230 898 2541 958 XXXIII.

1824 1001 1903 1054 De
1933 1000 2203 1070 Boptismo
2233 998 2426 1055 Christi
2463 1001 2528 1056 V.

1997 1090 2389 1147 ADMONITIO.

500 1230 502 1232 .
563 1256 574 1260 Α
618 1185 695 1240 Ex
723 1186 998 1260 codicibus
1020 1183 1336 1260 Taurinensi
1364 1191 1419 1238 et
1441 1183 1669 1238 abbatis:
1689 1182 1871 1237 Sancti
1898 1181 2154 1260 Dalmatii
2177 1185 2719 1260 constat_ban_c_item
2754 1185 3034 1260 homiliam_
3047 1188 3362 1260 ascriptam
3377 1188 3536 1241 fuisse
3556 1187 3807 1260 Maximo.

547 1256 624 1338 ac
651 1257 821 1338 stylus
848 1255 1062 1338 quidem
1083 1254 1580 1338 sententiarumque
1600 1260 1902 1338 contextus,
1923 1252 2483 1338 gerontinuat‘iojejus
2513 1257 2674 1336 fuisse
2702 1264 2975 1338 auctorem
3016 1252 3306 1338 blaxim'um
3333 1257 3715 1338 demonstrant.
3751 1256 3812 1338 lln

553 1318 882 1394 Taurinensi
899 1323 1084 1394 codice
1111 1339 1174 1394 ea
1197 1330 1279 1394 est
1302 1318 1735 1394 29_homili_a_rum
1769 1337 1782 1372 :
1815 1318 2212 1394 De_Epiplmnia
2249 1328 2299 1372 et
2328 1318 2671 1394 de'baptismo
2699 1324 2890 1378 Christi
2916 1344 2928 1378 :
2962 1327 3014 1380 in
3036 1325 3216 1380 Sancti
3243 1327 3486 1379 Dalmatii
3517 1319 3639 1380 vero
3669 1325 3708 1380 γ
3743 1324 3813 1377 de

546 1393 798 1463 baptismo
825 1391 1034 1446 Clu-isti.
1064 1390 1112 1446 Is
1133 1392 1318 1445 titulus
1338 1391 1483 1445 visus
1507 1390 1660 1444 nobis
1686 1397 1767 1443 est
1795 1389 1989 1456 aptior.

546 1486 935 1540 Ancuusuwu.
964 1481 1462 1536 -—Commemorato
1504 1483 1724 1552 prirnum
1767 1482 1968 1552 triplici
1987 1479 2121 1550 Epi-

615 1554 825 1623 phania
875 1553 1147 1634 mysterio,
1180 1551 1591 1634 peculiaremde
1637 1551 1890 1620 baptismo

615 1619 899 1676 amonem
928 1619 1148 1675 instituit
1181 1619 1256 1673 'S.
1288 1619 1567 1684 Maximus,
1603 1619 1890 1689 magnaque
1918 1621 2120 1689 gratia-

615 1707 727 1812 rulzt
774 1706 987 1742 omnem
1014 1689 1078 1742 ab
1107 1690 1217 1759 ipso
1257 1691 1616 1752 promanautia
1661 1689 1995 1741 disertissime
2034 1703 2126 1740 ex-

618 1777 650 1812 n
708 1771 820 1812 nat.

617 1771 820 1828 planet.

2042 1484 2123 1562 pi:
2225 1481 2408 1539 Crevit
2437 1493 2638 1549 autem,
2671 1488 2797 1556 quia
2827 1487 2930 1542 hac
2954 1487 3041 1542 die
3080 1488 3242 1542 etiam
3271 1485 3520 1542 salutaris
3556 1487 3751 1542 lavacri
3778 1501 3811 1542 ι

1929 1548 2125 1634 Cm?“
2224 1573 2438 1631 Christo
2461 1548 3014 1633 Domino-institutum
3060 1585 3142 1633 est
3180 1586 3593 1633 sacramentum.
3638 1577 3812 1634 Hodie

2227 1667 2389 1728 enim,
2417 1674 2474 1720 ut
2516 1670 2855 1736 antiquorum
2884 1684 2986 1723 nos
3032 1669 3193 1723 docet
3237 1668 3540 1723 veneranda
3569 1669 3813 1732 traditio.

2228 1755 2294 1808 ad
2324 1753 2572 1810 Iordanis
2599 1756 2798 1811 ﬂuenta
2846 1756 3095 1812 Salvator
3136 1766 3322 1812 noster
3367 1759 3609 1813 accessit.
3641 1758 3816 1814 Ilodie

615 1847 792 1902 Credo
817 1885 833 1909 ,
891 1845 1114 1910 fratres,
1171 1846 1499 1901 intellexisse
1548 1860 1647 1900 vos
1693 1846 2128 1915 praedicationem
2160 1882 2206 1940 Β
2231 1845 2324 1913 qui
2371 1855 2488 1900 erat
2516 1847 2632 1901 sine
2667 1855 2917 1915 peccato.
2949 1849 3087 1902 inter
3121 1857 3465 1917 peccatorum
3514 1851 3724 1913 turbas,
3759 1860 3818 1904 ut

548 1952 725 1992 meam
773 1937 826 1989 in
846 1936 933 1990 die
957 1943 1144 1990 saneta
1171 1933 1497 2004 Epiphania},
1529 1943 1583 1989 et
1610 1950 1705 1988 vos
1743 1935 2009 2002 prmeipue
2037 1949 2124 1987 ea-

547 2027 920 2089 teehumenos,
952 2025 1007 2078 in
1027 2039 1133 2092 qua
1167 2024 1408 2079 dicebam
1437 2032 1561 2077 tunc
1583 2023 1851 2076 nonnullis
1879 2037 2128 2076 asseren-

547 2117 691 2171 tibus
724 2115 1008 2169 Dominum
1037 2122 1278 2168 nostrum
1307 2113 1489 2168 Iesum
1516 2113 1787 2167 Christum
1812 2113 1964 2166 stella
1995 2113 2129 2166 duce

546 2206 886 2262 venientibus
921 2204 988 2256 ab
1016 2201 1236 2256 Oriente
1272 2203 1440 2270 magis
1478 2201 1640 2256 fuisse
1669 2201 1977 2262 adoratum;
2012 2201 2129 2253 aliis

547 2304 726 2349 autem
767 2293 1065 2348 dicentibus
1094 2306 1214 2346 eum
1243 2307 1409 2360 aquas
1440 2298 1566 2344 tune
1593 2291 1644 2343 in
1685 2290 1808 2343 vina
1853 2298 2124 2353 mutasse;

547 2383 866 2452 quibusdam
888 2382 1102 2436 demum
1123 2379 1562 2435 conﬁrmantibus
1586 2379 1733 2432 illum
1762 2393 1825 2432 ea
1854 2379 1938 2431 die
1969 2377 2129 2431 fuisse

555 2475 610 2528 in
640 2473 875 2527 Iordane
917 2487 946 2524 a
974 2471 1178 2525 Joanne
1205 2471 1566 2538 baptizatum;
1599 2471 1652 2522 in
1685 2470 1931 2522 omnibus
1952 2476 2128 2521 tamen

554 2562 745 2616 Filium
777 2562 869 2615 Dei
908 2560 1075 2626 credi,
1107 2561 1160 2613 in
1201 2559 1448 2613 omnibus
1500 2573 1618 2612 esse
1661 2568 1898 2613 nostram
1946 2573 2127 2612 veram

551 2651 917 2706 lestivitatem.
958 2648 1072 2703 Etsi
1103 2655 1278 2703 autem
1309 2648 1376 2701 ab
1407 2648 1670 2716 aliquibus
1696 2657 1789 2701 aut
1823 2663 2006 2711 unum,
2040 2655 2130 2700 aut

551 2744 695 2798 aliud
725 2759 787 2798 ex
812 2742 895 2797 his
931 2742 1126 2796 factum
1157 2754 1276 2795 esse
1306 2739 1573 2806 credatur,
1603 2753 1702 2807 ego
1727 2747 1900 2792 tamen
1929 2754 1993 2792 ea
2014 2753 2129 2792 om-

557 2835 644 2887 nia
671 2834 913 2887 evenisse
941 2831 1102 2885 credo
1128 2846 1189 2883 ea
1216 2830 1320 2892 die,
1353 2838 1512 2897 atque
1538 2845 1700 2882 unum
1725 2829 1777 2881 in
1799 2828 1968 2882 altero
1996 2843 2128 2882 coo-

556 2923 733 2976 tineri.
763 2920 1006 2974 Christus
1029 2919 1171 2972 enim
1199 2917 1458 2971 Dominus
1483 2925 1688 2976 noster,
1728 2931 1847 2969 eum
1885 2923 2127 2968 naturam

551 3021 894 3082 reparaturus
915 3012 1202 3064 humanam
1235 3010 1288 3062 in
1313 3010 1453 3062 hunc
1481 3006 1733 3060 mundum
1757 3005 2010 3069 venisset,
2034 3005 2127 3057 Ju-

550 3106 712 3166 tItlBOS,
761 3117 791 3156 e
834 3117 1063 3170 quorum
1113 3100 1317 3154 semine
1363 3097 1654 3152 secundum
1709 3110 1925 3150 carnem
1975 3102 2130 3147 natus

551 3204 684 3258 erat,
706 3195 851 3262 prius
871 3200 1017 3246 certe
1045 3191 1253 3245 vocavit
1284 3190 1348 3242 ad
1366 3189 1543 3242 vitam.
1570 3186 1675 3240 Sed
1699 3194 1874 3239 tamen
1895 3185 2129 3252 gentium

550 3285 827 3354 populum,
849 3290 1006 3351 prout
1028 3281 1224 3350 pluries
1253 3279 1520 3333 sanctitati
1539 3286 1727 3330 vestrm
1751 3276 2126 3337 intimavimus,

553 3375 605 3427 in
636 3388 776 3427 cmea
806 3388 901 3426 sua
932 3370 1242 3424 infidelitate
1257 3384 1362 3422 non
1385 3367 1686 3434 dereliquit.
1721 3365 1852 3418 Nam
1883 3365 1973 3433 qui
1996 3379 2129 3418 cun-

553 3473 669 3518 ctos
695 3464 761 3516 ab
798 3474 997 3515 mterna
1028 3468 1200 3513 morte
1228 3474 1323 3512 sua
1353 3458 1720 3512 incarnatione
1767 3455 2000 3508 mirabili
2040 3454 2132 3508 de-

554 3553 835 3622 llcndaque
863 3559 1037 3604 morte
1082 3551 1309 3604 liberare
1337 3551 1569 3611 volebat,
1601 3563 1790 3604 omnes
1814 3562 2027 3616 quoque
2065 3547 2132 3600 ad

557 3626 863 3695 venerabile
904 3638 1022 3693 ﬁdei
1062 3654 1170 3693 sua:
1225 3639 1404 3693 lumen
1445 3639 1708 3693 evocavit.
1742 3636 2135 3704 Angeliligitur

558 3732 864 3802 pastoribus
909 3737 1088 3783 natum
1129 3728 1472 3783 manifestam
1520 3728 1964 3797 Redemptorem;
1996 3740 2133 3780 nova

553 3831 734 3877 tamen
759 3821 914 3874 stella
943 3820 1008 3873 ad
1040 3820 1202 3889 ipsius
1229 3835 1379 3873 sacra
1403 3819 1703 3874 veneranda
1725 3818 1984 3871 cunabula
2005 3831 2136 3884 gen-

555 3922 641 3967 tes
683 3912 891 3964 invitat.
919 3911 1151 3965 Veniunt
1179 3919 1422 3980 pastores
1467 3911 1519 3963 in
1551 3910 1900 3975 Bethlehem;
1933 3917 2132 3963 etcum

557 4005 868 4059 muneribus
899 4003 1036 4071 magi
1063 4002 1128 4056 ad
1182 4004 1343 4071 ipsius
1381 4004 1645 4058 cunabula
1699 4010 1938 4058 currunt.
1981 4003 2132 4056 Illum

555 4103 883 4149 venerantur
905 4102 1164 4161 pastores,
1191 4093 1416 4147 adorant
1433 4105 1647 4161 quoque
1668 4101 1723 4145 et
1751 4094 1906 4160 magi.
1941 4092 1998 4145 ln
2018 4092 2134 4160 ejus

559 4180 839 4238 nativitate
863 4185 1079 4237 insanus
1107 4185 1287 4236 tremit
1306 4183 1565 4247 Herodes,
1599 4184 1827 4252 superba
1855 4183 2135 4252 Synagoga

563 4285 757 4348 pavet;
782 4276 1054 4344 gentilitas
1077 4287 1205 4328 vero
1236 4275 1494 4338 exsultat,
1527 4281 1579 4327 et
1619 4274 1814 4341 gaudet
1854 4288 2007 4326 suum
2037 4274 2135 4326 all-

559 4366 776 4436 quando
800 4364 1078 4418 advenisse
1115 4362 1467 4418 Salvatorem.
1502 4362 1569 4415 Et
1599 4377 1784 4415 revera
1815 4360 2009 4414 Judaeis
2041 4376 2135 4414 sua

556 4457 611 4509 in
644 4454 956 4508 inﬁdelitate
984 4453 1233 4514 dimissis,
1264 4468 1330 4506 ex
1351 4453 1597 4519 gentibus
1624 4453 1731 4521 95
1761 4451 1929 4504 crevit
1957 4449 2137 4505 Eccle-

2232 1936 2614 2004 baptizaretur,
2649 1936 2716 1990 ad
2743 1936 3033 1992 Iordanem
3086 1939 3329 1992 accessit.
3372 1938 3544 1992 Hodie
3599 1939 3816 1992 demum

2235 2025 2560 2094 Redemptor
2585 2037 2770 2080 noster
2797 2028 2849 2080 in
2879 2026 3112 2081 Iordane
3135 2027 3396 2096 baptizari
3415 2028 3603 2092 voluit,
3633 2041 3819 2081 suum-

2230 2131 2336 2183 que
2364 2116 2596 2170 vicissim
2633 2116 2967 2171 sanetilicare
2988 2116 3304 2185 Baptistam.
3330 2116 3638 2185 Baptizatur
3659 2118 3818 2184 igitur

2232 2206 2283 2260 in
2313 2205 2547 2275 Iordane
2597 2204 2859 2270 Christus,
2893 2214 2947 2260 ct
2991 2205 3239 2261 Iordanis
3276 2220 3440 2274 aquas
3477 2222 3578 2260 suo
3607 2205 3710 2261 hac
3730 2208 3820 2260 die

2229 2296 2585 2350 sanetillcavit
2639 2297 2978 2365 baptismate.
3031 2295 3137 2349 Sed
3191 2295 3317 2365 quid
3372 2295 3492 2350 dico
3531 2295 3821 2349 Jordanis?

2233 2384 2546 2439 Universam
2578 2385 2717 2438 enim
2747 2399 3003 2452 aquarum
3050 2385 3419 2447 substantiam,
3452 2399 3572 2452 qua:
3620 2386 3820 2454 ubique

2231 2482 2330 2538 est,
2361 2490 2459 2528 suo
2489 2473 2843 2529 sanctificavit
2862 2474 3202 2543 baptismate.
3226 2473 3362 2536 Ecce
3389 2489 3517 2541 ergo
3543 2476 3821 2542 quomodo

2231 2562 2284 2616 in
2310 2565 2412 2618 hac
2439 2564 2774 2618 sanctissima
2795 2563 2881 2617 die
2910 2570 2962 2617 et
2987 2562 3224 2617 Ecclesia
3253 2578 3320 2616 ex
3347 2563 3595 2630 gentibus
3619 2563 3671 2616 in
3701 2578 3812 2615 ma-

2229 2668 2420 2723 gorum
2451 2655 2730 2708 vocatione
2761 2659 2844 2708 est
2871 2661 3196 2720 congregata
3222 2693 3236 2717 ,
3269 2661 3324 2706 et
3349 2652 3622 2721 quomodo
3655 2653 3822 2707 etiam

2231 2746 2283 2798 in
2312 2743 2509 2798 Christi
2536 2743 2860 2812 baptismate
2890 2749 2972 2796 est
3000 2741 3346 2810 spiritualiter
3367 2750 3576 2806 renata,
3607 2749 3664 2794 et
3691 2755 3822 2810 quo-

2232 2835 2361 2888 tidie
2390 2834 2710 2887 renascitur.
2745 2831 2994 2897 Quotidie
3024 2831 3166 2884 enim
3197 2831 3261 2884 ad
3291 2831 3718 2898 regenerationis
3742 2830 3820 2883 vi-

2231 2935 2340 2979 tam
2365 2926 2477 2995 ipsa
2503 2925 2696 2978 transit
2724 2925 2833 2994 96
2859 2921 3117 2986 Ecclesia,
3160 2922 3371 2991 quoties
3398 2921 3464 2974 ad
3492 2921 3821 2989 baptismum

2237 3017 2653 3072 catechumenos
2692 3015 2900 3082 recipit.
2935 3012 3073 3066 Ante
3101 3012 3373 3066 lavacrum
3401 3011 3544 3065 enim
3576 3010 3824 3065 inﬁmus

2233 3115 2313 3160 est
2337 3107 2752 3160 catechumenus
2790 3106 2806 3136 ι
2833 3121 2846 3168 ;
2877 3111 3125 3173 suscepto
3167 3110 3345 3156 autem
3373 3102 3737 3171 baptismate,
3769 3109 3821 3153 et

2233 3199 2508 3252 Trinitatis
2537 3198 2763 3265 acquirit
2790 3197 3084 3260 notionem,
3116 3204 3169 3248 et
3201 3193 3256 3248 lit
3285 3204 3539 3249 constans
3567 3200 3732 3260 atque
3761 3194 3820 3243 li-

2234 3291 2386 3353 delis,
2407 3304 2506 3343 nec
2535 3289 2781 3359 amplius,
2816 3290 2889 3342 uti
2922 3302 3056 3355 aqua
3074 3301 3234 3354 quam
3264 3285 3519 3340 hodierna
3549 3285 3637 3339 die
3667 3285 3821 3339 Chri-

2234 3387 2346 3436 stus
2377 3378 2633 3434 Dominus
2662 3378 2916 3431 invitatus
2939 3377 3004 3429 ad
3036 3377 3247 3443 nuptias
3269 3375 3492 3427 mutavit
3529 3373 3582 3425 in
3615 3373 3819 3430 vinum.

2234 3470 2439 3538 pallens
2464 3476 2545 3522 est
2589 3468 2888 3535 nulliusque
2915 3466 3152 3534 saporis;
3187 3478 3308 3516 nam
3336 3469 3587 3530 suscepto
3615 3462 3822 3531 baptis-

2235 3566 2378 3611 mate
2409 3557 2577 3611 tidelis
2619 3555 2797 3610 evadit
2838 3563 3000 3622 atque
3038 3562 3272 3607 mutatur
3296 3553 3347 3605 in
3376 3553 3576 3605 vinum.
3609 3549 3668 3604 In
3699 3553 3821 3604 vino

2234 3649 2376 3702 enim
2407 3647 2580 3701 sancti
2611 3645 2844 3714 Spiritus
2880 3642 3207 3711 significatur
3235 3641 3434 3710 gratia,
3467 3647 3628 3708 prout
3658 3641 3820 3693 etiam

2236 3738 2349 3806 ipse
2377 3735 2626 3790 Salvator
2657 3742 2840 3788 noster
2890 3733 3150 3798 asseruit,
3210 3747 3330 3786 cum
3383 3730 3517 3784 dixit
3565 3730 3619 3782 in
3677 3740 3820 3782 utres

2234 3841 2405 3879 novos
2433 3825 2614 3878 vinum
2661 3836 2860 3878 nomm
2905 3837 3026 3877 erse
3074 3820 3410 3876 condendum
3459 3819 3685 3888 (Matth.
3722 3820 3818 3884 Ix).

2237 3927 2262 3955 ι
2290 3916 2427 3971 Ecce
2467 3917 2630 3984 igitur
2657 3913 2928 3983 quomodo
2976 3914 3028 3966 in
3077 3912 3180 3966 hac
3217 3910 3577 3966 sacratissima
3607 3909 3700 3964 die
3729 3923 3820 3978 per

2233 4023 2385 4062 novae
2405 4007 2572 4060 stellae
2592 4005 3018 4060 coruscationem
3041 4001 3104 4055 ad
3122 4001 3277 4055 [idem
3299 4015 3558 4055 conversa
3581 4008 3664 4053 est
3687 4013 3817 4068 gen-

2235 4099 2417 4152 tilitas.
2449 4097 2776 4164 Redemptor
2805 4102 2987 4148 noster
3031 4108 3129 4162 pro
3157 4092 3362 4147 cunctis
3397 4090 3818 4159 regenerationis

2235 4187 2472 4241 salutare
2500 4185 2728 4239 instituit
2749 4184 3052 4247 lavacrum;
3082 4191 3136 4237 et
3161 4197 3328 4252 quare
3354 4181 3453 4235 bac
3495 4181 3688 4234 eadem
3736 4180 3818 4233 die

2236 4291 2493 4344 aquarum
2540 4274 2896 4328 substantiam
2942 4273 3211 4328 convertit
3240 4273 3292 4324 in
3344 4272 3545 4324 vinum.
3590 4269 3816 4324 Tantam

2237 4373 2415 4419 autem
2446 4365 2670 4431 gratiam
2701 4362 2943 4417 Christus
2975 4362 3232 4416 Dominus
3261 4369 3445 4415 noster
3472 4375 3572 4414 suo
3593 4361 3817 4415 contulit

2236 4455 2560 4524 baptismati,
2593 4462 2654 4508 ut
2683 4469 2789 4508 non
2821 4461 3027 4507 tantum
3057 4466 3211 4507 suum
3242 4448 3594 4506 sanetiﬁcarit
3638 4449 3816 4520 Bapti-

554 4546 654 4599 sia.
690 4544 823 4596 Nata
846 4543 1092 4612 equidem
1122 4543 1222 4595 hac
1242 4542 1327 4594 die
1355 4550 1436 4595 est
1460 4542 1695 4607 gentium
1725 4539 1981 4603 Ecclesia,
2013 4540 2134 4602 quia
2167 4579 2215 4637 Β
2239 4553 2397 4606 stam,
2430 4543 2522 4598 sed
2563 4551 2618 4597 et
2645 4542 2892 4596 Jordanis
2933 4540 3124 4595 ﬂuvius
3159 4541 3272 4610 ipse
3299 4554 3593 4594 conversus
3619 4539 3692 4594 sit
3739 4553 3817 4593 re.

557 4649 655 4706 per
700 4635 843 4687 illam
889 4632 1264 4688 lucidissimam
1294 4633 1505 4685 stellam
1540 4631 1706 4684 tribus
1735 4631 1836 4684 illis
1869 4631 1920 4683 in
1966 4633 2133 4698 magis

555 4726 622 4780 ad
668 4725 779 4780 veri
810 4725 1022 4783 luminis
1067 4724 1392 4791 agnitionem
1445 4730 1525 4775 cst
1576 4730 1796 4776 evocata
1844 4721 2130 4788 gentilitas.

2240 4642 2489 4688 trorsum.
2515 4632 2763 4701 Explicit.

1846 4810 2190 4872 HOMILIA
2246 4813 2549 4874 XXXIV.

1858 4911 1935 4964 De
1963 4912 2226 4979 Baptismo
2254 4913 2445 4967 Christi
2482 4913 2577 4966 VI.

2006 5002 2398 5057 ADMONITIO.

629 5102 861 5156 Maximo
884 5096 1138 5167 praeclara
1161 5095 1275 5149 hzec
1296 5093 1514 5148 homilia
1537 5095 1772 5147 omnium
1806 5095 2074 5148 editorum
2104 5092 2461 5147 consensione
2500 5092 2731 5160 ascripta
2761 5099 2860 5145 est.
2895 5091 3208 5146 Consonant
3236 5092 3318 5144 his
3349 5092 3701 5160 manuscripti
3727 5106 3812 5145 co-

631 5221 655 5248 α
696 5210 750 5262 In
781 5211 900 5263 cod.
928 5207 1146 5259 Taurin.
1177 5205 1369 5271 legitur
1389 5222 1400 5254 :
1420 5202 1560 5273 Ergo
1579 5205 1631 5255 in
1657 5205 1750 5256 hac
1781 5205 2132 5257 sacratissima

559 5285 644 5334 die
670 5297 759 5349 per
785 5293 926 5330 nova:
965 5277 1126 5349 stella:
1153 5276 1570 5349 ‘coruscatiortem
1617 5275 1684 5349 and
1711 5275 1862 5349 ﬁdem
1895 5289 2135 5326 conversa

562 5361 634 5406 est
665 5341 923 5418 'genlilitas
963 5345 1122 5418 tribus
1147 5343 1250 5396 illis
1293 5344 1347 5394 in
1393 5345 1579 5418 magis.
1604 5341 1933 5418 _Redempto_r
1965 5350 2137 5418 noster

563 5412 875 5490 pro'cunctis
906 5415 1129 5490 salvator
1171 5413 1854 5490 regenerationislavacrum
1895 5412 2133 5490 inﬁtituit,

565 5479 714 5558 atque
735 5501 979 5556 aquarum
1009 5479 1345 5535 substantiam
1368 5480 1606 5534 convertit
1627 5482 1681 5532 in
1707 5481 1894 5532 uinum.
1922 5479 2138 5540 Tantam

638 5605 652 5632 ι
694 5601 870 5663 Quare
895 5597 980 5652 hic
1010 5595 1111 5648 loci
1141 5599 1353 5648 sanctus
1381 5592 1460 5663 hia
1475 5592 1642 5663 ximus
1664 5590 1858 5643 dixerit
1877 5591 2130 5643 catechu-

570 5661 753 5724 menos
783 5670 998 5722 notione.
1023 5664 1370 5719 sanctissimae
1399 5661 1668 5714 Trinitatis
1699 5675 1881 5715 carere
1910 5675 2132 5726 eamque

2237 5210 2406 5253 autem
2430 5203 2650 5269 gratiam
2673 5217 2765 5254 suo
2791 5201 3002 5254 contulit
3031 5200 3424 5269 baptismali,ut
3451 5209 3502 5252 et
3529 5217 3682 5252 suum
3711 5217 3815 5253 san-

2239 5268 2482 5337 cti/ienuit
2528 5270 2834 5338 Baptistam,
2890 5273 3181 5339 cunctisque
3231 5268 3359 5324 illud
3399 5270 3809 5339 suscipientibus,

2238 5336 2387 5407 atque
2416 5356 2474 5391 ea
2503 5336 2616 5408 qua?
2661 5341 2770 5409 ipse
2817 5339 2977 5401 dedit,
3007 5336 3254 5391 mandata
3291 5336 3636 5399 servantibus,
3668 5341 3811 5391 vitam

2241 5409 2506 5478 pollicetur
2535 5416 2797 5461 aeternam.

2243 5589 2344 5641 illis
2375 5588 2508 5642 tradi
2553 5603 2672 5641 cum
2722 5585 2975 5655 baptizati
3019 5585 3248 5646 fuerint,
3287 5585 3336 5655 in
3368 5582 3726 5655 adnotatione
3754 5581 3810 5636 ad

2241 5659 2470 5727 primum
2502 5653 2882 5713 tractatum'tle
2908 5655 3179 5724 Baptismo
3205 5654 3469 5707 rationem
3504 5653 3750 5707 reddam.
