3924 6232
141 394 222 449 297

1493 380 1773 436 IIOMIIJA
1809 376 2035 432 XXXIV.

3273 367 3375 421 9.98

141 507 265 558 dices
285 503 522 572 Vaticani
553 500 664 555 duo
685 517 700 566 ;
722 497 1074 572 Belgiciduo,
1123 493 1539 572 Martigensislet
1567 485 2190 572 Camberonensispduo.
2231 487 2388 572 etiam
2404 481 3374 572 jCasinenMsges.‘Subalpinigquqttlgf.

142 550 1245 636 hncwest“fauri-nensiera‘ncti—Daimatij,
1272 563 1632 636 Vercellensis
1655 569 1709 636 et
1735 554 2223 636 lfiovariensis._His
2264 553 2855 636 arcceduntnAugiensis,
2889 551 3179 636 Lucensis,
3206 550 3375 636 Valli-

141 623 378 702 Ecllanus,
402 623 770 703 Florentinus,
804 637 1145 690 Amiatensis.
1173 623 1419 703 Monachi
1437 629 1765 703 Benedictini
1810 624 2245 703 congregationis
2285 624 2475 703 Sancti
2490 623 2686 703 glauri,
2713 639 2834 676 cum
2862 635 3037 703 came
3064 634 3374 703 sermonm}:

141 688 1154 778 iiiiiilibélis'uﬁi'ééﬁéieiﬁhxérini,
1189 701 1665 778 transtulerintque
1703 688 2090 778 in‘appendicis
2127 708 2425 778 numerum
2623 688 3015 778 tum-confessi
3034 690 3372 778 intr-psunt,

142 757 460 832 éSEﬁaifi’J
461 757 645 833 eid-itis
655 757 970 844 $5116";sz
981 757 1204 843 operum
1225 757 1654 844 collectionibus,
1679 765 1774 819 sed
1797 757 2247 844 ih'manuscriptis
2275 762 2436 814 etiam
2457 763 2716 844 exemplis
2741 759 2906 840 asseri
2929 767 3114 844 sanpto
3144 757 3378 844 Maximo

140 828 828 902 iiisiiii‘iidriiiiidﬁi'lh
857 828 1044 899 codice
1069 840 1250 896 Sancti
1281 839 1526 912 Dalmatii
1539 828 1713 912 multa
1735 841 1860 889 sunt
1888 834 1990 912 hac
2008 828 2229 912 homilia
2251 828 2656 912 comprehensa,
2681 829 2929 912 quaepiam
2953 828 3232 912 publicatis
3269 843 3378 912 non

139 898 742 983 ὲόι“ι’έῶίιηῖιὶᾷἶίιιῖὁέ
763 917 816 969 in
871 898 1246 968 adnotationes
1273 911 1339 964 ad
1381 923 1501 978 pag.
1536 905 1604 959 95
1649 920 1799 973 seqq.
1834 901 2146 970 rejecimus,
2178 909 2238 954 ut
2268 915 2300 953 a
2353 898 2646 962 lectoribus
2685 898 2917 954 conferri
2947 899 3227 952 commode
3256 911 3376 952 cum

140 987 346 1053 vulgatis
369 987 562 1055 possit.

141 1077 512 1131 Ascunsn'ruu.
565 1108 636 1118 -—
694 1075 954 1130 Statuitur
1024 1073 1313 1142 differentia
1376 1067 1699 1142 baptismatis
1731 1062 2040 1131 A'baptizat
2085 1061 2150 1114 ad
2179 1061 2387 1112 vitam:
2422 1059 2568 1112 illum
2597 1058 2898 1126 sequimini,
2951 1058 3024 1111 illi
3065 1057 3285 1121 credite,
3311 1058 3377 1110 ab

1087 1138 1202 1194 uius
1232 1143 1492 1194 lavacrum
1533 1139 1583 1189 di
1588 1138 1705 1188 mit-

1119 1209 1186 1274 ei,
1210 1221 1258 1263 et
1269 1209 1588 1332 pauitantia:
1607 1222 1706 1258 me—

1119 1283 1164 1332 is
1205 1297 1263 1332 cu
1289 1296 1383 1332 nas
1426 1277 1600 1329 abluat
1640 1290 1704 1327 ea:

1289 1296 1383 1348 pas
1426 1277 1600 1329 abluat
1640 1290 1704 1327 ea:

196 1145 377 1200 Christi
419 1165 450 1199 a
480 1146 734 1215 baptismo
761 1145 1000 1199 Joannis.
1031 1143 1078 1215 Η

197 1224 294 1268 tere
316 1233 419 1269 non
439 1214 641 1285 poterat
669 1225 896 1285 peccata,
913 1215 1016 1285 nisi
1044 1214 1079 1282 ﬁ

196 1287 322 1346 rita;
355 1283 469 1337 cum
491 1285 774 1352 baptismus
807 1283 1164 1351 Redemptoris
1205 1297 1263 1333 cu

196 1370 247 1406 se
263 1355 392 1421 ipso,
417 1362 466 1406 et
479 1355 742 1422 justitiam
770 1353 1044 1422 largiatur.

201 1443 358 1507 Licet,
385 1444 578 1496 fratres
597 1442 944 1507 dilectissimi,
969 1441 1036 1495 de
1057 1439 1398 1506 solemnitate
1417 1435 1522 1489 diei
1549 1433 1706 1501 hujus

144 1540 361 1586 veterum
391 1533 462 1586 sit
504 1532 715 1586 diversa
744 1531 958 1585 traditio
992 1548 1004 1582 :
1040 1545 1146 1583 una
1183 1537 1361 1582 tamen
1389 1533 1588 1580 sanctae
1615 1524 1707 1578 de-

145 1623 359 1677 votionis
387 1631 470 1677 est
512 1621 660 1677 ﬁdes.
695 1621 762 1674 Et
780 1635 1088 1689 quanquam
1117 1617 1356 1672 nonnulli
1390 1616 1552 1669 hodie
1598 1613 1705 1667 Do-

145 1713 329 1765 minum
371 1719 616 1766 nostrum
663 1710 846 1765 Jesum
884 1709 1189 1773 Christum,
1237 1708 1393 1761 stella
1433 1705 1585 1772 duce,
1616 1719 1708 1758 ve-

144 1801 390 1856 nientibus
418 1802 487 1855 ab
531 1799 750 1856 Oriente
778 1801 951 1868 magis
977 1800 1247 1853 testiment
1287 1798 1596 1860 adoratum;
1618 1795 1709 1849 alii

142 1897 306 1943 autem
335 1899 581 1944 asserant
607 1905 728 1943 eum
756 1905 922 1957 aquas
950 1890 1002 1942 in
1039 1890 1162 1942 vina
1191 1894 1459 1952 mutasse;
1491 1885 1708 1954 quidam

142 1992 259 2032 vero
279 1979 604 2047 baptizatum
633 1979 781 2032 illum
811 1993 842 2030 a
872 1976 1081 2032 Joanne
1098 1977 1444 2040 conﬁrment,
1469 1975 1522 2029 in
1544 1974 1713 2029 omni-

142 2060 230 2114 bus
253 2060 346 2114 Dei
374 2060 545 2115 Filius
583 2060 838 2120 creditur,
863 2061 918 2114 in
957 2060 1206 2113 omnibus
1245 2067 1328 2113 est
1370 2066 1553 2113 nostra
1583 2056 1707 2130 [AL

143 2164 252 2201 vera
298 2148 579 2220 festivitas]
630 2149 912 2204 festivitas.
944 2148 1077 2202 Nam
1122 2148 1266 2217 quod
1321 2148 1488 2216 magis
1531 2149 1711 2214 utique

1805 1153 1898 1206 illo
1928 1152 2198 1205 lavacrum
2224 1150 2409 1204 salutis
2450 1157 2560 1202 tota
2593 1158 2770 1203 mente
2805 1148 3070 1217 supplices
3089 1148 3376 1217 postulate,

1805 1255 1833 1293 a
1864 1255 1971 1308 quo
2011 1247 2065 1292 et
2102 1253 2203 1306 ego
2255 1239 2367 1308 ipse
2422 1238 2661 1307 Baptista
2709 1245 2888 1292 vester
2912 1239 3070 1307 cupio
3099 1240 3376 1306 baptizari.

1805 1329 1922 1383 Non
1971 1328 2144 1381 renuit
2190 1328 2403 1395 quidem
2433 1326 2586 1382 Jesus
2626 1329 2985 1382 testimonium
3012 1331 3158 1383 vocis
3187 1329 3378 1397 hujus;

1806 1421 1898 1474 sed
1941 1421 2033 1488 qui
2063 1435 2159 1488 per
2184 1419 2425 1474 ordinem
2452 1420 2615 1473 vellet
2647 1421 2892 1474 universa
2922 1422 3192 1490 complere
3219 1423 3381 1476 nihil-

1807 1510 2018 1564 ominus
2059 1509 2322 1578 baptizari
2348 1524 2405 1562 se
2433 1510 2637 1578 expetit
2667 1525 2696 1562 a
2722 1509 2946 1563 Joanne.
2981 1509 3114 1567 Tum
3145 1511 3382 1579 Baptista

1806 1600 2031 1654 devotus
2052 1599 2354 1668 baptizandi
2381 1599 2462 1652 sui
2486 1599 2724 1668 potentia
2747 1598 3108 1664 tremefactus,
3126 1599 3207 1654 ait
3233 1619 3247 1652 :
3270 1600 3383 1673 Ego

1808 1707 1839 1742 a
1869 1699 1918 1743 te
1937 1689 2093 1743 debeo
2136 1688 2410 1760 baptizari,
2433 1700 2483 1742 et
2504 1699 2554 1742 tu
2577 1691 2714 1744 renis
2737 1690 2804 1742 ad
2832 1707 2912 1743 me
2943 1689 3153 1762 (Matth.
3177 1690 3301 1760 ut)?
3325 1691 3384 1750 Id

1808 1788 1890 1836 est
1914 1780 2166 1848 quoniam
2196 1792 2296 1847 ego
2321 1787 2565 1834 creatura
2594 1795 2734 1848 sum,
2766 1787 2820 1833 tu
2848 1779 3097 1846 Creator;
3138 1782 3249 1851 98
3275 1795 3386 1849 ego

1808 1886 2014 1941 servus,
2054 1880 2109 1926 tu
2139 1872 2432 1935 Dominus;
2461 1885 2560 1939 ego
2589 1870 2775 1939 figura,
2803 1881 2856 1925 tu
2890 1873 3103 1926 veritas.
3134 1874 3202 1925 At
3230 1872 3387 1929 Jesus

1810 1965 1928 2018 ait:
1975 1963 2104 2019 Siue
2148 1962 2298 2016 modo
2321 1978 2339 2015 :
2381 1963 2455 2015 sic
2499 1963 2632 2016 enim
2668 1961 2810 2016 decet
2835 1979 2928 2015 nos
2948 1962 3159 2033 implere
3186 1979 3388 2018 omnem

1803 2053 2062 2123 justitiam
2101 2051 2309 2120 (lbid.).
2354 2051 2409 2105 Id
2437 2059 2537 2115 est,
2570 2051 2696 2120 quid
2728 2067 2868 2106 nunc
2914 2052 3015 2106 ista
3057 2068 3388 2116 commemo-

1811 2143 1931 2198 ras?
1951 2142 2285 2211 propositum
2313 2149 2573 2212 susceptas
2593 2142 2908 2195 humilitatis
2930 2131 3256 2210 implendum
3284 2129 3396 2198 est.

143 2241 414 2306 gentilibus
462 2250 519 2296 et
547 2241 777 2295 adorare
807 2241 1113 2304 Dominum,
1155 2246 1211 2294 et
1257 2253 1479 2292 munera
1519 2236 1712 2292 oﬁ‘erre

1824 2231 1967 2286 I‘unc
2014 2232 2123 2296 ille,
2155 2231 2244 2298 qui
2297 2245 2617 2300 praesumere
2646 2230 2983 2297 formidabat,
3014 2232 3269 2286 velociter
3295 2223 3390 2302 pa~

142 2331 458 2394 conceditur,
490 2331 728 2398 gentium
756 2338 838 2385 εει
867 2329 1203 2400 ριιωῆςυηιω
1233 2329 1447 2384 vocatio
1479 2340 1535 2393 u;
1566 2326 1710 2396 quod
1812 2323 1920 2376 ruit
1966 2321 2324 2392 praecipientis
2364 2321 2607 2390 imperio.
2632 2320 2938 2394 Baptizatur
2956 2335 3084 2389 ergo
3107 2320 3391 2387 Jesusnon

143 2433 265 2474 vero
312 2421 524 2476 ﬂuentis
575 2421 824 2477 Jordanis
864 2422 1168 2493 baptizatur
1221 2420 1499 2483 Christus.
1559 2434 1710 2488 aqua:
1741 2414 1784 2478 B
1812 2414 1931 2480 sibi,
1963 2413 2058 2468 sed
2087 2413 2270 2478 nobis;
2302 2413 2622 2482 baptizatur,
2653 2428 2759 2467 non
2801 2422 2858 2466 ut
2879 2413 3189 2482 puriﬁcetur
3216 2414 3390 2481 aquis,

143 2520 314 2566 nostro
366 2515 672 2584 baptismati
738 2522 1142 2570 consecrantur.
1206 2513 1431 2584 Oportet
1498 2512 1711 2580 itaque,

142 2605 426 2667 carissimi,
472 2614 530 2658 ut
577 2607 756 2674 aliqua
805 2621 946 2660 nunc
980 2606 1047 2659 de
1093 2607 1211 2675 ipso
1239 2605 1563 2674 baptismate
1601 2605 1709 2674 97

143 2695 391 2748 sanctitati
437 2703 666 2759 vestrae,
725 2702 885 2764 prout
933 2695 1191 2747 Dominus
1245 2693 1527 2747 donaverit
1584 2708 1716 2762 pro-

145 2780 396 2845 feramus;
445 2791 506 2836 ut
566 2783 724 2836 simul
767 2791 822 2836 et
873 2782 1227 2836 humilitatem
1274 2780 1566 2836 Salvatoris
1618 2798 1715 2837 no-

144 2871 232 2924 stri
258 2881 310 2927 et
335 2873 714 2943 mysteriorum
763 2874 986 2940 gloriam
1027 2874 1343 2941 agnoscatis.
1391 2872 1718 2929 Praedicabat

145 2962 193 3016 in
223 2963 428 3020 deserto
451 2964 688 3023 Joannes
702 2965 1026 3034 baptismum
1047 2954 1376 3034 pmnitentia:
1398 2963 1502 3035 [AL
1528 2965 1715 3035 populo

144 3053 191 3106 in
239 3057 585 3110 remissionem
640 3053 988 3127 peccatorum]
1035 3056 1235 3130 populo
1271 3057 1565 3124 peccatori.
1599 3057 1715 3111 Non

145 3159 244 3213 quo
271 3145 491 3200 crimina
519 3146 804 3201 commissa
833 3147 1058 3212 deleret,
1103 3146 1199 3201 sed
1250 3161 1358 3215 quo
1408 3147 1719 3201 emendaret

148 3243 393 3288 errantes.
438 3234 572 3288 Nam
625 3235 870 3290 remissio
925 3243 1266 3304 peccatorum
1295 3232 1490 3290 Christi
1533 3237 1717 3304 gratia:

144 3324 465 3377 servabatur.
521 3323 844 3378 Conﬂuebat
882 3339 1012 3392 ergo
1058 3324 1124 3378 ad
1163 3323 1424 3378 Joannem
1452 3323 1717 3379 desiderio

141 3409 329 3465 lavacri
354 3414 688 3467 diversorum
710 3413 1084 3482 copiosissima
1105 3412 1415 3478 multitudo;
1445 3411 1472 3450 ι’
1490 3428 1717 3482 quorum

145 3508 315 3553 essent
342 3511 447 3554 tam
479 3500 728 3555 scelerati
776 3508 946 3566 actus,
978 3503 1086 3556 vita
1115 3510 1224 3555 tam
1274 3501 1504 3571 perdita,
1535 3509 1595 3557 ut
1621 3516 1717 3557 eos

145 3590 452 3644 venerabilis
472 3588 714 3658 Baptista
741 3589 959 3659 vipereo
980 3590 1172 3646 semini
1199 3600 1557 3661 compararet.
1573 3591 1718 3648 Inter

146 3677 442 3744 hujusmodi
461 3678 712 3733 homines
727 3679 816 3734 ille
835 3679 1090 3733 virtutum
1120 3680 1420 3736 caelestium
1440 3681 1716 3747 Dominus,

1815 2502 1911 2557 sed
1937 2510 1996 2558 ut
2021 2493 2188 2571 aquas
2212 2503 2327 2571 ipse
2352 2502 2680 2568 sanctilicet;
2711 2503 3011 2571 baptizatur
3035 2517 3207 2557 novus
3229 2503 3393 2564 homo

1817 2601 1874 2646 ut
1895 2595 2021 2648 novi
2049 2595 2388 2663 baptismatis
2410 2595 2701 2648 constituat
2732 2601 3142 2648 sacramentum.
3173 2605 3194 2632 ο
3217 2595 3394 2664 Aperti

1816 2691 1965 2745 sunt,
2013 2683 2216 2752 inquit,
2269 2683 2399 2736 caeli.
2450 2681 2684 2736 IEstimo
2740 2689 2798 2735 ut
2836 2683 2889 2735 in
2919 2682 3226 2745 coelestibus
3252 2691 3395 2736 esset

1815 2773 2127 2827 miraculum
2157 2773 2223 2827 de
2244 2773 2308 2826 iis
2328 2787 2447 2840 qute
2469 2773 2792 2839 gerebantur
2823 2775 2872 2825 in
2900 2773 3076 2837 terris,
3109 2773 3248 2826 sicut
3273 2773 3349 2826 ait
3379 2791 3391 2826 :

1819 2861 1886 2915 In
1931 2879 2076 2932 quem
2118 2865 2490 2931 concupiscunt
2535 2864 2707 2933 angeli
2737 2865 3028 2934 prospicere
3054 2862 3142 2931 (II
3164 2863 3309 2916 Petr.
3333 2864 3395 2933 ι).

1816 2951 2096 3016 Quomodo
2145 2952 2288 3004 enim
2318 2959 2569 3020 poterant
2598 2967 2706 3006 non
2734 2953 2917 3006 mirari
2968 2953 3189 3008 virtutes
3227 2954 3397 3009 caelo-

1816 3055 1958 3107 rum,
2009 3047 2065 3093 et
2109 3039 2503 3093 dominationes
2527 3079 2542 3104 ,
2571 3040 2848 3095 cherubim
2874 3051 2928 3094 et
2956 3041 3399 3109 seraphimtcum

1816 3127 2060 3182 viderent
2104 3126 2389 3182 Dominum
2417 3127 2656 3184 Sabaoth
2707 3130 2760 3183 in
2785 3129 2946 3184 ﬂuvio
2975 3130 3041 3183 ab
3067 3130 3285 3192 homine
3306 3133 3402 3189 ba-

1817 3217 2042 3288 ptizari?
2088 3216 2158 3271 Ut
2202 3224 2382 3271 autem
2435 3216 2658 3273 Joannis
2686 3220 2958 3274 attestatio
3005 3220 3166 3276 etiam
3194 3221 3402 3277 omlessi

1818 3309 2130 3364 testimonio
2170 3308 2533 3376 conﬁrmetur,
2579 3310 2710 3365 vidit
2737 3310 2990 3380 Spiritum
3019 3321 3254 3365 sanctum
3281 3329 3402 3366 cor-

1817 3401 1986 3470 porali
2005 3401 2189 3470 specie,
2222 3403 2371 3472 quasi
2400 3402 2687 3456 columbam
2700 3401 3096 3464 descendentem
3123 3411 3172 3457 et
3191 3420 3405 3461 manen-

1819 3501 1920 3545 tem
1939 3508 2090 3562 super
2108 3490 2287 3545 Jesum
2309 3483 2490 3561 (Joan.
2513 3493 2574 3563 ι).
2599 3491 2760 3548 Audit
2781 3500 2836 3547 et
2865 3491 3079 3547 Patrem
3101 3492 3399 3548 dicentem;

1821 3581 1923 3636 Hic
1962 3589 2039 3636 est
2085 3579 2132 3633 F
2135 3582 2254 3635 ilius
2291 3594 2437 3635 meus
2465 3581 2702 3646 dilectus,
2724 3583 2787 3635 in
2815 3599 2913 3652 quo
2961 3581 3088 3635 bene
3113 3583 3406 3652 complactti

1823 3673 2038 3744 (Matth.
2093 3672 2192 3744 ιιι).
2243 3671 2538 3737 Advertite,
2585 3671 2778 3726 fratres
2823 3672 3173 3737 dilectissimi,
3204 3682 3404 3742 quanta

146 3767 231 3822 ille
255 3768 342 3835 qui
371 3769 591 3838 respicit
619 3777 818 3822 terram
838 3777 893 3823 et
919 3769 1044 3824 facit
1064 3785 1182 3825 eam
1205 3779 1453 3835 tremere,
1477 3771 1719 3828 Christus
1746 3773 1791 3837 C
1821 3765 1976 3820 nobis
2028 3766 2081 3819 in
2134 3764 2453 3833 baptismate
2501 3764 2711 3819 Domini
2739 3765 2908 3818 nostri
2935 3766 2960 3800 α
2985 3763 3114 3819 Jesu
3140 3764 3407 3832 patefacta

145 3854 293 3911 Jesus
337 3873 443 3912 non
491 3857 810 3926 dedignatur
861 3858 1079 3913 humilis
1107 3867 1162 3914 et
1189 3860 1402 3928 quietus
1427 3861 1494 3915 ad
1522 3863 1717 3916 servuli

148 3946 225 3998 sui
254 3945 574 4015 baptismum
623 3960 935 4022 properare.
967 3945 1075 4002 Sed
1102 3948 1230 4016 quid
1254 3949 1448 4002 mirum
1473 3950 1540 4003 de
1563 3965 1718 4003 man-

147 4035 420 4090 suetudine
449 4035 766 4100 Salvatoris,
784 4037 910 4091 sise
929 4037 1208 4106 praphetaa
1235 4039 1347 4093 suis
1362 4039 1606 4095 manibus
1635 4040 1718 4094 in-

148 4121 378 4189 clinavit,
418 4125 513 4193 qui
539 4139 599 4178 se
627 4124 695 4178 ab
721 4125 951 4180 inimicis
996 4126 1107 4181 suis
1133 4141 1321 4196 passus
1341 4135 1424 4182 est
1444 4127 1722 4196 cruciﬁgi?

150 4212 262 4279 Quo
301 4222 626 4284 properante
656 4215 722 4270 ad
769 4215 1008 4281 ﬂuvium,
1041 4217 1203 4272 talem
1232 4217 1466 4273 Joannes
1493 4219 1724 4274 circum-

149 4305 406 4358 stantibus
435 4305 605 4359 turbis
647 4307 824 4375 erupit
865 4307 923 4360 in
962 4322 1186 4362 vocem:
1232 4308 1368 4362 Ecce
1391 4309 1566 4380 Agnus
1604 4309 1721 4377 Dei,

151 4406 260 4444 ecce
277 4393 362 4462 qui
391 4394 524 4447 tollit
545 4404 757 4464 peccata
778 4396 958 4448 mundi
981 4395 1159 4465 (Joan.
1183 4397 1242 4466 ι).
1275 4396 1390 4453 Hoc
1414 4406 1496 4453 est
1515 4400 1724 4456 dicere:

152 4477 366 4535 Cessate
389 4482 521 4549 jam,
567 4491 776 4536 cessate
815 4497 848 4536 a
868 4483 1135 4553 baptismo
1161 4501 1301 4552 meo,
1326 4501 1434 4556 quo
1459 4488 1728 4556 poeniten—

154 4569 223 4622 tia
239 4571 556 4640 snscipitur:
579 4587 708 4628 ecce
729 4572 991 4642 Baptista,
1017 4589 1114 4644 per
1139 4590 1300 4644 quem
1321 4578 1546 4634 crimina
1561 4577 1732 4633 dimit-

156 4667 352 4714 tuntur.
385 4659 622 4716 Desinite
653 4663 876 4718 ulterius
904 4678 936 4718 a
963 4680 1224 4721 conservo
1252 4675 1433 4722 vestro
1468 4668 1730 4739 baptizari

1823 3858 1894 3912 sit
1916 3857 2104 3925 gratia,
2138 3871 2300 3926 quam
2328 3855 2510 3910 subtili
2538 3864 2880 3910 sacramento
2908 3855 3141 3908 Trinitas
3167 3870 3226 3909 se
3247 3855 3407 3911 hodie

1821 3946 2027 4002 homini
2063 3946 2342 3999 revelavit.
2393 3944 2550 4000 Pater
2571 3945 2713 3999 enim
2743 3943 2958 3998 auditur
2987 3945 3040 3998 in
3064 3960 3220 4007 voce,
3243 3942 3409 4009 Filius

1825 4037 2195 4092 manifestatur
2223 4036 2275 4090 in
2317 4036 2550 4100 homine,
2580 4033 2811 4104 Spiritus
2838 4042 3056 4090 sanctus
3081 4034 3411 4102 dignoscitur

1827 4130 1880 4183 in
1907 4128 2172 4183 columba.
2207 4126 2378 4194 Quam
2406 4123 2631 4181 miriﬁco
2660 4133 2839 4183 autem
2874 4126 3130 4196 mysterio
3152 4125 3413 4183 Dominus

1830 4230 2012 4276 noster
2032 4220 2184 4274 Jesus
2204 4219 2468 4285 Christus,
2481 4220 2566 4274 vel
2589 4227 2735 4274 tactu
2755 4219 2999 4288 corporis
3022 4219 3126 4286 sui,
3141 4218 3224 4273 vel
3246 4225 3415 4276 trans-

1831 4311 2139 4378 itu-glorias
2182 4325 2292 4364 sua:
2340 4325 2554 4364 omnem
2601 4309 2668 4364 ad
2724 4316 3054 4368 momentum
3108 4306 3411 4364 creaturam

1830 4401 2147 4467 sanctiﬁcat,
2175 4399 2410 4454 viviticat
2438 4407 2493 4453 et
2539 4400 2807 4464 illustrat;
2851 4413 3016 4470 aquas
3044 4399 3187 4454 enim
3221 4413 3414 4454 conse-

1831 4500 1966 4557 crat,
2016 4492 2141 4546 dum
2168 4491 2503 4561 baptizatur;
2536 4499 2734 4546 terram
2756 4490 3071 4547 sanctiﬁcat.
3103 4490 3229 4543 deum
3258 4503 3417 4559 sepe-

1833 4584 1993 4649 litur;
2043 4590 2286 4637 mortuos
2313 4583 2554 4645 suscitat,
2587 4581 2712 4634 dum
2740 4580 2996 4647 resurgit;
3031 4579 3272 4633 coelestia
3301 4580 3416 4647 glo-

1837 4669 2030 4736 riﬁcat,
2056 4671 2182 4726 dum
2207 4671 2446 4726 ascendit
2476 4670 2541 4725 ad
2563 4661 2778 4734 emtum.
2809 4678 2864 4725 et
2887 4670 3037 4726 sedet
3055 4668 3123 4723 ad
3142 4669 3417 4726 dexteram

155 4751 287 4807 velle
318 4771 330 4804 :
363 4766 600 4822 praesens
619 4761 703 4808 est
727 4753 984 4810 Dominus
1013 4755 1253 4810 omnium
1285 4765 1614 4821 nostrorum.
1639 4753 1732 4829 qui
1765 4754 1813 4813 D
1838 4757 1932 4814 Dei
1965 4758 2137 4815 Patris
2169 4769 2215 4814 °.

1511 4870 1742 4925 EADEM
1780 4871 2086 4927 HOHILIA.

1208 4974 1291 5018 ΒΧ
1320 4975 1545 5019 οουιοιι
1579 4975 1732 5022 οιω
1757 4973 1979 5027 ΣΔἌςἸἸ
2008 4981 2343 5025 ΒΔιΙίΔΤΙΙ.

219 5071 353 5135 Etsi,
396 5071 606 5136 fratres,
637 5072 1037 5143 deveneranda
1058 5075 1337 5143 praesentis
1363 5076 1472 5130 diei
1527 5080 1726 5132 solem-

155 5142 320 5213 nitate
343 5151 588 5196 veterum
637 5140 856 5213 Patrum
875 5145 1022 5198 varia
1041 5140 1116 5198 sit
1143 5152 1307 5213 atque
1327 5144 1540 5200 diversa
1571 5147 1732 5200 tradi-

155 5212 250 5274 tio,
310 5226 420 5264 una
460 5219 644 5276 tamen
683 5212 747 5273 in
792 5213 1041 5273 omnibus
1065 5212 1620 5270 sincerardevotionis
1646 5224 1730 5272 est

223 5329 249 5357 ι
280 5319 476 5394 Codex
504 5319 689 5394 Ya_tic._
725 5318 880 5385 1267,
927 5321 1076 5394 Quod
1120 5338 1269 5393 aqua
1295 5323 1740 5394 transformamur

155 5391 207 5442 in
244 5391 422 5512 amamus
451 5390 715 5460 religionis
740 5390 1261 5462 nostraaesignatur
1287 5390 1576 5458 arcanum;
1601 5392 1738 5464 quod

157 5475 291 5512 uero.
314 5473 350 5511 e
411 5497 424 5509 .

157 5475 291 5524 uero,
314 5473 424 5512 etc.

225 5527 262 5601 b_
278 5528 427 5601 Idem
447 5526 570 5581 cod.
593 5525 880 5601 parent"
907 5529 1194 5601 ςριῃιιιεὺαι
1209 5543 1332 5601 ergo
1356 5530 1429 5583 ad
1457 5529 1738 5587 Jerdanem

453 5603 563 5670 etc.
751 5595 874 5670 Vat.
907 5593 1073 5666 1261,
1087 5593 1304 5670 μοι·υὰ
1331 5607 1462 5659 esset
1482 5608 1592 5660 tam
1620 5617 1737 5655 sce-

161 5665 332 5749 ιινιξεὲρ
362 5663 564 5749 sui???
591 5665 948 5749 ιίωενάέξέιςε
968 5663 1160 5749 etde.»
1191 5677 1298 5749 eis.

233 5744 254 5772 °
282 5732 418 5790 Cod.
444 5731 570 5787 Vat.
593 5730 731 5785 495i
757 5730 958 5790 omittit
984 5738 1104 5796 ιιωο
1124 5730 1416 5810 Scriptum:
1444 5738 1624 5796 verba.

447 5825 721 5887 Ριτιοι..
767 5824 957 5889 LVII.

1837 5078 1989 5135 ﬁdes.
2009 5080 2283 5163 "Quiamvis
2326 5082 2470 5136 enim
2500 5083 2714 5163 quidam
2752 5082 3300 5163 Dominumgnostrum
3321 5086 3419 5163 _Je-

1839 5164 1960 5221 sum
2005 5148 2280 5221 Christum
2330 5167 2360 5205 a
2401 5148 2739 5221 venientibus
2782 5154 2850 5207 ab
2890 5151 3108 5208 Oriente
3133 5154 3300 5221 magis
3321 5155 3420 5208 hn-

1837 5218 2022 5274 dierna
2051 5220 2137 5275 die
2158 5220 2385 5274 credant
2412 5219 2575 5277 fuisse
2599 5220 2902 5291 ademtam,
2927 5233 3174 5277 asseram
3198 5218 3287 5278 alii
3323 5225 3423 5280 hac

1914 5323 1941 5362 ά
1972 5323 2117 5401 Idem
2145 5327 2265 5401 cod.
2294 5326 2575 5401 Laurent,
2601 5332 2655 5383 in
2681 5330 2989 5401 baptismate
3017 5329 3229 5386 Domini
3258 5335 3422 5388 nostri

1843 5392 2180 5466 Jesu‘Christi
2204 5399 2482 5466 patefacta,
2515 5407 2619 5454 etc.

1919 5473 1954 5544 ξ’Δ
1972 5462 2116 5544 Idem
2300 5462 2637 5544 Vatic.'at_idit
2657 5487 2772 5524 cum
2792 5487 2892 5544 quo
2909 5471 3046 5544 sivit,
3071 5481 3121 5526 et
3142 5480 3338 5544 regnat
3353 5474 3423 5544 in

1844 5535 2046 5621 unitate
2061 5534 2287 5621 Spiril'ttt
2308 5539 2472 5621 sancti
2514 5537 2653 5594 Deus
2679 5558 2772 5621 per
2797 5534 2972 5621 omnia
2993 5534 3184 5595 sarcula
3204 5534 3420 5596 saculo-

1846 5619 1980 5684 rum.
2006 5601 2423 5684 ἈπιξηκΕοᾱειιι
2444 5608 2560 5662 hare
2588 5601 2852 5684 recidunt,
2873 5617 3038 5682 atque
3068 5627 3131 5666 ea
3155 5626 3276 5684 qua:
3304 5626 3417 5663 con.

1847 5673 2086 5729 tinentur
2109 5670 2243 5730 Cod.
2270 5679 2440 5733 casin.
2464 5693 2614 5734 num.
2650 5678 2767 5735 I06.

3077 5837 3161 5898 10
