  <div class='ocr_page' id='page_1' title='image "/cluster/home/n/w/nwhite01/storage/ocr_20150623/57/uva.x000827099/155.png"; bbox 0 0 3924 6232; ppageno 0'>
   <div class='ocr_carea' id='block_1_1' title="bbox 520 334 622 390">
    <p class='ocr_par' dir='ltr' id='par_1_1' title="bbox 520 334 622 390">
     <span class='ocr_line' id='line_1_1' title="bbox 520 334 622 390; baseline -0.02 0"><span class='ocrx_word' id='word_1_1' title='bbox 520 334 622 390; x_wconf 73' lang='lat'><strong>305</strong></span> 
     </span>
    </p>
   </div>
   <div class='ocr_carea' id='block_1_2' title="bbox 1739 338 2560 403">
    <p class='ocr_par' dir='ltr' id='par_1_2' title="bbox 1739 338 2560 403">
     <span class='ocr_line' id='line_1_2' title="bbox 1739 338 2560 403; baseline 0.01 -9"><span class='ocrx_word' id='word_1_2' title='bbox 1739 338 1794 395; x_wconf 89' lang='lat' dir='ltr'><strong>S.</strong></span> <span class='ocrx_word' id='word_1_3' title='bbox 1836 340 2077 396; x_wconf 73' lang='lat' dir='ltr'><strong>MAXIMI</strong></span> <span class='ocrx_word' id='word_1_4' title='bbox 2116 344 2155 397; x_wconf 88' lang='grc' dir='ltr'>Τ</span> <span class='ocrx_word' id='word_1_5' title='bbox 2162 343 2560 403; x_wconf 73' lang='lat' dir='ltr'><strong>AURINENSIS</strong></span> 
     </span>
    </p>
   </div>
   <div class='ocr_carea' id='block_1_3' title="bbox 3665 355 3763 412">
    <p class='ocr_par' dir='ltr' id='par_1_3' title="bbox 3665 355 3763 412">
     <span class='ocr_line' id='line_1_3' title="bbox 3665 355 3763 412; baseline -0.031 0"><span class='ocrx_word' id='word_1_6' title='bbox 3665 355 3763 412; x_wconf 73' lang='lat' dir='ltr'><strong>3M</strong></span> 
     </span>
    </p>
   </div>
   <div class='ocr_carea' id='block_1_4' title="bbox 518 445 3767 533">
    <p class='ocr_par' dir='ltr' id='par_1_4' title="bbox 518 445 3767 533">
     <span class='ocr_line' id='line_1_4' title="bbox 518 445 3767 533; baseline 0.005 -31"><span class='ocrx_word' id='word_1_7' title='bbox 518 449 740 517; x_wconf 82' lang='lat' dir='ltr'><strong>jejunat,</strong></span> <span class='ocrx_word' id='word_1_8' title='bbox 762 446 855 501; x_wconf 85' lang='lat' dir='ltr'><strong>sed</strong></span> <span class='ocrx_word' id='word_1_9' title='bbox 879 445 1202 512; x_wconf 82' lang='lat' dir='ltr'><strong>hominibus,</strong></span> <span class='ocrx_word' id='word_1_10' title='bbox 1232 447 1536 516; x_wconf 79' lang='lat' dir='ltr'><strong>quicunque</strong></span> <span class='ocrx_word' id='word_1_11' title='bbox 1570 449 1928 506; x_wconf 72' lang='lat' dir='ltr'><strong>ostentatione</strong></span> <span class='ocrx_word' id='word_1_12' title='bbox 1952 450 2090 518; x_wconf 80' lang='lat' dir='ltr'><strong>jcju—</strong></span> <span class='ocrx_word' id='word_1_13' title='bbox 2119 460 2164 515; x_wconf 80' lang='grc' dir='ltr'>Α</span> <span class='ocrx_word' id='word_1_14' title='bbox 2193 453 2398 521; x_wconf 86' lang='lat' dir='ltr'><strong>glosuni</strong></span> <span class='ocrx_word' id='word_1_15' title='bbox 2438 455 2699 522; x_wconf 77' lang='lat' dir='ltr'><strong>jejunium</strong></span> <span class='ocrx_word' id='word_1_16' title='bbox 2735 464 2931 512; x_wconf 73' lang='lat' dir='ltr'><strong>sancta:</strong></span> <span class='ocrx_word' id='word_1_17' title='bbox 2975 460 3327 528; x_wconf 70' lang='lat' dir='ltr'><strong>eleemosyuaa</strong></span> <span class='ocrx_word' id='word_1_18' title='bbox 3364 459 3610 517; x_wconf 77' lang='lat' dir='ltr'><strong>ubertate</strong></span> <span class='ocrx_word' id='word_1_19' title='bbox 3649 465 3767 533; x_wconf 75' lang='lat' dir='ltr'><strong>pin-</strong></span> 
     </span>
    </p>
   </div>
   <div class='ocr_carea' id='block_1_5' title="bbox 521 536 2092 604">
    <p class='ocr_par' dir='ltr' id='par_1_5' title="bbox 521 536 2092 604">
     <span class='ocr_line' id='line_1_5' title="bbox 521 536 2092 604; baseline 0.002 -12"><span class='ocrx_word' id='word_1_20' title='bbox 521 539 594 592; x_wconf 89' lang='lat' dir='ltr'><strong>iiii</strong></span> <span class='ocrx_word' id='word_1_21' title='bbox 621 537 703 591; x_wconf 90' lang='lat' dir='ltr'><strong>sui</strong></span> <span class='ocrx_word' id='word_1_22' title='bbox 731 536 956 604; x_wconf 76' lang='lat' dir='ltr'><strong>gloriam</strong></span> <span class='ocrx_word' id='word_1_23' title='bbox 988 537 1213 604; x_wconf 81' lang='lat' dir='ltr'><strong>requirit</strong></span> <span class='ocrx_word' id='word_1_24' title='bbox 1239 536 1548 591; x_wconf 85' lang='lat' dir='ltr'><strong>humanam.</strong></span> <span class='ocrx_word' id='word_1_25' title='bbox 1584 536 1954 594; x_wconf 85' lang='lat' dir='ltr'><strong>Externiiiiant</strong></span> <span class='ocrx_word' id='word_1_26' title='bbox 1995 556 2092 595; x_wconf 89' lang='lat' dir='ltr'><strong>au-</strong></span> 
     </span>
    </p>
   </div>
   <div class='ocr_carea' id='block_1_6' title="bbox 520 627 2093 697">
    <p class='ocr_par' dir='ltr' id='par_1_6' title="bbox 520 627 2093 697">
     <span class='ocr_line' id='line_1_6' title="bbox 520 627 2093 697; baseline 0.002 -17"><span class='ocrx_word' id='word_1_27' title='bbox 520 636 629 682; x_wconf 89' lang='lat' dir='ltr'><strong>tem</strong></span> <span class='ocrx_word' id='word_1_28' title='bbox 653 627 817 681; x_wconf 91' lang='lat' dir='ltr'><strong>facies</strong></span> <span class='ocrx_word' id='word_1_29' title='bbox 833 641 978 692; x_wconf 88' lang='lat' dir='ltr'><strong>suas,</strong></span> <span class='ocrx_word' id='word_1_30' title='bbox 1001 627 1092 696; x_wconf 87' lang='lat' dir='ltr'><strong>qui</strong></span> <span class='ocrx_word' id='word_1_31' title='bbox 1113 643 1344 681; x_wconf 73' lang='lat' dir='ltr'><strong>interere</strong></span> <span class='ocrx_word' id='word_1_32' title='bbox 1371 628 1619 682; x_wconf 91' lang='lat' dir='ltr'><strong>simulato</strong></span> <span class='ocrx_word' id='word_1_33' title='bbox 1641 629 1949 697; x_wconf 88' lang='lat' dir='ltr'><strong>religiosum</strong></span> <span class='ocrx_word' id='word_1_34' title='bbox 1972 632 2093 683; x_wconf 88' lang='lat' dir='ltr'><strong>vul-</strong></span> 
     </span>
    </p>
   </div>
   <div class='ocr_carea' id='block_1_7' title="bbox 519 717 2092 786">
    <p class='ocr_par' dir='ltr' id='par_1_7' title="bbox 519 717 2092 786">
     <span class='ocr_line' id='line_1_7' title="bbox 519 717 2092 786; baseline 0.003 -16"><span class='ocrx_word' id='word_1_35' title='bbox 519 726 633 772; x_wconf 90' lang='lat' dir='ltr'><strong>tum</strong></span> <span class='ocrx_word' id='word_1_36' title='bbox 677 717 992 786; x_wconf 91' lang='lat' dir='ltr'><strong>populorum</strong></span> <span class='ocrx_word' id='word_1_37' title='bbox 1036 717 1206 771; x_wconf 88' lang='lat' dir='ltr'><strong>oculis</strong></span> <span class='ocrx_word' id='word_1_38' title='bbox 1233 719 1562 772; x_wconf 80' lang='lat' dir='ltr'><strong>mentiuntur</strong></span> <span class='ocrx_word' id='word_1_39' title='bbox 1595 737 1608 771; x_wconf 86' lang='lat'><strong>:</strong></span> <span class='ocrx_word' id='word_1_40' title='bbox 1641 734 1750 774; x_wconf 91' lang='lat' dir='ltr'><strong>non</strong></span> <span class='ocrx_word' id='word_1_41' title='bbox 1791 719 1903 775; x_wconf 87' lang='lat' dir='ltr'><strong>vult</strong></span> <span class='ocrx_word' id='word_1_42' title='bbox 1950 722 2092 775; x_wconf 91' lang='lat' dir='ltr'><strong>enim</strong></span> 
     </span>
    </p>
   </div>
   <div class='ocr_carea' id='block_1_8' title="bbox 517 807 2094 879">
    <p class='ocr_par' dir='ltr' id='par_1_8' title="bbox 517 807 2094 879">
     <span class='ocr_line' id='line_1_8' title="bbox 517 807 2094 879; baseline 0.003 -18"><span class='ocrx_word' id='word_1_43' title='bbox 517 807 807 876; x_wconf 70' lang='lat' dir='ltr'><strong>disciplinac</strong></span> <span class='ocrx_word' id='word_1_44' title='bbox 832 807 1066 862; x_wconf 78' lang='lat' dir='ltr'><strong>caelestis</strong></span> <span class='ocrx_word' id='word_1_45' title='bbox 1090 808 1342 876; x_wconf 76' lang='lat' dir='ltr'><strong>magister</strong></span> <span class='ocrx_word' id='word_1_46' title='bbox 1372 808 1668 875; x_wconf 90' lang='lat' dir='ltr'><strong>irreligiose</strong></span> <span class='ocrx_word' id='word_1_47' title='bbox 1696 812 1780 879; x_wconf 86' lang='lat' dir='ltr'><strong>agi</strong></span> <span class='ocrx_word' id='word_1_48' title='bbox 1807 812 1950 879; x_wconf 91' lang='lat' dir='ltr'><strong>quod</strong></span> <span class='ocrx_word' id='word_1_49' title='bbox 1981 813 2094 867; x_wconf 84' lang='lat' dir='ltr'><strong>tieri</strong></span> 
     </span>
    </p>
   </div>
   <div class='ocr_carea' id='block_1_9' title="bbox 518 895 2095 966">
    <p class='ocr_par' dir='ltr' id='par_1_9' title="bbox 518 895 2095 966">
     <span class='ocr_line' id='line_1_9' title="bbox 518 895 2095 966; baseline 0.004 -17"><span class='ocrx_word' id='word_1_50' title='bbox 518 895 617 966; x_wconf 78' lang='lat' dir='ltr'><strong>pro</strong></span> <span class='ocrx_word' id='word_1_51' title='bbox 641 897 902 965; x_wconf 87' lang='lat' dir='ltr'><strong>religione</strong></span> <span class='ocrx_word' id='word_1_52' title='bbox 926 897 1262 966; x_wconf 56' lang='lat' dir='ltr'><strong>praecipitur;</strong></span> <span class='ocrx_word' id='word_1_53' title='bbox 1295 911 1398 951; x_wconf 90' lang='lat' dir='ltr'><strong>nec</strong></span> <span class='ocrx_word' id='word_1_54' title='bbox 1420 900 1623 966; x_wconf 89' lang='lat' dir='ltr'><strong>patitur</strong></span> <span class='ocrx_word' id='word_1_55' title='bbox 1651 899 2011 955; x_wconf 87' lang='lat' dir='ltr'><strong>invocantiqu</strong></span> <span class='ocrx_word' id='word_1_56' title='bbox 2036 916 2095 955; x_wconf 90' lang='lat' dir='ltr'><strong>se</strong></span> 
     </span>
    </p>
   </div>
   <div class='ocr_carea' id='block_1_10' title="bbox 517 987 2095 1056">
    <p class='ocr_par' dir='ltr' id='par_1_10' title="bbox 517 987 2095 1056">
     <span class='ocr_line' id='line_1_10' title="bbox 517 987 2095 1056; baseline 0.003 -16"><span class='ocrx_word' id='word_1_57' title='bbox 517 987 778 1053; x_wconf 86' lang='lat' dir='ltr'><strong>laborem,</strong></span> <span class='ocrx_word' id='word_1_58' title='bbox 801 989 996 1056; x_wconf 84' lang='lat' dir='ltr'><strong>quibus</strong></span> <span class='ocrx_word' id='word_1_59' title='bbox 1015 995 1266 1042; x_wconf 58' lang='lat' dir='ltr'><strong>aeternam</strong></span> <span class='ocrx_word' id='word_1_60' title='bbox 1287 995 1440 1056; x_wconf 90' lang='lat' dir='ltr'><strong>parat</strong></span> <span class='ocrx_word' id='word_1_61' title='bbox 1461 988 1781 1054; x_wconf 85' lang='lat' dir='ltr'><strong>mercedem,</strong></span> <span class='ocrx_word' id='word_1_62' title='bbox 1804 989 2095 1044; x_wconf 88' lang='lat' dir='ltr'><strong>infructuo-</strong></span> 
     </span>
    </p>
   </div>
   <div class='ocr_carea' id='block_1_11' title="bbox 517 1075 2094 1146">
    <p class='ocr_par' dir='ltr' id='par_1_11' title="bbox 517 1075 2094 1146">
     <span class='ocr_line' id='line_1_11' title="bbox 517 1075 2094 1146; baseline 0.001 -15"><span class='ocrx_word' id='word_1_63' title='bbox 517 1091 592 1131; x_wconf 71' lang='lat' dir='ltr'><strong>sa:</strong></span> <span class='ocrx_word' id='word_1_64' title='bbox 613 1077 889 1146; x_wconf 72' lang='lat' dir='ltr'><strong>jactantiaa</strong></span> <span class='ocrx_word' id='word_1_65' title='bbox 916 1076 1047 1130; x_wconf 82' lang='lat' dir='ltr'><strong>vitio</strong></span> <span class='ocrx_word' id='word_1_66' title='bbox 1076 1075 1340 1144; x_wconf 86' lang='lat' dir='ltr'><strong>deperire.</strong></span> <span class='ocrx_word' id='word_1_67' title='bbox 1387 1075 1508 1130; x_wconf 82' lang='lat' dir='ltr'><strong>Non</strong></span> <span class='ocrx_word' id='word_1_68' title='bbox 1539 1078 1700 1140; x_wconf 85' lang='lat' dir='ltr'><strong>eritis,</strong></span> <span class='ocrx_word' id='word_1_69' title='bbox 1744 1078 1932 1146; x_wconf 85' lang='lat' dir='ltr'><strong>inquit,</strong></span> <span class='ocrx_word' id='word_1_70' title='bbox 1965 1080 2094 1132; x_wconf 91' lang='lat' dir='ltr'><strong>sicut</strong></span> 
     </span>
    </p>
   </div>
   <div class='ocr_carea' id='block_1_12' title="bbox 517 1165 2091 1238">
    <p class='ocr_par' dir='ltr' id='par_1_12' title="bbox 517 1165 2091 1238">
     <span class='ocr_line' id='line_1_12' title="bbox 517 1165 2091 1238; baseline 0.002 -18"><span class='ocrx_word' id='word_1_71' title='bbox 517 1169 818 1238; x_wconf 65' lang='lat' dir='ltr'><strong>hypocrita,</strong></span> <span class='ocrx_word' id='word_1_72' title='bbox 843 1169 1034 1222; x_wconf 88' lang='lat' dir='ltr'><strong>tristes.</strong></span> <span class='ocrx_word' id='word_1_73' title='bbox 1075 1165 1132 1222; x_wconf 91' lang='lat' dir='ltr'><strong>Si</strong></span> <span class='ocrx_word' id='word_1_74' title='bbox 1161 1167 1303 1221; x_wconf 89' lang='lat' dir='ltr'><strong>enim</strong></span> <span class='ocrx_word' id='word_1_75' title='bbox 1336 1181 1462 1221; x_wconf 85' lang='lat' dir='ltr'><strong>vere</strong></span> <span class='ocrx_word' id='word_1_76' title='bbox 1491 1175 1710 1222; x_wconf 75' lang='lat' dir='ltr'><strong>incestus</strong></span> <span class='ocrx_word' id='word_1_77' title='bbox 1737 1172 1791 1221; x_wconf 90' lang='lat' dir='ltr'><strong>ct</strong></span> <span class='ocrx_word' id='word_1_78' title='bbox 1821 1168 1985 1222; x_wconf 79' lang='lat' dir='ltr'><strong>tristis</strong></span> <span class='ocrx_word' id='word_1_79' title='bbox 2013 1183 2091 1234; x_wconf 88' lang='lat' dir='ltr'><strong>es,</strong></span> 
     </span>
    </p>
   </div>
   <div class='ocr_carea' id='block_1_13' title="bbox 517 1256 2090 1329">
    <p class='ocr_par' dir='ltr' id='par_1_13' title="bbox 517 1256 2090 1329">
     <span class='ocr_line' id='line_1_13' title="bbox 517 1256 2090 1329; baseline -0.001 -16"><span class='ocrx_word' id='word_1_80' title='bbox 517 1260 642 1327; x_wconf 86' lang='lat' dir='ltr'><strong>quia</strong></span> <span class='ocrx_word' id='word_1_81' title='bbox 659 1258 887 1328; x_wconf 88' lang='lat' dir='ltr'><strong>jejunas,</strong></span> <span class='ocrx_word' id='word_1_82' title='bbox 918 1257 1074 1329; x_wconf 61' lang='lat'><strong>105.</strong></span> <span class='ocrx_word' id='word_1_83' title='bbox 1094 1257 1288 1311; x_wconf 90' lang='lat' dir='ltr'><strong>nullam</strong></span> <span class='ocrx_word' id='word_1_84' title='bbox 1312 1256 1404 1311; x_wconf 86' lang='lat' dir='ltr'><strong>tibi</strong></span> <span class='ocrx_word' id='word_1_85' title='bbox 1429 1267 1486 1311; x_wconf 92' lang='lat' dir='ltr'><strong>ut</strong></span> <span class='ocrx_word' id='word_1_86' title='bbox 1508 1258 1746 1325; x_wconf 85' lang='lat' dir='ltr'><strong>ingratus</strong></span> <span class='ocrx_word' id='word_1_87' title='bbox 1765 1258 1903 1326; x_wconf 89' lang='lat' dir='ltr'><strong>apud</strong></span> <span class='ocrx_word' id='word_1_88' title='bbox 1924 1257 2090 1312; x_wconf 91' lang='lat' dir='ltr'><strong>Deum</strong></span> 
     </span>
    </p>
   </div>
   <div class='ocr_carea' id='block_1_14' title="bbox 517 1345 2091 1417">
    <p class='ocr_par' dir='ltr' id='par_1_14' title="bbox 517 1345 2091 1417">
     <span class='ocr_line' id='line_1_14' title="bbox 517 1345 2091 1417; baseline 0 -16"><span class='ocrx_word' id='word_1_89' title='bbox 517 1349 744 1417; x_wconf 78' lang='lat' dir='ltr'><strong>gratiam</strong></span> <span class='ocrx_word' id='word_1_90' title='bbox 785 1348 1088 1402; x_wconf 87' lang='lat' dir='ltr'><strong>reservabis</strong></span> <span class='ocrx_word' id='word_1_91' title='bbox 1119 1364 1131 1400; x_wconf 89' lang='lat'><strong>:</strong></span> <span class='ocrx_word' id='word_1_92' title='bbox 1162 1346 1286 1416; x_wconf 89' lang='lat' dir='ltr'><strong>quia</strong></span> <span class='ocrx_word' id='word_1_93' title='bbox 1327 1347 1570 1413; x_wconf 85' lang='lat' dir='ltr'><strong>quamvis</strong></span> <span class='ocrx_word' id='word_1_94' title='bbox 1610 1361 1746 1416; x_wconf 90' lang='lat' dir='ltr'><strong>opus</strong></span> <span class='ocrx_word' id='word_1_95' title='bbox 1785 1345 1950 1401; x_wconf 89' lang='lat' dir='ltr'><strong>facias</strong></span> <span class='ocrx_word' id='word_1_96' title='bbox 1995 1347 2091 1401; x_wconf 86' lang='lat' dir='ltr'><strong>b0-</strong></span> 
     </span>
    </p>
   </div>
   <div class='ocr_carea' id='block_1_15' title="bbox 517 1435 2092 1508">
    <p class='ocr_par' dir='ltr' id='par_1_15' title="bbox 517 1435 2092 1508">
     <span class='ocr_line' id='line_1_15' title="bbox 517 1435 2092 1508; baseline -0.001 -16"><span class='ocrx_word' id='word_1_97' title='bbox 517 1454 666 1503; x_wconf 85' lang='lat' dir='ltr'><strong>num,</strong></span> <span class='ocrx_word' id='word_1_98' title='bbox 687 1438 1005 1508; x_wconf 83' lang='lat' dir='ltr'><strong>pravitatem</strong></span> <span class='ocrx_word' id='word_1_99' title='bbox 1042 1445 1218 1490; x_wconf 87' lang='lat' dir='ltr'><strong>tamen</strong></span> <span class='ocrx_word' id='word_1_100' title='bbox 1248 1435 1527 1503; x_wconf 84' lang='lat' dir='ltr'><strong>degeneris</strong></span> <span class='ocrx_word' id='word_1_101' title='bbox 1553 1436 1713 1489; x_wconf 89' lang='lat' dir='ltr'><strong>animi</strong></span> <span class='ocrx_word' id='word_1_102' title='bbox 1744 1435 1939 1490; x_wconf 85' lang='lat' dir='ltr'><strong>invitus</strong></span> <span class='ocrx_word' id='word_1_103' title='bbox 1960 1451 2092 1506; x_wconf 60' lang='lat' dir='ltr'><strong>opc~</strong></span> 
     </span>
    </p>
   </div>
   <div class='ocr_carea' id='block_1_16' title="bbox 516 1524 2089 1595">
    <p class='ocr_par' dir='ltr' id='par_1_16' title="bbox 516 1524 2089 1595">
     <span class='ocr_line' id='line_1_16' title="bbox 516 1524 2089 1595; baseline -0.003 -13"><span class='ocrx_word' id='word_1_104' title='bbox 516 1530 670 1585; x_wconf 87' lang='lat' dir='ltr'><strong>raris.</strong></span> <span class='ocrx_word' id='word_1_105' title='bbox 694 1528 751 1582; x_wconf 92' lang='lat' dir='ltr'><strong>Si</strong></span> <span class='ocrx_word' id='word_1_106' title='bbox 779 1536 958 1582; x_wconf 88' lang='lat' dir='ltr'><strong>autem</strong></span> <span class='ocrx_word' id='word_1_107' title='bbox 978 1541 1077 1595; x_wconf 89' lang='lat' dir='ltr'><strong>pro</strong></span> <span class='ocrx_word' id='word_1_108' title='bbox 1105 1524 1335 1593; x_wconf 90' lang='lat' dir='ltr'><strong>quadam</strong></span> <span class='ocrx_word' id='word_1_109' title='bbox 1364 1525 1659 1579; x_wconf 73' lang='lat' dir='ltr'><strong>sanctitatis</strong></span> <span class='ocrx_word' id='word_1_110' title='bbox 1680 1524 1910 1593; x_wconf 79' lang='lat' dir='ltr'><strong>imagine</strong></span> <span class='ocrx_word' id='word_1_111' title='bbox 1929 1525 2089 1578; x_wconf 86' lang='lat' dir='ltr'><strong>tristi-</strong></span> 
     </span>
    </p>
   </div>
   <div class='ocr_carea' id='block_1_17' title="bbox 515 1614 2090 1684">
    <p class='ocr_par' dir='ltr' id='par_1_17' title="bbox 515 1614 2090 1684">
     <span class='ocr_line' id='line_1_17' title="bbox 515 1614 2090 1684; baseline -0.004 -10"><span class='ocrx_word' id='word_1_112' title='bbox 515 1619 648 1674; x_wconf 81' lang='lat' dir='ltr'><strong>tiam</strong></span> <span class='ocrx_word' id='word_1_113' title='bbox 688 1617 928 1682; x_wconf 89' lang='lat' dir='ltr'><strong>simulas,</strong></span> <span class='ocrx_word' id='word_1_114' title='bbox 959 1629 1173 1670; x_wconf 91' lang='lat' dir='ltr'><strong>omnem</strong></span> <span class='ocrx_word' id='word_1_115' title='bbox 1215 1616 1441 1668; x_wconf 90' lang='lat' dir='ltr'><strong>fructum</strong></span> <span class='ocrx_word' id='word_1_116' title='bbox 1487 1614 1855 1684; x_wconf 88' lang='lat' dir='ltr'><strong>promissionis</strong></span> <span class='ocrx_word' id='word_1_117' title='bbox 1900 1614 2090 1668; x_wconf 80' lang='lat' dir='ltr'><strong>divina:</strong></span> 
     </span>
    </p>
   </div>
   <div class='ocr_carea' id='block_1_18' title="bbox 515 1702 2090 1776">
    <p class='ocr_par' dir='ltr' id='par_1_18' title="bbox 515 1702 2090 1776">
     <span class='ocr_line' id='line_1_18' title="bbox 515 1702 2090 1776; baseline -0.003 -14"><span class='ocrx_word' id='word_1_118' title='bbox 515 1707 759 1776; x_wconf 87' lang='lat' dir='ltr'><strong>obsequii</strong></span> <span class='ocrx_word' id='word_1_119' title='bbox 786 1706 865 1760; x_wconf 92' lang='lat' dir='ltr'><strong>tui</strong></span> <span class='ocrx_word' id='word_1_120' title='bbox 892 1711 1191 1761; x_wconf 85' lang='lat' dir='ltr'><strong>ostentator</strong></span> <span class='ocrx_word' id='word_1_121' title='bbox 1217 1703 1436 1758; x_wconf 89' lang='lat' dir='ltr'><strong>amittis.</strong></span> <span class='ocrx_word' id='word_1_122' title='bbox 1468 1702 1621 1769; x_wconf 88' lang='lat' dir='ltr'><strong>Quod</strong></span> <span class='ocrx_word' id='word_1_123' title='bbox 1642 1704 1688 1757; x_wconf 88' lang='lat' dir='ltr'><strong>si</strong></span> <span class='ocrx_word' id='word_1_124' title='bbox 1717 1703 1828 1758; x_wconf 90' lang='lat' dir='ltr'><strong>Deo</strong></span> <span class='ocrx_word' id='word_1_125' title='bbox 1857 1702 2090 1759; x_wconf 81' lang='lat' dir='ltr'><strong>cilicium</strong></span> 
     </span>
    </p>
   </div>
   <div class='ocr_carea' id='block_1_19' title="bbox 2195 544 3769 621">
    <p class='ocr_par' dir='ltr' id='par_1_19' title="bbox 2195 544 3769 621">
     <span class='ocr_line' id='line_1_19' title="bbox 2195 544 3769 621; baseline 0.009 -26"><span class='ocrx_word' id='word_1_126' title='bbox 2195 544 2426 609; x_wconf 89' lang='lat' dir='ltr'><strong>guescit;</strong></span> <span class='ocrx_word' id='word_1_127' title='bbox 2461 551 2516 598; x_wconf 88' lang='lat' dir='ltr'><strong>et</strong></span> <span class='ocrx_word' id='word_1_128' title='bbox 2545 544 2589 598; x_wconf 93' lang='lat' dir='ltr'><strong>sl</strong></span> <span class='ocrx_word' id='word_1_129' title='bbox 2632 545 2788 601; x_wconf 85' lang='lat' dir='ltr'><strong>altius</strong></span> <span class='ocrx_word' id='word_1_130' title='bbox 2818 547 3013 614; x_wconf 86' lang='lat' dir='ltr'><strong>aliquid</strong></span> <span class='ocrx_word' id='word_1_131' title='bbox 3047 549 3367 616; x_wconf 84' lang='lat' dir='ltr'><strong>cogitemus,</strong></span> <span class='ocrx_word' id='word_1_132' title='bbox 3409 563 3577 617; x_wconf 81' lang='lat' dir='ltr'><strong>unges</strong></span> <span class='ocrx_word' id='word_1_133' title='bbox 3611 561 3769 621; x_wconf 79' lang='lat' dir='ltr'><strong>caput</strong></span> 
     </span>
    </p>
   </div>
   <div class='ocr_carea' id='block_1_20' title="bbox 2195 633 3768 710">
    <p class='ocr_par' dir='ltr' id='par_1_20' title="bbox 2195 633 3768 710">
     <span class='ocr_line' id='line_1_20' title="bbox 2195 633 3768 710; baseline 0.009 -26"><span class='ocrx_word' id='word_1_134' title='bbox 2195 639 2366 699; x_wconf 89' lang='lat' dir='ltr'><strong>tuum,</strong></span> <span class='ocrx_word' id='word_1_135' title='bbox 2389 633 2533 700; x_wconf 89' lang='lat' dir='ltr'><strong>quod</strong></span> <span class='ocrx_word' id='word_1_136' title='bbox 2553 644 2635 688; x_wconf 92' lang='lat' dir='ltr'><strong>est</strong></span> <span class='ocrx_word' id='word_1_137' title='bbox 2654 633 2915 697; x_wconf 89' lang='lat' dir='ltr'><strong>Christus,</strong></span> <span class='ocrx_word' id='word_1_138' title='bbox 2944 637 2988 690; x_wconf 87' lang='lat' dir='ltr'><strong>si</strong></span> <span class='ocrx_word' id='word_1_139' title='bbox 3016 637 3169 691; x_wconf 91' lang='lat' dir='ltr'><strong>bonis</strong></span> <span class='ocrx_word' id='word_1_140' title='bbox 3197 639 3448 706; x_wconf 87' lang='lat' dir='ltr'><strong>operibus</strong></span> <span class='ocrx_word' id='word_1_141' title='bbox 3479 641 3634 710; x_wconf 77' lang='lat'><strong>105</strong></span> <span class='ocrx_word' id='word_1_142' title='bbox 3663 657 3768 698; x_wconf 88' lang='lat' dir='ltr'><strong>ine-</strong></span> 
     </span>
    </p>
   </div>
   <div class='ocr_carea' id='block_1_21' title="bbox 2196 723 3764 796">
    <p class='ocr_par' dir='ltr' id='par_1_21' title="bbox 2196 723 3764 796">
     <span class='ocr_line' id='line_1_21' title="bbox 2196 723 3764 796; baseline 0.008 -21"><span class='ocrx_word' id='word_1_143' title='bbox 2196 723 2327 777; x_wconf 91' lang='lat' dir='ltr'><strong>liora</strong></span> <span class='ocrx_word' id='word_1_144' title='bbox 2368 725 2712 794; x_wconf 88' lang='lat' dir='ltr'><strong>subjungens,</strong></span> <span class='ocrx_word' id='word_1_145' title='bbox 2756 727 2980 796; x_wconf 85' lang='lat' dir='ltr'><strong>simplici</strong></span> <span class='ocrx_word' id='word_1_146' title='bbox 3025 743 3145 782; x_wconf 91' lang='lat' dir='ltr'><strong>cum</strong></span> <span class='ocrx_word' id='word_1_147' title='bbox 3183 730 3469 786; x_wconf 86' lang='lat' dir='ltr'><strong>devotione</strong></span> <span class='ocrx_word' id='word_1_148' title='bbox 3510 731 3764 788; x_wconf 70' lang='lat' dir='ltr'><strong>lietiﬁoes.</strong></span> 
     </span>
    </p>
   </div>
   <div class='ocr_carea' id='block_1_22' title="bbox 2197 812 3765 888">
    <p class='ocr_par' dir='ltr' id='par_1_22' title="bbox 2197 812 3765 888">
     <span class='ocr_line' id='line_1_22' title="bbox 2197 812 3765 888; baseline 0.007 -24"><span class='ocrx_word' id='word_1_149' title='bbox 2197 812 2420 868; x_wconf 86' lang='lat' dir='ltr'><strong>Lavabis</strong></span> <span class='ocrx_word' id='word_1_150' title='bbox 2450 816 2565 869; x_wconf 90' lang='lat' dir='ltr'><strong>sine</strong></span> <span class='ocrx_word' id='word_1_151' title='bbox 2589 814 2751 870; x_wconf 90' lang='lat' dir='ltr'><strong>dubio</strong></span> <span class='ocrx_word' id='word_1_152' title='bbox 2776 824 2831 871; x_wconf 89' lang='lat' dir='ltr'><strong>et</strong></span> <span class='ocrx_word' id='word_1_153' title='bbox 2866 816 3053 871; x_wconf 84' lang='lat' dir='ltr'><strong>faciem</strong></span> <span class='ocrx_word' id='word_1_154' title='bbox 3083 826 3247 885; x_wconf 91' lang='lat' dir='ltr'><strong>tuain,</strong></span> <span class='ocrx_word' id='word_1_155' title='bbox 3278 828 3439 888; x_wconf 88' lang='lat' dir='ltr'><strong>atque</strong></span> <span class='ocrx_word' id='word_1_156' title='bbox 3471 835 3592 874; x_wconf 81' lang='lat' dir='ltr'><strong>eam</strong></span> <span class='ocrx_word' id='word_1_157' title='bbox 3620 823 3765 874; x_wconf 90' lang='lat' dir='ltr'><strong>omni</strong></span> 
     </span>
    </p>
   </div>
   <div class='ocr_carea' id='block_1_23' title="bbox 2196 905 3767 977">
    <p class='ocr_par' dir='ltr' id='par_1_23' title="bbox 2196 905 3767 977">
     <span class='ocr_line' id='line_1_23' title="bbox 2196 905 3767 977; baseline 0.004 -19"><span class='ocrx_word' id='word_1_158' title='bbox 2196 905 2387 959; x_wconf 64' lang='lat' dir='ltr'><strong>laetitiae</strong></span> <span class='ocrx_word' id='word_1_159' title='bbox 2414 906 2702 961; x_wconf 82' lang='lat' dir='ltr'><strong>serenitate</strong></span> <span class='ocrx_word' id='word_1_160' title='bbox 2725 907 2990 975; x_wconf 84' lang='lat' dir='ltr'><strong>deterges,</strong></span> <span class='ocrx_word' id='word_1_161' title='bbox 3021 909 3066 961; x_wconf 87' lang='lat' dir='ltr'><strong>si</strong></span> <span class='ocrx_word' id='word_1_162' title='bbox 3105 908 3283 962; x_wconf 88' lang='lat' dir='ltr'><strong>divino</strong></span> <span class='ocrx_word' id='word_1_163' title='bbox 3307 909 3595 977; x_wconf 87' lang='lat' dir='ltr'><strong>jucundior</strong></span> <span class='ocrx_word' id='word_1_164' title='bbox 3617 912 3767 965; x_wconf 85' lang='lat' dir='ltr'><strong>cultu</strong></span> 
     </span>
    </p>
   </div>
   <div class='ocr_carea' id='block_1_24' title="bbox 2195 995 3769 1053">
    <p class='ocr_par' dir='ltr' id='par_1_24' title="bbox 2195 995 3769 1053">
     <span class='ocr_line' id='line_1_24' title="bbox 2195 995 3769 1053; baseline 0.003 -5"><span class='ocrx_word' id='word_1_165' title='bbox 2195 996 2389 1050; x_wconf 89' lang='lat' dir='ltr'><strong>nullius</strong></span> <span class='ocrx_word' id='word_1_166' title='bbox 2419 1005 2443 1033; x_wconf 74' lang='grc' dir='ltr'>ι</span> <span class='ocrx_word' id='word_1_167' title='bbox 2472 995 2810 1051; x_wconf 84' lang='lat' dir='ltr'><strong>affectatione</strong></span> <span class='ocrx_word' id='word_1_168' title='bbox 2838 999 3126 1052; x_wconf 89' lang='lat' dir='ltr'><strong>sordescat.</strong></span> <span class='ocrx_word' id='word_1_169' title='bbox 3155 995 3182 1036; x_wconf 74' lang='grc' dir='ltr'>δ</span> <span class='ocrx_word' id='word_1_170' title='bbox 3211 997 3395 1051; x_wconf 87' lang='lat' dir='ltr'><strong>lllotus</strong></span> <span class='ocrx_word' id='word_1_171' title='bbox 3434 1013 3624 1053; x_wconf 89' lang='lat' dir='ltr'><strong>eorum</strong></span> <span class='ocrx_word' id='word_1_172' title='bbox 3657 1001 3769 1052; x_wconf 81' lang='lat' dir='ltr'><strong>vul-</strong></span> 
     </span>
    </p>
   </div>
   <div class='ocr_carea' id='block_1_25' title="bbox 2196 1085 3767 1156">
    <p class='ocr_par' dir='ltr' id='par_1_25' title="bbox 2196 1085 3767 1156">
     <span class='ocr_line' id='line_1_25' title="bbox 2196 1085 3767 1156; baseline 0.003 -18"><span class='ocrx_word' id='word_1_173' title='bbox 2196 1093 2279 1138; x_wconf 90' lang='lat' dir='ltr'><strong>tus</strong></span> <span class='ocrx_word' id='word_1_174' title='bbox 2313 1098 2410 1148; x_wconf 88' lang='lat' dir='ltr'><strong>est,</strong></span> <span class='ocrx_word' id='word_1_175' title='bbox 2441 1086 2534 1156; x_wconf 90' lang='lat' dir='ltr'><strong>qui</strong></span> <span class='ocrx_word' id='word_1_176' title='bbox 2572 1085 2705 1141; x_wconf 86' lang='lat' dir='ltr'><strong>falso</strong></span> <span class='ocrx_word' id='word_1_177' title='bbox 2732 1088 3007 1143; x_wconf 90' lang='lat' dir='ltr'><strong>oculorum</strong></span> <span class='ocrx_word' id='word_1_178' title='bbox 3037 1102 3266 1142; x_wconf 68' lang='lat' dir='ltr'><strong>interere</strong></span> <span class='ocrx_word' id='word_1_179' title='bbox 3309 1089 3574 1156; x_wconf 67' lang='lat' dir='ltr'><strong>pimconia</strong></span> <span class='ocrx_word' id='word_1_180' title='bbox 3610 1105 3767 1142; x_wconf 82' lang='lat' dir='ltr'><strong>mun-</strong></span> 
     </span>
    </p>
   </div>
   <div class='ocr_carea' id='block_1_26' title="bbox 2194 1174 3770 1245">
    <p class='ocr_par' dir='ltr' id='par_1_26' title="bbox 2194 1174 3770 1245">
     <span class='ocr_line' id='line_1_26' title="bbox 2194 1174 3770 1245; baseline 0.003 -18"><span class='ocrx_word' id='word_1_181' title='bbox 2194 1175 2330 1228; x_wconf 89' lang='lat' dir='ltr'><strong>dana</strong></span> <span class='ocrx_word' id='word_1_182' title='bbox 2358 1181 2689 1239; x_wconf 87' lang='lat' dir='ltr'><strong>mercantur;</strong></span> <span class='ocrx_word' id='word_1_183' title='bbox 2723 1185 2744 1213; x_wconf 73' lang='lat'><strong>¢</strong></span> <span class='ocrx_word' id='word_1_184' title='bbox 2785 1190 2922 1243; x_wconf 90' lang='lat' dir='ltr'><strong>quos</strong></span> <span class='ocrx_word' id='word_1_185' title='bbox 2948 1174 3232 1245; x_wconf 82' lang='lat' dir='ltr'><strong>Apostolus</strong></span> <span class='ocrx_word' id='word_1_186' title='bbox 3257 1177 3522 1230; x_wconf 88' lang='lat' dir='ltr'><strong>sententia</strong></span> <span class='ocrx_word' id='word_1_187' title='bbox 3550 1193 3647 1231; x_wconf 66' lang='lat' dir='ltr'><strong>sua</strong></span> <span class='ocrx_word' id='word_1_188' title='bbox 3671 1193 3770 1231; x_wconf 86' lang='lat' dir='ltr'><strong>no—</strong></span> 
     </span>
    </p>
   </div>
   <div class='ocr_carea' id='block_1_27' title="bbox 2194 1262 3764 1334">
    <p class='ocr_par' dir='ltr' id='par_1_27' title="bbox 2194 1262 3764 1334">
     <span class='ocr_line' id='line_1_27' title="bbox 2194 1262 3764 1334; baseline 0.001 -18"><span class='ocrx_word' id='word_1_189' title='bbox 2194 1271 2291 1330; x_wconf 86' lang='lat' dir='ltr'><strong>tat,</strong></span> <span class='ocrx_word' id='word_1_190' title='bbox 2319 1263 2500 1319; x_wconf 90' lang='lat' dir='ltr'><strong>dicens</strong></span> <span class='ocrx_word' id='word_1_191' title='bbox 2529 1282 2542 1316; x_wconf 88' lang='lat'><strong>:</strong></span> <span class='ocrx_word' id='word_1_192' title='bbox 2569 1262 2829 1328; x_wconf 68' lang='lat' dir='ltr'><strong>Quintum</strong></span> <span class='ocrx_word' id='word_1_193' title='bbox 2857 1265 3112 1318; x_wconf 75' lang='lat' dir='ltr'><strong>wstimant</strong></span> <span class='ocrx_word' id='word_1_194' title='bbox 3133 1280 3241 1317; x_wconf 87' lang='lat' dir='ltr'><strong>esse</strong></span> <span class='ocrx_word' id='word_1_195' title='bbox 3273 1266 3513 1334; x_wconf 69' lang='lat' dir='ltr'><strong>pietatem</strong></span> <span class='ocrx_word' id='word_1_196' title='bbox 3543 1263 3600 1330; x_wconf 89' lang='grc'><strong>(1</strong></span> <span class='ocrx_word' id='word_1_197' title='bbox 3632 1263 3764 1318; x_wconf 72' lang='lat' dir='ltr'><strong>Tini.</strong></span> 
     </span>
    </p>
   </div>
   <div class='ocr_carea' id='block_1_28' title="bbox 2191 1352 3763 1424">
    <p class='ocr_par' dir='ltr' id='par_1_28' title="bbox 2191 1352 3763 1424">
     <span class='ocr_line' id='line_1_28' title="bbox 2191 1352 3763 1424; baseline 0.001 -18"><span class='ocrx_word' id='word_1_198' title='bbox 2191 1353 2286 1418; x_wconf 89' lang='lat' dir='ltr'><strong>vi).</strong></span> <span class='ocrx_word' id='word_1_199' title='bbox 2320 1352 2384 1406; x_wconf 89' lang='lat' dir='ltr'><strong>Et</strong></span> <span class='ocrx_word' id='word_1_200' title='bbox 2412 1369 2532 1408; x_wconf 91' lang='lat' dir='ltr'><strong>cum</strong></span> <span class='ocrx_word' id='word_1_201' title='bbox 2559 1354 2672 1411; x_wconf 78' lang='lat' dir='ltr'><strong>haec</strong></span> <span class='ocrx_word' id='word_1_202' title='bbox 2701 1355 2773 1408; x_wconf 90' lang='lat' dir='ltr'><strong>ita</strong></span> <span class='ocrx_word' id='word_1_203' title='bbox 2802 1355 2928 1421; x_wconf 89' lang='lat' dir='ltr'><strong>sint,</strong></span> <span class='ocrx_word' id='word_1_204' title='bbox 2969 1370 3075 1408; x_wconf 92' lang='lat' dir='ltr'><strong>non</strong></span> <span class='ocrx_word' id='word_1_205' title='bbox 3122 1354 3332 1424; x_wconf 88' lang='lat' dir='ltr'><strong>repellit</strong></span> <span class='ocrx_word' id='word_1_206' title='bbox 3378 1354 3639 1410; x_wconf 87' lang='lat' dir='ltr'><strong>Dominus</strong></span> <span class='ocrx_word' id='word_1_207' title='bbox 3671 1354 3763 1408; x_wconf 86' lang='lat' dir='ltr'><strong>Iu-</strong></span> 
     </span>
    </p>
   </div>
   <div class='ocr_carea' id='block_1_29' title="bbox 2191 1444 3763 1513">
    <p class='ocr_par' dir='ltr' id='par_1_29' title="bbox 2191 1444 3763 1513">
     <span class='ocr_line' id='line_1_29' title="bbox 2191 1444 3763 1513; baseline 0 -17"><span class='ocrx_word' id='word_1_208' title='bbox 2191 1452 2375 1510; x_wconf 83' lang='lat' dir='ltr'><strong>gentes</strong></span> <span class='ocrx_word' id='word_1_209' title='bbox 2421 1444 2503 1496; x_wconf 88' lang='lat' dir='ltr'><strong>vel</strong></span> <span class='ocrx_word' id='word_1_210' title='bbox 2551 1451 2771 1513; x_wconf 88' lang='lat' dir='ltr'><strong>peccata</strong></span> <span class='ocrx_word' id='word_1_211' title='bbox 2819 1458 2943 1506; x_wconf 89' lang='lat' dir='ltr'><strong>sua,</strong></span> <span class='ocrx_word' id='word_1_212' title='bbox 2991 1444 3076 1497; x_wconf 86' lang='lat' dir='ltr'><strong>vel</strong></span> <span class='ocrx_word' id='word_1_213' title='bbox 3121 1444 3398 1512; x_wconf 90' lang='lat' dir='ltr'><strong>mundum,</strong></span> <span class='ocrx_word' id='word_1_214' title='bbox 3444 1445 3534 1513; x_wconf 90' lang='lat' dir='ltr'><strong>qui</strong></span> <span class='ocrx_word' id='word_1_215' title='bbox 3581 1444 3763 1499; x_wconf 87' lang='lat' dir='ltr'><strong>dixit:</strong></span> 
     </span>
    </p>
   </div>
   <div class='ocr_carea' id='block_1_30' title="bbox 2195 1530 3768 1603">
    <p class='ocr_par' dir='ltr' id='par_1_30' title="bbox 2195 1530 3768 1603">
     <span class='ocr_line' id='line_1_30' title="bbox 2195 1530 3768 1603; baseline 0.001 -20"><span class='ocrx_word' id='word_1_216' title='bbox 2195 1530 2336 1583; x_wconf 88' lang='lat' dir='ltr'><strong>Beati</strong></span> <span class='ocrx_word' id='word_1_217' title='bbox 2369 1533 2452 1601; x_wconf 86' lang='lat' dir='ltr'><strong>qui</strong></span> <span class='ocrx_word' id='word_1_218' title='bbox 2491 1531 2680 1602; x_wconf 82' lang='lat' dir='ltr'><strong>lugent,</strong></span> <span class='ocrx_word' id='word_1_219' title='bbox 2712 1533 2955 1601; x_wconf 77' lang='lat' dir='ltr'><strong>quoniam</strong></span> <span class='ocrx_word' id='word_1_220' title='bbox 2983 1532 3079 1599; x_wconf 89' lang='lat' dir='ltr'><strong>ipsi</strong></span> <span class='ocrx_word' id='word_1_221' title='bbox 3115 1531 3518 1587; x_wconf 81' lang='lat' dir='ltr'><strong>consolabuntur</strong></span> <span class='ocrx_word' id='word_1_222' title='bbox 3534 1531 3768 1603; x_wconf 73' lang='lat' dir='ltr'><strong>(Matth.</strong></span> 
     </span>
    </p>
   </div>
   <div class='ocr_carea' id='block_1_31' title="bbox 2191 1619 3769 1691">
    <p class='ocr_par' dir='ltr' id='par_1_31' title="bbox 2191 1619 3769 1691">
     <span class='ocr_line' id='line_1_31' title="bbox 2191 1619 3769 1691; baseline 0.001 -17"><span class='ocrx_word' id='word_1_223' title='bbox 2191 1621 2266 1691; x_wconf 87' lang='lat' dir='ltr'><strong>v).</strong></span> <span class='ocrx_word' id='word_1_224' title='bbox 2300 1619 2325 1657; x_wconf 76' lang='grc' dir='ltr'>ἀ</span> <span class='ocrx_word' id='word_1_225' title='bbox 2355 1621 2900 1690; x_wconf 75' lang='lat' dir='ltr'><strong>Nonreprebenditur</strong></span> <span class='ocrx_word' id='word_1_226' title='bbox 2927 1621 3034 1688; x_wconf 90' lang='lat' dir='ltr'><strong>ille,</strong></span> <span class='ocrx_word' id='word_1_227' title='bbox 3055 1622 3148 1690; x_wconf 93' lang='lat' dir='ltr'><strong>qui</strong></span> <span class='ocrx_word' id='word_1_228' title='bbox 3168 1622 3367 1675; x_wconf 91' lang='lat' dir='ltr'><strong>dudum</strong></span> <span class='ocrx_word' id='word_1_229' title='bbox 3395 1623 3560 1677; x_wconf 89' lang='lat' dir='ltr'><strong>corde</strong></span> <span class='ocrx_word' id='word_1_230' title='bbox 3585 1622 3769 1688; x_wconf 90' lang='lat' dir='ltr'><strong>devio,</strong></span> 
     </span>
    </p>
   </div>
   <div class='ocr_carea' id='block_1_32' title="bbox 2191 1711 3768 1780">
    <p class='ocr_par' dir='ltr' id='par_1_32' title="bbox 2191 1711 3768 1780">
     <span class='ocr_line' id='line_1_32' title="bbox 2191 1711 3768 1780; baseline -0.002 -14"><span class='ocrx_word' id='word_1_231' title='bbox 2191 1722 2246 1766; x_wconf 91' lang='lat' dir='ltr'><strong>et</strong></span> <span class='ocrx_word' id='word_1_232' title='bbox 2273 1711 2489 1766; x_wconf 90' lang='lat' dir='ltr'><strong>lubricis</strong></span> <span class='ocrx_word' id='word_1_233' title='bbox 2515 1711 2786 1778; x_wconf 89' lang='lat' dir='ltr'><strong>gressibus</strong></span> <span class='ocrx_word' id='word_1_234' title='bbox 2813 1727 2844 1764; x_wconf 92' lang='lat' dir='ltr'><strong>a</strong></span> <span class='ocrx_word' id='word_1_235' title='bbox 2869 1712 3082 1766; x_wconf 89' lang='lat' dir='ltr'><strong>tramite</strong></span> <span class='ocrx_word' id='word_1_236' title='bbox 3105 1712 3291 1766; x_wconf 89' lang='lat' dir='ltr'><strong>salutis</strong></span> <span class='ocrx_word' id='word_1_237' title='bbox 3320 1713 3553 1780; x_wconf 75' lang='lat' dir='ltr'><strong>elapsus,</strong></span> <span class='ocrx_word' id='word_1_238' title='bbox 3573 1711 3768 1766; x_wconf 75' lang='lat' dir='ltr'><strong>redin-</strong></span> 
     </span>
    </p>
   </div>
   <div class='ocr_carea' id='block_1_33' title="bbox 515 1792 2092 1868">
    <p class='ocr_par' dir='ltr' id='par_1_33' title="bbox 515 1792 2089 1863">
     <span class='ocr_line' id='line_1_33' title="bbox 515 1792 2089 1863; baseline -0.004 -10"><span class='ocrx_word' id='word_1_239' title='bbox 515 1806 665 1854; x_wconf 90' lang='lat' dir='ltr'><strong>tuum</strong></span> <span class='ocrx_word' id='word_1_240' title='bbox 692 1797 888 1863; x_wconf 80' lang='lat' dir='ltr'><strong>defers,</strong></span> <span class='ocrx_word' id='word_1_241' title='bbox 916 1809 1011 1850; x_wconf 87' lang='lat' dir='ltr'><strong>cur</strong></span> <span class='ocrx_word' id='word_1_242' title='bbox 1037 1793 1165 1849; x_wconf 85' lang='lat' dir='ltr'><strong>illud</strong></span> <span class='ocrx_word' id='word_1_243' title='bbox 1207 1792 1513 1848; x_wconf 89' lang='lat' dir='ltr'><strong>hominibus</strong></span> <span class='ocrx_word' id='word_1_244' title='bbox 1554 1794 1670 1863; x_wconf 86' lang='lat' dir='ltr'><strong>pari</strong></span> <span class='ocrx_word' id='word_1_245' title='bbox 1701 1801 1876 1848; x_wconf 89' lang='lat' dir='ltr'><strong>tecum</strong></span> <span class='ocrx_word' id='word_1_246' title='bbox 1904 1793 2089 1850; x_wconf 86' lang='lat' dir='ltr'><strong>condi-</strong></span> 
     </span>
    </p>
   </div>
   <div class='ocr_carea' id='block_1_34' title="bbox 2196 1792 3769 1868">
    <p class='ocr_par' dir='ltr' id='par_1_34' title="bbox 2196 1799 3769 1868">
     <span class='ocr_line' id='line_1_34' title="bbox 2196 1799 3769 1868; baseline -0.001 -14"><span class='ocrx_word' id='word_1_247' title='bbox 2196 1808 2396 1868; x_wconf 83' lang='lat' dir='ltr'><strong>tegrare</strong></span> <span class='ocrx_word' id='word_1_248' title='bbox 2429 1814 2489 1854; x_wconf 91' lang='lat' dir='ltr'><strong>se</strong></span> <span class='ocrx_word' id='word_1_249' title='bbox 2518 1799 2629 1855; x_wconf 92' lang='lat' dir='ltr'><strong>Deo</strong></span> <span class='ocrx_word' id='word_1_250' title='bbox 2661 1810 2684 1837; x_wconf 79' lang='grc' dir='ltr'><strong>ο</strong></span> <span class='ocrx_word' id='word_1_251' title='bbox 2715 1807 2903 1856; x_wconf 64' lang='lat' dir='ltr'><strong>maesta</strong></span> <span class='ocrx_word' id='word_1_252' title='bbox 2930 1800 3253 1868; x_wconf 76' lang='lat' dir='ltr'><strong>poenitentia:</strong></span> <span class='ocrx_word' id='word_1_253' title='bbox 3277 1799 3642 1854; x_wconf 85' lang='lat' dir='ltr'><strong>satisfactione</strong></span> <span class='ocrx_word' id='word_1_254' title='bbox 3668 1814 3769 1854; x_wconf 90' lang='lat' dir='ltr'><strong>co-</strong></span> 
     </span>
    </p>
   </div>
   <div class='ocr_carea' id='block_1_35' title="bbox 515 1882 3765 1961">
    <p class='ocr_par' dir='ltr' id='par_1_35' title="bbox 515 1882 3765 1961">
     <span class='ocr_line' id='line_1_35' title="bbox 515 1882 3765 1961; baseline -0.001 -18"><span class='ocrx_word' id='word_1_255' title='bbox 515 1890 664 1944; x_wconf 91' lang='lat' dir='ltr'><strong>tione</strong></span> <span class='ocrx_word' id='word_1_256' title='bbox 690 1887 993 1942; x_wconf 84' lang='lat' dir='ltr'><strong>viventibus</strong></span> <span class='ocrx_word' id='word_1_257' title='bbox 1014 1900 1164 1939; x_wconf 71' lang='lat' dir='ltr'><strong>vana:</strong></span> <span class='ocrx_word' id='word_1_258' title='bbox 1188 1885 1371 1953; x_wconf 82' lang='lat' dir='ltr'><strong>gloriae</strong></span> <span class='ocrx_word' id='word_1_259' title='bbox 1390 1892 1626 1939; x_wconf 88' lang='lat' dir='ltr'><strong>sectator</strong></span> <span class='ocrx_word' id='word_1_260' title='bbox 1645 1885 1920 1939; x_wconf 82' lang='lat' dir='ltr'><strong>ostentas?</strong></span> <span class='ocrx_word' id='word_1_261' title='bbox 1943 1882 2090 1938; x_wconf 82' lang='lat' dir='ltr'><strong>Hanc</strong></span> <span class='ocrx_word' id='word_1_262' title='bbox 2188 1897 2369 1957; x_wconf 89' lang='lat' dir='ltr'><strong>natur,</strong></span> <span class='ocrx_word' id='word_1_263' title='bbox 2392 1890 2524 1944; x_wconf 89' lang='lat' dir='ltr'><strong>utin</strong></span> <span class='ocrx_word' id='word_1_264' title='bbox 2550 1889 2990 1961; x_wconf 86' lang='lat' dir='ltr'><strong>quinquagesimo</strong></span> <span class='ocrx_word' id='word_1_265' title='bbox 3018 1889 3211 1956; x_wconf 84' lang='lat' dir='ltr'><strong>legitur</strong></span> <span class='ocrx_word' id='word_1_266' title='bbox 3238 1890 3443 1959; x_wconf 88' lang='lat' dir='ltr'><strong>psalmo</strong></span> <span class='ocrx_word' id='word_1_267' title='bbox 3468 1905 3480 1940; x_wconf 87' lang='lat'><strong>:</strong></span> <span class='ocrx_word' id='word_1_268' title='bbox 3505 1887 3607 1942; x_wconf 89' lang='lat' dir='ltr'><strong>Cor</strong></span> <span class='ocrx_word' id='word_1_269' title='bbox 3632 1903 3765 1941; x_wconf 87' lang='lat' dir='ltr'><strong>cen-</strong></span> 
     </span>
    </p>
   </div>
   <div class='ocr_carea' id='block_1_36' title="bbox 513 1973 3768 2049">
    <p class='ocr_par' dir='ltr' id='par_1_36' title="bbox 513 1973 3768 2049">
     <span class='ocr_line' id='line_1_36' title="bbox 513 1973 3768 2049; baseline -0.002 -14"><span class='ocrx_word' id='word_1_270' title='bbox 513 1980 765 2035; x_wconf 89' lang='lat' dir='ltr'><strong>nimirum</strong></span> <span class='ocrx_word' id='word_1_271' title='bbox 794 1977 991 2031; x_wconf 89' lang='lat' dir='ltr'><strong>Paulus</strong></span> <span class='ocrx_word' id='word_1_272' title='bbox 1028 1976 1305 2044; x_wconf 89' lang='lat' dir='ltr'><strong>apostolus</strong></span> <span class='ocrx_word' id='word_1_273' title='bbox 1342 1983 1558 2028; x_wconf 89' lang='lat' dir='ltr'><strong>secutus</strong></span> <span class='ocrx_word' id='word_1_274' title='bbox 1593 1974 1914 2029; x_wconf 87' lang='lat' dir='ltr'><strong>sententiam</strong></span> <span class='ocrx_word' id='word_1_275' title='bbox 1941 1973 2090 2028; x_wconf 89' lang='lat' dir='ltr'><strong>dice-</strong></span> <span class='ocrx_word' id='word_1_276' title='bbox 2191 1981 2365 2032; x_wconf 83' lang='lat' dir='ltr'><strong>tritum</strong></span> <span class='ocrx_word' id='word_1_277' title='bbox 2403 1987 2454 2033; x_wconf 85' lang='lat' dir='ltr'><strong>et</strong></span> <span class='ocrx_word' id='word_1_278' title='bbox 2493 1979 2815 2032; x_wconf 81' lang='lat' dir='ltr'><strong>humiliatum</strong></span> <span class='ocrx_word' id='word_1_279' title='bbox 2867 1978 3020 2049; x_wconf 74' lang='lat'><strong>106</strong></span> <span class='ocrx_word' id='word_1_280' title='bbox 3065 1975 3202 2031; x_wconf 84' lang='lat' dir='ltr'><strong>Deus</strong></span> <span class='ocrx_word' id='word_1_281' title='bbox 3243 1993 3347 2030; x_wconf 92' lang='lat' dir='ltr'><strong>non</strong></span> <span class='ocrx_word' id='word_1_282' title='bbox 3392 1977 3606 2046; x_wconf 81' lang='lat' dir='ltr'><strong>spernit.</strong></span> <span class='ocrx_word' id='word_1_283' title='bbox 3647 1973 3768 2029; x_wconf 83' lang='lat' dir='ltr'><strong>Non</strong></span> 
     </span>
    </p>
   </div>
   <div class='ocr_carea' id='block_1_37' title="bbox 515 2062 3768 2138">
    <p class='ocr_par' dir='ltr' id='par_1_37' title="bbox 515 2062 3768 2138">
     <span class='ocr_line' id='line_1_37' title="bbox 515 2062 3768 2138; baseline -0.006 -12"><span class='ocrx_word' id='word_1_284' title='bbox 515 2072 606 2126; x_wconf 88' lang='lat' dir='ltr'><strong>bat</strong></span> <span class='ocrx_word' id='word_1_285' title='bbox 638 2087 651 2123; x_wconf 90' lang='lat'>:</span> <span class='ocrx_word' id='word_1_286' title='bbox 679 2067 856 2124; x_wconf 80' lang='lat' dir='ltr'><strong>Nolite</strong></span> <span class='ocrx_word' id='word_1_287' title='bbox 884 2067 999 2137; x_wconf 81' lang='lat' dir='ltr'><strong>ﬁeri</strong></span> <span class='ocrx_word' id='word_1_288' title='bbox 1031 2066 1204 2119; x_wconf 88' lang='lat' dir='ltr'><strong>inanis</strong></span> <span class='ocrx_word' id='word_1_289' title='bbox 1230 2064 1411 2136; x_wconf 78' lang='lat' dir='ltr'><strong>gloria:</strong></span> <span class='ocrx_word' id='word_1_290' title='bbox 1443 2063 1615 2134; x_wconf 85' lang='lat' dir='ltr'><strong>cupidi</strong></span> <span class='ocrx_word' id='word_1_291' title='bbox 1645 2062 1788 2134; x_wconf 84' lang='lat' dir='ltr'><strong>(Gal.</strong></span> <span class='ocrx_word' id='word_1_292' title='bbox 1809 2062 1905 2134; x_wconf 74' lang='lat' dir='ltr'><strong>Vi).</strong></span> <span class='ocrx_word' id='word_1_293' title='bbox 1931 2062 2091 2118; x_wconf 88' lang='lat' dir='ltr'><strong>Inane</strong></span> <span class='ocrx_word' id='word_1_294' title='bbox 2187 2071 2374 2138; x_wconf 81' lang='lat' dir='ltr'><strong>utique</strong></span> <span class='ocrx_word' id='word_1_295' title='bbox 2419 2069 2624 2138; x_wconf 74' lang='lat' dir='ltr'><strong>spei-nit</strong></span> <span class='ocrx_word' id='word_1_296' title='bbox 2660 2069 2803 2124; x_wconf 73' lang='lat' dir='ltr'><strong>Deus</strong></span> <span class='ocrx_word' id='word_1_297' title='bbox 2842 2077 3085 2125; x_wconf 53' lang='lat' dir='ltr'><strong>sanctum</strong></span> <span class='ocrx_word' id='word_1_298' title='bbox 3121 2083 3429 2135; x_wconf 58' lang='grc' dir='ltr'><strong>ωαει-οιιεηι,</strong></span> <span class='ocrx_word' id='word_1_299' title='bbox 3457 2066 3550 2121; x_wconf 71' lang='lat' dir='ltr'><strong>sed</strong></span> <span class='ocrx_word' id='word_1_300' title='bbox 3595 2065 3612 2104; x_wconf 87' lang='lat' dir='ltr'><strong>t</strong></span> <span class='ocrx_word' id='word_1_301' title='bbox 3645 2081 3768 2120; x_wconf 68' lang='grc' dir='ltr'><strong>εει--</strong></span> 
     </span>
    </p>
   </div>
   <div class='ocr_carea' id='block_1_38' title="bbox 514 2152 2092 2225">
    <p class='ocr_par' dir='ltr' id='par_1_38' title="bbox 514 2152 2092 2225">
     <span class='ocr_line' id='line_1_38' title="bbox 514 2152 2092 2225; baseline -0.006 -10"><span class='ocrx_word' id='word_1_302' title='bbox 514 2163 656 2221; x_wconf 87' lang='lat' dir='ltr'><strong>enim</strong></span> <span class='ocrx_word' id='word_1_303' title='bbox 685 2166 769 2214; x_wconf 88' lang='lat' dir='ltr'><strong>est</strong></span> <span class='ocrx_word' id='word_1_304' title='bbox 788 2165 842 2212; x_wconf 91' lang='lat' dir='ltr'><strong>et</strong></span> <span class='ocrx_word' id='word_1_305' title='bbox 866 2172 1062 2211; x_wconf 80' lang='lat' dir='ltr'><strong>vanum</strong></span> <span class='ocrx_word' id='word_1_306' title='bbox 1088 2153 1344 2225; x_wconf 89' lang='lat' dir='ltr'><strong>quidquid</strong></span> <span class='ocrx_word' id='word_1_307' title='bbox 1365 2154 1560 2207; x_wconf 88' lang='lat' dir='ltr'><strong>nullius</strong></span> <span class='ocrx_word' id='word_1_308' title='bbox 1580 2152 1832 2222; x_wconf 87' lang='lat' dir='ltr'><strong>ponderis</strong></span> <span class='ocrx_word' id='word_1_309' title='bbox 1853 2167 1915 2208; x_wconf 90' lang='lat' dir='ltr'><strong>ac</strong></span> <span class='ocrx_word' id='word_1_310' title='bbox 1934 2153 2092 2206; x_wconf 86' lang='lat' dir='ltr'><strong>virtu-</strong></span> 
     </span>
    </p>
   </div>
   <div class='ocr_carea' id='block_1_39' title="bbox 2196 2152 3770 2225">
    <p class='ocr_par' dir='ltr' id='par_1_39' title="bbox 2196 2159 3770 2216">
     <span class='ocr_line' id='line_1_39' title="bbox 2196 2159 3770 2216; baseline -0.004 -1"><span class='ocrx_word' id='word_1_311' title='bbox 2196 2162 2422 2216; x_wconf 85' lang='lat' dir='ltr'><strong>vientem</strong></span> <span class='ocrx_word' id='word_1_312' title='bbox 2462 2161 2563 2216; x_wconf 89' lang='lat' dir='ltr'><strong>sibi</strong></span> <span class='ocrx_word' id='word_1_313' title='bbox 2593 2160 2852 2215; x_wconf 75' lang='lat' dir='ltr'><strong>artiﬁcem</strong></span> <span class='ocrx_word' id='word_1_314' title='bbox 2895 2168 2946 2215; x_wconf 87' lang='lat' dir='ltr'><strong>et</strong></span> <span class='ocrx_word' id='word_1_315' title='bbox 2991 2159 3117 2214; x_wconf 93' lang='lat' dir='ltr'><strong>dolo</strong></span> <span class='ocrx_word' id='word_1_316' title='bbox 3157 2159 3460 2214; x_wconf 88' lang='lat' dir='ltr'><strong>simulatam</strong></span> <span class='ocrx_word' id='word_1_317' title='bbox 3507 2173 3613 2211; x_wconf 92' lang='lat' dir='ltr'><strong>non</strong></span> <span class='ocrx_word' id='word_1_318' title='bbox 3649 2161 3770 2212; x_wconf 87' lang='lat' dir='ltr'><strong>vult</strong></span> 
     </span>
    </p>
   </div>
   <div class='ocr_carea' id='block_1_40' title="bbox 513 2241 2092 2317">
    <p class='ocr_par' dir='ltr' id='par_1_40' title="bbox 513 2241 2091 2312">
     <span class='ocr_line' id='line_1_40' title="bbox 513 2241 2091 2312; baseline -0.005 -7"><span class='ocrx_word' id='word_1_319' title='bbox 513 2253 584 2306; x_wconf 89' lang='lat' dir='ltr'><strong>tis</strong></span> <span class='ocrx_word' id='word_1_320' title='bbox 613 2251 864 2304; x_wconf 80' lang='lat' dir='ltr'><strong>firmitate</strong></span> <span class='ocrx_word' id='word_1_321' title='bbox 903 2246 1167 2302; x_wconf 88' lang='lat' dir='ltr'><strong>consistit.</strong></span> <span class='ocrx_word' id='word_1_322' title='bbox 1206 2244 1371 2298; x_wconf 90' lang='lat' dir='ltr'><strong>lnane</strong></span> <span class='ocrx_word' id='word_1_323' title='bbox 1416 2255 1499 2299; x_wconf 88' lang='lat' dir='ltr'><strong>est</strong></span> <span class='ocrx_word' id='word_1_324' title='bbox 1534 2242 1675 2312; x_wconf 90' lang='lat' dir='ltr'><strong>quod</strong></span> <span class='ocrx_word' id='word_1_325' title='bbox 1725 2258 1848 2297; x_wconf 89' lang='lat' dir='ltr'><strong>cum</strong></span> <span class='ocrx_word' id='word_1_326' title='bbox 1899 2241 2091 2297; x_wconf 69' lang='lat' dir='ltr'><strong>saeculo</strong></span> 
     </span>
    </p>
   </div>
   <div class='ocr_carea' id='block_1_41' title="bbox 2196 2241 3771 2317">
    <p class='ocr_par' dir='ltr' id='par_1_41' title="bbox 2196 2244 3771 2317">
     <span class='ocr_line' id='line_1_41' title="bbox 2196 2244 3771 2317; baseline -0.004 -12"><span class='ocrx_word' id='word_1_327' title='bbox 2196 2250 2534 2306; x_wconf 86' lang='lat' dir='ltr'><strong>circumferre</strong></span> <span class='ocrx_word' id='word_1_328' title='bbox 2563 2251 2834 2304; x_wconf 88' lang='lat' dir='ltr'><strong>tristitiam</strong></span> <span class='ocrx_word' id='word_1_329' title='bbox 2868 2267 2881 2301; x_wconf 94' lang='lat'><strong>:</strong></span> <span class='ocrx_word' id='word_1_330' title='bbox 2914 2247 2980 2303; x_wconf 89' lang='lat' dir='ltr'><strong>de</strong></span> <span class='ocrx_word' id='word_1_331' title='bbox 3006 2247 3198 2317; x_wconf 88' lang='lat' dir='ltr'><strong>quibus</strong></span> <span class='ocrx_word' id='word_1_332' title='bbox 3225 2248 3300 2301; x_wconf 88' lang='lat' dir='ltr'><strong>ait</strong></span> <span class='ocrx_word' id='word_1_333' title='bbox 3331 2244 3570 2300; x_wconf 81' lang='lat' dir='ltr'><strong>Christus</strong></span> <span class='ocrx_word' id='word_1_334' title='bbox 3599 2246 3664 2299; x_wconf 89' lang='lat' dir='ltr'><strong>ad</strong></span> <span class='ocrx_word' id='word_1_335' title='bbox 3695 2257 3771 2298; x_wconf 83' lang='lat' dir='ltr'><strong>ui-</strong></span> 
     </span>
    </p>
   </div>
   <div class='ocr_carea' id='block_1_42' title="bbox 513 2332 2092 2413">
    <p class='ocr_par' dir='ltr' id='par_1_42' title="bbox 513 2332 2088 2413">
     <span class='ocr_line' id='line_1_42' title="bbox 513 2332 2088 2413; baseline -0.006 -18"><span class='ocrx_word' id='word_1_336' title='bbox 513 2345 870 2413; x_wconf 73' lang='lat' dir='ltr'><strong>przetereuntc</strong></span> <span class='ocrx_word' id='word_1_337' title='bbox 891 2334 1145 2395; x_wconf 83' lang='lat' dir='ltr'><strong>deficiens</strong></span> <span class='ocrx_word' id='word_1_338' title='bbox 1169 2334 1236 2388; x_wconf 88' lang='lat' dir='ltr'><strong>ad</strong></span> <span class='ocrx_word' id='word_1_339' title='bbox 1257 2335 1418 2388; x_wconf 90' lang='lat' dir='ltr'><strong>vitam</strong></span> <span class='ocrx_word' id='word_1_340' title='bbox 1442 2350 1548 2388; x_wconf 91' lang='lat' dir='ltr'><strong>non</strong></span> <span class='ocrx_word' id='word_1_341' title='bbox 1577 2332 1766 2386; x_wconf 88' lang='lat' dir='ltr'><strong>transit</strong></span> <span class='ocrx_word' id='word_1_342' title='bbox 1791 2340 2046 2387; x_wconf 67' lang='lat' dir='ltr'><strong>aeternam</strong></span> <span class='ocrx_word' id='word_1_343' title='bbox 2075 2349 2088 2384; x_wconf 87' lang='lat'><strong>:</strong></span> 
     </span>
    </p>
   </div>
   <div class='ocr_carea' id='block_1_43' title="bbox 2196 2332 3771 2413">
    <p class='ocr_par' dir='ltr' id='par_1_43' title="bbox 2196 2335 3771 2409">
     <span class='ocr_line' id='line_1_43' title="bbox 2196 2335 3771 2409; baseline -0.004 -14"><span class='ocrx_word' id='word_1_344' title='bbox 2196 2341 2424 2409; x_wconf 87' lang='lat' dir='ltr'><strong>scipulos</strong></span> <span class='ocrx_word' id='word_1_345' title='bbox 2451 2354 2579 2394; x_wconf 87' lang='lat' dir='ltr'><strong>suos</strong></span> <span class='ocrx_word' id='word_1_346' title='bbox 2613 2357 2624 2392; x_wconf 93' lang='lat'>:</span> <span class='ocrx_word' id='word_1_347' title='bbox 2656 2339 2817 2392; x_wconf 87' lang='lat' dir='ltr'><strong>Amen</strong></span> <span class='ocrx_word' id='word_1_348' title='bbox 2846 2339 2958 2392; x_wconf 83' lang='lat' dir='ltr'><strong>dico</strong></span> <span class='ocrx_word' id='word_1_349' title='bbox 2982 2337 3140 2401; x_wconf 86' lang='lat' dir='ltr'><strong>vobis,</strong></span> <span class='ocrx_word' id='word_1_350' title='bbox 3163 2346 3460 2405; x_wconf 84' lang='lat' dir='ltr'><strong>receperunt</strong></span> <span class='ocrx_word' id='word_1_351' title='bbox 3486 2335 3771 2389; x_wconf 74' lang='lat' dir='ltr'><strong>mercedem</strong></span> 
     </span>
    </p>
   </div>
   <div class='ocr_carea' id='block_1_44' title="bbox 514 2423 2093 2502">
    <p class='ocr_par' dir='ltr' id='par_1_44' title="bbox 514 2423 2093 2502">
     <span class='ocr_line' id='line_1_44' title="bbox 514 2423 2093 2502; baseline -0.008 -15"><span class='ocrx_word' id='word_1_352' title='bbox 514 2428 774 2502; x_wconf 86' lang='lat' dir='ltr'><strong>quidquid</strong></span> <span class='ocrx_word' id='word_1_353' title='bbox 809 2429 952 2488; x_wconf 88' lang='lat' dir='ltr'><strong>enim</strong></span> <span class='ocrx_word' id='word_1_354' title='bbox 982 2443 1079 2497; x_wconf 91' lang='lat' dir='ltr'><strong>pro</strong></span> <span class='ocrx_word' id='word_1_355' title='bbox 1117 2426 1317 2480; x_wconf 89' lang='lat' dir='ltr'><strong>carnali</strong></span> <span class='ocrx_word' id='word_1_356' title='bbox 1362 2425 1568 2479; x_wconf 86' lang='lat' dir='ltr'><strong>honore</strong></span> <span class='ocrx_word' id='word_1_357' title='bbox 1609 2423 1882 2476; x_wconf 87' lang='lat' dir='ltr'><strong>laboratur</strong></span> <span class='ocrx_word' id='word_1_358' title='bbox 1909 2437 2093 2476; x_wconf 88' lang='lat' dir='ltr'><strong>corru-</strong></span> 
     </span>
    </p>
   </div>
   <div class='ocr_carea' id='block_1_45' title="bbox 513 2509 2093 2595">
    <p class='ocr_par' dir='ltr' id='par_1_45' title="bbox 513 2509 2093 2595">
     <span class='ocr_line' id='line_1_45' title="bbox 513 2509 2093 2595; baseline -0.007 -17"><span class='ocrx_word' id='word_1_359' title='bbox 513 2523 687 2595; x_wconf 89' lang='lat' dir='ltr'><strong>ptibili</strong></span> <span class='ocrx_word' id='word_1_360' title='bbox 722 2537 842 2576; x_wconf 88' lang='lat' dir='ltr'><strong>cuin</strong></span> <span class='ocrx_word' id='word_1_361' title='bbox 870 2533 1032 2574; x_wconf 90' lang='lat' dir='ltr'><strong>carne</strong></span> <span class='ocrx_word' id='word_1_362' title='bbox 1071 2516 1340 2578; x_wconf 87' lang='lat' dir='ltr'><strong>dilabitur,</strong></span> <span class='ocrx_word' id='word_1_363' title='bbox 1374 2523 1431 2569; x_wconf 90' lang='lat' dir='ltr'><strong>ut</strong></span> <span class='ocrx_word' id='word_1_364' title='bbox 1460 2516 1536 2568; x_wconf 87' lang='lat' dir='ltr'><strong>ait</strong></span> <span class='ocrx_word' id='word_1_365' title='bbox 1569 2515 1828 2584; x_wconf 86' lang='lat' dir='ltr'><strong>propheta</strong></span> <span class='ocrx_word' id='word_1_366' title='bbox 1863 2531 1875 2565; x_wconf 92' lang='lat'><strong>:</strong></span> <span class='ocrx_word' id='word_1_367' title='bbox 1911 2509 2093 2568; x_wconf 86' lang='lat' dir='ltr'><strong>Omnis</strong></span> 
     </span>
    </p>
   </div>
   <div class='ocr_carea' id='block_1_46' title="bbox 514 2604 2095 2684">
    <p class='ocr_par' dir='ltr' id='par_1_46' title="bbox 514 2604 2095 2684">
     <span class='ocr_line' id='line_1_46' title="bbox 514 2604 2095 2684; baseline -0.008 -16"><span class='ocrx_word' id='word_1_368' title='bbox 514 2629 638 2668; x_wconf 86' lang='lat' dir='ltr'><strong>caro</strong></span> <span class='ocrx_word' id='word_1_369' title='bbox 672 2614 846 2684; x_wconf 75' lang='lat' dir='ltr'><strong>fenum</strong></span> <span class='ocrx_word' id='word_1_370' title='bbox 877 2619 926 2663; x_wconf 87' lang='lat' dir='ltr'><strong>et</strong></span> <span class='ocrx_word' id='word_1_371' title='bbox 954 2609 1118 2663; x_wconf 88' lang='lat' dir='ltr'><strong>omnis</strong></span> <span class='ocrx_word' id='word_1_372' title='bbox 1146 2605 1314 2678; x_wconf 88' lang='lat' dir='ltr'><strong>gloria</strong></span> <span class='ocrx_word' id='word_1_373' title='bbox 1336 2605 1556 2658; x_wconf 82' lang='lat' dir='ltr'><strong>hominis</strong></span> <span class='ocrx_word' id='word_1_374' title='bbox 1585 2613 1640 2656; x_wconf 90' lang='lat' dir='ltr'><strong>ut</strong></span> <span class='ocrx_word' id='word_1_375' title='bbox 1665 2604 1761 2672; x_wconf 80' lang='lat' dir='ltr'><strong>ﬂos</strong></span> <span class='ocrx_word' id='word_1_376' title='bbox 1789 2605 1929 2675; x_wconf 80' lang='lat' dir='ltr'><strong>feni;</strong></span> <span class='ocrx_word' id='word_1_377' title='bbox 1955 2604 2095 2658; x_wconf 86' lang='lat' dir='ltr'><strong>aruit</strong></span> 
     </span>
    </p>
   </div>
   <div class='ocr_carea' id='block_1_47' title="bbox 511 2691 2092 2776">
    <p class='ocr_par' dir='ltr' id='par_1_47' title="bbox 511 2691 2092 2776">
     <span class='ocr_line' id='line_1_47' title="bbox 511 2691 2092 2776; baseline -0.007 -19"><span class='ocrx_word' id='word_1_378' title='bbox 511 2706 722 2776; x_wconf 73' lang='lat' dir='ltr'><strong>fenum,</strong></span> <span class='ocrx_word' id='word_1_379' title='bbox 771 2711 820 2754; x_wconf 90' lang='lat' dir='ltr'><strong>et</strong></span> <span class='ocrx_word' id='word_1_380' title='bbox 859 2700 956 2770; x_wconf 85' lang='lat' dir='ltr'><strong>ﬂos</strong></span> <span class='ocrx_word' id='word_1_381' title='bbox 992 2697 1219 2762; x_wconf 82' lang='lat' dir='ltr'><strong>decidit;</strong></span> <span class='ocrx_word' id='word_1_382' title='bbox 1258 2693 1464 2749; x_wconf 82' lang='lat' dir='ltr'><strong>verbum</strong></span> <span class='ocrx_word' id='word_1_383' title='bbox 1505 2702 1676 2747; x_wconf 83' lang='lat' dir='ltr'><strong>autem</strong></span> <span class='ocrx_word' id='word_1_384' title='bbox 1702 2691 1802 2747; x_wconf 86' lang='lat' dir='ltr'><strong>Dei</strong></span> <span class='ocrx_word' id='word_1_385' title='bbox 1838 2702 2009 2746; x_wconf 83' lang='lat' dir='ltr'><strong>manet</strong></span> <span class='ocrx_word' id='word_1_386' title='bbox 2038 2694 2092 2747; x_wconf 88' lang='lat' dir='ltr'><strong>in</strong></span> 
     </span>
    </p>
   </div>
   <div class='ocr_carea' id='block_1_48' title="bbox 515 2783 2094 2862">
    <p class='ocr_par' dir='ltr' id='par_1_48' title="bbox 515 2783 2094 2862">
     <span class='ocr_line' id='line_1_48' title="bbox 515 2783 2094 2862; baseline -0.007 -13"><span class='ocrx_word' id='word_1_387' title='bbox 515 2801 765 2850; x_wconf 69' lang='lat' dir='ltr'><strong>teter-num</strong></span> <span class='ocrx_word' id='word_1_388' title='bbox 796 2789 953 2862; x_wconf 86' lang='lat' dir='ltr'><strong>(Isai.</strong></span> <span class='ocrx_word' id='word_1_389' title='bbox 981 2787 1094 2859; x_wconf 76' lang='grc' dir='ltr'><strong>ιι).</strong></span> <span class='ocrx_word' id='word_1_390' title='bbox 1127 2787 1236 2842; x_wconf 85' lang='lat' dir='ltr'><strong>Nec</strong></span> <span class='ocrx_word' id='word_1_391' title='bbox 1280 2799 1583 2856; x_wconf 88' lang='lat' dir='ltr'><strong>possumus,</strong></span> <span class='ocrx_word' id='word_1_392' title='bbox 1615 2783 1962 2848; x_wconf 83' lang='lat' dir='ltr'><strong>dilectissimi,</strong></span> <span class='ocrx_word' id='word_1_393' title='bbox 1994 2797 2094 2853; x_wconf 90' lang='lat' dir='ltr'><strong>pro</strong></span> 
     </span>
    </p>
   </div>
   <div class='ocr_carea' id='block_1_49' title="bbox 516 2873 2093 2948">
    <p class='ocr_par' dir='ltr' id='par_1_49' title="bbox 516 2873 2093 2948">
     <span class='ocr_line' id='line_1_49' title="bbox 516 2873 2093 2948; baseline -0.008 -10"><span class='ocrx_word' id='word_1_394' title='bbox 516 2898 625 2938; x_wconf 91' lang='lat' dir='ltr'><strong>uno</strong></span> <span class='ocrx_word' id='word_1_395' title='bbox 653 2881 948 2948; x_wconf 85' lang='lat' dir='ltr'><strong>eodemque</strong></span> <span class='ocrx_word' id='word_1_396' title='bbox 977 2892 1162 2948; x_wconf 81' lang='lat' dir='ltr'><strong>Opere,</strong></span> <span class='ocrx_word' id='word_1_397' title='bbox 1191 2885 1246 2931; x_wconf 90' lang='lat' dir='ltr'><strong>et</strong></span> <span class='ocrx_word' id='word_1_398' title='bbox 1274 2876 1484 2929; x_wconf 87' lang='lat' dir='ltr'><strong>laudem</strong></span> <span class='ocrx_word' id='word_1_399' title='bbox 1507 2873 1687 2928; x_wconf 91' lang='lat' dir='ltr'><strong>mundi</strong></span> <span class='ocrx_word' id='word_1_400' title='bbox 1711 2873 1978 2930; x_wconf 86' lang='lat' dir='ltr'><strong>adulantis</strong></span> <span class='ocrx_word' id='word_1_401' title='bbox 2000 2887 2093 2927; x_wconf 87' lang='lat' dir='ltr'><strong>ex-</strong></span> 
     </span>
    </p>
   </div>
   <div class='ocr_carea' id='block_1_50' title="bbox 516 2963 2097 3044">
    <p class='ocr_par' dir='ltr' id='par_1_50' title="bbox 516 2963 2097 3044">
     <span class='ocr_line' id='line_1_50' title="bbox 516 2963 2097 3044; baseline -0.006 -17"><span class='ocrx_word' id='word_1_402' title='bbox 516 2980 720 3044; x_wconf 89' lang='lat' dir='ltr'><strong>petere,</strong></span> <span class='ocrx_word' id='word_1_403' title='bbox 749 2979 804 3025; x_wconf 89' lang='lat' dir='ltr'><strong>et</strong></span> <span class='ocrx_word' id='word_1_404' title='bbox 831 2970 1107 3041; x_wconf 73' lang='lat' dir='ltr'><strong>prmmium</strong></span> <span class='ocrx_word' id='word_1_405' title='bbox 1133 2967 1256 3022; x_wconf 81' lang='lat' dir='ltr'><strong>vitae</strong></span> <span class='ocrx_word' id='word_1_406' title='bbox 1281 2965 1514 3020; x_wconf 70' lang='lat' dir='ltr'><strong>caelestis</strong></span> <span class='ocrx_word' id='word_1_407' title='bbox 1541 2965 1839 3034; x_wconf 87' lang='lat' dir='ltr'><strong>acquirere.</strong></span> <span class='ocrx_word' id='word_1_408' title='bbox 1871 2963 1978 3020; x_wconf 86' lang='lat' dir='ltr'><strong>Sed</strong></span> <span class='ocrx_word' id='word_1_409' title='bbox 2003 2981 2097 3018; x_wconf 88' lang='lat' dir='ltr'><strong>un-</strong></span> 
     </span>
    </p>
   </div>
   <div class='ocr_carea' id='block_1_51' title="bbox 517 3056 2088 3136">
    <p class='ocr_par' dir='ltr' id='par_1_51' title="bbox 517 3056 2088 3136">
     <span class='ocr_line' id='line_1_51' title="bbox 517 3056 2088 3136; baseline -0.006 -18"><span class='ocrx_word' id='word_1_410' title='bbox 517 3082 595 3136; x_wconf 83' lang='lat' dir='ltr'><strong>ge,</strong></span> <span class='ocrx_word' id='word_1_411' title='bbox 619 3065 714 3130; x_wconf 90' lang='lat' dir='ltr'><strong>ait,</strong></span> <span class='ocrx_word' id='word_1_412' title='bbox 743 3078 858 3117; x_wconf 85' lang='lat' dir='ltr'><strong>cum</strong></span> <span class='ocrx_word' id='word_1_413' title='bbox 873 3061 1100 3133; x_wconf 81' lang='lat' dir='ltr'><strong>jejunus,</strong></span> <span class='ocrx_word' id='word_1_414' title='bbox 1131 3067 1284 3130; x_wconf 85' lang='lat' dir='ltr'><strong>caput</strong></span> <span class='ocrx_word' id='word_1_415' title='bbox 1305 3068 1466 3125; x_wconf 90' lang='lat' dir='ltr'><strong>tuum,</strong></span> <span class='ocrx_word' id='word_1_416' title='bbox 1499 3064 1548 3111; x_wconf 88' lang='lat' dir='ltr'><strong>et</strong></span> <span class='ocrx_word' id='word_1_417' title='bbox 1569 3056 1685 3118; x_wconf 68' lang='lat' dir='ltr'><strong>lava</strong></span> <span class='ocrx_word' id='word_1_418' title='bbox 1715 3056 1900 3128; x_wconf 77' lang='lat' dir='ltr'><strong>faciem</strong></span> <span class='ocrx_word' id='word_1_419' title='bbox 1927 3063 2088 3109; x_wconf 81' lang='lat' dir='ltr'><strong>tuam.</strong></span> 
     </span>
    </p>
   </div>
   <div class='ocr_carea' id='block_1_52' title="bbox 2192 2423 3771 2498">
    <p class='ocr_par' dir='ltr' id='par_1_52' title="bbox 2192 2423 3771 2498">
     <span class='ocr_line' id='line_1_52' title="bbox 2192 2423 3771 2498; baseline -0.004 -16"><span class='ocrx_word' id='word_1_420' title='bbox 2192 2445 2338 2482; x_wconf 85' lang='lat' dir='ltr'><strong>suam</strong></span> <span class='ocrx_word' id='word_1_421' title='bbox 2367 2428 2580 2497; x_wconf 77' lang='lat' dir='ltr'><strong>(Matth.</strong></span> <span class='ocrx_word' id='word_1_422' title='bbox 2601 2427 2698 2498; x_wconf 80' lang='lat' dir='ltr'><strong>v1).</strong></span> <span class='ocrx_word' id='word_1_423' title='bbox 2730 2427 2940 2493; x_wconf 83' lang='lat' dir='ltr'><strong>Quanta</strong></span> <span class='ocrx_word' id='word_1_424' title='bbox 2970 2435 3053 2480; x_wconf 91' lang='lat' dir='ltr'><strong>est</strong></span> <span class='ocrx_word' id='word_1_425' title='bbox 3082 2426 3241 2494; x_wconf 88' lang='lat' dir='ltr'><strong>igitur</strong></span> <span class='ocrx_word' id='word_1_426' title='bbox 3265 2440 3389 2494; x_wconf 89' lang='lat' dir='ltr'><strong>spes</strong></span> <span class='ocrx_word' id='word_1_427' title='bbox 3411 2423 3535 2478; x_wconf 88' lang='lat' dir='ltr'><strong>fidei</strong></span> <span class='ocrx_word' id='word_1_428' title='bbox 3555 2439 3771 2490; x_wconf 88' lang='lat' dir='ltr'><strong>eorum,</strong></span> 
     </span>
    </p>
   </div>
   <div class='ocr_carea' id='block_1_53' title="bbox 2193 2515 3774 2588">
    <p class='ocr_par' dir='ltr' id='par_1_53' title="bbox 2193 2515 3774 2588">
     <span class='ocr_line' id='line_1_53' title="bbox 2193 2515 3774 2588; baseline -0.003 -15"><span class='ocrx_word' id='word_1_429' title='bbox 2193 2519 2277 2572; x_wconf 86' lang='lat' dir='ltr'><strong>vel</strong></span> <span class='ocrx_word' id='word_1_430' title='bbox 2304 2534 2421 2588; x_wconf 72' lang='lat' dir='ltr'><strong>qua:</strong></span> <span class='ocrx_word' id='word_1_431' title='bbox 2450 2518 2640 2572; x_wconf 76' lang='lat' dir='ltr'><strong>futura:</strong></span> <span class='ocrx_word' id='word_1_432' title='bbox 2666 2517 3032 2572; x_wconf 87' lang='lat' dir='ltr'><strong>retributionis</strong></span> <span class='ocrx_word' id='word_1_433' title='bbox 3060 2515 3411 2585; x_wconf 84' lang='lat' dir='ltr'><strong>exspectatio,</strong></span> <span class='ocrx_word' id='word_1_434' title='bbox 3432 2515 3523 2582; x_wconf 90' lang='lat' dir='ltr'><strong>qui</strong></span> <span class='ocrx_word' id='word_1_435' title='bbox 3552 2528 3774 2568; x_wconf 86' lang='lat' dir='ltr'><strong>omnem</strong></span> 
     </span>
    </p>
   </div>
   <div class='ocr_carea' id='block_1_54' title="bbox 2193 2605 3772 2676">
    <p class='ocr_par' dir='ltr' id='par_1_54' title="bbox 2193 2605 3772 2676">
     <span class='ocr_line' id='line_1_54' title="bbox 2193 2605 3772 2676; baseline -0.003 -14"><span class='ocrx_word' id='word_1_436' title='bbox 2193 2609 2493 2664; x_wconf 85' lang='lat' dir='ltr'><strong>mercedem</strong></span> <span class='ocrx_word' id='word_1_437' title='bbox 2523 2623 2744 2676; x_wconf 89' lang='lat' dir='ltr'><strong>operum</strong></span> <span class='ocrx_word' id='word_1_438' title='bbox 2772 2621 2994 2661; x_wconf 90' lang='lat' dir='ltr'><strong>suorum</strong></span> <span class='ocrx_word' id='word_1_439' title='bbox 3033 2607 3084 2659; x_wconf 92' lang='lat' dir='ltr'><strong>in</strong></span> <span class='ocrx_word' id='word_1_440' title='bbox 3113 2605 3361 2674; x_wconf 57' lang='lat' dir='ltr'><strong>praesenti</strong></span> <span class='ocrx_word' id='word_1_441' title='bbox 3390 2605 3586 2660; x_wconf 65' lang='lat' dir='ltr'><strong>saeculo</strong></span> <span class='ocrx_word' id='word_1_442' title='bbox 3626 2611 3772 2658; x_wconf 79' lang='lat' dir='ltr'><strong>tein-</strong></span> 
     </span>
    </p>
   </div>
   <div class='ocr_carea' id='block_1_55' title="bbox 2191 2692 3775 2769">
    <p class='ocr_par' dir='ltr' id='par_1_55' title="bbox 2191 2692 3775 2769">
     <span class='ocr_line' id='line_1_55' title="bbox 2191 2692 3775 2769; baseline -0.004 -16"><span class='ocrx_word' id='word_1_443' title='bbox 2191 2698 2393 2769; x_wconf 88' lang='lat' dir='ltr'><strong>poralis</strong></span> <span class='ocrx_word' id='word_1_444' title='bbox 2417 2712 2562 2753; x_wconf 71' lang='lat' dir='ltr'><strong>aura:</strong></span> <span class='ocrx_word' id='word_1_445' title='bbox 2588 2697 2879 2751; x_wconf 88' lang='lat' dir='ltr'><strong>ambitione</strong></span> <span class='ocrx_word' id='word_1_446' title='bbox 2907 2695 3262 2750; x_wconf 78' lang='lat' dir='ltr'><strong>consumunt?</strong></span> <span class='ocrx_word' id='word_1_447' title='bbox 3286 2693 3351 2747; x_wconf 87' lang='lat' dir='ltr'><strong>Et</strong></span> <span class='ocrx_word' id='word_1_448' title='bbox 3379 2693 3524 2760; x_wconf 90' lang='lat' dir='ltr'><strong>ideo,</strong></span> <span class='ocrx_word' id='word_1_449' title='bbox 3551 2692 3775 2762; x_wconf 78' lang='lat' dir='ltr'><strong>fratres,</strong></span> 
     </span>
    </p>
   </div>
   <div class='ocr_carea' id='block_1_56' title="bbox 2195 2784 3776 2856">
    <p class='ocr_par' dir='ltr' id='par_1_56' title="bbox 2195 2784 3776 2856">
     <span class='ocr_line' id='line_1_56' title="bbox 2195 2784 3776 2856; baseline -0.004 -12"><span class='ocrx_word' id='word_1_450' title='bbox 2195 2788 2508 2845; x_wconf 73' lang='lat' dir='ltr'><strong>inoffensam</strong></span> <span class='ocrx_word' id='word_1_451' title='bbox 2537 2794 2593 2842; x_wconf 89' lang='lat' dir='ltr'><strong>et</strong></span> <span class='ocrx_word' id='word_1_452' title='bbox 2630 2786 2742 2841; x_wconf 91' lang='lat' dir='ltr'><strong>Deo</strong></span> <span class='ocrx_word' id='word_1_453' title='bbox 2770 2785 3018 2856; x_wconf 88' lang='lat' dir='ltr'><strong>placitam</strong></span> <span class='ocrx_word' id='word_1_454' title='bbox 3047 2785 3099 2840; x_wconf 92' lang='lat' dir='ltr'><strong>in</strong></span> <span class='ocrx_word' id='word_1_455' title='bbox 3137 2784 3390 2838; x_wconf 85' lang='lat' dir='ltr'><strong>omnibus</strong></span> <span class='ocrx_word' id='word_1_456' title='bbox 3411 2791 3593 2837; x_wconf 85' lang='lat' dir='ltr'><strong>tenete</strong></span> <span class='ocrx_word' id='word_1_457' title='bbox 3619 2799 3776 2838; x_wconf 70' lang='lat' dir='ltr'><strong>lien-</strong></span> 
     </span>
    </p>
   </div>
   <div class='ocr_carea' id='block_1_57' title="bbox 2191 2871 3778 2947">
    <p class='ocr_par' dir='ltr' id='par_1_57' title="bbox 2191 2871 3778 2947">
     <span class='ocr_line' id='line_1_57' title="bbox 2191 2871 3778 2947; baseline -0.005 -13"><span class='ocrx_word' id='word_1_458' title='bbox 2191 2889 2371 2934; x_wconf 74' lang='lat' dir='ltr'><strong>Suram</strong></span> <span class='ocrx_word' id='word_1_459' title='bbox 2404 2896 2417 2932; x_wconf 89' lang='lat'><strong>:</strong></span> <span class='ocrx_word' id='word_1_460' title='bbox 2447 2879 2517 2933; x_wconf 93' lang='lat' dir='ltr'><strong>sit</strong></span> <span class='ocrx_word' id='word_1_461' title='bbox 2543 2875 2684 2947; x_wconf 88' lang='lat' dir='ltr'><strong>apud</strong></span> <span class='ocrx_word' id='word_1_462' title='bbox 2710 2891 2808 2930; x_wconf 90' lang='lat' dir='ltr'><strong>vos</strong></span> <span class='ocrx_word' id='word_1_463' title='bbox 2837 2889 3029 2944; x_wconf 87' lang='lat' dir='ltr'><strong>purum</strong></span> <span class='ocrx_word' id='word_1_464' title='bbox 3053 2872 3333 2942; x_wconf 86' lang='lat' dir='ltr'><strong>jejunium,</strong></span> <span class='ocrx_word' id='word_1_465' title='bbox 3356 2871 3582 2941; x_wconf 78' lang='lat' dir='ltr'><strong>simplex</strong></span> <span class='ocrx_word' id='word_1_466' title='bbox 3610 2871 3778 2926; x_wconf 82' lang='lat' dir='ltr'><strong>mise-</strong></span> 
     </span>
    </p>
   </div>
   <div class='ocr_carea' id='block_1_58' title="bbox 2193 2961 3776 3037">
    <p class='ocr_par' dir='ltr' id='par_1_58' title="bbox 2193 2961 3776 3037">
     <span class='ocr_line' id='line_1_58' title="bbox 2193 2961 3776 3037; baseline -0.006 -13"><span class='ocrx_word' id='word_1_467' title='bbox 2193 2969 2446 3037; x_wconf 88' lang='lat' dir='ltr'><strong>ricordia,</strong></span> <span class='ocrx_word' id='word_1_468' title='bbox 2470 2968 2748 3035; x_wconf 91' lang='lat' dir='ltr'><strong>omnisque</strong></span> <span class='ocrx_word' id='word_1_469' title='bbox 2769 2966 2976 3020; x_wconf 87' lang='lat' dir='ltr'><strong>sincera</strong></span> <span class='ocrx_word' id='word_1_470' title='bbox 2999 2963 3235 3031; x_wconf 89' lang='lat' dir='ltr'><strong>devotio,</strong></span> <span class='ocrx_word' id='word_1_471' title='bbox 3262 2971 3322 3017; x_wconf 91' lang='lat' dir='ltr'><strong>ut</strong></span> <span class='ocrx_word' id='word_1_472' title='bbox 3339 2970 3574 3017; x_wconf 87' lang='lat' dir='ltr'><strong>sanctam</strong></span> <span class='ocrx_word' id='word_1_473' title='bbox 3605 2961 3776 3014; x_wconf 85' lang='lat' dir='ltr'><strong>vitam</strong></span> 
     </span>
    </p>
   </div>
   <div class='ocr_carea' id='block_1_59' title="bbox 2194 3049 3778 3123">
    <p class='ocr_par' dir='ltr' id='par_1_59' title="bbox 2194 3049 3778 3123">
     <span class='ocr_line' id='line_1_59' title="bbox 2194 3049 3778 3123; baseline -0.001 -15"><span class='ocrx_word' id='word_1_474' title='bbox 2194 3066 2429 3112; x_wconf 83' lang='lat' dir='ltr'><strong>vestram</strong></span> <span class='ocrx_word' id='word_1_475' title='bbox 2457 3056 2763 3123; x_wconf 87' lang='lat' dir='ltr'><strong>evangelica</strong></span> <span class='ocrx_word' id='word_1_476' title='bbox 2796 3054 3130 3109; x_wconf 90' lang='lat' dir='ltr'><strong>institutione</strong></span> <span class='ocrx_word' id='word_1_477' title='bbox 3159 3051 3447 3123; x_wconf 88' lang='lat' dir='ltr'><strong>perfectam</strong></span> <span class='ocrx_word' id='word_1_478' title='bbox 3487 3052 3643 3123; x_wconf 76' lang='lat' dir='ltr'><strong>plena</strong></span> <span class='ocrx_word' id='word_1_479' title='bbox 3675 3049 3778 3106; x_wconf 79' lang='lat' dir='ltr'><strong>Dei</strong></span> 
     </span>
    </p>
   </div>
   <div class='ocr_carea' id='block_1_60' title="bbox 519 3142 3056 3222">
    <p class='ocr_par' dir='ltr' id='par_1_60' title="bbox 519 3142 3056 3222">
     <span class='ocr_line' id='line_1_60' title="bbox 519 3142 3056 3222; baseline -0.004 -14"><span class='ocrx_word' id='word_1_480' title='bbox 519 3152 682 3222; x_wconf 85' lang='lat' dir='ltr'><strong>Ungit</strong></span> <span class='ocrx_word' id='word_1_481' title='bbox 715 3166 901 3209; x_wconf 88' lang='lat' dir='ltr'><strong>revera</strong></span> <span class='ocrx_word' id='word_1_482' title='bbox 929 3149 1106 3206; x_wconf 86' lang='lat' dir='ltr'><strong>omnis</strong></span> <span class='ocrx_word' id='word_1_483' title='bbox 1131 3147 1358 3204; x_wconf 90' lang='lat' dir='ltr'><strong>devotus</strong></span> <span class='ocrx_word' id='word_1_484' title='bbox 1387 3154 1546 3214; x_wconf 87' lang='lat' dir='ltr'><strong>caput</strong></span> <span class='ocrx_word' id='word_1_485' title='bbox 1580 3159 1758 3212; x_wconf 88' lang='lat' dir='ltr'><strong>suum,</strong></span> <span class='ocrx_word' id='word_1_486' title='bbox 1779 3144 1931 3214; x_wconf 89' lang='lat' dir='ltr'><strong>cujus</strong></span> <span class='ocrx_word' id='word_1_487' title='bbox 1958 3146 2087 3201; x_wconf 90' lang='lat' dir='ltr'><strong>reli-</strong></span> <span class='ocrx_word' id='word_1_488' title='bbox 2117 3142 2162 3206; x_wconf 92' lang='lat' dir='ltr'><strong><em>C</em></strong></span> <span class='ocrx_word' id='word_1_489' title='bbox 2192 3147 2361 3202; x_wconf 89' lang='lat' dir='ltr'><strong>nostri</strong></span> <span class='ocrx_word' id='word_1_490' title='bbox 2387 3145 2668 3201; x_wconf 88' lang='lat' dir='ltr'><strong>retributio</strong></span> <span class='ocrx_word' id='word_1_491' title='bbox 2685 3152 3056 3214; x_wconf 86' lang='lat' dir='ltr'><strong>prosequatur.</strong></span> 
     </span>
    </p>
   </div>
   <div class='ocr_carea' id='block_1_61' title="bbox 1776 3278 2508 3341">
    <p class='ocr_par' dir='ltr' id='par_1_61' title="bbox 1776 3278 2508 3341">
     <span class='ocr_line' id='line_1_61' title="bbox 1776 3278 2508 3341; baseline -0.003 -3"><span class='ocrx_word' id='word_1_492' title='bbox 1776 3278 2123 3341; x_wconf 81' lang='lat' dir='ltr'><strong>HOMILIA</strong></span> <span class='ocrx_word' id='word_1_493' title='bbox 2174 3278 2508 3340; x_wconf 80' lang='lat' dir='ltr'><strong>XXXVII.</strong></span> 
     </span>
    </p>
   </div>
   <div class='ocr_carea' id='block_1_62' title="bbox 1727 3391 2562 3467">
    <p class='ocr_par' dir='ltr' id='par_1_62' title="bbox 1727 3391 2562 3467">
     <span class='ocr_line' id='line_1_62' title="bbox 1727 3391 2562 3467; baseline 0 -20"><span class='ocrx_word' id='word_1_494' title='bbox 1727 3393 1802 3450; x_wconf 88' lang='lat' dir='ltr'><strong>De</strong></span> <span class='ocrx_word' id='word_1_495' title='bbox 1821 3394 2022 3467; x_wconf 86' lang='lat' dir='ltr'><strong>jejunio</strong></span> <span class='ocrx_word' id='word_1_496' title='bbox 2050 3394 2478 3467; x_wconf 75' lang='lat' dir='ltr'><strong>Quadragesimtu</strong></span> <span class='ocrx_word' id='word_1_497' title='bbox 2510 3391 2562 3448; x_wconf 86' lang='lat' dir='ltr'><strong>I.</strong></span> 
     </span>
    </p>
   </div>
   <div class='ocr_carea' id='block_1_63' title="bbox 1949 3503 2334 3561">
    <p class='ocr_par' dir='ltr' id='par_1_63' title="bbox 1949 3503 2334 3561">
     <span class='ocr_line' id='line_1_63' title="bbox 1949 3503 2334 3561; baseline 0.003 -2"><span class='ocrx_word' id='word_1_498' title='bbox 1949 3503 2334 3561; x_wconf 85' lang='lat' dir='ltr'><strong>ADMONITIO.</strong></span> 
     </span>
    </p>
   </div>
   <div class='ocr_carea' id='block_1_64' title="bbox 589 3613 3776 3687">
    <p class='ocr_par' dir='ltr' id='par_1_64' title="bbox 589 3613 3776 3687">
     <span class='ocr_line' id='line_1_64' title="bbox 589 3613 3776 3687; baseline -0.003 -5"><span class='ocrx_word' id='word_1_499' title='bbox 589 3627 738 3682; x_wconf 86' lang='lat' dir='ltr'><strong>Hanc</strong></span> <span class='ocrx_word' id='word_1_500' title='bbox 779 3625 1053 3680; x_wconf 85' lang='lat' dir='ltr'><strong>homiliam</strong></span> <span class='ocrx_word' id='word_1_501' title='bbox 1099 3622 1378 3676; x_wconf 89' lang='lat' dir='ltr'><strong>recitatam</strong></span> <span class='ocrx_word' id='word_1_502' title='bbox 1417 3617 1581 3675; x_wconf 88' lang='lat' dir='ltr'><strong>fuisse</strong></span> <span class='ocrx_word' id='word_1_503' title='bbox 1609 3617 1664 3672; x_wconf 91' lang='lat' dir='ltr'><strong>in</strong></span> <span class='ocrx_word' id='word_1_504' title='bbox 1691 3617 1955 3672; x_wconf 90' lang='lat' dir='ltr'><strong>dominica</strong></span> <span class='ocrx_word' id='word_1_505' title='bbox 1979 3617 2149 3686; x_wconf 90' lang='lat' dir='ltr'><strong>prima</strong></span> <span class='ocrx_word' id='word_1_506' title='bbox 2174 3613 2621 3687; x_wconf 74' lang='lat' dir='ltr'><strong>Quadragesimze,</strong></span> <span class='ocrx_word' id='word_1_507' title='bbox 2648 3629 2716 3670; x_wconf 81' lang='lat' dir='ltr'><strong>ex</strong></span> <span class='ocrx_word' id='word_1_508' title='bbox 2761 3614 3050 3687; x_wconf 79' lang='lat' dir='ltr'><strong>Evangelio</strong></span> <span class='ocrx_word' id='word_1_509' title='bbox 3091 3615 3281 3687; x_wconf 80' lang='lat' dir='ltr'><strong>Matth.</strong></span> <span class='ocrx_word' id='word_1_510' title='bbox 3311 3631 3430 3687; x_wconf 90' lang='lat' dir='ltr'><strong>cap.</strong></span> <span class='ocrx_word' id='word_1_511' title='bbox 3463 3632 3534 3682; x_wconf 86' lang='lat' dir='ltr'><strong>iv,</strong></span> <span class='ocrx_word' id='word_1_512' title='bbox 3564 3620 3715 3687; x_wconf 78' lang='lat' dir='ltr'><strong>quod</strong></span> <span class='ocrx_word' id='word_1_513' title='bbox 3733 3635 3776 3674; x_wconf 68' lang='grc' dir='ltr'>ι</span> 
     </span>
    </p>
   </div>
   <div class='ocr_carea' id='block_1_65' title="bbox 517 3685 3773 3764">
    <p class='ocr_par' dir='ltr' id='par_1_65' title="bbox 517 3685 3773 3764">
     <span class='ocr_line' id='line_1_65' title="bbox 517 3685 3773 3764; baseline -0.003 -12"><span class='ocrx_word' id='word_1_514' title='bbox 517 3697 575 3754; x_wconf 87' lang='lat' dir='ltr'><strong>S.</strong></span> <span class='ocrx_word' id='word_1_515' title='bbox 603 3696 835 3750; x_wconf 78' lang='lat' dir='ltr'><strong>Maximo</strong></span> <span class='ocrx_word' id='word_1_516' title='bbox 862 3693 1297 3764; x_wconf 87' lang='lat' dir='ltr'><strong>eloquentissima</strong></span> <span class='ocrx_word' id='word_1_517' title='bbox 1317 3689 1651 3764; x_wconf 72' lang='lat' dir='ltr'><strong>expositione</strong></span> <span class='ocrx_word' id='word_1_518' title='bbox 1677 3685 2000 3764; x_wconf 50' lang='lat' dir='ltr'><strong>illustratur;</strong></span> <span class='ocrx_word' id='word_1_519' title='bbox 2032 3687 2161 3741; x_wconf 88' lang='lat' dir='ltr'><strong>satis</strong></span> <span class='ocrx_word' id='word_1_520' title='bbox 2206 3694 2374 3764; x_wconf 86' lang='lat' dir='ltr'><strong>patet_.</strong></span> <span class='ocrx_word' id='word_1_521' title='bbox 2401 3685 2586 3764; x_wconf 77' lang='lat' dir='ltr'><strong>Nullus</strong></span> <span class='ocrx_word' id='word_1_522' title='bbox 2614 3693 2788 3764; x_wconf 74' lang='lat' dir='ltr'><strong>tamen</strong></span> <span class='ocrx_word' id='word_1_523' title='bbox 2811 3685 2990 3764; x_wconf 61' lang='lat' dir='ltr'><strong>plures</strong></span> <span class='ocrx_word' id='word_1_524' title='bbox 3014 3687 3153 3764; x_wconf 66' lang='lat' dir='ltr'><strong>inter</strong></span> <span class='ocrx_word' id='word_1_525' title='bbox 3175 3685 3396 3764; x_wconf 75' lang='lat' dir='ltr'><strong>codices</strong></span> <span class='ocrx_word' id='word_1_526' title='bbox 3423 3702 3550 3741; x_wconf 89' lang='lat' dir='ltr'><strong>mss.</strong></span> <span class='ocrx_word' id='word_1_527' title='bbox 3577 3685 3773 3743; x_wconf 77' lang='lat' dir='ltr'><strong>saneto</strong></span> 
     </span>
    </p>
   </div>
   <div class='ocr_carea' id='block_1_66' title="bbox 515 3753 3772 3824">
    <p class='ocr_par' dir='ltr' id='par_1_66' title="bbox 515 3753 3772 3824">
     <span class='ocr_line' id='line_1_66' title="bbox 515 3753 3772 3824; baseline -0.004 -2"><span class='ocrx_word' id='word_1_528' title='bbox 515 3766 742 3822; x_wconf 89' lang='lat' dir='ltr'><strong>antistiti</strong></span> <span class='ocrx_word' id='word_1_529' title='bbox 781 3779 899 3818; x_wconf 89' lang='lat' dir='ltr'><strong>eam</strong></span> <span class='ocrx_word' id='word_1_530' title='bbox 939 3753 1239 3816; x_wconf 74' lang='lat' dir='ltr'><strong>asserentes</strong></span> <span class='ocrx_word' id='word_1_531' title='bbox 1279 3753 1507 3812; x_wconf 48' lang='lat' dir='ltr'><strong>sub—illa</strong></span> <span class='ocrx_word' id='word_1_532' title='bbox 1534 3758 1620 3811; x_wconf 91' lang='lat' dir='ltr'><strong>die</strong></span> <span class='ocrx_word' id='word_1_533' title='bbox 1647 3754 1828 3817; x_wconf 86' lang='lat' dir='ltr'><strong>refert,</strong></span> <span class='ocrx_word' id='word_1_534' title='bbox 1859 3756 1952 3824; x_wconf 85' lang='lat' dir='ltr'><strong>sed</strong></span> <span class='ocrx_word' id='word_1_535' title='bbox 1978 3757 2087 3810; x_wconf 90' lang='lat' dir='ltr'><strong>fere</strong></span> <span class='ocrx_word' id='word_1_536' title='bbox 2108 3753 2613 3824; x_wconf 82' lang='lat' dir='ltr'><strong>omnessimplicem</strong></span> <span class='ocrx_word' id='word_1_537' title='bbox 2643 3753 2850 3824; x_wconf 72' lang='lat' dir='ltr'><strong>titulum</strong></span> <span class='ocrx_word' id='word_1_538' title='bbox 2883 3771 2896 3806; x_wconf 90' lang='lat'><strong>:</strong></span> <span class='ocrx_word' id='word_1_539' title='bbox 2922 3753 3007 3824; x_wconf 69' lang='lat' dir='ltr'><strong>De</strong></span> <span class='ocrx_word' id='word_1_540' title='bbox 3037 3753 3442 3824; x_wconf 73' lang='lat' dir='ltr'><strong>Quadragesima</strong></span> <span class='ocrx_word' id='word_1_541' title='bbox 3470 3767 3772 3824; x_wconf 88' lang='lat' dir='ltr'><strong>appont.</strong></span> 
     </span>
    </p>
   </div>
   <div class='ocr_carea' id='block_1_67' title="bbox 517 3773 3776 3904">
    <p class='ocr_par' dir='ltr' id='par_1_67' title="bbox 517 3773 3776 3904">
     <span class='ocr_line' id='line_1_67' title="bbox 517 3773 3772 3824; baseline -0.004 -2"><span class='ocrx_word' id='word_1_542' title='bbox 517 3773 742 3822; x_wconf 85' lang='lat' dir='ltr'><strong>antistiti</strong></span> <span class='ocrx_word' id='word_1_543' title='bbox 781 3779 899 3818; x_wconf 89' lang='lat' dir='ltr'><strong>eam</strong></span> <span class='ocrx_word' id='word_1_544' title='bbox 939 3773 1239 3816; x_wconf 86' lang='lat' dir='ltr'><strong>asserentes</strong></span> <span class='ocrx_word' id='word_1_545' title='bbox 1279 3773 1377 3812; x_wconf 84' lang='lat' dir='ltr'><strong>StlD</strong></span> <span class='ocrx_word' id='word_1_546' title='bbox 1419 3773 1507 3812; x_wconf 87' lang='lat' dir='ltr'><strong>illa</strong></span> <span class='ocrx_word' id='word_1_547' title='bbox 1534 3773 1620 3811; x_wconf 83' lang='lat' dir='ltr'><strong>die</strong></span> <span class='ocrx_word' id='word_1_548' title='bbox 1647 3773 1828 3817; x_wconf 76' lang='lat' dir='ltr'><strong>rewrt,</strong></span> <span class='ocrx_word' id='word_1_549' title='bbox 1859 3773 1952 3810; x_wconf 87' lang='lat' dir='ltr'><strong>seu</strong></span> <span class='ocrx_word' id='word_1_550' title='bbox 1978 3773 2087 3810; x_wconf 89' lang='lat' dir='ltr'><strong>iere</strong></span> <span class='ocrx_word' id='word_1_551' title='bbox 2108 3773 2293 3808; x_wconf 89' lang='lat' dir='ltr'><strong>omnes</strong></span> <span class='ocrx_word' id='word_1_552' title='bbox 2321 3773 2613 3821; x_wconf 71' lang='lat' dir='ltr'><strong>simplicem</strong></span> <span class='ocrx_word' id='word_1_553' title='bbox 2643 3773 2850 3808; x_wconf 76' lang='lat' dir='ltr'><strong>titulum</strong></span> <span class='ocrx_word' id='word_1_554' title='bbox 2883 3773 2896 3806; x_wconf 90' lang='lat'><strong>:</strong></span> <span class='ocrx_word' id='word_1_555' title='bbox 2927 3773 3007 3807; x_wconf 84' lang='lat' dir='ltr'><strong>ue</strong></span> <span class='ocrx_word' id='word_1_556' title='bbox 3037 3773 3248 3818; x_wconf 76' lang='lat' dir='ltr'><strong>uuaara</strong></span> <span class='ocrx_word' id='word_1_557' title='bbox 3282 3773 3442 3810; x_wconf 85' lang='lat' dir='ltr'><strong>esima</strong></span> <span class='ocrx_word' id='word_1_558' title='bbox 3470 3773 3772 3824; x_wconf 85' lang='lat' dir='ltr'><strong>appont.</strong></span> 
     </span>
     <span class='ocr_line' id='line_1_68' title="bbox 517 3773 3776 3904; baseline -0.003 -14"><span class='ocrx_word' id='word_1_559' title='bbox 517 3835 828 3904; x_wconf 75' lang='lat' dir='ltr'><strong>llujusmodj</strong></span> <span class='ocrx_word' id='word_1_560' title='bbox 857 3840 983 3904; x_wconf 73' lang='lat' dir='ltr'><strong>sunt</strong></span> <span class='ocrx_word' id='word_1_561' title='bbox 1009 3831 1116 3904; x_wconf 87' lang='lat' dir='ltr'><strong>duo</strong></span> <span class='ocrx_word' id='word_1_562' title='bbox 1143 3828 1374 3904; x_wconf 78' lang='lat' dir='ltr'><strong>codices,</strong></span> <span class='ocrx_word' id='word_1_563' title='bbox 1397 3827 1686 3882; x_wconf 83' lang='lat' dir='ltr'><strong>Vaticanus</strong></span> <span class='ocrx_word' id='word_1_564' title='bbox 1713 3839 1851 3904; x_wconf 62' lang='lat' dir='ltr'><strong>unus</strong></span> <span class='ocrx_word' id='word_1_565' title='bbox 1891 3822 2047 3904; x_wconf 59' lang='grc' dir='ltr'><strong>ἑᾷϐβ,</strong></span> <span class='ocrx_word' id='word_1_566' title='bbox 2094 3838 2215 3904; x_wconf 81' lang='lat' dir='ltr'><strong>pag.</strong></span> <span class='ocrx_word' id='word_1_567' title='bbox 2261 3822 2520 3904; x_wconf 49' lang='lat' dir='ltr'><strong>$7,3lter</strong></span> <span class='ocrx_word' id='word_1_568' title='bbox 2561 3823 2878 3904; x_wconf 42' lang='lat' dir='ltr'><strong>cod..Vati_c.</strong></span> <span class='ocrx_word' id='word_1_569' title='bbox 2921 3822 3193 3904; x_wconf 79' lang='lat' dir='ltr'><strong>Palatinus</strong></span> <span class='ocrx_word' id='word_1_570' title='bbox 3397 3839 3530 3904; x_wconf 57' lang='lat' dir='ltr'><strong>pag.</strong></span> <span class='ocrx_word' id='word_1_571' title='bbox 3559 3825 3646 3904; x_wconf 69' lang='lat'><strong>7§_,</strong></span> <span class='ocrx_word' id='word_1_572' title='bbox 3680 3828 3776 3895; x_wconf 82' lang='lat' dir='ltr'><strong>qui</strong></span> 
     </span>
    </p>
   </div>
   <div class='ocr_carea' id='block_1_68' title="bbox 516 3890 3355 3963">
    <p class='ocr_par' dir='ltr' id='par_1_68' title="bbox 516 3890 3355 3963">
     <span class='ocr_line' id='line_1_69' title="bbox 516 3890 3355 3963; baseline -0.004 -3"><span class='ocrx_word' id='word_1_573' title='bbox 516 3890 717 3960; x_wconf 77' lang='lat' dir='ltr'><strong>habent</strong></span> <span class='ocrx_word' id='word_1_574' title='bbox 748 3920 760 3955; x_wconf 90' lang='lat'><strong>:</strong></span> <span class='ocrx_word' id='word_1_575' title='bbox 793 3901 871 3955; x_wconf 87' lang='lat' dir='ltr'><strong>De</strong></span> <span class='ocrx_word' id='word_1_576' title='bbox 917 3899 1325 3963; x_wconf 84' lang='lat' dir='ltr'><strong>Quadragesima</strong></span> <span class='ocrx_word' id='word_1_577' title='bbox 1361 3890 1533 3950; x_wconf 78' lang='lat' dir='ltr'><strong>sermo</strong></span> <span class='ocrx_word' id='word_1_578' title='bbox 1582 3895 1747 3963; x_wconf 75' lang='lat' dir='ltr'><strong>sancti</strong></span> <span class='ocrx_word' id='word_1_579' title='bbox 1768 3893 2016 3963; x_wconf 74' lang='lat' dir='ltr'><strong>_Ma_ximi</strong></span> <span class='ocrx_word' id='word_1_580' title='bbox 2065 3890 2306 3962; x_wconf 72' lang='lat' dir='ltr'><strong>episcopi.</strong></span> <span class='ocrx_word' id='word_1_581' title='bbox 2344 3890 2558 3963; x_wconf 83' lang='lat' dir='ltr'><strong>_E_adem</strong></span> <span class='ocrx_word' id='word_1_582' title='bbox 2604 3892 2898 3963; x_wconf 75' lang='lat' dir='ltr'><strong>epigraphe</strong></span> <span class='ocrx_word' id='word_1_583' title='bbox 2933 3901 3155 3963; x_wconf 90' lang='lat' dir='ltr'><strong>u_tuntur</strong></span> <span class='ocrx_word' id='word_1_584' title='bbox 3198 3894 3355 3963; x_wconf 80' lang='lat' dir='ltr'><strong>codd.</strong></span> 
     </span>
    </p>
   </div>
   <div class='ocr_carea' id='block_1_69' title="bbox 3444 3895 3778 3949">
    <p class='ocr_par' dir='ltr' id='par_1_69' title="bbox 3444 3895 3778 3949">
     <span class='ocr_line' id='line_1_70' title="bbox 3444 3895 3778 3949; baseline 0.003 -1"><span class='ocrx_word' id='word_1_585' title='bbox 3444 3895 3778 3949; x_wconf 84' lang='lat' dir='ltr'><strong>allicellanus</strong></span> 
     </span>
    </p>
   </div>
   <div class='ocr_carea' id='block_1_70' title="bbox 517 3958 3776 4041">
    <p class='ocr_par' dir='ltr' id='par_1_70' title="bbox 517 3958 3776 4041">
     <span class='ocr_line' id='line_1_71' title="bbox 517 3958 3776 4041; baseline -0.003 -14"><span class='ocrx_word' id='word_1_586' title='bbox 517 3958 651 4027; x_wconf 79' lang='lat' dir='ltr'><strong>tom.</strong></span> <span class='ocrx_word' id='word_1_587' title='bbox 675 3971 764 4036; x_wconf 83' lang='lat' dir='ltr'><strong>XI,</strong></span> <span class='ocrx_word' id='word_1_588' title='bbox 795 3958 976 4041; x_wconf 35' lang='lat' dir='ltr'><strong>pagfl</strong></span> <span class='ocrx_word' id='word_1_589' title='bbox 989 3967 1074 4034; x_wconf 85' lang='lat'><strong>75,</strong></span> <span class='ocrx_word' id='word_1_590' title='bbox 1099 3958 1435 4041; x_wconf 75' lang='lat' dir='ltr'><strong>Nov_ati_ensis</strong></span> <span class='ocrx_word' id='word_1_591' title='bbox 1457 3965 1545 4029; x_wconf 76' lang='lat'><strong>27,</strong></span> <span class='ocrx_word' id='word_1_592' title='bbox 1572 3977 1692 4041; x_wconf 73' lang='lat' dir='ltr'><strong>pag.</strong></span> <span class='ocrx_word' id='word_1_593' title='bbox 1723 3961 1845 4041; x_wconf 53' lang='grc' dir='ltr'><strong>ΞΜ,</strong></span> <span class='ocrx_word' id='word_1_594' title='bbox 1869 3958 2262 4041; x_wconf 51' lang='lat' dir='ltr'><strong>Laurentianus</strong></span> <span class='ocrx_word' id='word_1_595' title='bbox 2283 3958 2491 4041; x_wconf 37' lang='lat' dir='ltr'><strong>i,_l.’lut‘..</strong></span> <span class='ocrx_word' id='word_1_596' title='bbox 2501 3976 2624 4041; x_wconf 54' lang='lat' dir='ltr'><strong>31v,</strong></span> <span class='ocrx_word' id='word_1_597' title='bbox 2639 3958 3214 4041; x_wconf 41' lang='lat' dir='ltr'><strong>_pag.&#39;l09,__Lucensi‘s</strong></span> <span class='ocrx_word' id='word_1_598' title='bbox 3237 3961 3329 4041; x_wconf 67' lang='grc' dir='ltr'><strong>βξί,</strong></span> <span class='ocrx_word' id='word_1_599' title='bbox 3355 3964 3776 4041; x_wconf 74' lang='lat' dir='ltr'><strong>_A_ugi_ensis_m&#39;,</strong></span> 
     </span>
    </p>
   </div>
   <div class='ocr_carea' id='block_1_71' title="bbox 517 4035 1594 4096">
    <p class='ocr_par' dir='ltr' id='par_1_71' title="bbox 517 4035 1594 4096">
     <span class='ocr_line' id='line_1_72' title="bbox 517 4035 1594 4096; baseline -0.007 -1"><span class='ocrx_word' id='word_1_600' title='bbox 517 4050 572 4096; x_wconf 90' lang='lat' dir='ltr'><strong>et</strong></span> <span class='ocrx_word' id='word_1_601' title='bbox 599 4035 940 4094; x_wconf 75' lang='lat' dir='ltr'><strong>Taurinensis</strong></span> <span class='ocrx_word' id='word_1_602' title='bbox 978 4052 1129 4091; x_wconf 89' lang='lat' dir='ltr'><strong>num.</strong></span> <span class='ocrx_word' id='word_1_603' title='bbox 1164 4036 1228 4088; x_wconf 83' lang='lat' dir='ltr'><strong>l7</strong></span> <span class='ocrx_word' id='word_1_604' title='bbox 1273 4035 1594 4090; x_wconf 88' lang='lat' dir='ltr'><strong>Sermonum</strong></span> 
     </span>
    </p>
   </div>
   <div class='ocr_carea' id='block_1_72' title="bbox 1673 4027 3778 4101">
    <p class='ocr_par' dir='ltr' id='par_1_72' title="bbox 1673 4027 3778 4101">
     <span class='ocr_line' id='line_1_73' title="bbox 1673 4027 3778 4101; baseline 0 -15"><span class='ocrx_word' id='word_1_605' title='bbox 1673 4029 2157 4101; x_wconf 73' lang='lat' dir='ltr'><strong>e-Quadragesiina.</strong></span> <span class='ocrx_word' id='word_1_606' title='bbox 2195 4027 2284 4101; x_wconf 76' lang='lat' dir='ltr'><strong>Ab</strong></span> <span class='ocrx_word' id='word_1_607' title='bbox 2325 4029 2406 4101; x_wconf 84' lang='lat' dir='ltr'><strong>his</strong></span> <span class='ocrx_word' id='word_1_608' title='bbox 2442 4027 2692 4101; x_wconf 65' lang='lat' dir='ltr'><strong>dill&#39;eruijit</strong></span> <span class='ocrx_word' id='word_1_609' title='bbox 2717 4027 2824 4086; x_wconf 84' lang='lat' dir='ltr'><strong>duo</strong></span> <span class='ocrx_word' id='word_1_610' title='bbox 2847 4029 3064 4101; x_wconf 65' lang='lat' dir='ltr'><strong>codices</strong></span> <span class='ocrx_word' id='word_1_611' title='bbox 3103 4032 3321 4100; x_wconf 89' lang='lat' dir='ltr'><strong>Belgici,</strong></span> <span class='ocrx_word' id='word_1_612' title='bbox 3355 4027 3696 4088; x_wconf 74' lang='lat' dir='ltr'><strong>Martinensis</strong></span> <span class='ocrx_word' id='word_1_613' title='bbox 3724 4027 3778 4086; x_wconf 75' lang='lat' dir='ltr'><strong>ct</strong></span> 
     </span>
    </p>
   </div>
   <div class='ocr_carea' id='block_1_73' title="bbox 517 4097 3777 4180">
    <p class='ocr_par' dir='ltr' id='par_1_73' title="bbox 517 4097 3777 4180">
     <span class='ocr_line' id='line_1_74' title="bbox 517 4097 3777 4180; baseline -0.002 -15"><span class='ocrx_word' id='word_1_614' title='bbox 517 4108 980 4180; x_wconf 79' lang='lat' dir='ltr'><strong>Camberonens&#39;is,</strong></span> <span class='ocrx_word' id='word_1_615' title='bbox 1007 4106 1110 4180; x_wconf 87' lang='lat' dir='ltr'><strong>q_ui_</strong></span> <span class='ocrx_word' id='word_1_616' title='bbox 1128 4105 1372 4180; x_wconf 86' lang='lat' dir='ltr'><strong>eamdem</strong></span> <span class='ocrx_word' id='word_1_617' title='bbox 1415 4102 1690 4180; x_wconf 77' lang='lat' dir='ltr'><strong>humiliam</strong></span> <span class='ocrx_word' id='word_1_618' title='bbox 1719 4103 1798 4180; x_wconf 79' lang='lat' dir='ltr'><strong>De</strong></span> <span class='ocrx_word' id='word_1_619' title='bbox 1820 4097 2026 4180; x_wconf 59' lang='lat' dir='ltr'><strong>jejunio</strong></span> <span class='ocrx_word' id='word_1_620' title='bbox 2051 4097 2472 4180; x_wconf 58' lang='lat' dir='ltr'><strong>Quadragesimge</strong></span> <span class='ocrx_word' id='word_1_621' title='bbox 2501 4100 2812 4180; x_wconf 69' lang='lat' dir='ltr'><strong>inscribunt.</strong></span> <span class='ocrx_word' id='word_1_622' title='bbox 2830 4098 3092 4180; x_wconf 75' lang='lat' dir='ltr'><strong>_Editores</strong></span> <span class='ocrx_word' id='word_1_623' title='bbox 3119 4097 3313 4180; x_wconf 72' lang='lat' dir='ltr'><strong>omnes</strong></span> <span class='ocrx_word' id='word_1_624' title='bbox 3346 4104 3518 4180; x_wconf 37' lang='lat' dir='ltr'><strong>hunc‘</strong></span> <span class='ocrx_word' id='word_1_625' title='bbox 3529 4117 3643 4172; x_wconf 63' lang='lat' dir='ltr'><strong>pra:</strong></span> <span class='ocrx_word' id='word_1_626' title='bbox 3662 4117 3777 4180; x_wconf 57' lang='grc' dir='ltr'><strong>ἀνθ-</strong></span> 
     </span>
    </p>
   </div>
   <div class='ocr_carea' id='block_1_74' title="bbox 519 4166 2543 4256">
    <p class='ocr_par' dir='ltr' id='par_1_74' title="bbox 519 4166 2543 4256">
     <span class='ocr_line' id='line_1_75' title="bbox 519 4166 2543 4256; baseline -0.007 -22"><span class='ocrx_word' id='word_1_627' title='bbox 519 4181 646 4235; x_wconf 83' lang='lat' dir='ltr'><strong>teris</strong></span> <span class='ocrx_word' id='word_1_628' title='bbox 668 4179 896 4256; x_wconf 63' lang='lat' dir='ltr'><strong>titulum</strong></span> <span class='ocrx_word' id='word_1_629' title='bbox 914 4166 1268 4256; x_wconf 68' lang='lat' dir='ltr'><strong>suscipientes</strong></span> <span class='ocrx_word' id='word_1_630' title='bbox 1292 4174 1524 4256; x_wconf 55' lang='lat' dir='ltr'><strong>primum</strong></span> <span class='ocrx_word' id='word_1_631' title='bbox 1552 4171 1716 4256; x_wconf 46' lang='lat' dir='ltr'><strong>huic.</strong></span> <span class='ocrx_word' id='word_1_632' title='bbox 1740 4166 1914 4256; x_wconf 74' lang='lat' dir='ltr'><strong>locum</strong></span> <span class='ocrx_word' id='word_1_633' title='bbox 1955 4166 2397 4256; x_wconf 26' lang='grc' dir='ltr'><strong>ἥρωι-*ξιοᾎὲίῆ</strong></span> <span class='ocrx_word' id='word_1_634' title='bbox 2406 4166 2484 4220; x_wconf 91' lang='lat' dir='ltr'><strong>De</strong></span> <span class='ocrx_word' id='word_1_635' title='bbox 2501 4167 2543 4256; x_wconf 57' lang='grc' dir='ltr'><strong>Δς</strong></span> 
     </span>
    </p>
   </div>
   <div class='ocr_carea' id='block_1_75' title="bbox 1321 4234 3773 4312">
    <p class='ocr_par' dir='ltr' id='par_1_75' title="bbox 1321 4234 3773 4312">
     <span class='ocr_line' id='line_1_76' title="bbox 1321 4234 3773 4312; baseline 0.001 -17"><span class='ocrx_word' id='word_1_636' title='bbox 1321 4241 1408 4306; x_wconf 89' lang='lat'><strong>08,</strong></span> <span class='ocrx_word' id='word_1_637' title='bbox 1435 4239 1791 4312; x_wconf 64' lang='lat' dir='ltr'><strong>qombeﬁsius</strong></span> <span class='ocrx_word' id='word_1_638' title='bbox 1814 4247 1944 4294; x_wconf 90' lang='lat' dir='ltr'><strong>tom.</strong></span> <span class='ocrx_word' id='word_1_639' title='bbox 1966 4237 2029 4305; x_wconf 87' lang='lat' dir='ltr'><strong>ll,</strong></span> <span class='ocrx_word' id='word_1_640' title='bbox 2061 4251 2181 4308; x_wconf 88' lang='lat' dir='ltr'><strong>pag.</strong></span> <span class='ocrx_word' id='word_1_641' title='bbox 2205 4235 2328 4301; x_wconf 78' lang='lat'><strong>526,</strong></span> <span class='ocrx_word' id='word_1_642' title='bbox 2358 4234 2612 4293; x_wconf 88' lang='lat' dir='ltr'><strong>Cumdius</strong></span> <span class='ocrx_word' id='word_1_643' title='bbox 2640 4234 2770 4293; x_wconf 78' lang='lat' dir='ltr'><strong>toni.</strong></span> <span class='ocrx_word' id='word_1_644' title='bbox 2794 4238 2838 4306; x_wconf 94' lang='lat' dir='ltr'><strong>l,</strong></span> <span class='ocrx_word' id='word_1_645' title='bbox 2854 4252 2979 4308; x_wconf 88' lang='lat' dir='ltr'><strong>pag.</strong></span> <span class='ocrx_word' id='word_1_646' title='bbox 3005 4239 3128 4304; x_wconf 75' lang='grc'><strong>156,</strong></span> <span class='ocrx_word' id='word_1_647' title='bbox 3152 4234 3476 4309; x_wconf 80' lang='lat' dir='ltr'><strong>Raynaudus</strong></span> <span class='ocrx_word' id='word_1_648' title='bbox 3499 4234 3621 4312; x_wconf 67' lang='lat' dir='ltr'><strong>pag.</strong></span> <span class='ocrx_word' id='word_1_649' title='bbox 3646 4239 3773 4300; x_wconf 52' lang='grc' dir='ltr'><strong>Ἀεὶ,</strong></span> 
     </span>
    </p>
   </div>
   <div class='ocr_carea' id='block_1_76' title="bbox 551 4245 1256 4366">
    <p class='ocr_par' dir='ltr' id='par_1_76' title="bbox 551 4245 1256 4366">
     <span class='ocr_line' id='line_1_77' title="bbox 551 4245 1256 4366; baseline -0.009 -64"><span class='ocrx_word' id='word_1_650' title='bbox 551 4262 637 4317; x_wconf 83' lang='lat' dir='ltr'><strong>ag.</strong></span> <span class='ocrx_word' id='word_1_651' title='bbox 668 4248 772 4327; x_wconf 52' lang='lat'><strong>72,</strong></span> <span class='ocrx_word' id='word_1_652' title='bbox 801 4245 1103 4327; x_wconf 76' lang='lat' dir='ltr'><strong>Galesiiiius</strong></span> <span class='ocrx_word' id='word_1_653' title='bbox 1126 4257 1256 4366; x_wconf 50' lang='lat' dir='ltr'><strong>ﬂag.</strong></span> 
     </span>
     <span class='ocr_line' id='line_1_78' title="bbox 551 4315 1256 4366; baseline -0.001 0"><span class='ocrx_word' id='word_1_654' title='bbox 551 4318 849 4366; x_wconf 71' lang='lat' dir='ltr'><strong>[amarinus</strong></span> <span class='ocrx_word' id='word_1_655' title='bbox 879 4331 930 4366; x_wconf 90' lang='lat' dir='ltr'><strong>in</strong></span> <span class='ocrx_word' id='word_1_656' title='bbox 961 4315 1099 4366; x_wconf 89' lang='lat' dir='ltr'><strong>Bibl.</strong></span> <span class='ocrx_word' id='word_1_657' title='bbox 1180 4328 1256 4366; x_wconf 45' lang='lat' dir='ltr'><strong>ax.</strong></span> 
     </span>
    </p>
   </div>
   <div class='ocr_carea' id='block_1_77' title="bbox 572 4307 1818 4385">
    <p class='ocr_par' dir='ltr' id='par_1_77' title="bbox 572 4307 1818 4385">
     <span class='ocr_line' id='line_1_79' title="bbox 572 4307 1818 4385; baseline -0.006 -13"><span class='ocrx_word' id='word_1_658' title='bbox 572 4307 849 4385; x_wconf 56' lang='lat' dir='ltr'><strong>irgarinus</strong></span> <span class='ocrx_word' id='word_1_659' title='bbox 879 4316 930 4369; x_wconf 91' lang='lat' dir='ltr'><strong>in</strong></span> <span class='ocrx_word' id='word_1_660' title='bbox 961 4315 1099 4367; x_wconf 91' lang='lat' dir='ltr'><strong>Bibl.</strong></span> <span class='ocrx_word' id='word_1_661' title='bbox 1126 4307 1268 4366; x_wconf 71' lang='lat' dir='ltr'><strong>Max.</strong></span> <span class='ocrx_word' id='word_1_662' title='bbox 1298 4319 1429 4367; x_wconf 89' lang='lat' dir='ltr'><strong>tom.</strong></span> <span class='ocrx_word' id='word_1_663' title='bbox 1460 4309 1548 4374; x_wconf 84' lang='lat' dir='ltr'><strong>Vl,</strong></span> <span class='ocrx_word' id='word_1_664' title='bbox 1577 4323 1700 4379; x_wconf 90' lang='lat' dir='ltr'><strong>pag.</strong></span> <span class='ocrx_word' id='word_1_665' title='bbox 1732 4307 1818 4364; x_wconf 74' lang='lat' dir='ltr'><strong>M.</strong></span> 
     </span>
    </p>
   </div>
   <div class='ocr_carea' id='block_1_78' title="bbox 521 4422 2093 4502">
    <p class='ocr_par' dir='ltr' id='par_1_78' title="bbox 521 4422 2093 4502">
     <span class='ocr_line' id='line_1_80' title="bbox 521 4422 2093 4502; baseline -0.007 -21"><span class='ocrx_word' id='word_1_666' title='bbox 521 4425 906 4502; x_wconf 56' lang='lat' dir='ltr'><strong>AREDIFNTUII.</strong></span> <span class='ocrx_word' id='word_1_667' title='bbox 938 4457 1010 4469; x_wconf 86' lang='lat'><strong>——</strong></span> <span class='ocrx_word' id='word_1_668' title='bbox 1036 4424 1246 4502; x_wconf 70' lang='grc' dir='ltr'><strong><em>Τήρζὶσὶ</em></strong></span> <span class='ocrx_word' id='word_1_669' title='bbox 1278 4422 1992 4502; x_wconf 50' lang='grc' dir='ltr'><strong>ξηράοηάὶιώοιιξεμθρτειειεσ</strong></span> <span class='ocrx_word' id='word_1_670' title='bbox 2017 4426 2093 4502; x_wconf 73' lang='lat' dir='ltr'><strong>est</strong></span> 
     </span>
    </p>
   </div>
   <div class='ocr_carea' id='block_1_79' title="bbox 587 4488 2080 4563">
    <p class='ocr_par' dir='ltr' id='par_1_79' title="bbox 587 4488 2080 4563">
     <span class='ocr_line' id='line_1_81' title="bbox 587 4488 2080 4563; baseline -0.006 -14"><span class='ocrx_word' id='word_1_671' title='bbox 587 4495 867 4556; x_wconf 77' lang='lat' dir='ltr'><strong>Christum,</strong></span> <span class='ocrx_word' id='word_1_672' title='bbox 893 4511 1007 4549; x_wconf 87' lang='lat' dir='ltr'><strong>cum</strong></span> <span class='ocrx_word' id='word_1_673' title='bbox 1035 4488 1382 4563; x_wconf 77' lang='lat' dir='ltr'><strong>quadraginta</strong></span> <span class='ocrx_word' id='word_1_674' title='bbox 1411 4492 1606 4563; x_wconf 79' lang='lat' dir='ltr'><strong>dierum</strong></span> <span class='ocrx_word' id='word_1_675' title='bbox 1639 4488 1893 4563; x_wconf 66' lang='lat' dir='ltr'><strong>jejunium</strong></span> <span class='ocrx_word' id='word_1_676' title='bbox 1920 4488 2080 4563; x_wconf 70' lang='lat' dir='ltr'><strong>absol-</strong></span> 
     </span>
    </p>
   </div>
   <div class='ocr_carea' id='block_1_80' title="bbox 585 4558 2095 4631">
    <p class='ocr_par' dir='ltr' id='par_1_80' title="bbox 585 4558 2095 4631">
     <span class='ocr_line' id='line_1_82' title="bbox 585 4558 2095 4631; baseline -0.007 -13"><span class='ocrx_word' id='word_1_677' title='bbox 585 4567 771 4628; x_wconf 75' lang='lat' dir='ltr'><strong>visset;</strong></span> <span class='ocrx_word' id='word_1_678' title='bbox 795 4571 844 4616; x_wconf 89' lang='lat' dir='ltr'><strong>et</strong></span> <span class='ocrx_word' id='word_1_679' title='bbox 870 4558 1206 4631; x_wconf 74' lang='lat' dir='ltr'><strong>triplicéinde</strong></span> <span class='ocrx_word' id='word_1_680' title='bbox 1229 4558 1370 4614; x_wconf 69' lang='lat' dir='ltr'><strong>hoste</strong></span> <span class='ocrx_word' id='word_1_681' title='bbox 1393 4562 1622 4630; x_wconf 86' lang='lat' dir='ltr'><strong>maligno</strong></span> <span class='ocrx_word' id='word_1_682' title='bbox 1642 4558 1901 4631; x_wconf 71' lang='lat' dir='ltr'><strong>Dominus</strong></span> <span class='ocrx_word' id='word_1_683' title='bbox 1926 4558 2095 4631; x_wconf 79' lang='lat' dir='ltr'><strong>trium-</strong></span> 
     </span>
    </p>
   </div>
   <div class='ocr_carea' id='block_1_81' title="bbox 585 4624 2095 4705">
    <p class='ocr_par' dir='ltr' id='par_1_81' title="bbox 585 4624 2095 4705">
     <span class='ocr_line' id='line_1_83' title="bbox 585 4624 2095 4705; baseline -0.006 -18"><span class='ocrx_word' id='word_1_684' title='bbox 585 4624 1208 4705; x_wconf 40' lang='lat' dir='ltr'><strong>phum&#39;roportaoit._ﬂoc</strong></span> <span class='ocrx_word' id='word_1_685' title='bbox 1231 4631 1464 4705; x_wconf 50' lang='lat' dir='ltr'><strong>esemplo</strong></span> <span class='ocrx_word' id='word_1_686' title='bbox 1489 4624 1582 4682; x_wconf 76' lang='lat' dir='ltr'><strong>nos</strong></span> <span class='ocrx_word' id='word_1_687' title='bbox 1609 4628 1896 4705; x_wconf 74' lang='lat' dir='ltr'><strong>admonuit,</strong></span> <span class='ocrx_word' id='word_1_688' title='bbox 1915 4624 2095 4696; x_wconf 81' lang='lat' dir='ltr'><strong>quibus</strong></span> 
     </span>
    </p>
   </div>
   <div class='ocr_carea' id='block_1_82' title="bbox 588 4646 1893 4773">
    <p class='ocr_par' dir='ltr' id='par_1_82' title="bbox 588 4646 1893 4773">
     <span class='ocr_line' id='line_1_84' title="bbox 588 4646 1893 4754; baseline -0.007 -67"><span class='ocrx_word' id='word_1_689' title='bbox 588 4646 744 4705; x_wconf 76' lang='lat' dir='ltr'><strong>prium</strong></span> <span class='ocrx_word' id='word_1_690' title='bbox 771 4646 1064 4702; x_wconf 76' lang='lat' dir='ltr'><strong>reportavit.</strong></span> <span class='ocrx_word' id='word_1_691' title='bbox 1093 4646 1208 4684; x_wconf 84' lang='lat' dir='ltr'><strong>uoc</strong></span> <span class='ocrx_word' id='word_1_692' title='bbox 1231 4646 1464 4754; x_wconf 49' lang='lat' dir='ltr'><strong>exemita</strong></span> <span class='ocrx_word' id='word_1_693' title='bbox 1489 4646 1582 4682; x_wconf 88' lang='lat' dir='ltr'><strong>nos</strong></span> <span class='ocrx_word' id='word_1_694' title='bbox 1609 4646 1893 4693; x_wconf 75' lang='lat' dir='ltr'><strong>admonuit,</strong></span> 
     </span>
     <span class='ocr_line' id='line_1_85' title="bbox 588 4697 1893 4773; baseline -0.008 -15"><span class='ocrx_word' id='word_1_695' title='bbox 588 4705 749 4757; x_wconf 82' lang='lat' dir='ltr'><strong>annis</strong></span> <span class='ocrx_word' id='word_1_696' title='bbox 779 4703 986 4773; x_wconf 78' lang='lat' dir='ltr'><strong>infenso</strong></span> <span class='ocrx_word' id='word_1_697' title='bbox 1013 4701 1309 4755; x_wconf 72' lang='lat' dir='ltr'><strong>adversario</strong></span> <span class='ocrx_word' id='word_1_698' title='bbox 1335 4717 1364 4754; x_wconf 93' lang='grc' dir='ltr'><em>ο</em></span> <span class='ocrx_word' id='word_1_699' title='bbox 1399 4700 1578 4752; x_wconf 84' lang='lat' dir='ltr'><strong>sistere</strong></span> <span class='ocrx_word' id='word_1_700' title='bbox 1601 4697 1893 4750; x_wconf 83' lang='lat' dir='ltr'><strong>debeamus.</strong></span> 
     </span>
    </p>
   </div>
   <div class='ocr_carea' id='block_1_83' title="bbox 586 4784 2093 4858">
    <p class='ocr_par' dir='ltr' id='par_1_83' title="bbox 586 4784 2093 4858">
     <span class='ocr_line' id='line_1_86' title="bbox 586 4784 2093 4858; baseline -0.007 -10"><span class='ocrx_word' id='word_1_701' title='bbox 586 4792 856 4858; x_wconf 83' lang='lat' dir='ltr'><strong>Audistis,</strong></span> <span class='ocrx_word' id='word_1_702' title='bbox 888 4791 1184 4858; x_wconf 85' lang='lat' dir='ltr'><strong>carissimi,</strong></span> <span class='ocrx_word' id='word_1_703' title='bbox 1211 4791 1350 4846; x_wconf 88' lang='lat' dir='ltr'><strong>sicut</strong></span> <span class='ocrx_word' id='word_1_704' title='bbox 1380 4787 1685 4855; x_wconf 86' lang='lat' dir='ltr'><strong>evangelica</strong></span> <span class='ocrx_word' id='word_1_705' title='bbox 1731 4785 1854 4840; x_wconf 89' lang='lat' dir='ltr'><strong>tuba</strong></span> <span class='ocrx_word' id='word_1_706' title='bbox 1882 4784 2093 4852; x_wconf 88' lang='lat' dir='ltr'><strong>cecinit,</strong></span> 
     </span>
    </p>
   </div>
   <div class='ocr_carea' id='block_1_84' title="bbox 2522 4166 3776 4248">
    <p class='ocr_par' dir='ltr' id='par_1_84' title="bbox 2522 4166 3776 4248">
     <span class='ocr_line' id='line_1_87' title="bbox 2522 4166 3776 4248; baseline 0.003 -27"><span class='ocrx_word' id='word_1_707' title='bbox 2522 4166 2927 4248; x_wconf 66' lang='lat' dir='ltr'><strong>Quadragesima</strong></span> <span class='ocrx_word' id='word_1_708' title='bbox 2954 4169 3233 4248; x_wconf 54' lang='lat' dir='ltr'><strong>dederunt,</strong></span> <span class='ocrx_word' id='word_1_709' title='bbox 3264 4187 3455 4248; x_wconf 85' lang='lat' dir='ltr'><strong>nempe</strong></span> <span class='ocrx_word' id='word_1_710' title='bbox 3480 4166 3776 4248; x_wconf 56' lang='lat' dir='ltr'><strong>Gimnjcgs</strong></span> 
     </span>
    </p>
   </div>
   <div class='ocr_carea' id='block_1_85' title="bbox 2192 4417 3776 4492">
    <p class='ocr_par' dir='ltr' id='par_1_85' title="bbox 2192 4417 3776 4492">
     <span class='ocr_line' id='line_1_88' title="bbox 2192 4417 3776 4492; baseline 0.004 -21"><span class='ocrx_word' id='word_1_711' title='bbox 2192 4425 2374 4472; x_wconf 88' lang='lat' dir='ltr'><strong>menta</strong></span> <span class='ocrx_word' id='word_1_712' title='bbox 2401 4417 2602 4472; x_wconf 87' lang='lat' dir='ltr'><strong>diaboli</strong></span> <span class='ocrx_word' id='word_1_713' title='bbox 2629 4417 2980 4476; x_wconf 89' lang='lat' dir='ltr'><strong>reluctantem</strong></span> <span class='ocrx_word' id='word_1_714' title='bbox 3007 4419 3220 4489; x_wconf 90' lang='lat' dir='ltr'><strong>quidem</strong></span> <span class='ocrx_word' id='word_1_715' title='bbox 3249 4421 3445 4486; x_wconf 88' lang='lat' dir='ltr'><strong>verbis,</strong></span> <span class='ocrx_word' id='word_1_716' title='bbox 3467 4421 3560 4477; x_wconf 87' lang='lat' dir='ltr'><strong>sed</strong></span> <span class='ocrx_word' id='word_1_717' title='bbox 3584 4424 3776 4492; x_wconf 89' lang='lat' dir='ltr'><strong>spiritu</strong></span> 
     </span>
    </p>
   </div>
   <div class='ocr_carea' id='block_1_86' title="bbox 2194 4505 3774 4582">
    <p class='ocr_par' dir='ltr' id='par_1_86' title="bbox 2194 4505 3774 4582">
     <span class='ocr_line' id='line_1_89' title="bbox 2194 4505 3774 4582; baseline 0.004 -21"><span class='ocrx_word' id='word_1_718' title='bbox 2194 4505 2565 4573; x_wconf 85' lang='lat' dir='ltr'><strong>dimicantem;</strong></span> <span class='ocrx_word' id='word_1_719' title='bbox 2607 4523 2855 4563; x_wconf 88' lang='lat' dir='ltr'><strong>sermone</strong></span> <span class='ocrx_word' id='word_1_720' title='bbox 2893 4510 3033 4564; x_wconf 89' lang='lat' dir='ltr'><strong>enim</strong></span> <span class='ocrx_word' id='word_1_721' title='bbox 3063 4512 3334 4564; x_wconf 76' lang='lat' dir='ltr'><strong>certamen</strong></span> <span class='ocrx_word' id='word_1_722' title='bbox 3365 4510 3493 4578; x_wconf 83' lang='lat' dir='ltr'><strong>agit,</strong></span> <span class='ocrx_word' id='word_1_723' title='bbox 3521 4511 3617 4566; x_wconf 86' lang='lat' dir='ltr'><strong>sed</strong></span> <span class='ocrx_word' id='word_1_724' title='bbox 3646 4528 3774 4582; x_wconf 84' lang='lat' dir='ltr'><strong>per-</strong></span> 
     </span>
    </p>
   </div>
   <div class='ocr_carea' id='block_1_87' title="bbox 2196 4595 3776 4672">
    <p class='ocr_par' dir='ltr' id='par_1_87' title="bbox 2196 4595 3776 4672">
     <span class='ocr_line' id='line_1_90' title="bbox 2196 4595 3776 4672; baseline 0.006 -23"><span class='ocrx_word' id='word_1_725' title='bbox 2196 4596 2307 4664; x_wconf 90' lang='lat' dir='ltr'><strong>agit</strong></span> <span class='ocrx_word' id='word_1_726' title='bbox 2333 4595 2615 4664; x_wconf 82' lang='lat' dir='ltr'><strong>majestate</strong></span> <span class='ocrx_word' id='word_1_727' title='bbox 2640 4597 2940 4652; x_wconf 90' lang='lat' dir='ltr'><strong>victoriam.</strong></span> <span class='ocrx_word' id='word_1_728' title='bbox 2970 4600 2984 4630; x_wconf 89' lang='grc'>¹</span> <span class='ocrx_word' id='word_1_729' title='bbox 3013 4598 3122 4653; x_wconf 90' lang='lat' dir='ltr'><strong>Nec</strong></span> <span class='ocrx_word' id='word_1_730' title='bbox 3145 4599 3262 4653; x_wconf 91' lang='lat' dir='ltr'><strong>sine</strong></span> <span class='ocrx_word' id='word_1_731' title='bbox 3292 4600 3490 4668; x_wconf 89' lang='lat' dir='ltr'><strong>ingenti</strong></span> <span class='ocrx_word' id='word_1_732' title='bbox 3515 4603 3776 4672; x_wconf 74' lang='lat' dir='ltr'><strong>mysterio</strong></span> 
     </span>
    </p>
   </div>
   <div class='ocr_carea' id='block_1_88' title="bbox 2197 4684 3775 4756">
    <p class='ocr_par' dir='ltr' id='par_1_88' title="bbox 2197 4684 3775 4756">
     <span class='ocr_line' id='line_1_91' title="bbox 2197 4684 3775 4756; baseline 0.004 -17"><span class='ocrx_word' id='word_1_733' title='bbox 2197 4684 2502 4754; x_wconf 91' lang='lat' dir='ltr'><strong>hujusmodi</strong></span> <span class='ocrx_word' id='word_1_734' title='bbox 2540 4692 2790 4754; x_wconf 91' lang='lat' dir='ltr'><strong>putemus</strong></span> <span class='ocrx_word' id='word_1_735' title='bbox 2828 4700 2945 4740; x_wconf 89' lang='lat' dir='ltr'><strong>esse</strong></span> <span class='ocrx_word' id='word_1_736' title='bbox 2983 4687 3309 4750; x_wconf 80' lang='lat' dir='ltr'><strong>conflictum,</strong></span> <span class='ocrx_word' id='word_1_737' title='bbox 3349 4689 3400 4741; x_wconf 90' lang='lat' dir='ltr'><strong>in</strong></span> <span class='ocrx_word' id='word_1_738' title='bbox 3425 4702 3536 4756; x_wconf 90' lang='lat' dir='ltr'><strong>quo</strong></span> <span class='ocrx_word' id='word_1_739' title='bbox 3566 4699 3775 4746; x_wconf 64' lang='lat' dir='ltr'><strong>autat:-</strong></span> 
     </span>
    </p>
   </div>
   <div class='ocr_carea' id='block_1_89' title="bbox 2195 4783 3776 4855">
    <p class='ocr_par' dir='ltr' id='par_1_89' title="bbox 2195 4783 3776 4855">
     <span class='ocr_line' id='line_1_92' title="bbox 2195 4783 3776 4855; baseline 0.004 -17"><span class='ocrx_word' id='word_1_740' title='bbox 2195 4797 2390 4838; x_wconf 90' lang='lat' dir='ltr'><strong>census</strong></span> <span class='ocrx_word' id='word_1_741' title='bbox 2434 4784 2677 4838; x_wconf 88' lang='lat' dir='ltr'><strong>diabolus</strong></span> <span class='ocrx_word' id='word_1_742' title='bbox 2726 4783 2780 4837; x_wconf 91' lang='lat' dir='ltr'><strong>in</strong></span> <span class='ocrx_word' id='word_1_743' title='bbox 2825 4785 2988 4838; x_wconf 88' lang='lat' dir='ltr'><strong>verba</strong></span> <span class='ocrx_word' id='word_1_744' title='bbox 3035 4793 3060 4830; x_wconf 74' lang='grc' dir='ltr'><strong>ε</strong></span> <span class='ocrx_word' id='word_1_745' title='bbox 3098 4787 3415 4855; x_wconf 78' lang='lat' dir='ltr'><strong>prorumpit,</strong></span> <span class='ocrx_word' id='word_1_746' title='bbox 3458 4795 3554 4841; x_wconf 83' lang='lat' dir='ltr'><strong>snt</strong></span> <span class='ocrx_word' id='word_1_747' title='bbox 3592 4800 3776 4844; x_wconf 72' lang='lat' dir='ltr'><strong>rerum</strong></span> 
     </span>
    </p>
   </div>
   <div class='ocr_carea' id='block_1_90' title="bbox 517 4871 3778 4955">
    <p class='ocr_par' dir='ltr' id='par_1_90' title="bbox 517 4871 3778 4955">
     <span class='ocr_line' id='line_1_93' title="bbox 517 4871 3778 4955; baseline 0 -15"><span class='ocrx_word' id='word_1_748' title='bbox 517 4883 804 4942; x_wconf 82' lang='lat' dir='ltr'><strong>Dominum</strong></span> <span class='ocrx_word' id='word_1_749' title='bbox 831 4898 898 4939; x_wconf 90' lang='lat' dir='ltr'><strong>ac</strong></span> <span class='ocrx_word' id='word_1_750' title='bbox 924 4882 1337 4953; x_wconf 80' lang='lat' dir='ltr'><strong>Redemptorem</strong></span> <span class='ocrx_word' id='word_1_751' title='bbox 1365 4890 1607 4937; x_wconf 87' lang='lat' dir='ltr'><strong>nostrum</strong></span> <span class='ocrx_word' id='word_1_752' title='bbox 1634 4879 1890 4934; x_wconf 88' lang='lat' dir='ltr'><strong>adversus</strong></span> <span class='ocrx_word' id='word_1_753' title='bbox 1915 4885 2092 4933; x_wconf 89' lang='lat' dir='ltr'><strong>tenta-</strong></span> <span class='ocrx_word' id='word_1_754' title='bbox 2122 4871 2173 4932; x_wconf 86' lang='lat' dir='ltr'><strong>D</strong></span> <span class='ocrx_word' id='word_1_755' title='bbox 2198 4881 2455 4938; x_wconf 88' lang='lat' dir='ltr'><strong>Dominus</strong></span> <span class='ocrx_word' id='word_1_756' title='bbox 2477 4881 2728 4938; x_wconf 83' lang='lat' dir='ltr'><strong>tentatori</strong></span> <span class='ocrx_word' id='word_1_757' title='bbox 2755 4897 2853 4937; x_wconf 90' lang='lat' dir='ltr'><strong>suo</strong></span> <span class='ocrx_word' id='word_1_758' title='bbox 2883 4883 3058 4936; x_wconf 87' lang='lat' dir='ltr'><strong>verbis</strong></span> <span class='ocrx_word' id='word_1_759' title='bbox 3079 4882 3424 4940; x_wconf 89' lang='lat' dir='ltr'><strong>nihilominus</strong></span> <span class='ocrx_word' id='word_1_760' title='bbox 3450 4889 3778 4955; x_wconf 73' lang='lat' dir='ltr'><strong>respondete</strong></span> 
     </span>
    </p>
   </div>
   <div class='ocr_carea' id='block_1_91' title="bbox 637 5032 2090 5099">
    <p class='ocr_par' dir='ltr' id='par_1_91' title="bbox 637 5032 2090 5099">
     <span class='ocr_line' id='line_1_94' title="bbox 637 5032 2090 5099; baseline -0.003 -10"><span class='ocrx_word' id='word_1_761' title='bbox 637 5034 783 5090; x_wconf 90' lang='lat' dir='ltr'><strong>Idem</strong></span> <span class='ocrx_word' id='word_1_762' title='bbox 810 5032 933 5091; x_wconf 91' lang='lat' dir='ltr'><strong>cod.</strong></span> <span class='ocrx_word' id='word_1_763' title='bbox 959 5033 1236 5099; x_wconf 86' lang='lat' dir='ltr'><strong>Laurent.,</strong></span> <span class='ocrx_word' id='word_1_764' title='bbox 1259 5035 1450 5088; x_wconf 82' lang='lat' dir='ltr'><strong>nullius</strong></span> <span class='ocrx_word' id='word_1_765' title='bbox 1477 5033 1718 5086; x_wconf 82' lang='lat' dir='ltr'><strong>uanitatis</strong></span> <span class='ocrx_word' id='word_1_766' title='bbox 1746 5032 2090 5099; x_wconf 76' lang='lat' dir='ltr'><strong>aﬁ&#39;ectatione.</strong></span> 
     </span>
    </p>
   </div>
   <div class='ocr_carea' id='block_1_92' title="bbox 513 5100 2091 5167">
    <p class='ocr_par' dir='ltr' id='par_1_92' title="bbox 513 5100 2091 5167">
     <span class='ocr_line' id='line_1_95' title="bbox 513 5100 2091 5167; baseline -0.005 -6"><span class='ocrx_word' id='word_1_767' title='bbox 513 5106 649 5161; x_wconf 90' lang='lat' dir='ltr'><strong>Item</strong></span> <span class='ocrx_word' id='word_1_768' title='bbox 671 5106 826 5160; x_wconf 88' lang='lat' dir='ltr'><strong>codd.</strong></span> <span class='ocrx_word' id='word_1_769' title='bbox 845 5105 1023 5160; x_wconf 88' lang='lat' dir='ltr'><strong>Casin.</strong></span> <span class='ocrx_word' id='word_1_770' title='bbox 1049 5112 1104 5159; x_wconf 93' lang='lat' dir='ltr'><strong>et</strong></span> <span class='ocrx_word' id='word_1_771' title='bbox 1124 5103 1427 5167; x_wconf 78' lang='lat' dir='ltr'><strong>Martinen.,</strong></span> <span class='ocrx_word' id='word_1_772' title='bbox 1449 5102 1650 5156; x_wconf 82' lang='lat' dir='ltr'><strong>verbum</strong></span> <span class='ocrx_word' id='word_1_773' title='bbox 1670 5111 1839 5154; x_wconf 87' lang='lat' dir='ltr'><strong>autem</strong></span> <span class='ocrx_word' id='word_1_774' title='bbox 1863 5100 2091 5158; x_wconf 83' lang='lat' dir='ltr'><strong>Domini.</strong></span> 
     </span>
    </p>
   </div>
   <div class='ocr_carea' id='block_1_93' title="bbox 585 5171 2093 5239">
    <p class='ocr_par' dir='ltr' id='par_1_93' title="bbox 585 5171 2093 5239">
     <span class='ocr_line' id='line_1_96' title="bbox 585 5171 2093 5239; baseline -0.004 -10"><span class='ocrx_word' id='word_1_775' title='bbox 585 5175 613 5214; x_wconf 74' lang='grc' dir='ltr'><strong>ι</strong></span> <span class='ocrx_word' id='word_1_776' title='bbox 643 5173 778 5230; x_wconf 90' lang='lat' dir='ltr'><strong>Cod.</strong></span> <span class='ocrx_word' id='word_1_777' title='bbox 805 5174 929 5230; x_wconf 85' lang='lat' dir='ltr'><strong>Vat.</strong></span> <span class='ocrx_word' id='word_1_778' title='bbox 970 5173 1128 5239; x_wconf 72' lang='grc'><strong>1278,</strong></span> <span class='ocrx_word' id='word_1_779' title='bbox 1163 5173 1407 5227; x_wconf 87' lang='lat' dir='ltr'><strong>Prolatus</strong></span> <span class='ocrx_word' id='word_1_780' title='bbox 1435 5173 1569 5226; x_wconf 85' lang='lat' dir='ltr'><strong>enim</strong></span> <span class='ocrx_word' id='word_1_781' title='bbox 1603 5186 1778 5224; x_wconf 85' lang='lat' dir='ltr'><strong>eorum</strong></span> <span class='ocrx_word' id='word_1_782' title='bbox 1805 5171 1970 5224; x_wconf 62' lang='lat' dir='ltr'><strong>cultus</strong></span> <span class='ocrx_word' id='word_1_783' title='bbox 1997 5181 2093 5233; x_wconf 82' lang='lat' dir='ltr'><strong>est,</strong></span> 
     </span>
    </p>
   </div>
   <div class='ocr_carea' id='block_1_94' title="bbox 514 5241 1377 5310">
    <p class='ocr_par' dir='ltr' id='par_1_94' title="bbox 514 5241 1377 5310">
     <span class='ocr_line' id='line_1_97' title="bbox 514 5241 1377 5310; baseline -0.008 -9"><span class='ocrx_word' id='word_1_784' title='bbox 514 5254 644 5310; x_wconf 89' lang='lat' dir='ltr'><strong>etc.;</strong></span> <span class='ocrx_word' id='word_1_785' title='bbox 669 5245 997 5300; x_wconf 88' lang='lat' dir='ltr'><strong>concordant</strong></span> <span class='ocrx_word' id='word_1_786' title='bbox 1017 5243 1172 5298; x_wconf 90' lang='lat' dir='ltr'><strong>codd.</strong></span> <span class='ocrx_word' id='word_1_787' title='bbox 1198 5241 1377 5296; x_wconf 89' lang='lat' dir='ltr'><strong>Casin.</strong></span> 
     </span>
    </p>
   </div>
   <div class='ocr_carea' id='block_1_95' title="bbox 591 5306 2090 5397">
    <p class='ocr_par' dir='ltr' id='par_1_95' title="bbox 591 5306 2090 5397">
     <span class='ocr_line' id='line_1_98' title="bbox 591 5306 2090 5397; baseline -0.003 -30"><span class='ocrx_word' id='word_1_788' title='bbox 591 5327 614 5353; x_wconf 73' lang='grc' dir='ltr'><strong>ε</strong></span> <span class='ocrx_word' id='word_1_789' title='bbox 634 5306 790 5368; x_wconf 75' lang='grc' dir='ltr'><strong>Ἰᾱεω</strong></span> <span class='ocrx_word' id='word_1_790' title='bbox 817 5315 937 5369; x_wconf 87' lang='lat' dir='ltr'><strong>cod.</strong></span> <span class='ocrx_word' id='word_1_791' title='bbox 971 5312 1116 5376; x_wconf 89' lang='lat' dir='ltr'><strong>Vat.,</strong></span> <span class='ocrx_word' id='word_1_792' title='bbox 1146 5311 1278 5381; x_wconf 89' lang='lat' dir='ltr'><strong>quod</strong></span> <span class='ocrx_word' id='word_1_793' title='bbox 1298 5309 1589 5379; x_wconf 82' lang='lat' dir='ltr'><strong>Apostolus.</strong></span> <span class='ocrx_word' id='word_1_794' title='bbox 1614 5307 1748 5364; x_wconf 89' lang='lat' dir='ltr'><strong>Cod.</strong></span> <span class='ocrx_word' id='word_1_795' title='bbox 1784 5306 1932 5397; x_wconf 80' lang='lat' dir='ltr'><strong>Cas.,</strong></span> <span class='ocrx_word' id='word_1_796' title='bbox 1961 5309 2090 5378; x_wconf 54' lang='lat' dir='ltr'><strong>alie»</strong></span> 
     </span>
    </p>
   </div>
   <div class='ocr_carea' id='block_1_96' title="bbox 513 5395 1208 5509">
    <p class='ocr_par' dir='ltr' id='par_1_96' title="bbox 513 5395 1208 5509">
     <span class='ocr_line' id='line_1_99' title="bbox 513 5395 1208 5509; baseline -0.001 -2"><span class='ocrx_word' id='word_1_797' title='bbox 513 5395 723 5509; x_wconf 64' lang='lat'><strong>“&#39;3’1‘1&#39;.</strong></span> <span class='ocrx_word' id='word_1_798' title='bbox 751 5451 869 5508; x_wconf 88' lang='lat' dir='ltr'><strong>cod.</strong></span> <span class='ocrx_word' id='word_1_799' title='bbox 903 5450 1021 5509; x_wconf 85' lang='lat' dir='ltr'><strong>Vat.</strong></span> <span class='ocrx_word' id='word_1_800' title='bbox 1053 5449 1208 5506; x_wconf 74' lang='lat' dir='ltr'><strong>teis.</strong></span> 
     </span>
    </p>
   </div>
   <div class='ocr_carea' id='block_1_97' title="bbox 590 5604 2091 5692">
    <p class='ocr_par' dir='ltr' id='par_1_97' title="bbox 590 5604 2091 5692">
     <span class='ocr_line' id='line_1_100' title="bbox 590 5604 2091 5692; baseline -0.006 -27"><span class='ocrx_word' id='word_1_801' title='bbox 590 5613 607 5644; x_wconf 78' lang='grc'><strong>⁸</strong></span> <span class='ocrx_word' id='word_1_802' title='bbox 637 5612 836 5692; x_wconf 78' lang='lat' dir='ltr'><strong>A_uctor</strong></span> <span class='ocrx_word' id='word_1_803' title='bbox 858 5625 1019 5692; x_wconf 72' lang='lat' dir='ltr'><strong>supra</strong></span> <span class='ocrx_word' id='word_1_804' title='bbox 1041 5611 1130 5666; x_wconf 85' lang='lat' dir='ltr'><strong>cit.</strong></span> <span class='ocrx_word' id='word_1_805' title='bbox 1148 5609 1220 5692; x_wconf 86' lang='lat' dir='ltr'><strong>de</strong></span> <span class='ocrx_word' id='word_1_806' title='bbox 1246 5607 1464 5692; x_wconf 33' lang='lat' dir='ltr'><strong>llyste‘r.</strong></span> <span class='ocrx_word' id='word_1_807' title='bbox 1498 5604 2091 5692; x_wconf 50' lang='lat' dir='ltr'><strong>Bedempt;_|iiim.,&#39;qii_i</strong></span> 
     </span>
    </p>
   </div>
   <div class='ocr_carea' id='block_1_98' title="bbox 513 5674 2094 5755">
    <p class='ocr_par' dir='ltr' id='par_1_98' title="bbox 513 5674 2094 5755">
     <span class='ocr_line' id='line_1_101' title="bbox 513 5674 2094 5755; baseline -0.005 -19"><span class='ocrx_word' id='word_1_808' title='bbox 513 5696 637 5755; x_wconf 87' lang='lat' dir='ltr'><strong>cap.</strong></span> <span class='ocrx_word' id='word_1_809' title='bbox 662 5682 697 5736; x_wconf 73' lang='lat'><strong>3</strong></span> <span class='ocrx_word' id='word_1_810' title='bbox 713 5682 821 5752; x_wconf 75' lang='lat' dir='ltr'><strong>agit</strong></span> <span class='ocrx_word' id='word_1_811' title='bbox 841 5674 1087 5739; x_wconf 70' lang='lat' dir='ltr'><strong>dis-causa</strong></span> <span class='ocrx_word' id='word_1_812' title='bbox 1107 5691 1164 5738; x_wconf 86' lang='lat' dir='ltr'><strong>et</strong></span> <span class='ocrx_word' id='word_1_813' title='bbox 1181 5674 1387 5750; x_wconf 70' lang='lat' dir='ltr'><strong>origine</strong></span> <span class='ocrx_word' id='word_1_814' title='bbox 1409 5674 1716 5744; x_wconf 74' lang='lat' dir='ltr'><strong>tentationis</strong></span> <span class='ocrx_word' id='word_1_815' title='bbox 1731 5674 1950 5743; x_wconf 84' lang='lat' dir='ltr'><strong>Christi,</strong></span> <span class='ocrx_word' id='word_1_816' title='bbox 1976 5674 2094 5730; x_wconf 89' lang='lat' dir='ltr'><strong>loco</strong></span> 
     </span>
    </p>
   </div>
   <div class='ocr_carea' id='block_1_99' title="bbox 2275 5034 3776 5113">
    <p class='ocr_par' dir='ltr' id='par_1_99' title="bbox 2275 5034 3776 5113">
     <span class='ocr_line' id='line_1_102' title="bbox 2275 5034 3776 5113; baseline 0.009 -27"><span class='ocrx_word' id='word_1_817' title='bbox 2275 5044 2299 5072; x_wconf 73' lang='grc' dir='ltr'><strong>ο</strong></span> <span class='ocrx_word' id='word_1_818' title='bbox 2328 5034 2473 5090; x_wconf 90' lang='lat' dir='ltr'><strong>Idem</strong></span> <span class='ocrx_word' id='word_1_819' title='bbox 2514 5034 2634 5090; x_wconf 90' lang='lat' dir='ltr'><strong>cod.</strong></span> <span class='ocrx_word' id='word_1_820' title='bbox 2683 5034 2825 5103; x_wconf 83' lang='lat' dir='ltr'><strong>Vat.,</strong></span> <span class='ocrx_word' id='word_1_821' title='bbox 2870 5046 3059 5092; x_wconf 70' lang='lat' dir='ltr'><strong>mast</strong></span> <span class='ocrx_word' id='word_1_822' title='bbox 3103 5039 3412 5106; x_wconf 70' lang='lat' dir='ltr'><strong>panitentiie</strong></span> <span class='ocrx_word' id='word_1_823' title='bbox 3454 5042 3776 5113; x_wconf 77' lang='lat' dir='ltr'><strong>satisfactio-</strong></span> 
     </span>
    </p>
   </div>
   <div class='ocr_carea' id='block_1_100' title="bbox 2200 5113 3775 5235">
    <p class='ocr_par' dir='ltr' id='par_1_100' title="bbox 2200 5113 3775 5235">
     <span class='ocr_line' id='line_1_103' title="bbox 2200 5113 3775 5235; baseline 0.006 -10"><span class='ocrx_word' id='word_1_824' title='bbox 2200 5119 2294 5210; x_wconf 60' lang='lat' dir='ltr'><strong>ne&quot;</strong></span> <span class='ocrx_word' id='word_1_825' title='bbox 2315 5113 2554 5229; x_wconf 55' lang='grc' dir='ltr'><strong>(ἰσὶιξέοό.</strong></span> <span class='ocrx_word' id='word_1_826' title='bbox 2587 5171 2840 5228; x_wconf 73' lang='lat' dir='ltr'><strong>Laurent.</strong></span> <span class='ocrx_word' id='word_1_827' title='bbox 2872 5182 2926 5228; x_wconf 85' lang='lat' dir='ltr'><strong>et</strong></span> <span class='ocrx_word' id='word_1_828' title='bbox 2968 5172 3136 5230; x_wconf 85' lang='lat' dir='ltr'><strong>Vatic.</strong></span> <span class='ocrx_word' id='word_1_829' title='bbox 3173 5177 3487 5231; x_wconf 81' lang='lat' dir='ltr'><strong>emendatur</strong></span> <span class='ocrx_word' id='word_1_830' title='bbox 3519 5176 3775 5235; x_wconf 78' lang='lat' dir='ltr'><strong>Gales&#39;iiiii</strong></span> 
     </span>
    </p>
   </div>
   <div class='ocr_carea' id='block_1_101' title="bbox 2199 5243 3774 5310">
    <p class='ocr_par' dir='ltr' id='par_1_101' title="bbox 2199 5243 3774 5310">
     <span class='ocr_line' id='line_1_104' title="bbox 2199 5243 3774 5310; baseline 0.006 -16"><span class='ocrx_word' id='word_1_831' title='bbox 2199 5249 2396 5310; x_wconf 79' lang='lat' dir='ltr'><strong>textus,</strong></span> <span class='ocrx_word' id='word_1_832' title='bbox 2424 5243 2515 5310; x_wconf 91' lang='lat' dir='ltr'><strong>qui</strong></span> <span class='ocrx_word' id='word_1_833' title='bbox 2545 5243 2705 5296; x_wconf 88' lang='lat' dir='ltr'><strong>habet</strong></span> <span class='ocrx_word' id='word_1_834' title='bbox 2731 5243 3013 5299; x_wconf 77' lang='lat' dir='ltr'><strong>servientis.</strong></span> <span class='ocrx_word' id='word_1_835' title='bbox 3058 5243 3244 5300; x_wconf 80' lang='lat' dir='ltr'><strong>Melior</strong></span> <span class='ocrx_word' id='word_1_836' title='bbox 3272 5247 3433 5300; x_wconf 89' lang='lat' dir='ltr'><strong>etiam</strong></span> <span class='ocrx_word' id='word_1_837' title='bbox 3461 5247 3623 5302; x_wconf 89' lang='lat' dir='ltr'><strong>lectio</strong></span> <span class='ocrx_word' id='word_1_838' title='bbox 3653 5253 3774 5309; x_wconf 83' lang='lat' dir='ltr'><strong>cod.</strong></span> 
     </span>
    </p>
   </div>
   <div class='ocr_carea' id='block_1_102' title="bbox 2196 5309 3382 5383">
    <p class='ocr_par' dir='ltr' id='par_1_102' title="bbox 2196 5309 3382 5383">
     <span class='ocr_line' id='line_1_105' title="bbox 2196 5309 3382 5383; baseline 0.004 -21"><span class='ocrx_word' id='word_1_839' title='bbox 2196 5309 2740 5383; x_wconf 29' lang='lat' dir='ltr'><strong>Martinq’servienter</strong></span> <span class='ocrx_word' id='word_1_840' title='bbox 2763 5313 2872 5383; x_wconf 73' lang='lat' dir='ltr'><strong>sibi</strong></span> <span class='ocrx_word' id='word_1_841' title='bbox 2889 5314 3247 5383; x_wconf 78' lang='lat' dir='ltr'><strong>artiﬁciosam,</strong></span> <span class='ocrx_word' id='word_1_842' title='bbox 3277 5324 3382 5369; x_wconf 91' lang='lat' dir='ltr'><strong>etc.</strong></span> 
     </span>
    </p>
   </div>
   <div class='ocr_carea' id='block_1_103' title="bbox 2266 5378 3670 5456">
    <p class='ocr_par' dir='ltr' id='par_1_103' title="bbox 2266 5378 3670 5456">
     <span class='ocr_line' id='line_1_106' title="bbox 2266 5378 3670 5456; baseline 0.004 -22"><span class='ocrx_word' id='word_1_843' title='bbox 2266 5388 2291 5426; x_wconf 79' lang='lat'><strong>8</strong></span> <span class='ocrx_word' id='word_1_844' title='bbox 2321 5378 2455 5436; x_wconf 89' lang='lat' dir='ltr'><strong>Cod.</strong></span> <span class='ocrx_word' id='word_1_845' title='bbox 2488 5380 2742 5436; x_wconf 84' lang='lat' dir='ltr'><strong>Laurent.</strong></span> <span class='ocrx_word' id='word_1_846' title='bbox 2773 5399 2809 5436; x_wconf 89' lang='lat' dir='ltr'><strong>i.</strong></span> <span class='ocrx_word' id='word_1_847' title='bbox 2845 5378 3119 5448; x_wconf 52' lang='lat' dir='ltr'><strong>Pluthiv,</strong></span> <span class='ocrx_word' id='word_1_848' title='bbox 3150 5384 3205 5437; x_wconf 86' lang='lat' dir='ltr'><strong>in</strong></span> <span class='ocrx_word' id='word_1_849' title='bbox 3233 5383 3384 5438; x_wconf 77' lang='lat' dir='ltr'><strong>verba</strong></span> <span class='ocrx_word' id='word_1_850' title='bbox 3413 5388 3670 5456; x_wconf 79' lang='lat' dir='ltr'><strong>prorupit.</strong></span> 
     </span>
    </p>
   </div>
   <div class='ocr_carea' id='block_1_104' title="bbox 2198 5602 3774 5678">
    <p class='ocr_par' dir='ltr' id='par_1_104' title="bbox 2198 5602 3774 5678">
     <span class='ocr_line' id='line_1_107' title="bbox 2198 5602 3774 5678; baseline 0.004 -21"><span class='ocrx_word' id='word_1_851' title='bbox 2198 5605 2302 5657; x_wconf 91' lang='lat' dir='ltr'><strong>hoc</strong></span> <span class='ocrx_word' id='word_1_852' title='bbox 2329 5602 2866 5678; x_wconf 80' lang='lat' dir='ltr'><strong>S._Maximi_utitur;</strong></span> <span class='ocrx_word' id='word_1_853' title='bbox 2919 5604 3080 5660; x_wconf 84' lang='lat' dir='ltr'><strong>habet</strong></span> <span class='ocrx_word' id='word_1_854' title='bbox 3127 5604 3287 5671; x_wconf 85' lang='lat' dir='ltr'><strong>enim,</strong></span> <span class='ocrx_word' id='word_1_855' title='bbox 3334 5602 3459 5660; x_wconf 73' lang='lat' dir='ltr'><strong>Non</strong></span> <span class='ocrx_word' id='word_1_856' title='bbox 3507 5621 3634 5678; x_wconf 79' lang='lat' dir='ltr'><strong>ergo</strong></span> <span class='ocrx_word' id='word_1_857' title='bbox 3674 5614 3774 5663; x_wconf 67' lang='lat' dir='ltr'><strong>sine</strong></span> 
     </span>
    </p>
   </div>
   <div class='ocr_carea' id='block_1_105' title="bbox 2201 5673 2686 5745">
    <p class='ocr_par' dir='ltr' id='par_1_105' title="bbox 2201 5673 2686 5745">
     <span class='ocr_line' id='line_1_108' title="bbox 2201 5673 2686 5745; baseline -0.004 -17"><span class='ocrx_word' id='word_1_858' title='bbox 2201 5674 2442 5745; x_wconf 78' lang='lat' dir='ltr'><strong>mysterio</strong></span> <span class='ocrx_word' id='word_1_859' title='bbox 2473 5673 2686 5744; x_wconf 74' lang='lat' dir='ltr'><strong>ingenti.</strong></span> 
     </span>
    </p>
   </div>
  </div>
