3924 6232
160 410 256 471 505

1508 396 1793 457 HOMILIA
1826 394 2075 455 XXXVII.

3305 398 3413 469 .500

161 537 411 603 dignatur.
444 530 507 587 ln
537 530 625 586 his
664 538 842 586 autem
887 526 1134 583 omnibus
1177 532 1383 578 nostrze
1417 518 1607 575 salutis
1645 522 1730 571 est
1755 518 1800 572 Α
1832 508 2033 568 nullum
2061 520 2240 584 potest
2270 513 2540 567 maculare
2577 510 2851 603 delictum.
2883 509 2988 603 Sed
3015 510 3060 573 si
3087 509 3229 573 Deus
3249 522 3412 580 esset,

160 624 303 679 ratio.
349 623 518 679 Nobis
554 621 805 677 Salvator
842 619 1009 676 esurit
1043 636 1055 671 :
1088 632 1185 686 pro
1225 614 1380 668 nobis
1408 623 1429 657 ι
1461 610 1731 677 loquitur;

160 728 254 766 nos
295 712 348 768 in
394 711 487 766 illo
537 709 815 772 vincimus,
845 708 968 776 quia
1010 721 1107 759 nos
1143 704 1191 758 ei
1233 716 1415 757 sumus
1440 712 1600 754 causa
1629 713 1731 766 pu-

161 800 365 869 gnandi.
412 801 548 855 Nam
595 800 715 869 quis
762 798 995 867 ambigat
1038 795 1378 863 Unigenitum
1420 791 1615 855 Patris,
1647 790 1733 844 cui

162 891 298 945 nulla
325 892 543 946 obviare
572 898 783 959 poterat
803 896 1067 951 creatura,
1100 901 1197 955 pro
1228 884 1329 938 illis
1352 882 1532 957 iniisse
1560 888 1733 935 certa-

160 995 294 1045 men,
334 993 561 1048 quorum
588 995 653 1034 se
674 990 836 1035 carne
863 977 1113 1031 veStivit?
1160 974 1391 1028 Humani
1419 971 1581 1043 igitur
1607 985 1724 1024 eor-

156 1070 296 1139 poris
317 1069 491 1124 Iorma
529 1069 741 1123 hostem
782 1066 1183 1122 callidissimum
1222 1062 1438 1134 prodire
1463 1057 1731 1115 suasit-ad

161 1160 406 1227 prvelinm,
432 1173 594 1228 quem
627 1172 784 1212 verus
806 1157 900 1211 Dei
922 1155 1087 1211 Filius
1114 1155 1223 1209 veri
1246 1152 1477 1206 hominis
1503 1164 1731 1220 respon-

159 1249 305 1302 sione
340 1246 595 1303 eonl'udit.
646 1244 874 1316 Propter
899 1244 1042 1314 quod
1072 1241 1406 1297 errabundus
1445 1246 1499 1294 et
1535 1253 1733 1307 anceps

161 1343 383 1391 tcutator
429 1336 614 1392 mollia
658 1350 1024 1408 suspensaque
1072 1339 1404 1389 tentamenta
1451 1330 1676 1384 rimatur
1715 1346 1728 1380 :

159 1427 275 1496 quia
320 1428 439 1483 licet
473 1428 708 1483 carnalis
766 1427 861 1483 viri
905 1428 1140 1498 speciem
1185 1422 1642 1494 contemplaretur
1677 1422 1731 1476 in

158 1512 381 1582 Christo,
420 1518 707 1587 praesentia
734 1525 917 1574 tamen
944 1517 1238 1573 divinitatis
1265 1514 1383 1585 ejus
1409 1516 1731 1579 concitatus,

158 1606 511 1675 suspicabatur
536 1623 663 1662 eum
690 1608 810 1678 plus
849 1621 968 1662 esse
995 1620 1158 1677 quam
1184 1606 1479 1661 hominem.
1510 1603 1730 1658 Anima--

160 1698 245 1751 bat
284 1698 458 1766 itaque
486 1698 636 1753 illum
666 1713 993 1767 praesumere
1039 1710 1384 1765 congressum
1426 1702 1611 1767 partus
1656 1694 1731 1748 le.-

161 1787 373 1851 tnineus,
416 1788 509 1842 sed
557 1789 797 1842 terrebat
832 1788 1108 1854 virginitas
1153 1786 1450 1856 parientis;
1482 1784 1729 1854 quamvis

1832 605 2102 672 quomodo
2126 604 2468 674 indignitates
2484 610 2670 674 partus
2690 602 2905 659 fetninei
2930 604 3216 662 sustineret
3230 604 3267 657 ἵ
3279 603 3419 671 Quo-

1832 695 1994 750 modo
2021 704 2161 751 csset
2187 696 2340 751 cunis
2367 696 2665 766 pannisque
2692 696 3011 751 contentus?
3039 695 3168 762 Quis
3189 695 3417 751 credere

1833 786 2000 854 possit
2024 784 2259 840 infantiae
2284 786 2493 855 vagitus
2522 786 2576 840 in
2605 784 2751 841 Deo?
2786 784 2887 840 Cui
2928 800 3036 841 non
3078 785 3316 840 audienti
3345 786 3413 840 rio

1832 874 2064 929 diculum
2095 884 2178 930 est
2205 876 2373 931 Deum
2404 875 2634 930 femineo
2661 875 2801 930 lacte
2828 876 3059 930 nutriri?
3085 874 3212 931 Post
3237 876 3416 931 omnia

1834 978 1963 1018 ecce
2011 964 2197 1029 esurit,
2240 978 2363 1018 cum
2402 963 2587 1033 utique
2633 964 2840 1021 esurire
2880 962 3048 1020 Deum
3086 964 3224 1020 ratio
3272 964 3416 1019 nulla

1838 1052 1859 1091 τ
1892 1056 2228 1123 persuadeat.
2255 1054 2543 1123 ignorabat
2563 1054 2815 1109 nimirum
2842 1054 3103 1123 diabolus,
3128 1056 3251 1126 quia
3271 1056 3417 1125 quod

1832 1144 2074 1201 Christus
2122 1145 2447 1199 nutrimenta
2499 1144 2806 1216 perferebat
2854 1144 3114 1211 infantiae,
3164 1146 3418 1217 quodque

1832 1234 2101 1289 esuriebat
2147 1242 2205 1289 ut
2248 1234 2432 1299 homo,
2478 1249 2589 1291 non
2635 1241 2752 1288 erat
2792 1232 3091 1303 fragilitatis
3119 1248 3414 1305 corporeae,

1833 1324 1927 1379 sed
1969 1324 2205 1381 caelestis
2250 1324 2434 1393 gratia:
2473 1331 2891 1387 sacramentum.
2925 1323 3019 1378 Dei
3046 1323 3189 1377 enim
3229 1324 3413 1386 Filius,

1832 1420 1917 1472 cui
1946 1434 2073 1473 cum
2098 1417 2428 1491 sempiterno
2449 1416 2607 1473 Patre
2636 1414 3003 1487 intemporalis
3023 1423 3236 1472 constat
3262 1423 3419 1470 atter-

1833 1506 1993 1570 nitas,
2031 1506 2123 1575 qui
2164 1521 2284 1561 cutn
2329 1520 2428 1561 suo
2455 1507 2697 1574 genitore
2734 1505 3051 1563 naturaliter
3074 1504 3418 1577 impassibilis

1835 1599 1996 1671 108
2016 1599 2323 1667 incorrupto
2352 1606 2540 1668 regnat
2568 1597 2815 1668 imperio,
2836 1598 2945 1668 egit
2969 1599 3021 1655 in
3042 1614 3205 1655 carne
3232 1605 3417 1654 nostra

1832 1686 2066 1743 salutare
2094 1687 2434 1757 mysterium;
2461 1693 2517 1741 et
2536 1686 2605 1741 ob
2630 1686 2735 1742 hoc
2753 1701 3091 1742 communem
3112 1686 3417 1743 mortalium

1832 1777 1993 1836 Subiit
2020 1778 2345 1853 passionem,
2376 1786 2435 1833 ut
2465 1778 2739 1832 inimicum
2785 1778 3000 1847 generis
3047 1777 3268 1834 humani
3316 1778 3417 1834 bo-

159 1875 293 1930 enim
316 1876 582 1931 Christum
625 1876 821 1941 Maria,
854 1875 977 1930 Eva:
1014 1877 1200 1945 utique
1232 1875 1371 1942 lilia,
1404 1876 1731 1945 peperisset,
1762 1858 1809 1919 Β
1835 1869 1995 1923 minis
2037 1869 2331 1927 certamine
2369 1869 2748 1938 triumpharet;
2780 1869 2921 1924 unde
2966 1877 3021 1923 et
3064 1876 3418 1939 praesumptor

160 1982 261 2022 non
288 1976 459 2023 tamen
488 1984 615 2024 eum
651 1974 973 2037 conceperat
1000 1967 1069 2022 de
1107 1965 1296 2021 Adam.
1329 1964 1465 2020 Cum
1492 1977 1622 2031 ergo
1648 1963 1730 2018 vi-

158 2055 300 2111 deret
343 2059 586 2114 inimicus
634 2058 729 2113 Dei
778 2058 969 2112 Filium
998 2065 1146 2113 tanta
1184 2072 1282 2126 per
1318 2056 1574 2111 miracula
1604 2071 1731 2125 pro-

159 2156 403 2212 creatum,
436 2148 689 2202 volvebat
734 2162 940 2213 secum,
977 2155 1038 2202 nt
1085 2149 1235 2218 107
1276 2147 1531 2210 arbitror,
1570 2155 1732 2213 atque

160 2237 417 2294 admirans
439 2240 654 2294 dicebat
689 2258 701 2293 :
735 2238 865 2305 Quis
894 2248 977 2293 est
1009 2238 1110 2294 iste
1137 2239 1250 2307 qui,
1302 2238 1575 2292 nesciente
1619 2250 1726 2297 me.

160 2326 291 2384 hunc
333 2330 602 2397 ingressus
639 2338 725 2385 est
764 2330 1059 2384 mundum?
1103 2328 1237 2383 Novi
1266 2328 1481 2398 quidem
1510 2327 1633 2395 quia
1664 2326 1731 2381 de

160 2415 341 2473 femina
369 2429 525 2474 natus
552 2406 656 2484 est,
705 2420 801 2476 sed
846 2421 1030 2475 nescio
1066 2419 1208 2474 unde
1234 2425 1546 2487 conceptus.
1579 2415 1732 2472 Astat

161 2521 277 2561 ecce
315 2517 501 2575 mater,
552 2509 649 2565 sed
698 2517 908 2580 patrem
960 2509 1283 2576 investigare
1333 2524 1442 2563 non
1488 2522 1726 2577 possum.

162 2595 368 2653 Partum
408 2600 589 2667 video,
638 2600 734 2655 sed
788 2616 895 2656 non
937 2599 966 2640 δ
1008 2614 1243 2669 agnoseo
1288 2609 1598 2656 nascentem
1631 2618 1644 2652 :
1676 2609 1733 2656 et

160 2690 291 2756 quod
314 2692 514 2761 stupori
536 2706 662 2748 meo
690 2692 969 2758 accrescit,
989 2693 1304 2748 inconsueta
1330 2691 1447 2761 lege
1468 2691 1735 2763 pariendi,

160 2780 306 2833 etiam
334 2781 478 2837 edito
506 2781 621 2837 tilio
655 2791 702 2845 °,
732 2790 909 2839 mater
936 2782 1171 2839 exsultat
1199 2790 1259 2837 ut
1286 2782 1454 2851 virgo.
1481 2781 1561 2834 En
1585 2782 1732 2851 jacet

100 2914 109 2922 .
161 2866 211 2923 in
234 2871 502 2928 cunabulis
529 2872 808 2943 parvulus,
837 2870 1093 2927 suffundit
1113 2872 1363 2942 lacrymis
1403 2871 1625 2938 vultum,
1658 2874 1730 2927 si-

160 2959 433 3029 milemque
457 2958 487 3000 4
516 2975 639 3017 esse
666 2962 974 3017 mortalium
994 2962 1260 3030 vagitibus
1290 2960 1495 3031 prodit;
1525 2969 1582 3016 et
1608 2977 1730 3019 cum

160 3048 282 3102 nihil
304 3051 353 3105 ei
376 3050 443 3108 de
469 3049 696 3106 infantia
719 3050 877 3117 desit,
908 3051 1053 3106 nulla
1084 3058 1263 3105 tamen
1292 3051 1367 3105 illi
1393 3060 1479 3105 est
1498 3051 1645 3106 velut
1674 3054 1729 3105 in

159 3136 347 3195 infante
370 3141 666 3211 corruptio.
707 3139 906 3197 Pannis
933 3142 1141 3197 obsitus
1167 3141 1377 3207 sordet;
1412 3140 1506 3197 sed
1532 3142 1727 3197 caelum

1834 1960 1923 2016 ille
1961 1959 2141 2017 furore
2186 1975 2285 2027 suo
2325 1969 2556 2019 etccatus
2587 1962 2661 2016 ait
2698 1960 2765 2016 ad
2794 1960 3075 2016 Dominum
3109 1979 3121 2014 :
3156 1960 3218 2016 Si
3247 1959 3416 2016 Filius

1835 2050 1931 2107 Dei
1974 2068 2046 2116 es,
2088 2048 2171 2107 dic
2212 2061 2269 2106 ut
2304 2052 2503 2122 lapides
2546 2054 2633 2107 isti
2676 2068 2836 2123 panes
2876 2052 3008 2123 fiant
3048 2051 3262 2124 (Matth.
3318 2051 3414 2122 tv).

1832 2142 2152 2199 Stultissima
2182 2143 2295 2200 haec
2324 2143 2440 2213 ejus
2467 2144 2748 2213 inanisque
2776 2143 3054 2213 subreptio
3090 2161 3102 2196 :
3134 2158 3233 2214 per
3262 2152 3288 2193 ε
3318 2158 3416 2214 pa.-

1833 2248 1953 2287 nem
1983 2248 2105 2288 eum
2136 2234 2248 2287 vult
2276 2242 2505 2298 tentare,
2533 2234 2623 2302 qui
2658 2233 2810 2303 panis
2837 2240 2938 2298 est,
2968 2232 3240 2289 aestimans
3270 2234 3417 2289 illum

1832 2336 1970 2377 escae
1999 2322 2221 2391 penuria
2266 2323 2535 2389 laborare,
2574 2325 2667 2391 qui
2706 2322 3063 2380 voluntariam
3111 2322 3418 2393 perferebat

1832 2415 2083 2470 esuriem.
2110 2415 2209 2472 Cui
2227 2416 2505 2487 respondit
2532 2415 2825 2471 Dominus:
2860 2414 3121 2484 Scriptum
3141 2422 3218 2469 est
3244 2431 3261 2469 :
3293 2412 3418 2468 Non

1831 2504 1886 2555 in
1932 2520 2065 2573 pane
2108 2512 2308 2558 tantum
2355 2505 2475 2558 vivit
2515 2503 2683 2567 homo,
2717 2503 2806 2557 sed
2843 2504 2899 2557 in
2936 2504 3078 2557 omni
3123 2502 3273 2558 verba
3318 2500 3419 2557 Dei

1834 2593 2010 2665 (Deut.
2044 2596 2178 2664 vut)‘.
2210 2595 2326 2651 Hoc
2345 2603 2428 2653 est
2454 2594 2635 2651 dicere
2662 2612 2675 2648 :
2700 2594 2940 2660 Frustra,
2966 2594 3199 2660 diabole,
3222 2594 3441 2653 iterum

1830 2699 1929 2752 per
1948 2699 2128 2739 escam
2157 2684 2501 2753 supplantare
2534 2686 2749 2743 conaris
2772 2703 2787 2737 :
2810 2682 3043 2741 sufﬁciat
3066 2683 3160 2739 tibi
3190 2683 3418 2739 suadeti—

1830 2773 1901 2827 do
1930 2778 1959 2811 ιι
1988 2774 2138 2830 cibos
2184 2776 2402 2831 illicitos
2443 2777 2497 2831 in
2544 2776 2795 2846 paradiso
2839 2773 3009 2829 Adam
3047 2790 3145 2846 per
3175 2783 3226 2829 te
3255 2773 3420 2829 fuisse

1830 2864 2137 2933 deceptum.
2169 2862 2281 2921 Nec
2309 2865 2513 2922 esuries
2537 2879 2624 2919 me
2661 2864 2845 2929 vincit,
2877 2880 2981 2921 nec
3017 2864 3123 2920 tuis
3149 2864 3421 2919 suasioni-

1832 2953 1931 3007 bus
1966 2953 1980 2990 ¹
2017 2952 2174 3018 cedo,
2200 2953 2445 3008 voluntas
2474 2955 2618 3009 enim
2645 2955 2740 3010 Dei
2770 2955 2923 3011 cibus
2951 2962 3033 3010 est
3069 2968 3225 3010 meus
3254 2973 3266 3007 :
3297 2970 3421 3009 ver-

1831 3043 1956 3097 bum
1984 3041 2116 3095 Deii
2158 3043 2289 3098 mihi
2317 3053 2400 3098 est
2439 3044 2678 3113 perlecta
2724 3042 2973 3102 refectio.
3010 3043 3127 3111 Qua
3151 3044 3418 3100 sententia

1832 3149 2203 3202 repercussus,
2234 3135 2448 3201 iterum,
2470 3147 2530 3190 ut
2548 3137 2776 3203 aestimo,
2808 3136 2945 3192 dixit
2971 3135 3219 3192 diabolus
3245 3154 3257 3189 :
3280 3134 3419 3204 Quid

160 3227 224 3283 illi
262 3231 406 3289 radio
442 3210 617 3288 stellze
653 3233 875 3289 laetioris
918 3233 1137 3299 arridet,
1186 3242 1349 3302 atque
1377 3233 1430 3289 in
1461 3234 1725 3288 honorem
1754 3210 1798 3273 ο
1829 3224 1935 3278 hoc
1962 3224 2040 3277 rei
2061 3233 2162 3289 est.
2187 3225 2344 3280 Video
2365 3226 2511 3280 illum
2535 3226 2761 3289 esurire.
2788 3234 2844 3281 ει
2863 3224 3240 3291 "miliith
3261 3225 3285 3264 "
3310 3242 3419 3284 non

160 3319 311 3389 ipsius
350 3324 716 3378 ministrantes
757 3324 806 3378 ei
848 3324 1025 3392 angeli
1065 3325 1204 3378 inter
1231 3324 1406 3377 sidera
1446 3332 1726 3392 terrasque

157 3421 500 3476 concurrunt,
541 3420 598 3469 et
642 3413 974 3468 exsultantes
1018 3413 1363 3477 annuntiant,
1415 3427 1575 3481 quam
1617 3428 1723 3466 non

157 3497 383 3570 intelligo
420 3503 739 3558 novitatem.
785 3501 923 3570 Quid
963 3504 1067 3559 hoc
1110 3502 1351 3557 miraculi
1392 3503 1512 3556 est?
1558 3501 1727 3559 Video

156 3590 287 3657 quod
328 3592 610 3649 advertere
654 3608 889 3663 nequeo,
932 3594 1090 3648 audio
1135 3592 1281 3661 quod
1321 3594 1586 3647 sustinere
1618 3608 1726 3648 non

156 3692 393 3751 possum;
418 3691 477 3738 ut
502 3684 667 3740 homo
688 3693 847 3739 natus
868 3684 1166 3740 honoratur
1186 3693 1245 3738 ut
1270 3683 1430 3740 Deus.
1456 3683 1499 3736 A
1520 3683 1727 3739 steculis

156 3782 413 3839 nunquam
441 3773 574 3827 mihi
601 3773 706 3828 hoc
732 3773 973 3841 contigit,
1006 3780 1065 3827 ut
1093 3773 1375 3842 quisquam
1417 3780 1728 3827 nasceretur

156 3856 324 3926 homo,
353 3871 408 3915 et
445 3862 665 3917 humani
709 3864 825 3917 vitii
866 3864 997 3917 nihil
1030 3863 1275 3940 haberet.
1307 3861 1445 3932 Qum
1473 3864 1585 3918 haec
1616 3872 1727 3917 tant

156 3964 279 4005 nova
319 3960 618 4023 potensque
664 3954 942 4022 generatio
986 3955 1105 4008 est?
1150 3952 1295 4009 Inter
1333 3962 1646 4024 peccatores
1674 3960 1731 4009 et

156 4039 332 4110 impios
377 4050 556 4109 natus,
603 4042 819 4097 mortali
860 4044 1026 4097 etiam
1063 4043 1130 4098 de
1175 4051 1346 4097 matre
1392 4058 1725 4113 progressus,

155 4132 412 4199 pta-gatior
449 4132 658 4187 cunctis
686 4132 1029 4188 nascentibus
1064 4142 1118 4187 et
1156 4133 1272 4203 ipso
1300 4134 1428 4187 mihi
1458 4134 1596 4189 coelo
1625 4150 1725 4204 pu-

155 4220 253 4275 rior
276 4232 517 4292 apparet.
550 4221 804 4278 Avaritia:
843 4224 895 4277 in
938 4234 1005 4280 eo
1038 4226 1189 4279 radix
1238 4225 1380 4279 nulla
1428 4227 1723 4294 consurgit,

155 4311 283 4365 nulla
308 4328 402 4371 cor
426 4314 546 4382 ejus
574 4314 757 4384 pulsat
786 4314 1001 4380 invidia,
1032 4316 1203 4371 nescit
1227 4316 1407 4384 lingua
1435 4315 1552 4385 ejus
1577 4332 1729 4372 men-

154 4398 369 4469 daeium,
396 4404 542 4459 oculi
569 4404 689 4473 ejus
718 4406 1209 4474 concupiscentiam
1256 4422 1365 4461 non
1413 4406 1723 4473 admittunt,

155 4493 283 4547 nulla
310 4494 520 4557 aurium
558 4494 837 4565 voluptate
863 4496 1133 4562 mollitur;
1165 4497 1403 4551 luxuries
1429 4506 1597 4562 certe,
1629 4512 1727 4568 per

1830 3314 2044 3370 invenio
2074 3316 2461 3382 manducandi;
2491 3317 2670 3372 omnia
2694 3324 2752 3371 ut
2775 3319 2940 3374 homo
2976 3317 3198 3388 patitur,
3225 3324 3281 3374 et
3301 3332 3421 3373 om-

1829 3406 1918 3459 nia
1945 3406 2112 3461 vincit
2139 3414 2195 3460 ut
2223 3406 2385 3465 Deus.
2427 3407 2591 3462 Adam
2619 3407 2730 3473 ille,
2764 3406 2861 3464 Dei
2888 3416 3043 3465 certe
3061 3408 3308 3466 manibus
3336 3409 3417 3465 la-

1829 3504 1967 3563 ctus,
2000 3498 2134 3553 meis
2154 3489 2423 3567 q'uondam
2456 3497 2617 3553 cessit
2645 3496 2869 3563 insidiis,
2907 3497 2999 3554 hic
3027 3504 3185 3553 natus
3208 3513 3240 3555 e
3259 3498 3418 3554 femi-

1830 3604 1920 3654 na,
1950 3602 2126 3657 neque
2170 3588 2283 3643 suis
2320 3588 2731 3645 necessitatibus
2767 3587 3021 3655 ﬂectitur,
3064 3603 3241 3658 neque
3266 3588 3421 3645 meis

1830 3677 2069 3733 consiliis
2096 3678 2421 3746 acquiescit;
2452 3677 2599 3733 illum
2623 3680 2891 3750 serpentis
2909 3693 3005 3735 ore
3032 3680 3307 3749 superavi,
3331 3680 3421 3737 hic

1832 3782 1917 3823 me
1945 3766 2108 3822 etiam
2132 3768 2303 3837 ipsum
2344 3766 2651 3836 loquentem
2681 3768 2999 3824 contemnit.
3030 3765 3229 3824 lterum
3257 3769 3421 3825 stanti

1830 3855 2059 3913 Domino
2099 3872 2264 3928 super
2304 3858 2522 3927 pinnam
2553 3857 2737 3929 templi
2766 3858 2842 3913 ait
2873 3877 2885 3911 :
2921 3856 2985 3913 Si
3018 3856 3190 3915 Filius
3217 3858 3317 3915 Dei
3342 3876 3417 3924 es,

1830 3952 1973 4006 mitte
1994 3960 2042 4007 te
2066 3952 2083 3987 ι
2117 3951 2358 4005 deorsum
2387 3948 2601 4024 (Matth.
2630 3950 2726 4021 tv).
2751 3952 2790 3987 δ’
2826 3948 2998 4017 Quam
3031 3950 3278 4006 turbatus
3305 3950 3420 4007 haec

1830 4042 2087 4113 loquitur,
2120 4042 2207 4097 cui
2227 4057 2288 4096 se
2314 4048 2468 4111 putat
2494 4040 2853 4112 prtecipitium
2885 4038 3235 4111 persuadere,
3261 4053 3291 4095 a
3310 4053 3421 4109 quo

1831 4134 1963 4189 nihil
1990 4134 2167 4205 potuit
2192 4133 2259 4190 de
2278 4133 2507 4204 panibus
2533 4135 2842 4204 impetrare.
2872 4130 2972 4188 Cui
3002 4130 3362 4203 respondetur
3386 4144 3421 4186 ι

1828 4226 2048 4283 Christo
2075 4245 2087 4279 :
2123 4225 2392 4298 Scriptum
2422 4234 2531 4283 est:
2563 4223 2688 4280 Non
2712 4224 2931 4280 tentabis
2954 4222 3235 4279 Dominum
3254 4222 3419 4278 Deum

1831 4329 1973 4373 tuum
2001 4317 2179 4389 (Deut.
2210 4318 2345 4388 vm).
2392 4317 2451 4372 Id
2494 4325 2596 4383 est,
2626 4318 2731 4373 hoc
2759 4315 2905 4387 quod
2941 4314 3154 4381 suades,
3184 4315 3418 4384 diabole,

1830 4409 2145 4465 tentationis
2183 4409 2532 4479 praesumptio
2569 4416 2671 4476 est,
2706 4423 2812 4465 non
2842 4407 3127 4463 consilium
3156 4415 3185 4444 ιι
3216 4407 3421 4463 sanita-

1830 4501 1919 4565 tis,
1944 4500 2473 4570 jactantiaevanitas,
2505 4514 2613 4556 non
2650 4499 2867 4556 virtutis
2894 4498 3231 4569 exemplum;
3262 4499 3421 4555 inane

153 4594 297 4650 quam
324 4584 458 4643 mihi
481 4584 777 4640 humanum
805 4586 1007 4654 subjeci
1036 4599 1221 4655 genus,
1256 4594 1444 4656 pectus
1472 4586 1590 4656 ejus
1614 4603 1722 4643 non
1750 4569 1806 4630 Ῑ)
1829 4600 1913 4647 est
1935 4569 2079 4648 enim
2106 4608 2267 4650 omne
2289 4594 2629 4658 miraculum,
2653 4591 2800 4662 quod
2826 4592 3110 4647 utilitatem
3130 4591 3291 4647 saluti
3310 4607 3420 4649 non

154 4681 313 4739 potest
331 4682 649 4744 penetrare:
672 4674 816 4728 nulla
839 4674 912 4728 illi
928 4674 1187 4744 jactantia
1208 4677 1364 4741 inest,
1390 4676 1535 4731 nulla
1559 4686 1582 4714 θ
1604 4692 1721 4731 ma-

153 4760 272 4819 litia.
299 4765 368 4821 Et
394 4766 526 4837 quid
556 4767 747 4836 plura?
774 4767 914 4823 Nihil
939 4769 993 4823 in
1022 4784 1089 4825 eo
1110 4772 1322 4839 reperio
1350 4771 1494 4839 quod
1523 4786 1609 4826 me
1631 4772 1725 4827 de-

154 4850 325 4922 lectet;
355 4872 549 4926 omnes
592 4872 747 4913 meos
792 4868 1021 4915 conatus
1062 4869 1307 4915 evacuat.
1343 4860 1483 4927 Quid
1530 4862 1724 4929 agam?

152 4959 253 5012 quo
271 4964 356 5004 me
382 4950 739 5005 convertam?
761 4950 1062 5006 Fortiorem
1092 4953 1294 5019 sentio;
1326 4960 1458 5023 puto
1490 4951 1641 5007 illum
1670 4954 1722 5007 in

151 5048 304 5104 regno
318 5054 443 5094 meo
459 5040 601 5096 velle
621 5053 869 5110 regnare,
892 5056 962 5099 ne
988 5042 1127 5099 forte
1154 5044 1296 5099 Deus
1322 5045 1391 5105 sit
1418 5045 1541 5109 iste,
1560 5060 1721 5115 quem

154 5257 312 5376 m'ﬂln
336 5259 432 5315 cit.
462 5275 581 5330 cap.
614 5259 648 5314 5
676 5259 744 5315 de
779 5258 960 5332 Myst.,
1002 5278 1096 5329 pro
1138 5261 1282 5315 nobis
1329 5262 1579 5332 loquendo
1608 5279 1717 5316 cer-

172 5338 280 5382 aut.

214 5394 238 5434 δ
264 5397 395 5471 90d-
421 5398 666 5471 μίμῳ
682 5416 961 5471 pernosce-

214 5476 239 5534 ιῘ
261 5466 390 5525 Cod.
419 5466 543 5527 Vat.
569 5468 728 5534 4268,
754 5466 896 5524 Edita
926 5467 1067 5522 Filio
1098 5467 1214 5523 Dei.

210 5532 236 5571 ⁶
262 5535 399 5608 idem
428 5541 551 5595 cod.
580 5532 731 5605 Vat.,
772 5538 1094 5608 etibtartinq
1122 5539 1437 5608 similemque
1465 5556 1517 5595 se
1545 5556 1672 5593 esse.

215 5613 236 5675 ξ
260 5604 409 5675 idem
428 5611 549 5666 cod.
585 5608 729 5675 Vat.,
760 5617 817 5663 et
838 5606 1078 5675 Martim,
1111 5609 1253 5665 nulla
1280 5604 1541 5664 mollities.

216 5672 235 5711 ‘
256 5674 391 5748 idem
420 5679 542 5735 cod.
574 5672 724 5742 Vat,
752 5676 1049 5748 persuadet.

212 5752 236 5793 ι
260 5743 396 5802 idem
416 5749 564 5813 cod.,
594 5766 687 5813 per
710 5743 897 5812 partem
927 5750 1061 5802 enim
1090 5764 1203 5802 eum
1229 5748 1332 5803 vult
1363 5758 1582 5804 tentare.

1828 4692 2084 4754 operatur
2110 4684 2377 4739 humanae.
2406 4681 2470 4737 Et
2498 4683 2601 4739 hac
2624 4682 2839 4739 Domini
2866 4681 3218 4751 responsione
3239 4695 3419 4737 cassa-

1824 4781 1930 4839 tus,
1955 4774 2189 4829 ostendit
2208 4774 2257 4830 ei
2277 4774 2651 4842 onmia.regna
2678 4771 2862 4827 mundi
2882 4776 2937 4827 et
2964 4772 3203 4827 honores
3227 4785 3419 4825 eorum

1822 4862 2011 4920 dicens
2043 4882 2054 4915 :
2082 4862 2210 4919 Herc
2238 4864 2415 4918 omnia
2444 4861 2534 4917 tibi
2563 4862 2715 4927 dabo,
2748 4862 2795 4915 si
2821 4859 3095 4933 precidem
3117 4859 3417 4914 ador-aberis

1824 4972 1904 5009 me
1943 4954 2157 5025 (Matth.
2200 4954 2296 5024 tv).
2338 4952 2439 5008 Cui
2482 4954 2680 5009 iterum
2713 4950 3073 5023 respondetur
3104 4968 3117 5003 :
3148 4950 3418 5021 Scriptum

1825 5054 1939 5100 est:
1962 5042 2241 5099 Dominum
2264 5042 2429 5098 Deum
2452 5052 2593 5097 tuum
2620 5042 2885 5109 adorabis,
2915 5050 2965 5096 et
2994 5041 3073 5097 illi
3101 5042 3200 5096 soli
3228 5041 3416 5095 servies

1893 5260 1918 5298 ιι
1944 5259 2075 5317 Cod.
2109 5260 2344 5325 Martin.,
2380 5260 2504 5314 cibis
2531 5259 2747 5313 illicitis.

1900 5330 1915 5367 ί
1948 5331 2031 5384 Al.
2062 5332 2233 5384 credo.

1897 5404 1911 5450 l
1948 5398 2079 5455 Cod.
2109 5398 2456 5464 Camberon.,
2483 5414 2599 5453 mea
2627 5407 2722 5453 est.

1891 5468 1917 5506 ι
1944 5469 2106 5523 Idem.
2137 5469 2282 5531 cod.,
2314 5479 2361 5523 et
2398 5468 2753 5523 necessitatem
2776 5470 2831 5523 in
2858 5486 2918 5523 eo
2947 5486 3050 5523 non
3074 5470 3294 5524 invenio.

1896 5538 1908 5576 ¹
1945 5538 2079 5592 Cod.
2103 5539 2316 5593 Martio.
2346 5537 2494 5594 addit
2520 5538 2702 5594 innuit.

1897 5555 1908 5576 ι
1945 5555 2079 5592 LOU.
2103 5555 2316 5593 marttu.
2346 5555 2494 5594 autut
2520 5555 2573 5592 tu
2666 5555 2702 5591 ι.

1889 5618 1925 5644 ω
1955 5606 2106 5671 Idem,
2129 5607 2273 5675 cod.,
2310 5609 2476 5680 Quam
2498 5555 2731 5680 armas
2759 5608 2853 5661 hoc
2882 5608 3125 5680 loquitur,
3149 5607 3229 5661 cui
3257 5614 3407 5675 putat

1815 5681 1862 5731 ci
1883 5694 1938 5732 se
1956 5693 2106 5752 posse
2126 5679 2468 5752 praecipitium
2495 5676 2820 5752 persuadere.

1889 5756 1915 5784 η
1948 5747 2028 5801 Al.
2056 5747 2371 5803 sanctitatis.
