3924 6232
201 539 441 587 meatum
487 544 648 587 suum
701 527 979 599 pristinum
1024 525 1381 594 recognoscit.
1446 525 1643 594 Terra,
1701 529 1786 582 in-
1818 532 1861 590 Α
1890 530 1976 584 tiae
2002 543 2112 583 sum
2138 526 2288 582 radix
2319 535 2430 593 est;
2472 527 2624 597 spina
2661 527 2776 584 viro
2814 526 3215 583 bonuhonoris
3243 527 3466 583 ambitio

197 636 367 690 quam
391 661 406 684 .
456 619 657 675 indicta
707 618 1152 685 Quadragesima,
1191 616 1532 686 asperitatem
1569 617 1789 687 deponit
1891 627 2012 675 est:
2041 620 2289 674 videntur
2322 618 2463 673 enim
2504 617 2684 688 specie
2709 618 2853 688 apud
2878 631 3007 672 suos
3028 625 3178 685 grata
3202 632 3340 683 esse,
3371 619 3468 671 sed

1580 418 1862 475 HOMlLiA
1900 419 2128 476 XXXIX.
3362 418 3467 474 810

199 711 404 765 hiemis
424 747 440 772 ,
489 719 516 747 ι
546 723 668 777 ego,
719 707 915 762 indicta
946 706 1360 774 Quadragesima
1379 744 1395 768 ,
1446 706 1788 776 asperitatem

199 800 455 870 relinquo
494 799 836 853 delictorum.
883 797 975 851 illa
1024 805 1169 851 terra
1199 797 1394 850 aratris
1420 796 1698 861 scinditur,
1731 804 1789 850 nt

199 892 498 947 mundanis
533 891 602 945 sit
641 902 879 957 congrua
918 887 1196 956 frugibus:
1239 903 1358 944 mea
1398 895 1540 942 terra
1573 886 1790 958 ieiuniis

205 992 484 1046 exaratnr.
533 990 592 1035 ut
638 980 951 1036 caelestibus
996 980 1068 1034 sit
1112 985 1237 1048 apta
1283 979 1596 1048 seminibus.
1639 979 1792 1034 Sicut

241 1073 358 1127 nim
402 1071 628 1126 reditum
675 1068 982 1124 uberiorem
1020 1070 1192 1139 capit,
1222 1068 1315 1138 qui
1340 1067 1673 1137 frequentius
1699 1082 1790 1122 ver

205 1162 394 1218 nudo
419 1164 634 1216 exercet
661 1174 912 1229 campum
935 1175 950 1224 ;
976 1157 1008 1198 δ
1033 1159 1108 1214 ita
1131 1158 1391 1228 majorem
1419 1159 1644 1229 gratim
1670 1174 1792 1228 per-

203 1255 368 1323 cipit,
389 1252 480 1322 qui
507 1258 727 1306 exercet
761 1250 1007 1320 corporis
1047 1252 1130 1305 sui
1155 1265 1402 1320 campum
1439 1250 1632 1318 saepius
1649 1248 1788 1318 jeju-

201 1341 412 1397 nando.
453 1340 592 1396 Ecce
619 1340 764 1396 enim
801 1339 1139 1395 abstinentia
1168 1348 1411 1410 tempore
1444 1339 1616 1394 herba
1647 1350 1669 1379 ε
1699 1354 1789 1394 se-

200 1440 396 1502 getum
421 1431 449 1469 ά
478 1431 756 1486 revirescit
784 1431 838 1488 in
853 1445 1103 1495 messem,
1126 1431 1371 1486 surculus
1389 1429 1601 1486 arboris
1628 1445 1793 1487 cona-

204 1533 299 1579 tur
319 1522 378 1577 in
397 1521 661 1585 fruticem,
681 1521 888 1590 palmes
906 1521 1075 1576 vineae
1093 1521 1338 1590 pubescit
1357 1520 1412 1574 in
1431 1534 1716 1589 gemmam,
1740 1526 1797 1574 et

202 1613 394 1668 omnia
419 1611 487 1665 de
511 1608 848 1665 inferioribus
869 1608 936 1664 ad
955 1609 1147 1664 altiora
1174 1623 1235 1663 se
1259 1608 1539 1676 subrigunt
1562 1624 1576 1660 :
1599 1607 1674 1662 ita
1692 1607 1796 1662 hoc

203 1701 511 1770 eodemque
531 1708 773 1770 tempore
799 1700 1071 1755 hominum
1093 1713 1217 1768 spes
1230 1706 1255 1735 ο
1275 1697 1627 1752 intermortua
1651 1695 1793 1750 revi-

202 1792 371 1848 viscit
388 1791 442 1846 in
459 1798 753 1860 posterum,
771 1773 902 1844 iides
917 1787 1127 1858 perdita
1155 1793 1436 1856 reparatur
1466 1784 1520 1838 in
1547 1783 1793 1852 gloriam,

1891 712 2108 766 lmdunt.
2151 709 2245 766 His
2288 725 2416 779 ergo
2459 710 2561 765 nisi
2609 709 2874 778 vigilando
2915 717 2973 763 et
2994 707 3288 777 jejunando
3315 717 3344 743 ιι
3372 722 3434 763 ca

1891 817 2012 858 rere
2053 818 2159 856 non
2208 817 2523 871 possumus;
2566 801 2692 869 quin
2741 801 3051 870 potiusper
3089 799 3466 854 abstinentiam

1893 894 2021 963 ipsa:
2047 893 2213 962 spina:
2237 901 2513 948 vertentur
2541 903 2565 927 υ
2600 894 2653 946 in
2682 907 2883 947 rosam.
2941 890 3194 946 Producit
3219 904 3364 947 enim
3385 893 3464 958 je-

1887 983 2127 1051 junando
2172 983 2335 1038 libido
2374 982 2777 1047 castimoniam,
2814 981 3064 1050 superbia
3089 979 3490 1038 humilitatem.

1893 1070 2159 1125 sobrietas
2197 1071 2534 1139 parcitatem.
2592 1070 2658 1124 lii
2705 1070 2848 1123 enim
2884 1077 3010 1125 sunt
3034 1068 3194 1123 ﬂores
3217 1068 3338 1123 vitae
3365 1083 3467 1123 nec

1894 1157 2039 1226 stne,
2068 1161 2160 1229 qui
2187 1176 2351 1216 suave
2378 1159 2594 1215 Christo
2622 1159 2884 1225 redolent,
2915 1160 3006 1228 qui
3028 1158 3246 1214 odorem
3267 1158 3465 1214 bonum

1897 1249 2008 1304 Deo
2053 1249 2278 1319 spirant.
2330 1248 2483 1304 Unde
2522 1249 2597 1303 ait
2636 1246 2959 1318 Apostolus;
2995 1243 3252 1313 Quoniam
3277 1246 3469 1305 Christi

1895 1338 2055 1394 bonus
2085 1339 2213 1396 odor
2244 1355 2418 1394 sumus
2456 1338 2567 1394 Deo
2612 1337 2675 1407 (ι
2705 1337 2826 1394 Cor.
2856 1340 2950 1406 η).
2991 1337 3140 1413 lianc
3165 1352 3294 1406 ergo
3320 1336 3468 1403 Qua-

1896 1428 2248 1497 dragesimam
2291 1429 2516 1497 largitus
2559 1437 2644 1484 est
2687 1429 2843 1484 nobis
2893 1428 3167 1495 Dominus,
3208 1436 3268 1484 ut
3313 1429 3470 1498 huius

1897 1519 2152 1588 temporis
2167 1518 2341 1588 spatio
2363 1519 2417 1573 in
2443 1532 2647 1573 morem
2669 1519 2831 1574 totius
2845 1529 3108 1574 creatum
3131 1535 3274 1575 nunc
3297 1531 3320 1568 τ’
3344 1535 3468 1575 con-

1897 1609 2156 1678 cipiamus
2167 1609 2423 1663 virtutum
2447 1609 2704 1676 germina,
2728 1617 2788 1664 ut
2811 1609 2864 1663 in
2886 1609 2973 1664 die
2993 1608 3214 1665 Pascha:
3239 1609 3469 1664 fructum

1891 1699 2112 1768 jnstitiae
2149 1698 2502 1769 proferamus.
2561 1697 2677 1754 Hoc
2703 1705 2882 1754 autem
2919 1699 3343 1767 quadragenario
3369 1713 3469 1752 nu-

1898 1804 2049 1844 mero
2079 1799 2105 1838 ιι
2132 1803 2190 1843 se
2233 1789 2347 1858 ipse
2373 1788 2633 1842 Dominus
2658 1788 2929 1851 exercuit,
2957 1803 3064 1842 non
3089 1796 3149 1841 nt
3173 1786 3470 1856 profectum

205 1880 525 1950 temporalis
542 1879 651 1933 vita
675 1876 890 1947 proﬁcit
915 1876 972 1931 in
997 1885 1255 1930 teternam
1270 1881 1326 1929 et
1343 1888 1504 1928 omne
1518 1886 1685 1940 genus
1697 1872 1797 1926 hu-
1828 1891 1874 1950 Β
1900 1880 2012 1949 ipse
2053 1886 2273 1948 caperet
2290 1918 2304 1941 .
2345 1877 2441 1932 sed
2478 1885 2536 1932 ut
2564 1877 2862 1946 profectum
2889 1877 3077 1932 salutis
3107 1877 3261 1932 nobis
3287 1885 3470 1932 osten-

206 1985 433 2027 manum
480 1970 549 2024 ad
597 1968 836 2024 cmlestia
882 1981 945 2022 se
985 1966 1266 2035 subrigens
1290 2005 1304 2030 ,
1368 1965 1437 2019 ab
1483 1960 1678 2017 intimis
1732 1960 1801 2015 ad

206 2061 412 2115 altiora
459 2058 752 2127 consurgit.
821 2055 979 2112 Modo
1034 2055 1234 2110 fermm
1277 2061 1493 2124 gestans
1541 2051 1796 2121 agricola,

205 2157 488 2205 sarmenta
511 2148 733 2216 deputat
759 2147 1054 2201 vinearum.
1084 2144 1170 2215 “Ita
1199 2152 1254 2199 et
1284 2133 1427 2199 nunc
1451 2141 1799 2210 Evangelium

207 2245 456 2292 tractans
484 2237 802 2305 episcopus,
844 2233 1033 2289 sordes
1069 2240 1311 2302 amputat
1335 2231 1657 2302 populorum
1678 2270 1694 2294 ,
1744 2236 1802 2284 et

210 2330 340 2398 ipso
384 2326 810 2397 quadragenario
863 2323 1134 2380 curriculo
1183 2322 1447 2377 universa:
1490 2321 1597 2376 hoc
1634 2326 1799 2387 agunt

205 2427 480 2474 (reatum
496 2456 511 2479 ,
533 2422 799 2483 quatenus
821 2453 836 2479 ,
867 2413 1124 2483 depositis
1149 2410 1451 2482 superﬂuis,
1480 2417 1684 2464 ornata:
1711 2407 1797 2463 vel

207 2514 447 2576 eosnpta:
475 2505 532 2563 in.
559 2503 762 2559 Pascha
797 2501 816 2541 ί
849 2502 1166 2573 procedant.
1199 2501 1356 2556 Modo
1384 2501 1563 2556 omnia
1590 2487 1716 2555 sunt
1744 2500 1797 2554 in

207 2604 373 2667 parte
397 2635 413 2659 ,
444 2602 504 2649 ut
547 2601 674 2649 tunc
701 2603 727 2641 8
760 2593 1102 2662 reperiantur
1146 2592 1202 2646 in
1239 2590 1434 2646 fructu.
1477 2589 1628 2646 Tunc
1651 2589 1794 2644 enim

207 2695 407 2742 contra
439 2693 645 2741 naturae
681 2684 917 2755 speciem
953 2684 1108 2754 spina
1135 2682 1339 2754 profert
1363 2697 1561 2749 rosam,
1591 2678 1622 2719 ¹ι
1648 2680 1795 2737 cala-

211 2791 340 2831 mus
364 2775 566 2844 fragrat
589 2774 756 2830 lilium
777 2813 796 2840 ,
824 2774 1146 2832 suavitatem
1172 2771 1322 2828 arida
1349 2771 1578 2840 virgulta
1604 2769 1799 2840 depro-

210 2876 415 2922 munt:
457 2866 532 2922 ita
565 2863 581 2903 ί
608 2874 665 2922 et
683 2871 878 2922 uincta
913 2863 1135 2921 floribus
1171 2863 1522 2927 adornantur,
1558 2865 1712 2934 112
1739 2869 1799 2916 ut

207 2959 560 3015 festivitatem
585 2960 603 3008 ι
634 2955 741 3012 diei
766 2957 946 3026 magni
971 2963 1218 3012 creatura
1247 2955 1360 3026 ipsa
1387 2955 1565 3010 nitore
1590 2954 1674 3009 sui
1701 2967 1796 3010 ce-

207 3049 430 3105 lebrare
452 3047 728 3104 credatur.
757 3045 784 3084 ιι
814 3046 985 3117 igitur
1009 3053 1066 3102 et
1090 3061 1192 3102 nos
1217 3045 1325 3102 hoc
1350 3043 1542 3100 eodem
1559 3043 1798 3114 jejunio-

207 3164 336 3205 rum
357 3157 600 3218 tempore
619 3145 976 3216 producamus
993 3143 1062 3200 de
1087 3142 1260 3214 spinis
1277 3140 1478 3198 nostris
1496 3155 1672 3204 rosas,
1693 3140 1797 3194 hoc

1901 1969 2072 2025 deret.
2097 1969 2205 2024 Nec
2234 1969 2376 2024 enim
2404 1976 2523 2024 erat
2562 1969 2616 2022 in
2642 1968 2734 2024 illo
2761 1969 2915 2038 spina
2943 1969 3177 2038 peccati,
3205 1981 3326 2038 qua:
3351 1984 3471 2023 ver-

1902 2068 2108 2116 teretur
2125 2060 2187 2114 in
2223 2049 2444 2124 liorem;
2481 2058 2597 2128 ipse
2635 2058 2779 2112 enim
2816 2065 2934 2113 erat
2960 2058 3058 2114 llos
3083 2066 3242 2112 natus
3270 2073 3378 2112 non
3406 2058 3473 2112 de

1899 2152 2074 2221 spina,
2101 2151 2195 2206 sed
2210 2150 2278 2206 de
2293 2150 2458 2219 virga,
2482 2149 2620 2204 sicut
2645 2149 2722 2203 ait
2748 2149 3048 2220 propheta:
3072 2158 3093 2186 τ
3121 2146 3297 2203 Exibit
3328 2149 3474 2219 virgo

1901 2243 1964 2297 de
1990 2241 2164 2296 radice
2181 2239 2326 2295 Iesse
2343 2247 2393 2294 et
2412 2238 2507 2311 ﬂos
2528 2237 2592 2292 de
2612 2238 2786 2293 radice
2803 2239 2914 2309 ejus
2935 2236 3175 2292 ascendet
3201 2235 3356 2309 (Isai.
3375 2236 3469 2306 xi):

1899 2331 2045 2399 virga
2074 2330 2218 2386 enim
2242 2336 2359 2384 erat
2381 2329 2571 2395 Maria,
2607 2328 2795 2393 nitida,
2822 2325 3048 2392 subtilis,
3078 2335 3133 2382 et
3159 2327 3327 2394 virgo,
3355 2339 3474 2393 quae

1899 2419 2170 2476 Christum
2213 2417 2376 2473 veluti
2415 2416 2602 2474 ﬂorem
2643 2415 2948 2485 integritate
2974 2416 3056 2471 sui
3083 2415 3324 2485 corporis
3351 2427 3475 2482 ger-

1899 2509 2142 2563 minavit.
2191 2506 2529 2569 Continuatis
2567 2519 2696 2575 ergo
2721 2504 3076 2573 quadraginta
3103 2502 3289 2557 diebus
3309 2509 3332 2536 ⁶
3364 2502 3476 2556 haec

1894 2597 2096 2670 jejunia
2140 2611 2249 2651 non
2291 2596 2534 2651 esuriens
2577 2594 2834 2649 Dominus
2860 2591 3167 2664 procuravit
3193 2609 3207 2644 :
3233 2590 3329 2646 sed
3350 2590 3476 2644 dicit

1899 2690 2047 2745 illum
2076 2687 2402 2757 evangelista
2436 2685 2652 2757 (Matth.
2686 2683 2796 2754 vm)
2817 2683 3068 2739 esuriisse
3093 2691 3301 2752 postea.
3331 2680 3477 2747 Quo-

1898 2779 2060 2834 modo
2090 2790 2219 2846 ergo
2246 2783 2425 2848 potest
2453 2775 2599 2841 ﬁeri,
2646 2783 2707 2829 ut
2731 2774 2824 2843 qui
2857 2775 2874 2811 ί
2912 2781 2996 2828 tot
3021 2773 3228 2828 dierum
3249 2787 3478 2827 numero

1898 2871 2090 2925 famem
2111 2868 2360 2937 sitimque
2379 2881 2486 2921 non
2506 2866 2752 2928 senserit,
2768 2872 2952 2934 postea
2973 2863 3245 2919 esurierit?
3271 2862 3479 2921 Esurie~

1897 2962 1991 3016 hat
2004 2961 2182 3030 plane,
2196 2973 2296 3013 nec
2308 2972 2504 3028 negare
2523 2971 2808 3027 possumus
2825 2956 2969 3025 quod
2989 2956 3233 3010 esurierit
3252 2972 3267 3020 ;
3292 2955 3481 3009 esurilt

1897 3050 2038 3107 enim
2074 3065 2179 3104 non
2215 3049 2392 3104 cibum
2438 3048 2742 3110 hominum,
2772 3045 2867 3100 sed
2895 3046 3162 3101 salutem:
3195 3060 3296 3100 nec
3323 3045 3479 3115 113

1896 3154 2140 3195 escarum
2160 3136 2498 3193 siccularium
2522 3135 2706 3205 epulas
2723 3134 3156 3204 concupivit,.sed
3178 3133 3478 3187 animarum

204 3245 302 3294 est
340 3235 413 3292 de
454 3235 691 3307 peccatis
730 3233 1020 3304 justitiam,
1068 3231 1137 3288 de
1157 3231 1448 3288 severitate
1489 3229 1792 3286 misericor—
1815 3238 1862 3300 (ς
1891 3230 2210 3288 desideravit
2227 3228 2521 3283 caelestium
2539 3225 2899 3280 sanctitatem.
2929 3223 3093 3279 Cibus
3111 3224 3263 3306 enim.
3280 3220 3479 3291 Christi

203 3329 380 3392 diam,
409 3325 478 3383 de
505 3325 731 3381 avaritia
759 3323 1081 3395 largitatem.
1120 3321 1137 3361 ι
1167 3322 1301 3393 Ipsm
1324 3322 1466 3378 enim
1486 3319 1654 3392 spina:
1672 3326 1797 3375 sunt

204 3418 463 3491 corporis
506 3418 717 3482 nostri,
739 3431 860 3488 quae
901 3414 1194 3486 pmfocant
1237 3413 1470 3469 animam
1507 3412 1577 3469 de
1602 3411 1798 3482 quibus

203 3512 294 3568 ait
316 3509 635 3579 Scriptura:
667 3507 862 3579 Spim
891 3516 942 3562 et
969 3506 1185 3562 tributos
1209 3504 1300 3560 tibi
1325 3503 1632 3578 geminabit
1659 3511 1798 3556 terra

206 3599 377 3673 (Gen.
398 3601 500 3668 in).
543 3598 824 3654 Cerminat
851 3598 995 3652 enim
1022 3597 1155 3652 mihi
1183 3604 1326 3652 terra
1354 3609 1474 3650 mea
1501 3596 1712 3665 spinas,
1752 3594 1794 3649 si

203 3707 303 3749 me
321 3690 618 3761 corporalis
643 3689 880 3745 libidinis
897 3698 940 3728 ο
969 3688 1316 3744 tribulatione
1340 3686 1666 3758 eompungit.
1692 3683 1798 3740 Ge—

205 3779 522 3838 neratlnihi
558 3778 814 3843 tribulos,
853 3793 976 3834 cum
1001 3792 1090 3834 me
1124 3775 1428 3832 divitiarum
1464 3774 1797 3832 saecularium

203 3868 514 3942 cupiditate
549 3866 854 3924 discruciat.
895 3864 1063 3938 Spina
1098 3865 1244 3922 enim
1277 3864 1582 3922 Christiano
1620 3864 1796 3918 avari-

1897 3329 1982 3377 est
2001 3316 2301 3399 redemptio
2328 3317 2680 3388 populorum;
2728 3315 2880 3370 cibus
2905 3313 3104 3376 Christi
3131 3321 3217 3367 est
3241 3321 3479 3382 paternae

1893 3408 2184 3466 voluntatis
2209 3406 2428 3463 euectus
2451 3422 2465 3458 :
2487 3405 2628 3460 sicut
2640 3404 2753 3474 ipse
2765 3403 2842 3458 ait
2865 3421 2880 3456 :
2912 3411 2939 3440 ¹¹
2963 3402 3112 3457 lens
3139 3402 3282 3457 cibus
3306 3409 3404 3464 est.
3423 3410 3481 3457 ut

1898 3503 2088 3574 {sciam
2125 3499 2438 3554 voluntatem
2475 3495 2675 3561 Patris,
2716 3494 2804 3566 qui
2845 3494 2938 3548 'msv
2970 3493 3111 3548 misit
3146 3484 3326 3564 (locis.
3378 3490 3476 3561 tv).

1900 3591 2052 3648 Unde
2078 3599 2134 3646 et
2161 3604 2260 3645 nos
2298 3587 2457 3659 ιιῆ.
2489 3586 2789 3642 esuriamus
2813 3585 3015 3648 cibum,
3046 3600 3155 3640 non
3179 3583 3273 3653 qui
3302 3590 3478 3638 terre-

1900 3683 1985 3737 nis
2013 3681 2185 3751 epulis
2228 3685 2539 3749 apparatur,
2587 3675 2683 3733 sed
2720 3675 2814 3745 qui
2848 3674 3150 3731 divinarum
3177 3674 3468 3745 Scriptura-

1901 3791 2019 3830 rum
2041 3774 2273 3830 lectione
2298 3769 2586 3838 colligitur.
2607 3776 2638 3807 ν
2669 3767 2766 3822 ille
2788 3767 2932 3823 enim
2958 3780 3155 3838 corpus
3178 3765 3249 3820 ad
3271 3773 3479 3836 tempus

1903 3865 2091 3926 nutrit,
2125 3873 2152 3901 ι
2182 3863 2269 3919 hic
2290 3861 2523 3918 animam
2545 3857 2809 3917 reﬁcit’in
2834 3865 3094 3914 zternnm
3113 3868 3163 3914 ι.
3194 3856 3441 3929 Explicit.

1490 3976 1837 4038 HOMILIA
1899 3976 2210 4038 XXXIX.

1448 4073 1581 4127 Itan
1606 4072 1672 4126 de
1701 4069 2111 4143 Quadragesima
2139 4070 2259 4127 111.

1648 4159 2036 4217 ΔΒΜΟΝΙἸἸΟ.

276 4256 420 4337 {res
438 4264 728 4337 sequentes
747 4325 760 4337 _
783 4251 1226 4337 Meditas
1243 4251 1550 4337 aerumna
1585 4250 1950 4337 genedictinis
1968 4245 2597 4337 Amonaehis'eongregat.
2629 4248 2812 4337 ξειεαί
2841 4248 3009 4305 lauri
3039 4249 3178 4304 inter
3201 4264 3477 4337 sermones

204 4317 619 4391 Ambrosiatios,
640 4324 812 4380 Paris.
836 4340 930 4380 an.
951 4321 1111 4391 i690,
1141 4337 1196 4377 n.
1238 4319 1327 4386 l9,
1357 4320 1448 4387 20,
1467 4319 1558 4377 2i.
1588 4319 1668 4376 Ex
1690 4335 1791 4378 eor

1900 4320 2120 4377 monitis
2140 4319 2249 4376 duo
2271 4317 2540 4392 precipue
2564 4317 2866 4387 colligimus
2897 4336 2912 4373 :
2940 4334 3124 4384 unum,
3152 4318 3298 4389 quod
3321 4321 3477 4377 valde

348 4527 484 4584 Cod.
514 4526 637 4610 γει.
668 4525 836 4611 1268.,
869 4544 1056 4652 eam!
1097 4541 1214 4582 sero
1257 4524 1457 4579 indicto
1483 4521 1789 4602 ουσαν-αρξ-

373 4604 705 4652 asperitatem
740 4607 908 4652 reiicit
1027 4605 1265 4651 ictorum.
1315 4591 1487 4648 Codd.
1523 4590 1580 4646 S.
1602 4589 1789 4647 Crucis

203 4603 346 4668 ςειιιρ
373 4597 705 4668 me»
942 4589 1265 4668 δείξεων-ιιι.
1315 4591 1487 4668 οράειο
1523 4590 1580 4668 s-
1602 4589 1792 4668 εειίεὶε

203 4670 259 4724 in
289 4660 983 4748 deb'osperitatem'rsjicio
1011 4665 1333 4721 delictorum.
1368 4661 1447 4717 Ita
1462 4661 1635 4717 etiam
1664 4660 1793 4730 legit

199 4737 334 4798 eod.
369 4736 591 4791 Bobien.

276 4807 309 4846 δ
508 4803 763 4886 Euhion”
788 4805 860 4886 ita
879 4812 931 4886 et
949 4804 1220 4886 majorem:

279 4886 306 4944 φ
516 4873 574 4930 S.
602 4872 796 4944 Crucis
821 4872 876 4928 in
902 4872 1042 4937 εἰει-,ζ
1059 4874 1268 4944 segetis.

275 4943 310 4983 ἀ
347 4941 493 4998 Idem
515 4942 666 5006 eod.,
691 4943 945 4997 reuiuiscit
962 4944 1018 4996 in
1042 4941 1276 4998 meum.
1307 4947 1411 4994 etc.

279 5021 310 5052 ⁸
349 5010 483 5068 Cod.
513 5010 770 5079 harent.
810 5019 869 5066 et
895 5009 1300 5079 Bobien.,_spes
1325 5007 1534 5063 interim
1561 5015 1783 5063 morata.

199 5081 350 5140 Cod.
379 5089 561 5138 autem
584 5079 646 5136 S.
675 5077 863 5136 Crueis
891 5081 944 5134 in
963 5078 1074 5136 Jer.
1105 5077 1194 5146 99,
1212 5077 1279 5132 in
1309 5086 1446 5132 terra
1471 5086 1695 5131 morata.

286 5148 313 5192 ί
351 5149 487 5205 Cod.
516 5149 763 5206 Bobien..
794 5149 1091 5206 procedant.

278 5189 313 5269 ὲ
351 5189 488 5274 ὅδ’ἴι.
516 5189 1149 5285 ’ὗῖἒῖἰῖαἴέζῗῖἒω
1175 5217 1489 5285 recipiantur
1514 5215 1589 5285 in,
1618 5221 1724 5270 etc.

279 5287 318 5327 ι
350 5285 486 5343 Cod.
510 5286 761 5359 Bobien.,
788 5284 1021 5342 cum
1039 5289 1250 5359 ﬂagrat,
1270 5284 1434 5359 lilium
1454 5284 1646 5340 redolet
1667 5299 1793 5359 sua-

201 5362 423 5442 uitate:
443 5394 461 5423 ,
505 5356 661 5412 arida
705 5359 927 5428 virgam
954 5353 1287 5426 depromunt,
1315 5362 1365 5410 et
1389 5356 1465 5409 ita
1485 5363 1668 5408 metu
1695 5353 1793 5422 ﬂo-

288 5467 488 5577 ἰ-
517 5493 798 5577 Esuriem...
826 5502 877 5577 et
895 5496 972 5549 ita
988 5504 1193 5577 estnota,
1219 5500 1362 5560 ete.';
1403 5493 1638 5564 itemque
1665 5490 1785 5546 cod.

204 5566 283 5622 ω
304 5563 516 5620 Sancta:
537 5563 724 5621 Crueis
746 5561 1139 5622 inlerusalem.

286 5637 304 5704 ξ
515 5620 762 5704 Dubiam,
788 5620 1087 5704 Deimgni
1112 5646 1211 5702 pro
1237 5628 1340 5688 diei
1367 5632 1560 5702 οιαρηί.

281 5702 312 5742 ι
345 5701 531 5758 Codex
553 5701 674 5758 Vat.
709 5701 846 5767 PaL,
879 5700 966 5756 fta
991 5700 1042 5756 et
1063 5700 1177 5758 nos.

289 5771 308 5812 ι
347 5771 514 5830 Codd.
542 5772 612 5829 90
637 5779 697 5829 et
716 5771 807 5834 99.
834 5765 893 5828 S.
915 5771 1101 5828 Crucis
1127 5773 1182 5828 in
1208 5769 1341 5834 Jer.,
1373 5765 1520 5825 Istc.

1970 4533 2008 4560 ω
2040 4521 2182 4598 Cod.
2200 4519 2459 4598 Pollitta”
2477 4523 2772 4598 titillatione
2791 4536 2890 4594 pro
2919 4521 3259 4576 tribulatione.

1967 4601 1994 4629 η
2033 4591 2167 4648 Cod.
2200 4591 2449 4658 B'obien.,
2478 4593 2652 4647 curari
2670 4608 2775 4676 non
2793 4591 3084 4675 possemus.

1971 4671 1997 4698 °
2035 4661 2168 4716 Cod.
2199 4661 2323 4716 Vat.
2352 4669 2410 4718 et
2435 4662 2557 4718 eod.
2586 4661 2835 4724 Bobien.,
2866 4677 2921 4716 sn
2951 4675 3119 4715 rosas.

1969 4741 1997 4780 ι’
2199 4729 2916 4800 Βοὴίωηέοηαρξιοαπιαε.

1967 4809 1997 4850 ⁴ι
2033 4798 2092 4854 In
2119 4799 2255 4855 Cod.
2292 4800 2362 4854 99
2389 4796 2901 4855 additur-Christus.
2949 4796 3083 4854 Cod.
3125 4812 3256 4852 vero
3302 4796 3372 4851 90
3413 4799 3470 4854 S.

1897 4867 2087 4939 Crucis
2110 4870 2161 4939 in
2188 4868 2300 4939 Jer.
2325 4869 2454 4939 legit
2479 4885 2536 4924 se
2561 4869 2732 4939 ipsum"
2760 4867 3022 4939 poetilius
3052 4865 3286 4921 Christus
3327 4883 3463 4921 επεν·

1816 4929 1867 4990 D
1891 4940 2014 4993 cuit.
2039 4929 2456 5009 Codtiiobiet'i,
2487 4935 3134 5009 ipsgnominusChristus
3151 4953 3208 4990 se
3223 4939 3470 4991 exercuit.

1964 5018 1984 5045 ν
2024 5006 2304 5078 νει.
2335 5005 2530 5078 Palat,
2559 5005 2818 5078 Exsurge}
2843 5007 3007 5078 uirgo.

1891 5216 1980 5287 qui
2008 5224 2270 5270 tantorum
2297 5215 2517 5270 dierum.

1961 5293 1991 5322 ι
2192 5283 2311 5339 Vat.
2336 5283 2476 5351 PaL,
2501 5281 2647 5338 Hm
2691 5281 2831 5356 cibus
2853 5289 2930 5356 est
2946 5291 3005 5356 ξε
3237 5283 3465 5356 religata-

1893 5361 1994 5436 τίθη
2032 5351 2210 5436 Patris
2385 5350 2472 5428 qui
2491 5356 2632 5436 iussit
2652 5370 2752 5408 me.
2785 5351 2919 5411 Cod.
2943 5351 3003 5409 S.
3023 5350 3218 5409 Crucis
3249 5352 3304 5408 in
3333 5351 3464 5419 Jer.,

1898 5421 2046 5476 Meus
2066 5431 2237 5477 autem
2265 5421 2426 5485 cibus,
2457 5433 2563 5477 etc.

1967 5502 1995 5532 ν
2032 5490 2335 5561 ϐοιιηιιὸἢ.
2361 5492 2484 5561 vat.
2514 5491 2652 5558 PaL,
2679 5491 2803 5561 ipse
2819 5495 2977 5561 enim.

1968 5571 1993 5598 ι
2031 5561 2090 5616 ln
2111 5561 2266 5617 codd.
2299 5560 2357 5618 S.
2380 5559 2567 5618 Crueis
2595 5561 2650 5617 in
2666 5559 2810 5625 πει,
2834 5569 2890 5615 et
2903 5559 3150 5622 Bobien.,
3178 5559 3261 5612 hic
3279 5565 3472 5614 autem.

1962 5641 1990 5678 γ
2011 5630 2146 5686 Cod.
2177 5629 2303 5684 Vat.
2355 5629 2465 5684 Pal.
2499 5629 2677 5695 addit,
2719 5629 3013 5693 Paestanas
3040 5626 3265 5684 Domino
3294 5634 3476 5683 nostra

1891 5700 2018 5755 Jesu
2042 5698 2265 5760 Christo.
2293 5700 2380 5760 qui
2405 5715 2520 5753 cum
2569 5698 2728 5753 Patre
2753 5707 2803 5752 et
2826 5698 3028 5760 Spiritu
3055 5696 3253 5752 sancto
3273 5695 3394 5750 sirit
3422 5705 3476 5752 et

1891 5705 2018 5755 Jesu
2042 5705 2380 5824 σιν-ἰααᾶΖὶ
2405 5715 2520 5753 cum
2569 5705 2728 5753 Patre
2753 5707 2803 5752 et
2826 5705 3028 5767 Spiritu
3055 5705 3238 5752 sancto
3273 5705 3394 5750 sirit
3422 5705 3476 5752 et

1891 5778 2073 5840 regnat
2095 5770 2151 5825 in
2168 5785 2270 5826 stuc
2382 5769 2706 5824 scutorum.
2731 5769 2914 5826 Amen.
