3924 6232
488 301 580 359 511
1686 311 1744 367 S.
1784 308 2028 367 MAXIMI

2146 312 2529 392 .umusnsxs.

486 415 795 504 dubitarint
812 431 880 504 an
903 416 975 504 iS.
999 416 1419 504 Mtbmsiosint
1449 422 1771 490 tribuendas;
1804 426 2065 504 alterum,
2094 426 2239 504 quod
2280 442 2469 504 omnes
2496 427 2791 504 ex__eodem
2820 428 2970 504 fonte
2989 444 3234 504 manasse
3262 431 3518 504 dixerint.
3550 431 3761 504 Stylum

486 441 779 471 uumtarmt
812 441 880 470 an
918 441 975 473 ῠ.
999 441 1283 473 runnrosw
1311 441 1419 475 81m
1449 441 1771 490 mouendae;
1804 441 2065 497 alterum,
2136 441 2239 482 ιιοα
2280 442 2469 482 omnes
2496 442 2563 483 ex
2602 441 2791 485 eadem
2820 441 2970 485 tonte
2989 444 3234 486 manasse
3262 441 3518 487 dixerint.
3550 441 3760 504 Stylum

483 486 638 574 enim.
1286 490 1534 574 idemque
1561 441 2129 574 argumentum,“un
2158 497 2209 549 in
2242 497 2410 565 prima
2436 496 2656 574 homilia
2686 501 3021 574 proponitur,
3054 500 3107 553 in
3153 500 3360 555 duabus
3389 502 3614 574 reliquis
3639 518 3760 556 am—

483 554 641 638 pliori
669 556 1341 638 espositionenesornatur,
1362 554 1607 638 adeoque
1624 554 1769 638 inter
1797 580 1858 638 se
1876 554 2215 638 colligantur,
2244 554 2307 619 'ut
2335 567 2569 621 secunda
2600 554 2817 638 homilia
2841 569 2908 623 ad
2933 554 3181 638 primam,
3204 554 3262 623 et
3290 554 3448 623 tertia
3471 554 3761 626 adsecun-

482 623 605 707 dam
633 623 951 707 referantur.
1133 623 1334 707 quibus
1355 645 1457 707 n_os_
1479 623 1799 707 testimoniis
1826 633 1883 707 S.
1910 623 2214 707 Maiimum'
2226 643 2500 707 auctorem
2545 637 2891 705 probabimus
2906 623 3219 694 T'Fatemur
3243 623 3523 707 equidem,
3543 623 3761 695 nonnisi

483 701 593 778 tres
621 694 834 778 codices
873 711 972 778 nos
999 694 1283 778 invenisse,
1308 700 1399 766 qui
1445 701 1583 778 hanc
1605 704 1835 778 primam
1866 705 2137 778 homiliam
2166 704 2221 760 S.
2248 706 2473 778 antistiti
2515 694 2700 778 nostro
2726 715 2993 774 asserunt,
3023 723 3215 778 nempe
3382 707 3451 760 99
3479 694 3536 762 Β.
3567 694 3764 765 Crucis

481 762 539 815 iu
562 761 860 818 Jerusalem
881 766 1065 820 homil.
1084 766 1245 821 “De
1263 761 1445 821 sancta

483 831 676 886 titulo:
710 832 842 887 Item
864 834 925 887 de
948 833 1025 899 Qu

3656 318 3765 375 513

1618 774 1892 847 ζᾳρςεὶιπα,
1916 775 2087 847 codex
2112 774 2575 847 Laurentianusx,
2601 776 2741 839 Plut.
2762 794 2869 843 xxv,
2894 791 3017 847 pag.
3046 774 3167 842 Μ
3193 784 3247 833 et
3270 777 3616 833 Taurincnsis
3635 796 3763 834 cum

485 837 676 913 titulo‘:
710 837 854 913 {teni
864 837 925 887 de
948 837 1354 913 Quadragesima
1375 837 1699 913 sermaXXI
1716 841 1773 895 In
1799 850 1899 907 tot,
1928 845 2193 913 tantisque
2212 844 2372 899 codd.
2400 837 2672 901 Vaticanis
2699 863 2806 901 non
2834 837 3071 901 occurrit
3098 837 3251 901 nobis
3268 847 3381 901 haec
3403 848 3625 902 homilia
3654 850 3760 902 nisi

565 901 889 987 condt‘l‘26_8,_
908 919 1030 987 pag.
1062 904 1147 987 3§,
1171 901 1200 958 a
1227 913 1399 973 tergo,
1418 909 1503 961 cui
1526 901 2450 987 Amanuensisdubitansinscripsit
2467 933 2488 987 εΔ
2514 914 2593 968 De
2628 916 2807 987 eodem
2824 917 3049 987 jejunio,
3079 924 3135 969 ut
3154 901 3762 987 putaturA’mbrosii.hEt

478 970 598 1054 jure
618 970 718 1054 fuit
737 972 838 1053 ipsi
860 970 1391 1054 dubitandumtcu'm
1409 980 1931 1054 perrariadmodum
1948 984 2054 1054 sint
2082 983 2315 1054 codices,
2346 970 2439 1054 qui
2477 985 2616 1040 hanc
2642 993 2696 1040 et
2724 970 2858 1040 duas
2876 970 3183 1053 'sequcnte's
3202 986 3451 1040 homilias
3480 970 3759 1050 referant;

480 1042 553 1111 ita
581 1048 637 1093 ut
662 1056 762 1095 nec
785 1042 884 1111 ipsi
921 1043 1250 1098 Benedictini
1295 1042 1546 1109 monachi
1575 1048 1810 1104 editores
1835 1050 1903 1105 de
1944 1052 2053 1106 ullo
2091 1052 2279 1108 codice
2302 1042 2437 1108 mss.
2465 1056 2797 1109 mentionem
2837 1042 3053 1111 faciant.
3097 1054 3406 1109 Memoratis
3433 1042 3779 1110 testimoniis-

480 1107 715 1194 hiasimo
735 1107 1145 1194 suifragantibus
1165 1127 1354 1194 graves
1384 1107 1644 1194 accedunt
1663 1118 2008 1188 conjecturae,
2033 1107 2408 1194 quarumAuna
2426 1107 2508 1179 est
2534 1107 2657 1194 styli
2686 1107 3004 1194 similitudo
3021 1107 3145 1194 cum
3161 1107 3760 1194 “praedamnatum;

479 1178 718 1261 studiosa
744 1181 885 1235 inter
908 1178 1070 1251 ipsas
1114 1178 1679 1261 homiliasncolligatio,
1708 1178 2078 1261 qdmkprop'ria
2096 1199 2209 1261 _est
2235 1178 2473 1259 Maximi,
2511 1178 2571 1248 ut
2587 1178 2873 1261 Remigius
2901 1178 3539 1259 Ceillerius'observavit';
3574 1178 3762 1256 tertia,

476 1246 601 1324 quia
631 1249 818 1303 harum
850 1246 1178 1324 postremam
1207 1253 1482 1324 homiljam
1515 1246 2321 1324 'plurescodices.coutirmant.

478 1316 532 1370 in
561 1332 687 1389 opp.
722 1316 894 1375 sancti
915 1320 1181 1377 Ambrosii
1202 1322 1328 1376 edit.
1360 1316 1619 1379 Parisién.
1646 1341 1716 1380 an
1742 1326 1897 1382 1569.

2352 1261 2482 1328 Quae
2505 1271 2617 1319 tres
2662 1263 2898 1319 homilize.
2927 1277 2959 1317 a
2998 1262 3156 1320 nobis
3183 1262 3432 1329 eduntur,
3460 1271 3517 1317 ut
3538 1270 3764 1319 exstant

477 1430 954 1512 Διιςρδιεητυι-
980 1430 1167 1513 ῼΙινίεεὶ
1194 1431 1430 1515 ﬁdelibus
1455 1434 1896 1517 quadragesimale
1916 1440 2061 1561 j‘e’ju-
2092 1444 2138 1503 Α
2165 1438 2392 1507 ﬂcimur,
2422 1439 2497 1496 ita
2546 1442 2605 1496 ut
2627 1443 2787 1498 citius
2826 1443 2980 1519 115
3024 1445 3323 1514 perveniat,
3368 1442 3459 1514 qui
3506 1444 3767 1501 devotius

542 1514 687 1551 imm
715 1510 1025 1561 κλείθρων-τε
1073 1503 1304 1555 redditur
1331 1512 1464 1559 ratio
1504 1520 1595 1557 cur
1623 1505 1911 1561 huiusmodi
1978 1511 2054 1561 ie-
2160 1530 2412 1561 :..:........:.
2467 1530 2634 1561 una...
2658 1532 2869 1561 ....:.s.....
2892 1534 3083 1561 ....:.......
3119 1544 3146 1561 .
3174 1534 3416 1561 .......:.w.
3457 1542 3581 1561 ⁸η...
3620 1533 3759 1561 ω-..

542 1500 687 1551 nium
715 1503 1039 1575 κλείθρων-ἕξ
1073 1503 1304 1575 redditur
1331 1500 1479 1559 ratio'
1504 1520 1595 1575 cur
1623 1500 1911 1575 hujusmodi

544 1585 657 1645 rum
691 1586 903 1623 numero
930 1571 1177 1645 indictum
1204 1573 1273 1645 sit
1293 1574 1572 1645 jejunandi
1598 1571 1939 1644 prreceptum;
1974 1580 2056 1631 in-

544 1640 704 1718 deque
730 1642 969 1718 cognosci
989 1640 1359 1718 ecclesiastica?
1370 1644 1495 1714 legis
1515 1640 1678 1713 origo.
1709 1640 1811 1700 et‘a
1837 1640 2055 1718 majori-

544 1708 631 1760 bus
651 1708 843 1762 tradita
858 1708 1191 1766 observantia
1212 1721 1397 1782 potest.

538 1884 753 1940 Sancta!
780 1884 1210 1955 Quadragesima:
1247 1890 1510 1956 rationem
1528 1932 1544 1957 ,
1570 1890 1724 1961 cujus
1750 1893 1911 1949 hodie
1957 1895 2055 1949 ini-

470 1976 600 2028 tium
631 1976 985 2040 celebramus,
1022 1976 1332 2047 frequenter
1376 1980 1667 2048 edidimus,
1700 1991 1755 2038 et
1797 1992 1824 2022 ⁸
1851 2000 1948 2041 cur
1975 1994 2055 2041 tot

467 2063 675 2121 dierum
715 2081 941 2123 numero
974 2067 1277 2136 jejunemus
1315 2086 1457 2141 saepe
1483 2072 1783 2130 docuimus.
1813 2076 2054 2135 Diximus

466 2155 608 2210 enim
643 2156 811 2227 quod,
842 2143 1100 2213 Dominus
1141 2159 1295 2217 Iesus
1344 2160 1589 2220 Christus
1626 2166 1770 2223 hunc
1805 2170 2052 2225 eumdem

466 2260 746 2300 numerum
772 2246 962 2315 jejunii
984 2254 1410 2317 consecraverit,
1436 2264 1490 2308 et
1512 2256 1839 2313 continuatis
1865 2258 2054 2315 diebus

466 2334 820 2405 noctibusque
847 2353 952 2393 non
982 2340 1202 2409 capiens
1230 2342 1426 2407 cibum,
1459 2360 1623 2399 unum
1647 2346 1834 2415 jejunii
1858 2365 2053 2420 corpus

466 2425 723 2491 eil‘ecerit,
764 2428 870 2483 hoc
897 2436 999 2495 est,
1032 2431 1157 2486 licet
1194 2432 1301 2487 diei
1328 2434 1462 2490 ordo
1498 2436 1671 2492 noctis
1691 2438 2049 2511 interrumpe-

467 2522 615 2568 retur
642 2514 894 2581 adventu,
926 2533 1031 2572 non
1060 2527 1239 2575 tamen
1270 2523 1600 2595 interruptus
1628 2534 1711 2581 est
1736 2528 1869 2583 ordo
1906 2529 2049 2599 jeju-

465 2603 555 2656 uii.
588 2602 740 2660 Unde
770 2614 923 2659 erant
952 2607 1094 2677 apud
1135 2624 1257 2663 eum
1286 2610 1513 2680 plurima
1545 2622 1849 2685 temporum
1876 2620 2049 2673 curri-

465 2695 603 2761 cula,
637 2694 730 2751 sed
775 2698 1112 2755 abstinentia:
1147 2702 1263 2757 dies
1310 2720 1439 2769 una,
1480 2707 1768 2763 ostendens
1792 2709 1946 2765 nobis
1973 2712 2047 2766 ita

2154 1530 2435 1600 jejunavit.
2466 1530 2637 1588 Pedes
2656 1532 2871 1607 quidam
2891 1534 3084 1589 anima:
3119 1544 3146 1572 ο
3174 1534 3419 1604 pernices
3457 1542 3587 1587 sunt
3619 1533 3761 1589 ﬁdes

2159 1629 2321 1692 atque
2338 1622 2635 1693 jejunium:
2668 1624 2759 1693 qui
2786 1623 2895 1679 cito
2910 1623 2979 1679 de
3005 1623 3294 1683 humilibus
3314 1623 3379 1679 ad
3401 1624 3596 1678 altiora
3616 1639 3761 1678 con-

2157 1711 2444 1778 scendunt,
2480 1712 2590 1768 cito
2616 1713 2685 1768 de
2711 1713 2941 1768 terrenis
2961 1712 3029 1768 ad
3049 1712 3288 1769 ctelestia
3309 1712 3647 1781 gradiuntur.
3680 1712 3764 1768 De

2158 1802 2241 1857 his
2278 1803 2507 1871 pedibua
2541 1803 2558 1841 ί
2590 1804 2721 1858 dicit
2750 1802 3039 1872 Apostolus
3077 1820 3091 1855 :
3140 1799 3309 1866 Quam
3334 1803 3552 1871 speciosi
3600 1802 3781 1887 pedes.

2154 1894 2618 1965 euangelizandum
2638 1894 2772 1949 bona
2796 1893 2972 1962 (Rom.
3002 1894 3081 1965 x).
3109 1893 3221 1950 Hos
3243 1894 3407 1963 pedes
3426 1894 3593 1947 lavari
3617 1909 3761 1964 pra:-

2155 1985 2301 2053 cepit
2321 1984 2599 2051 Dominus,
2627 1985 2766 2039 sicut
2786 1984 3075 2055 Apostolus
3102 1984 3178 2038 ait
3204 1984 3271 2039 de
3298 1983 3454 2039 vidua
3486 2002 3498 2038 :
3532 1983 3597 2038 Si
3628 2002 3761 2039 san-

2154 2082 2353 2128 ctorttm
2395 2074 2548 2145 pedes
2576 2074 2701 2129 lavit
2730 2076 2749 2143 (
2773 2073 2804 2128 Ι
2828 2074 2960 2129 Tim.
2990 2091 3045 2130 ιιι
3068 2076 3126 2153 ).,
3154 2074 3308 2144 Digni
3353 2064 3495 2130 enim
3544 2077 3759 2132 honore

2154 2164 2637 2232 evangelizantium
2665 2180 2855 2235 pacem
2902 2166 3069 2235 pedes
3110 2173 3267 2231 sunt;
3309 2166 3402 2235 qui
3446 2168 3759 2236 spirituales

2155 2268 2218 2307 ac
2248 2248 2402 2308 nitidi
2425 2254 2672 2310 doctrina
2712 2270 2874 2325 super
2908 2255 3186 2311 hominum
3212 2256 3375 2311 corda
3405 2257 3751 2324 gradiuntur.

2154 2341 2516 2412 Quadraginta
2545 2344 2707 2398 etiam
2731 2352 2787 2398 et
2812 2345 3043 2400 duorum
3069 2345 3279 2400 dierum
3321 2360 3549 2401 numero
3589 2346 3755 2403 Israel

2154 2436 2384 2504 populus
2412 2436 2657 2505 pervenit
2704 2435 2773 2489 ad
2802 2434 3003 2490 ﬂuenta
3038 2434 3320 2501 Iordanis;
3376 2448 3402 2485 ε
3449 2439 3755 2508 eodemque

2152 2524 2361 2579 dierum
2376 2526 2581 2582 circulo
2601 2525 2937 2581 Christianus
2956 2526 3185 2595 populus
3206 2527 3449 2595 pervenit
3467 2527 3531 2582 ad
3548 2528 3755 2583 ﬂuenta

2153 2615 2512 2685 baptismatis.
2543 2614 2613 2670 Et
2639 2616 2778 2671 sicut
2804 2617 2882 2669 ait
2912 2616 3175 2685 propheta
3208 2635 3220 2667 :
3248 2615 3503 2671 laritanis
3530 2634 3754 2673 concer-

2152 2725 2239 2761 sus
2282 2717 2359 2763 est
2404 2717 2683 2763 retrorsum
2714 2707 2888 2779 (Psat.
2931 2707 3109 2777 exui);
3136 2704 3164 2745 ¹³
3197 2708 3305 2763 illic
3334 2709 3643 2764 introeunte
3672 2709 3754 2763 ls-

465 2803 563 2842 uos
582 2788 723 2844 hunc
744 2806 1022 2846 numerum
1047 2793 1572 2865 integrum'jejunare
1593 2800 1815 2869 debere,
1848 2812 1906 2856 ut
1923 2806 2049 2873 quia
2084 2809 2125 2867 Β
2153 2800 2340 2855 raelita
2365 2801 2419 2855 in
2445 2814 2638 2870 aquam
2664 2797 2896 2855 ﬂuminis
2921 2798 3061 2854 unda
3089 2798 3407 2869 superfugit,
3422 2800 3511 2853 hic
3530 2800 3752 2855 descen-

465 2885 633 2931 totam
662 2877 1131 2949 Quadragesimam
1169 2887 1451 2955 complecti
1501 2904 1608 2943 non
1648 2906 1929 2960 possumus
1957 2911 2049 2950 so—

464 2964 594 3030 lido,
623 2977 679 3020 et
708 2984 812 3022 uno
828 2969 1055 3038 jejunio,
1088 2973 1173 3027 vel
1202 2976 1525 3042 quotidianis
1553 2980 1795 3036 eamdem
1825 2984 1941 3039 sine
1968 2986 2050 3039 in-

465 3055 801 3111 termissione
840 3058 1058 3139 jejuniis
1103 3063 1481 3123 celebremus:
1517 3068 1541 3106 ιο
1573 3078 1630 3123 ut
1674 3072 1720 3126 si
1767 3074 2047 3143 quisquam

466 3159 625 3196 unam
647 3144 788 3199 diem
818 3149 1134 3205 abstinendo
1162 3157 1581 3223 praetermiserit,
1613 3166 1781 3215 totam
1804 3161 2045 3229 Quadra-

466 3237 727 3302 gesimam
757 3239 988 3308 violarit,
1012 3250 1067 3296 et
1094 3252 1317 3313 propter
1339 3248 1533 3304 modici
1564 3254 1820 3322 temporis
1846 3256 2044 3323 cibum,

462 3328 655 3415 magni
682 3327 908 3384 fructum
937 3331 1133 3387 laboris
1161 3336 1418 3393 amiserit.
1456 3338 1560 3395 Sed
1608 3340 1751 3398 dicet
1802 3347 1995 3415 aliquis
2027 3366 2039 3401 :

460 3412 890 3483 Quadragesima:
909 3419 1192 3489 aliquoties
1206 3422 1509 3493 accepimus
1530 3430 1812 3498 rationem,
1842 3412 1907 3487 eti
1923 3450 2042 3490 eam

459 3506 831 3562 consecratam
880 3523 912 3562 a
951 3507 1176 3566 Domino
1227 3513 1535 3583 frequenter
1573 3520 1872 3577 audivimus
1904 3544 1915 3577 :
1948 3526 2043 3581 sed

459 3610 556 3649 cur
602 3593 791 3653 eadem
842 3598 1257 3671 Quadragesima
1303 3608 1656 3679 quadraginta
1689 3624 1712 3652 ο
1742 3593 2042 3674 ᾱυοεξᾱὶοε

460 3687 656 3739 habeat
696 3680 1199 3760 audire‘gestimus.
1244 3694 1494 3769 Legimus
1533 3700 1585 3755 in
1620 3702 1799 3760 Veteri
1850 3707 2039 3764 Testa-

459 3784 641 3830 mento
668 3770 842 3847 (Deut.
873 3780 1076 3852 sunt),
1101 3800 1221 3839 cum
1243 3796 1458 3844 sanctus
1480 3788 1689 3862 Moyses
1718 3794 1854 3851 ﬁlios
1876 3798 2039 3855 Israel

457 3868 523 3920 (le
547 3867 675 3934 jugo
706 3868 971 3940 Egyptia:
1014 3874 1340 3941 captivitatis
1369 3890 1601 3945 erueret,
1636 3890 1694 3938 ut
1737 3884 1789 3938 in
1836 3894 2037 3942 terram

458 3972 553 4011 eos
567 3961 995 4027 repromissionis
1023 3963 1316 4033 induceret,
1348 3972 1698 4041 quadraginta
1727 3984 1783 4031 et
1808 3978 2034 4035 duorum

457 4048 662 4102 dierum
686 4064 807 4103 eum
834 4052 901 4106 ad
930 4064 1279 4110 memoratam
1302 4065 1498 4114 terram
1528 4065 1893 4123 mansionibus
1913 4084 2036 4137 per-

2151 2892 2313 2946 dente
2340 2893 2399 2946 in
2419 2890 2624 2947 fontem
2650 2889 2958 2946 Christiano
2978 2930 2994 2955 ,
3022 2891 3302 2945 criminum
3333 2898 3554 2960 peccata
3584 2890 3750 2945 diﬂ'u—

2148 2984 2319 3052 giunt.
2346 2983 2415 3039 Et
2453 2984 2650 3039 mirum
2680 2984 2789 3039 illic
2813 2992 3111 3040 retrorsum
3150 2998 3443 3039 conversus
3471 2982 3669 3040 ﬂuvius
3698 2987 3751 3039 in

2148 3075 2412 3145 originem
2431 3090 2584 3131 suam
2612 3074 2628 3114 ί
2658 3075 2947 3131 revertitur
2973 3092 2986 3127 :
3019 3075 3107 3131 hic
3136 3074 3486 3145 imposterum
3516 3091 3749 3132 revoca-

2148 3177 2234 3222 tus
2272 3168 2435 3222 homo
2484 3167 2540 3221 in
2587 3166 2811 3236 originis
2836 3176 2959 3221 sua!
2994 3164 3273 3221 infantiam
3322 3175 3623 3236 reparatur.
3670 3167 3749 3223 Ibi

2145 3256 2348 3313 fontem
2382 3274 2558 3323 suum,
2601 3259 2669 3313 de
2694 3272 2803 3327 quo
2837 3258 2851 3308 i
2890 3261 3109 3327 egressa
3142 3256 3336 3323 fuerat,
3360 3259 3505 3313 unda
3532 3260 3748 3329 perqui-

2144 3351 2250 3405 rit:
2282 3350 2369 3407 hic
2394 3351 2666 3405 hominem
2694 3365 2881 3416 suum,
2918 3365 2948 3404 a
2992 3366 3101 3421 quo
3143 3350 3370 3415 exierat,
3422 3352 3740 3407 innocentia

2144 3441 2499 3508 recognoscit.
2533 3441 2610 3497 lbi
2638 3442 2950 3497 exinanitur
2982 3442 3169 3496 alveus
3198 3438 3468 3503 ﬂuctibus,
3500 3442 3591 3498 hic
3613 3460 3745 3499 eva-

2144 3542 2372 3587 cuantur
2384 3533 2547 3589 corda
2572 3534 2915 3599 criminibus;
2946 3534 3019 3587 ita
3050 3540 3109 3587 ut
3132 3549 3318 3588 servos
3343 3533 3436 3587 Dei
3462 3534 3571 3589 illic
3596 3549 3737 3603 aqua

2141 3639 2358 3680 annosa
2379 3640 2488 3679 nou
2510 3624 2766 3690 madidet,
2781 3625 2869 3680 hic
2895 3623 3125 3679 famulos
3140 3624 3237 3678 Dei
3256 3622 3280 3661 ι
3301 3625 3633 3680 conscientia
3663 3635 3743 3681 te-

2144 3725 2225 3770 tra
2247 3732 2354 3771 non
2387 3717 2607 3787 polluat.
2635 3715 2884 3771 Jordanis
2912 3717 3054 3771 enim
3082 3717 3299 3786 quidam
3328 3725 3411 3771 cst
3441 3717 3564 3773 fons
3590 3718 3740 3771 lava-

2140 3806 2237 3871 cri,
2270 3820 2367 3876 per
2384 3820 2546 3873 quem
2575 3806 2666 3873 qui
2698 3805 3026 3870 transiverit,
3057 3805 3261 3860 relictis
3284 3806 3557 3867 sordibus.
3590 3821 3743 3875 para-

2138 3896 2313 3950 disum
2340 3896 2773 3965 repromissionis
2800 3896 3112 3962 ingreditur.
3137 3894 3193 3948 In
3221 3896 3324 3949 hoc
3348 3910 3480 3964 ergo
3508 3897 3741 3966 quadra-

2139 3988 2363 4057 genario
2411 3993 2466 4041 et
2506 3986 2649 4041 duali
2703 4000 2929 4040 numero
2962 3984 3125 4040 Israel
3157 3985 3390 4055 p0pulus
3427 3986 3740 4053 relinquens

2146 4078 2455 4148 Egyptum,
2489 4076 2655 4130 Rubri
2702 4076 2865 4130 maris
2904 4077 3103 4131 ﬂuenta
3156 4076 3525 4140 transcendit,
3554 4085 3612 4130 et
3641 4092 3741 4129 nos

455 4140 687 4205 venisse,
719 4148 973 4237 tantoque
998 4144 1024 4182 ἀ
1059 4146 1207 4200 illmn
1229 4156 1529 4218 temporum
1561 4170 1783 4212 numero
1804 4159 2032 4228 potitum
2062 4157 2105 4217 C
2138 4140 2419 4237 quoquein
2447 4167 2564 4236 ipso
2582 4182 2805 4222 numero
2831 4167 3199 4235 relinquentes
3219 4167 3401 4221 mundi
3416 4166 3733 4237 AEgyptum,

455 4245 573 4285 esse
593 4232 889 4300 promissis,
912 4244 1111 4304 quanto
1136 4246 1191 4292 et
1218 4254 1318 4296 nos
1346 4242 1622 4308 promissis
1666 4248 1821 4304 nobis
1848 4264 1879 4303 a
1913 4250 2032 4305 Sal-

458 4329 639 4376 Vatore
669 4323 867 4393 perfrui
893 4326 1241 4393 gratulamur.
1270 4330 1490 4398 Eodem,
1542 4337 1779 4405 inquam,
1812 4356 2034 4397 numero

456 4412 666 4484 Moyses
693 4430 789 4483 per
834 4417 1138 4473 mansiones
1166 4423 1409 4490 pervenit
1458 4427 1524 4481 ad
1554 4429 1813 4497 requiem,
1845 4449 1953 4502 quo
1981 4442 2036 4489 et

454 4520 553 4557 nos
575 4520 670 4573 per
692 4505 896 4574 jejunia
929 4524 1281 4578 properamus
1304 4515 1371 4569 ad
1402 4517 1615 4573 malum.
1652 4519 1861 4590 Jejunia
1890 4526 2033 4579 enim

452 4603 633 4647 nostra
664 4596 971 4652 mansiones
1001 4600 1243 4665 quaedam
1286 4614 1437 4670 sunt,
1468 4622 1566 4677 per
1598 4626 1719 4680 qua:
1747 4612 1850 4668 iter
1876 4616 2033 4684 spiri-

452 4684 669 4737 tualiter
706 4684 963 4741 facientes
1013 4689 1204 4743 animae
1245 4692 1529 4750 virtutibus
1574 4700 1929 4772 ambulamus,
1978 4715 2035 4760 et

451 4774 644 4829 diurno
673 4774 913 4845 profectu
934 4780 1269 4847 repromissae
1285 4783 1438 4839 nobis
1467 4792 1621 4841 terra:
1640 4790 1926 4849 viciniores
1953 4795 2033 4849 ef-

491 4914 547 4981 "
588 4904 723 4961 Cod.
769 4904 838 4957 99
883 4906 940 4961 S.
984 4905 1174 4967 Crucis
1218 4912 1274 4967 in
1320 4913 1430 4971 Jer.
1461 4916 1591 4987 legit
1628 4937 1720 4973 cur
1769 4931 2030 4979 tantorum

449 4974 646 5029 iterant
666 4988 898 5035 nantem.

522 5044 545 5081 ιι
745 5042 1060 5125 inquitis,
1089 5060 1144 5125 at
1164 5053 1210 5125 si
1237 5058 1500 5125 quisquam
1530 5074 1686 5111 unum
1707 5060 1858 5115 diem.

519 5125 542 5197 ξ
744 5112 1134 5197 Erycis
1174 5122 1227 5176 in
1248 5112 1558 5197 'Jeriaddit
1610 5112 1925 5197 particulam
1960 5143 2028 5187 et.

518 5181 542 5266 «ξ
570 5182 719 5266 pou;
750 5178 870 5266 vel.
905 5186 1065 5266 1.3g,
1088 5178 2027 5266 iaggoguejtlo’iémpﬁih'ﬁﬁer'él

520 5264 544 5291 ε
564 5249 735 5341 coda.
762 5250 883 5338 νέει.
910 5249 1120 5315 lasset
1139 5258 1209 5313 99
1227 5249 1282 5317 S.
1306 5249 1494 5321 Crucis
1509 5249 2029 5341 ὶὴᾶέέζῖρέῖέῆὶὲὲὶ

445 5343 540 5434 m8!
560 5339 1052 5481 pem?é9€‘dixit
1080 5400 1355 5481 dpostotus
1384 5420 1401 5457 :
1438 5403 1919 5481 Euangelizantium
1944 5428 2034 5481 pa-

444 5464 1067 5536 cem,_evaugetizantium
1096 5464 1248 5525 bona.
1274 5472 1352 5527 Ita
1379 5485 1434 5528 et
1455 5464 1721 5531 cod.Vat.

518 5546 543 5583 ε
875 5538 1095 5625 799
1135 5542 1345 5625 legitur,
1379 5561 1553 5625 eorum
1595 5564 1793 5625 quoque
1830 5550 2025 5625 dierum

445 5604 715 5685 curriculo.
735 5602 871 5685 _Vat.
900 5621 1054 5685 vero,
1063 5602 1249 5685 eodem
1268 5602 1463 5685 quoque
1487 5602 1684 5685 dierum
1705 5602 1923 5674 'circulo.

515 5678 543 5716 ι
564 5674 624 5731 ln
651 5674 841 5731 eodem
870 5679 990 5735 cod.
1026 5678 1111 5746 99,
1132 5681 1235 5737 illic
1255 5674 1543 5749 introeunte
1562 5684 1857 5746 Israelitica
1881 5692 2025 5761 plebe

2136 4259 2395 4326 gehennae
2424 4256 2659 4312 ardentis
2687 4259 2848 4328 116
2869 4266 3057 4325 stagna
3078 4258 3391 4312 transimus.
3431 4257 3447 4295 ι
3479 4258 3590 4313 Illis
3614 4260 3736 4313 soli-

2137 4349 2295 4401 datur
2323 4362 2481 4417 aqua,
2538 4347 2696 4401 nobis
2738 4346 3037 4415 refrigescit
3085 4346 3420 4413 incendium;
3466 4356 3522 4402 et
3545 4357 3733 4403 contra

2138 4448 2344 4492 natura:
2366 4450 2519 4491 usum
2546 4450 2646 4506 per
2670 4445 2858 4491 astam
2906 4436 3141 4492 siccatur
3176 4451 3354 4500 mare,
3390 4452 3490 4504 per
3529 4436 3731 4491 fontem

2138 4531 2385 4600 baptismi
2432 4531 2677 4597 gehenna
2722 4530 2976 4586 mitescit.
3009 4531 3065 4585 In
3099 4530 3222 4595 hoc,
3250 4532 3471 4601 inquam
3501 4532 3730 4604 mystico

2137 4634 2363 4674 numero
2413 4619 2720 4674 tttii.lsrael
2760 4621 3138 4688 pervenientes
3178 4621 3245 4675 ad
3282 4624 3578 4694 myrrham,
3608 4638 3729 4677 cum

2138 4724 2249 4778 prae
2269 4709 2625 4762 amaritudine
2652 4724 2841 4777 aquam
2865 4711 3082 4767 haurire
3107 4728 3215 4768 non
3238 4722 3459 4783 possent
3475 4714 3730 4785 (habebat

2140 4800 2284 4854 enim
2314 4798 2435 4857 fons
2461 4816 2677 4871 aquam,
2707 4801 2802 4857 sed
2820 4802 3156 4858 dulcedinem
3179 4820 3287 4859 non
3314 4805 3582 4870 habebat;
3612 4813 3730 4859 erat

2136 4930 2191 5007 in
2246 4946 2407 5001 aquas
2454 4931 2704 5001 ﬂuminis,
2760 4931 2901 4987 unda
2954 4933 3283 5007 subterfugit,
3338 4950 3476 4988 nunc
3515 4934 3700 4990 ducet:

2136 4998 2304 5061 dente,
2336 4998 2463 5056 etc.'
3132 4998 3143 5007 ’
3189 4998 3212 5007 ⁷
3270 4998 3279 5001 ’

2213 5070 2227 5105 ¹
2255 5068 2389 5124 Cod.
2414 5071 2561 5135 Vat.,
2585 5074 2913 5128 conuertitur.
3620 5123 3625 5131 .

2433 5138 2581 5206 Yat.,
2633 5142 2699 5195 de
2737 5158 2837 5214 quo
2882 5160 3118 5215 egressus
3164 5144 3366 5213 fuerat,
3413 5146 3557 5197 unda
3604 5162 3691 5214 per

2134 5218 2400 5334 quinam.
2434 5280 2473 5334 S
2522 5278 2711 5338 Crucis
2758 5283 2809 5336 in
2845 5282 3075 5337 Jerusal.
3123 5282 3318 5348 legitur
3348 5284 3423 5335 ita
3460 5290 3516 5332 ut
3554 5298 3722 5335 servos

2057 5335 2110 5394 Ι)
2133 5347 2230 5403 Dei
2252 5351 2358 5403 illic
2378 5368 2513 5421 aqua
2542 5335 2745 5407 ownosa
2763 5335 3151 5423 non—madidft.
3176 5335 3265 5405 “hic
3287 5351 3513 5423 [amulos
3533 5350 3723 5423 Christi

2136 5420 2447 5503 conscientia
2473 5433 2674 5476 terrena
2702 5440 2804 5477 non
2833 5424 3051 5494 polluat.
3082 5421 3156 5475 Id.
3189 5420 3351 5477 etiam
3385 5422 3437 5474 in
3457 5420 3581 5475 cod.
3601 5421 3720 5475 Vat.

2138 5487 2474 5633 niﬁiﬁodem
2499 5561 2549 5615 in
2574 5562 2692 5633 cod.
2724 5560 2809 5633 99,
2844 5563 2971 5616 Illos
2993 5567 3045 5617 in
3072 5560 3485 5633 ﬂuct7bus__unda
3518 5570 3721 5633 susten-

2133 5636 2225 5691 tat,
2268 5646 2368 5701 nos
2397 5631 2449 5682 in
2480 5632 2683 5701 ignibus
2718 5632 2933 5701 ﬂamma
2981 5630 3085 5689 non
3124 5635 3255 5687 urit'
3287 5630 3395 5686 illis
3445 5631 3719 5697 solidatur,

2131 5705 2234 5753 etc.
2267 5698 2344 5752 Ita
2368 5698 2528 5755 etiam
2558 5702 2678 5757 Vat.
2708 5698 2862 5759 1268.
