3924 6232
537 386 643 443 319

1731 386 1789 437 s.
1827 362 2069 434 maxim
2107 377 2555 434 ranmusssrs

3684 374 3809 433 Si)

538 500 787 572 phorum...
811 496 961 554 Prius
985 502 1171 551 autem.
1185 508 1346 565 quam
1376 493 1629 551 tollantur
1646 493 1856 562 palmze,
1880 493 1981 544 iter
2004 490 2112 543 Do—
2140 496 2188 554 Α
2219 489 2364 542 velut
2393 498 2416 525 ε
2445 487 2618 543 fontes
2648 483 2913 556 purissimi
2955 488 3122 555 gratia
3153 484 3547 559 prmdicationis
3592 485 3787 540 cxube

538 586 673 639 mini
690 600 859 654 usque
883 584 959 640 ad
990 584 1248 654 templum
1288 581 1667 651 discipulorum
1693 579 1933 633 vestibus
1977 591 2111 647 ope-

538 676 691 737 ritur,
719 681 772 729 et
793 683 854 729 ut
872 674 1149 743 impolluta
1176 673 1244 728 sit
1267 673 1457 726 semita
1486 670 1799 735 Saluatoris,
1843 670 2115 737 apostolo-

539 780 657 817 rum
686 764 964 818 amictibus
990 762 1368 819 commnnitur.
1409 760 1559 826 Quod
1585 760 1800 829 quidem
1841 760 1893 812 in
1922 765 2116 827 myste-

528 854 679 907 rium
719 856 919 908 factum
954 860 1100 923 puta.
1134 851 1229 906 Via
1258 852 1401 905 enim
1436 849 1654 913 Christi,
1697 863 1816 916 quze
1857 848 2000 901 ducit
2047 846 2115 900 ad

542 942 822 1010 templum,
860 940 989 995 fides
1017 942 1133 1009 ejus
1168 950 1250 994 est
1276 948 1438 1007 atque
1476 938 1737 993 doctrina.
1784 935 1930 989 Hanc
1956 934 2116 1001 igitur

540 1034 680 1087 viam
716 1033 992 1107 discipuli,
1039 1039 1099 1085 ut
1146 1047 1243 1085 nos
1292 1032 1407 1084 sine
1454 1028 1749 1083 offensione
1789 1026 2113 1094 gradiamur,

544 1122 770 1178 amictus
799 1122 1005 1194 proprii
1032 1121 1275 1190 corporis
1294 1126 1575 1181 exnentes,
1603 1132 1700 1171 suo
1728 1123 1967 1168 stravere
1983 1128 2118 1166 mar-

541 1211 714 1281 tyrio,
756 1218 814 1265 ut
858 1210 998 1267 inter
1036 1210 1369 1263 diversarum
1410 1206 1649 1274 gentium
1696 1202 1875 1257 turbas
1899 1201 2117 1269 jnstitize

540 1299 785 1355 semitam
809 1298 1169 1352 membrorum
1198 1311 1416 1350 suorum
1446 1294 1763 1348 vestimenta
1793 1289 1951 1361 125
1996 1289 2118 1343 sub.

541 1395 801 1450 sternant,
833 1395 890 1443 et
917 1401 1189 1443 caenosam
1219 1395 1243 1422 ι
1294 1383 1711 1454 myrrhaginem,
1752 1379 1938 1434 mundi
1985 1393 2118 1447 ope-

544 1478 704 1541 riant,
728 1485 785 1534 et
822 1477 1154 1546 intpollutam
1181 1477 1319 1529 viam
1366 1473 1662 1529 Salvatoris
1698 1470 2001 1527 ostendant.
2037 1469 2117 1524 Ad

541 1565 829 1624 duodecim
848 1580 977 1635 ergo
1002 1564 1176 1619 fontes
1206 1574 1331 1634 post
1357 1563 1383 1603 ι»
1414 1563 1685 1633 myrrham
1712 1561 1861 1616 venit
1886 1559 2120 1630 populus

543 1654 726 1710 Israel.
759 1653 1007 1722 Legimus
1034 1654 1085 1707 in
1117 1655 1373 1723 propheta
1409 1671 1421 1705 :
1464 1651 1757 1706 Benedicite
1804 1650 2027 1705 Domino
2055 1650 2119 1703 de

544 1742 770 1815 fontibus
798 1741 963 1795 Israel
992 1742 1181 1813 (Psal.
1209 1758 1347 1795 van
1370 1742 1411 1812 ).
1444 1741 1701 1795 Dominus
1739 1738 1984 1793 Christus
2012 1746 2116 1803 est,

2214 586 2359 645 rant,
2388 586 2443 633 et
2489 585 2609 646 post
2648 579 3059 633 amaritudinem
3098 580 3229 647 legis
3270 592 3526 632 venarum
3571 590 3807 630 suarum

2214 679 2361 736 larga
2386 669 2647 737 sapientia
2686 670 3008 723 sacramenti
3058 670 3249 739 pocula
3289 668 3625 723 dulcedinem
3674 667 3810 719 stil-

2213 760 2346 812 lant.
2395 758 2504 814 Nec
2548 760 2764 824 mirum,
2807 760 2851 815 si
2895 767 3056 828 potus
3101 759 3268 816 dulcis
3316 768 3398 814 est
3447 758 3704 823 fontium,
3754 765 3808 813 in

2212 862 2439 916 quorum
2484 848 2606 901 sinu
2644 847 2796 901 cibus
2843 846 3054 901 dulcior
3082 856 3165 902 est
3206 848 3523 917 palmarum.
3549 849 3812 917 Apostoli

2214 949 2343 1004 ergo
2371 943 2495 990 sunt
2523 936 2726 1002 fontes,
2755 937 2847 1005 qni
2880 938 3045 991 totius
3093 946 3248 992 terra:
3293 937 3485 992 faciem
3529 937 3806 991 doctrinm

2214 1040 2324 1080 suae
2352 1024 2569 1079 ﬂumine
2596 1026 2934 1093 rigaverunt,
2965 1034 3020 1081 et
3047 1027 3278 1095 fatigatis
3304 1027 3543 1094 gentium
3584 1025 3815 1096 populis

2212 1127 2400 1187 potum
2428 1116 2592 1172 divini
2619 1117 2857 1187 mysterii
2896 1116 3262 1186 propinarnnt.
3303 1116 3659 1186 Septuaginta
3695 1131 3805 1169 au-

2216 1213 2325 1260 tem
2370 1206 2574 1275 palmas
2604 1205 2756 1275 juxta
2804 1206 2978 1261 fontes
3022 1205 3345 1274 apostolicos
3373 1213 3686 1275 generatas,
3716 1220 3812 1258 se-

2219 1295 2493 1365 ptuaginta
2540 1294 2659 1349 illos
2704 1293 2970 1364 dicipulos
3015 1294 3263 1361 dixerim,
3308 1294 3401 1361 qui
3449 1293 3696 1349 secundo
3741 1294 3813 1347 ab

2216 1384 2474 1451 apostolis
2492 1382 2659 1450 gradu
2693 1391 2915 1452 propter
2937 1384 3162 1438 salutem
3204 1382 3482 1436 hominum
3510 1398 3538 1434 a
3568 1381 3815 1435 Domino

2216 1473 2517 1541 diriguntur
2550 1490 2562 1525 :
2596 1488 2733 1542 quos
2763 1471 2933 1530 Lucas
2956 1470 3297 1541 Evangelista
3323 1471 3473 1543 (Cap.
3501 1475 3557 1540 x)
3590 1471 3814 1525 descri-

2216 1563 2351 1618 bens
2370 1563 2523 1617 binos
2544 1571 2598 1617 et
2624 1562 2781 1618 binos
2810 1563 3002 1617 asserit
3025 1561 3344 1618 destinatos.
3375 1563 3635 1628 Qui-\ere
3660 1563 3815 1616 velut

2219 1650 2408 1720 palma:
2444 1658 2565 1719 post
2609 1666 2763 1706 curas
2812 1650 3089 1706 hominum
3133 1666 3254 1706 cum
3302 1651 3671 1706 exsultatione
3723 1667 3818 1704 re-

2217 1740 2444 1795 deuntes
2466 1740 2761 1808 gloriantur
2789 1741 2929 1811 apud
2950 1739 3255 1803 Dominum,
3285 1741 3387 1795 sibi
3408 1741 3569 1795 etiam
3597 1740 3814 1793 diurno-

542 1831 633 1901 qui
662 1831 873 1887 nonnisi
900 1847 996 1901 per
1032 1832 1396 1900 apostolorum
1422 1847 1519 1885 ora
1555 1831 1797 1894 discitur,
1822 1828 2116 1897 discipulo-
2147 1837 2196 1896 B
2222 1830 2308 1883 nia
2330 1845 2449 1883 esse
2468 1830 2729 1898 subjecta.
2763 1828 2927 1884 Recte
2957 1830 3116 1897 igitur
3151 1837 3540 1899 comparantur
3587 1829 3813 1898 palmis,

544 1935 769 1996 rumque
788 1919 1102 1979 doctrinam.
1128 1920 1369 1991 Apostoli
1397 1919 1605 1975 dicendi
1633 1925 1758 1974 sunt
1785 1916 2119 1987 fontes,qnia

2224 1918 2315 1985 qui
2344 1918 2639 1987 palmarum
2668 1920 2885 1989 praemio
2904 1916 3102 1974 diaboli
3123 1920 3379 1975 exstitere
3407 1918 3665 1975 victores.

1882 2027 2225 2087 HOMILIA
2264 2026 2463 2088 XLII.

1764 2121 1897 2176 Item
1925 2123 1988 2176 de
2019 2125 2427 2195 Quadragesima
2465 2123 2562 2179 VI.

813 2286 887 2369 A_d
916 2284 1449 2369 homiliarumnsancti
1478 2282 1693 2369 Maximi
1722 2282 1862 2369 typis
1884 2214 2121 2369 suum?

2223 2215 2382 2269 ilTlO.

2223 2287 2374 2365 arieti:
2401 2293 2664 2369 revertor.
2698 2284 2822 2369 Haec
2849 2286 2904 2369 in
2930 2284 3202 2369 codicibus
3229 2286 3547 2369 sexnl‘egitur
3568 2300 3709 2369 cum
3726 2286 3803 2341 in-

542 2350 1197 2425 scr'r'pTinnehnjusmodi:
1232 2350 1931 2425 Semiusanoti_Ma:iimi_de
1961 2350 2410 2425 Quajragesima;
2450 2356 2499 2409 in
2518 2355 2736 2425 (duobus
2763 2354 3067 2425 Vaticanis,
3093 2356 3146 2409 id
3175 2363 3258 2410 est
3288 2350 3456 2418 1368',
3487 2369 3613 2425 pag.
3648 2355 3748 2417 81,
3783 2371 3813 2411 a

547 2419 717 2493 tergo,
743 2432 799 2478 et
819 2419 1211 2493 Palatinoiws,
1238 2422 1503 2493 pag.__'59ti,
1534 2421 1585 2474 in
1615 2419 1975 2493 Daurentiapo
1997 2436 2034 2484 ι,
2057 2419 2196 2493 Plut:
2226 2439 2332 2487 xrv,
2348 2437 2475 2493 pag.
2506 2424 2624 2493 110,
2648 2440 2677 2478 a
2705 2434 2875 2492 tergo,
2900 2425 2953 2477 in
2978 2423 3289 2493 Taurinensi
3318 2419 3598 2493 sermfIG,
3625 2426 3682 2478 in
3710 2426 3816 2477 Au-

550 2487 713 2550 riensi
745 2508 862 2555 ιη,
892 2500 951 2552 et
984 2493 1036 2545 in
1067 2487 1409 2547 Lucerum-85.
1439 2488 1796 2556 Quamobrem
1826 2504 1856 2541 a
1882 2487 2121 2559 Gymnicc

550 2576 669 2617 Dan.
700 2560 831 2617 528.
852 2577 883 2614 a
909 2560 1131 2616 Cumdio
1160 2570 1291 2615 tom.
1323 2560 1384 2617 ll.
1414 2572 1535 2617 pag.
1568 2558 1688 2617 157,
1712 2572 1742 2610 a
1769 2557 2063 2617 Baynaudo
2092 2574 2121 2617 β

2227 2492 2814 2617 ἒῗὶδῗὲᾟῗθξαῗὲξιξὲιῗη
3106 2491 3538 2617 ﬂeet???
3564 2503 3701 2617 1:22

545 2576 669 2645 pag.
700 2560 889 2642 528,_a_
909 2560 1131 2616 Cumdio
1160 2570 1291 2642 tom:
1323 2560 1384 2623 ll,
1414 2572 1535 2629 pag.
1568 2558 1688 2623 157,
1712 2558 2063 2637 aliaynaudo
2092 2574 2121 2627 p

546 2640 685 2685 inter
711 2630 959 2683 bomtli'as
979 2629 1038 2685 S.
1071 2629 1284 2684 Maxnm
1313 2638 1641 2697 numeratur,
1673 2625 1847 2692 de?
1874 2626 2062 2681 Nonne
2091 2642 2121 2681 e

2237 2559 2357 2626 206,
2375 2576 2406 2613 a
2434 2560 2732 2629 Margarino
2762 2562 2814 2616 in
2834 2558 3095 2617 Biblioth.
3127 2562 3266 2617 Max.
3292 2570 3427 2618 tom.
3452 2560 3538 2622 Vl,
3564 2576 3695 2630 pag.
3730 2558 3813 2625 15,

2223 2644 2302 2696 )sa
2344 2629 2611 2685 scribendi
2639 2631 2879 2697 ratione,
2910 2638 3153 2686 sanctum
3182 2631 3471 2685 Maximum
3516 2630 3668 2687 illius
3696 2645 3815 2687 esse

544 2707 823 2754 auctorem
845 2700 974 2753 satis
998 2700 1277 2768 explorate
1301 2696 1632 2768 percipitur?

543 2786 931 2843 Auamma».
956 2817 1028 2828 -—
1057 2784 1328 2839 lnducilur
1355 2782 1589 2837 diabolus
1632 2786 1740 2835 suis
1774 2781 1929 2836 malis
1966 2782 2121 2845 dolis,

612 2872 682 2932 an
698 2854 928 2932 Christus
943 2871 1059 2932 vere
1081 2856 1150 2932 sit
1178 2853 1337 2915 Deus,
1364 2848 1885 2932 explorans:_ghristi
1907 2867 2002 2919 ope
2022 2851 2121 2932 ad-

610 2924 713 2999 juti
734 2924 935 2981 vincere
955 2923 1212 2976 diabolum
1233 2920 1521 2991 possumus.
1550 2924 1592 2972 Α
1614 2921 1749 2973 vitiis
1777 2920 2123 2990 jejunandum

610 2999 705 3056 est,
728 3000 785 3045 ut
806 2998 901 3045 rite
929 2990 1353 3063 Quadragesimw
1380 2991 1488 3045 dies
1508 2989 1837 3044 celebremus.

2227 2784 2379 2855 xvn),
2409 2786 2609 2855 poterit
2626 2802 2769 2842 nunc
2795 2789 2848 2841 in
2874 2802 3071 2857 panem
3102 2787 3309 2858 lapides
3341 2798 3365 2826 ο
3396 2787 3810 2851 tmnsformare,

2225 2875 2328 2929 etsi
2357 2890 2466 2929 non
2494 2890 2613 2931 mea
2652 2878 2933 2946 petitione,
2963 2892 3061 2933 sua
3098 2887 3277 2934 tamen
3324 2878 3679 2945 necessitate,
3720 2880 3809 2948 qui

2231 2962 2251 3001 τ
2276 2966 2463 3020 esurit.
2487 2964 2639 3031 Quod
2668 2966 2713 3020 si
2734 2965 2951 3030 fecerit;
2975 2967 3145 3021 Deum
3173 2967 3414 3037 probabo
3439 2983 3453 3021 :
3476 2967 3524 3022 si
3553 2968 3813 3036 nequive~

2225 3052 2323 3115 rit;
2353 3053 2629 3109 hominem
2649 3054 3069 3125 deprehendam.
3100 3058 3256 3127 126
3276 3054 3649 3126 Esspectabat
3687 3069 3812 3124 ergo

611 3150 905 3207 Conttictus
932 3149 1021 3204 ille
1067 3148 1346 3213 mirabilis,
1368 3162 1527 3216 quem
1556 3147 1702 3201 inter
1730 3145 1851 3201 caeli
1896 3142 2120 3212 Regem,
2150 3187 2193 3216 η
2224 3141 2469 3198 diabolus
2496 3158 2710 3212 panem,
2737 3159 2898 3213 quem
2927 3160 3036 3199 non
3065 3152 3175 3199 tam
3203 3145 3304 3201 sibi
3342 3145 3630 3213 acquirere
3656 3160 3814 3215 quam

542 3252 600 3298 et
646 3242 803 3311 regni
841 3240 1075 3296 scelestis
1102 3246 1387 3309 tyrannum
1426 3236 1609 3299 fuisse,
1654 3236 1895 3290 caritatis
1930 3240 2122 3289 vestrae
2153 3235 2194 3251 “
2228 3235 2429 3290 mundo
2468 3236 2764 3291 conabatur
2790 3235 3019 3291 auferre.
3050 3235 3158 3291 Sed
3189 3251 3368 3291 rerum
3410 3236 3699 3301 Dominus,
3724 3235 3812 3304 qui

544 3333 767 3387 auribus
789 3330 963 3385 sancti
991 3328 1265 3397 Evangelii
1294 3326 1476 3391 lectio,
1504 3341 1645 3382 nunc
1670 3324 1894 3380 decursa
1929 3329 2125 3377 testata
2228 3331 2283 3378 et
2312 3338 2502 3391 panem
2526 3323 2593 3379 de
2622 3324 2797 3393 lapide
2823 3332 3007 3394 posset
3027 3324 3241 3381 efficere
3259 3365 3274 3389 ,
3304 3333 3361 3380 et
3380 3325 3691 3394 exploranti
3719 3327 3809 3379 hu-

542 3430 645 3485 est,
675 3421 958 3477 dominia:
990 3418 1145 3473 nobis
1165 3416 1553 3472 incarnationis
1581 3414 1907 3484 triumphale
1933 3421 2127 3483 myste-
2227 3427 2397 3466 manu:
2423 3413 2589 3468 nollet
2611 3414 2796 3468 salutis
2822 3414 3119 3469 clarescere
3134 3416 3651 3479 sacramentum,sic
3663 3429 3812 3469 suum

542 3513 685 3565 tium
723 3516 902 3564 sonat.
943 3505 1294 3576 Omnipotens
1340 3505 1484 3559 enim
1528 3503 1785 3557 Dominus
1842 3500 2126 3557 ineffabilia
2227 3501 2535 3557 moderatus
2562 3511 2647 3557 est
2672 3510 2862 3558 sancto
2889 3504 2943 3558 in
2972 3519 3067 3559 ore
3094 3519 3431 3574 responsum,
3458 3514 3520 3560 ut
3546 3521 3654 3561 nec
3680 3506 3811 3576 ipse,

542 3598 760 3669 pietatis
808 3596 1007 3652 iniectu
1052 3595 1423 3665 captivitatem
1476 3593 1761 3649 miseratus
1813 3591 2123 3656 humanam,
2226 3592 2318 3661 qui
2346 3594 2544 3648 veritas
2572 3600 2706 3661 erat,
2734 3594 3072 3649 mendacium
3102 3594 3431 3665 loqueretur,
3458 3610 3565 3652 nec
3592 3597 3703 3662 ille,
3726 3594 3811 3664 qui

542 3686 807 3755 sinmlqne
832 3684 1020 3739 volens
1059 3681 1379 3737 diabolicam
1406 3686 1730 3750 potestatem
1757 3693 1857 3733 suo
1882 3676 1909 3714 ἀ
1942 3690 2125 3732 remo-
2226 3680 2297 3735 ab
2324 3681 2480 3737 initio
2507 3682 2739 3738 mendax
2758 3690 2862 3748 est,
2885 3698 3045 3754 quam
3067 3698 3176 3739 non
3205 3692 3322 3739 erat
3340 3684 3672 3751 crediturus,
3699 3700 3810 3755 pos-

545 3791 670 3831 vere
690 3774 759 3831 de
786 3772 1006 3840 mutaris,
1039 3772 1185 3827 misit
1212 3771 1550 3839 unigenitum
1589 3768 1785 3824 Filium
1811 3783 1989 3833 suum,
2020 3783 2129 3823 non
2227 3771 2297 3827 sit
2324 3786 2619 3841 agnoscere
2638 3773 2941 3829 veritatem.
2959 3774 3049 3828 Ait
3067 3786 3196 3842 ergo
3221 3774 3482 3830 Dominus
3511 3793 3526 3829 :
3554 3775 3813 3844 Scriptum

544 3868 825 3925 divinitate
864 3865 1186 3933 degenerem
1205 3902 1221 3927 ,
1246 3876 1357 3915 non
1391 3861 1590 3919 virtute
1635 3859 1943 3915 dissimilem
1960 3898 1976 3925 ,
2018 3873 2126 3913 non
2228 3870 2305 3915 est
2333 3878 2351 3915 :
2382 3861 2507 3917 Non
2534 3864 2588 3917 in
2611 3880 2746 3931 pane
2768 3873 2969 3918 tantum
2990 3865 3110 3918 vivit
3129 3864 3407 3932 homo,sed
3425 3865 3482 3918 in
3501 3866 3649 3919 omni
3667 3864 3811 3918 ratio

548 3949 1168 4015 voluntatediscordem,
1191 3949 1282 4018 qui
1303 3954 1543 4003 nostram
1569 3946 1863 4016 suscipiens
1888 3960 2125 4010 carnem,

545 4050 729 4113 spreta
752 4041 926 4100 veteri
953 4039 1265 4101 conditione
1310 4036 1584 4102 nascendi,
1613 4036 1681 4091 de
1728 4036 1925 4092 femina
1953 4035 2129 4091 incor-

546 4134 690 4204 rupti
737 4131 982 4202 corporis
1031 4146 1175 4189 nova
1221 4130 1341 4197 lege
1381 4142 1550 4185 novus
1596 4126 1762 4190 Filius
1795 4132 2125 4189 nasceretur,

546 4230 812 4291 quatenus
838 4219 1085 4275 diabolus
1112 4218 1402 4273 salutarem
1426 4217 1573 4271 hunc
1598 4216 1873 4271 hominem
1912 4215 1965 4269 in
1994 4229 2128 4270 con-

547 4313 771 4369 sortium
798 4312 1015 4367 deitatis
1060 4310 1319 4365 adscitum
1338 4347 1354 4375 ,
1384 4308 1487 4364 etsi
1522 4314 1735 4363 tentare
1762 4311 2127 4381 praesumeret,

548 4415 805 4470 stateram
826 4416 936 4455 non
964 4408 1169 4469 posset.
1200 4399 1388 4467 itaque
1433 4413 1556 4453 cum
1579 4395 1788 4453 videret
1816 4396 1900 4451 leo
1926 4395 2019 4459 ille
2046 4394 2129 4449 fe-

2229 3953 2328 4009 Dei
2358 3954 2533 4026 (Deut.
2564 3956 2703 4026 vm).
2735 3956 2958 4025 Accepit
2986 3963 3225 4012 tentator
3242 3971 3312 4013 ex
3330 3956 3451 4026 lege
3474 3971 3809 4026 responsum,

2229 4046 2315 4101 cui
2341 4046 2609 4101 contraire
2636 4061 2748 4100 non
2776 4046 2947 4116 possit
2973 4063 2987 4099 :
3032 4061 3139 4101 non
3168 4047 3377 4116 accepit
3402 4061 3627 4116 panem,
3655 4060 3808 4114 quem

2232 4150 2339 4190 non
2362 4135 2718 4190 manducandi
2743 4136 3152 4200 consuetudine,
3184 4136 3279 4192 sed
3301 4136 3612 4206 decipiendi
3633 4134 3808 4189 fraude

2230 4226 2507 4295 poscebat.
2527 4224 2587 4280 In
2605 4240 2713 4294 quo
2740 4226 2885 4282 enim
2912 4225 3078 4281 Filius
3103 4226 3199 4282 Dei
3225 4241 3417 4296 panem
3446 4226 3806 4282 necessarium

2230 4316 2457 4374 haberet
2495 4316 2786 4371 humanum
2806 4355 2822 4381 ,
2863 4317 2949 4372 cui
2981 4317 3157 4371 omnis
3188 4324 3306 4371 erat
3351 4316 3571 4386 propria
3602 4316 3655 4369 in
3684 4312 3806 4368 divi-

2230 4406 2401 4459 nitate
2428 4404 2773 4459 substantia?
2811 4405 2898 4461 vel
2937 4419 3041 4475 qua
3073 4405 3311 4471 ratione,
3342 4405 3703 4473 qualicunque
3743 4402 3805 4456 de

550 4492 675 4546 ralis
702 4504 895 4559 agnum
924 4490 1021 4546 Dei
1057 4497 1182 4561 post
1208 4488 1596 4558 longissimum,
1628 4495 1792 4556 atque
1816 4487 2128 4543 continuum
2158 4541 2207 4563 n
2232 4493 2407 4563 lapide
2434 4493 2676 4549 Christus
2704 4501 2974 4549 terrenum
3019 4492 3221 4549 faceret
3254 4508 3446 4563 panem
3487 4492 3685 4561 (Joan.
3713 4490 3801 4555 vi).

545 4571 895 4650 quadraginta
924 4579 1129 4634 dierum
1158 4593 1223 4633 ac
1247 4579 1486 4635 noctium
1509 4578 1774 4648 jejunium
1809 4578 2046 4644 esurire,
2077 4586 2134 4633 et

2158 4541 2209 4600 D

2232 4598 2353 4638 cum
2385 4584 2519 4653 ipse,
2540 4583 2677 4638 sicut
2700 4582 2893 4651 legitur
2913 4582 3127 4655 (Matth.
3142 4586 3274 4653 ut),
3296 4583 3558 4655 spiritalis
3580 4593 3637 4639 et
3664 4582 3804 4652 panis

549 4669 871 4725 esurientem
882 4668 1049 4724 Deum
1064 4682 1184 4723 esse
1203 4683 1313 4724 non
1329 4668 1589 4733 crederet,
1610 4675 1725 4722 arte
1740 4667 1888 4722 illum
1900 4668 2134 4723 callidis-
2232 4684 2396 4741 esset,
2426 4684 2482 4731 et
2505 4676 2676 4745 lapis?
2722 4674 2913 4731 tunsus
2958 4675 3162 4745 itaque,
3212 4676 3504 4745 irrisusque
3556 4681 3804 4734 tentatur,

550 4765 698 4818 sima:
718 4762 1032 4827 tentationis
1068 4760 1393 4830 aggreditur,
1416 4760 1600 4815 dicens
1623 4777 1637 4813 :
1668 4758 1731 4814 Si
1750 4758 1922 4814 Filius
1937 4758 2035 4814 Dei
2055 4776 2130 4826 es,

552 4852 635 4911 dic
659 4859 715 4904 ut
740 4850 942 4920 lapides
964 4851 1053 4905 isti
1080 4865 1241 4921 partes
1264 4850 1400 4920 ﬁant
1430 4848 1653 4922 (Matth.
1687 4848 1783 4916 ιν).
1824 4848 2130 4919 Cogitabat,

554 4951 612 4998 ut
636 4943 865 5009 restituo.
898 4942 1038 5012 apud
1064 4957 1123 4998 se
1165 4942 1303 4995 tanti
1331 4941 1439 4997 doli
1468 4942 1679 5008 artifex,
1710 4949 1767 4997 et
1795 4941 2009 4997 dicebat
2033 4960 2045 4995 :
2074 4940 2131 4996 Si

554 5034 640 5089 hic
661 5034 775 5102 ipse
794 5040 898 5098 est,
920 5032 1072 5102 etrjns
1101 5039 1371 5102 praecepto
1400 5032 1756 5087 esurientibus
1795 5047 1891 5103 per
1915 5032 2128 5087 deserta

555 5122 769 5194 populis
788 5137 985 5185 manna
1012 5120 1168 5177 ﬂuxit
1194 5138 1227 5178 e
1253 5122 1391 5179 cmlo
1417 5122 1612 5195 (Exod.
1643 5122 1783 5194 xvr);
1813 5123 1857 5178 si
1886 5124 1999 5193 ipse
2019 5129 2121 5188 est,

555 5230 715 5284 quem
733 5214 860 5270 novi
897 5228 997 5284 ego
1017 5212 1238 5272 ﬂumina
1262 5215 1579 5285 produxisse
1622 5215 1691 5271 de
1731 5224 1883 5286 petra
1914 5214 2118 5287 (Exod.

623 5364 651 5426 9
674 5354 767 5426 At.
786 5358 1098 5426 voraginem:

624 5424 652 5464 δ
680 5425 813 5481 Cod.
843 5424 967 5479 Vat.
996 5424 1155 5491 6450,
1186 5440 1376 5479 merra.

627 5506 651 5536 ο
676 5494 811 5551 Cod.
841 5492 927 5561 99,
955 5511 1132 5556 cautos
1158 5496 1326 5565 fontes
1348 5494 1628 5563 purissimi.

626 5610 645 5646 ⁸
671 5611 747 5666 De
771 5608 1122 5665 translatione
1148 5608 1345 5663 Christi
1372 5620 1532 5675 supra
1554 5603 1891 5675 pinnacnlum
1913 5602 2116 5671 templi,

554 5697 716 5750 quam
760 5678 1101 5750 evangelista:
1138 5674 1470 5750 memorant,
1502 5674 1625 5730 silet
1671 5674 1951 5750 Maximus,
2000 5688 2121 5750 eam

553 5741 879 5821 supponens,
901 5741 966 5804 ct
988 5748 1181 5814 solum,
1221 5756 1281 5802 ut
1307 5745 1407 5802 sibi
1434 5744 1709 5816 proposuit
1736 5741 1980 5798 callidam
2008 5741 2089 5795 da:
2106 5771 2119 5783 ς

2232 4767 2390 4821 aliam
2411 4766 2710 4822 machinam
2739 4765 3053 4822 tentationis
3071 4765 3392 4834 aggreditur.
3422 4764 3561 4819 Nam
3580 4780 3699 4821 cum
3725 4777 3802 4816 se-

2228 4864 2381 4911 creto
2407 4870 2505 4910 suo
2535 4868 2840 4923 arcanoque
2866 4854 3091 4910 consilio
3120 4856 3136 4886 ι
3170 4861 3338 4909 staret
3364 4852 3628 4908 Dominus
3652 4864 3799 4920 supra

2228 4945 2449 5015 pinnam
2492 4945 2702 5014 templi,
2732 4944 2810 4999 ait
2833 4943 2924 5013 (illi
2952 4943 3196 4999 diabolus
3228 4961 3241 4997 :
3285 4942 3346 4998 Si
3392 4942 3566 4998 Filius
3593 4943 3690 4996 Dei
3729 4956 3795 5001 es.

2233 5036 2377 5090 mitte
2403 5046 2453 5089 te
2477 5030 2794 5088 deorsum.0
2812 5047 2975 5104 quam
3002 5033 3165 5087 stulta
3186 5032 3301 5087 hac
3326 5032 3529 5097 suasio,
3560 5031 3795 5086 nimium-

2230 5138 2337 5195 que
2359 5139 2635 5195 perversa,
2656 5131 2715 5179 ut
2738 5122 2876 5179 Filio
2904 5122 3001 5178 Dei
3029 5121 3233 5178 diceret
3263 5140 3276 5175 :
3304 5120 3457 5176 Hine
3478 5131 3529 5176 te
3555 5120 3791 5176 deorum.

2230 5213 2478 5286 Nunquid
2498 5230 2609 5273 non
2626 5214 2829 5271 rectius
2838 5213 3091 5270 dixisset:
3110 5212 3169 5269 Si
3184 5212 3348 5268 Filius
3363 5211 3461 5268 Dei
3482 5228 3564 5278 es,
3583 5207 3791 5267 ascende

2299 5352 2325 5389 α
2354 5350 2489 5407 Cod.
2514 5349 2790 5414 Laurent.,
2817 5366 2909 5405 sua
2922 5351 3040 5421 jam
3057 5365 3333 5415 removere,
3364 5357 3473 5403 etc.

2303 5429 2327 5489 ξ
2352 5420 2579 5489 Ibidem,
2600 5420 2972 5475 transmutata.

2307 5487 2326 5528 ¹
2349 5487 2572 5555 Ibidem,
2602 5491 2689 5560 qui
2711 5490 2908 5545 esuriit.

2227 5602 2740 5743 ἷῗὲιιὲῧιρρῦἰιὲἓὲἕηι
2768 5602 3367 5728 ῗιῖῃροὲἶῶεέιίιέυωᾳυε
3388 5600 3567 5655 divina
3590 5596 3785 5668 sapien-

2436 5690 2480 5729 IS
2508 5689 2523 5727 ι
2679 5689 2777 5729 ons
3172 5708 3184 5723 .

2436 5689 2523 5729 ISII
2552 5689 2869 5729 I‘CSDOIISIIID
2897 5689 3184 5728 couauuat.
