3924 6232
115 369 188 425 52:
1475 352 1757 408 HOHILIA
1798 352 1974 408 xuu.
3239 354 3346 412 δη

119 497 137 518 ι
161 483 202 533 in
226 477 438 534 calum?
468 470 630 540 Quod
660 468 842 538 utique
873 469 915 523 si
943 466 1144 523 faceret
1174 466 1449 524 Dominus,
1477 466 1502 500 δ
1533 479 1660 517 vere
1689 470 1738 525 Α
1765 464 1876 531 bat,
1900 467 2151 534 probaret
2177 467 2366 519 merito
2397 467 2463 519 ab
2488 466 2737 520 omnibus
2757 465 3103 522 adorandum.
3126 465 3195 521 Et
3214 467 3343 537 quid

118 568 233 621 illum
274 564 361 618 Dci
398 577 524 616 esse
580 558 774 613 Filium
827 557 1218 626 comprobaret.
1262 554 1367 609 Sed
1417 553 1662 606 inimicus
1765 556 1956 624 plura,
2009 556 2304 610 carissimi?
2353 555 2484 608 Dum
2532 556 2758 610 nefanda
2806 565 3043 612 tentator
3084 558 3340 626 loquitur,

118 657 232 722 celi,
275 669 337 708 ne
379 650 646 706 tentando
701 647 919 719 quidem
967 662 1245 702 ascensum
1275 645 1390 699 vult
1437 644 1665 698 suadere
1765 647 1999 714 dumque
2028 647 2338 701 inconcessa
2370 648 2656 715 prasumit,
2681 649 2833 714 quasi
2848 649 2914 702 ab
2929 649 3146 703 homine
3174 651 3342 706 victus

117 749 351 803 calestem
384 765 395 798 :
419 746 694 804 deorsum,
727 750 783 795 et
811 742 864 795 in
900 742 1004 794 ima
1025 745 1285 808 provocat
1318 754 1330 789 :
1363 737 1488 806 quia
1514 742 1667 804 optat
1768 735 2055 800 obmutuit,
2081 743 2137 789 et
2156 734 2310 803 quasi
2339 750 2369 787 a
2392 734 2502 789 Dco
2523 735 2703 803 jussus
2725 736 3001 792 abscessit.
3027 737 3094 791 Et
3123 753 3343 795 necesse

116 853 274 891 omnes
299 835 510 899 cadere,
540 831 635 900 qui
662 845 722 886 se
758 831 929 885 sensit
957 844 1067 899 pra
1097 828 1350 883 omnibus
1375 825 1665 890 cecidisse;
1771 835 1889 880 erat
1913 824 1931 863 ί
1965 825 2033 880 ab
2057 826 2198 880 illius
2213 825 2327 894 iam
2356 825 2653 880 tentatione
2679 825 2995 890 discederet,
3020 828 3202 896 inquo
3233 837 3346 884 tota

119 941 197 980 nec
223 937 242 964 ο
267 923 511 990 intelligit
539 935 713 975 cacus
736 961 750 984 ,
782 919 906 987 quia
937 919 1012 972 illi
1042 925 1271 972 conatur
1309 916 1520 970 ruinam
1547 929 1671 967 sua-
1770 933 1832 972 se
1857 920 2012 988 128
2040 918 2182 972 mole
2209 932 2449 981 movens,
2485 919 2714 986 totisque
2740 920 2886 972 nisus
2917 919 3140 984 viribus,
3169 935 3238 974 ne
3265 935 3352 974 ve-

119 1017 241 1078 dere,
285 1016 377 1083 qui
414 1029 527 1067 non
555 1011 729 1066 solum
761 1009 951 1064 cadere
981 1025 1092 1063 non
1131 1014 1331 1078 potest,
1363 1005 1458 1060 sed
1493 1005 1672 1058 ruinas
1772 1010 1990 1076 stigium
2010 1008 2225 1077 quidem
2254 1023 2364 1063 sua
2410 1008 2647 1076 reperire
2682 1010 2857 1077 potuit
2887 1009 3196 1063 voluntatis.
3228 1008 3343 1064 Stu-

1772 1116 1908 1170 pens
1934 1108 2098 1168 atque
2122 1086 2537 1167 demiranspost
2558 1106 2639 1152 tot
2665 1099 2859 1153 sacula
2889 1100 3155 1155 invenisse
3175 1101 3352 1154 homi-

1777 1207 1899 1246 nem
1930 1192 2192 1245 humanas
2240 1192 2703 1259 concupiscentias
2752 1207 2861 1245 non
2909 1193 3227 1258 habentem,
3259 1209 3356 1248 na-

1780 1290 1997 1350 tumque
2027 1283 2078 1335 in
2126 1295 2289 1335 carne
2317 1281 2448 1334 nihil
2496 1282 2709 1349 penitus
2755 1283 3115 1349 corruptionis
3149 1282 3357 1337 habere

1779 1372 2028 1427 carnalis.
2051 1371 2368 1426 Discedente
2389 1372 2569 1440 itaque
2596 1381 2892 1426 retrorsum
2922 1373 3169 1437 diabolo,
3201 1389 3356 1428 acce-

1779 1461 1988 1526 dentes,
2019 1468 2079 1514 ut
2106 1461 2303 1516 lectum
2331 1468 2434 1524 est,
2463 1461 2638 1528 angeli
2666 1462 3041 1516 ministrabant
3055 1462 3124 1517 ei.
3152 1462 3360 1520 Trium-

1782 1552 1918 1621 phus
1962 1553 2064 1606 iste
2100 1558 2316 1620 quanta
2357 1551 2429 1606 sit
2476 1550 2660 1618 gloria
2706 1551 2962 1620 obsequia
3005 1567 3106 1606 nos
3133 1551 3361 1607 edocent

127 1642 286 1708 possit,
313 1640 406 1693 sed
436 1639 607 1705 magis
643 1637 918 1704 magisque
958 1635 1232 1703 responsis
1259 1633 1544 1687 dominicis
1571 1631 1680 1685 cir-

1807 1641 2118 1709 mgelorum.
2148 1640 2262 1695 Nec
2293 1641 2487 1695 mirum
2525 1654 2656 1695 sane
2693 1640 2738 1695 si
2770 1639 2887 1709 ejus
2914 1641 3088 1708 angeli
3116 1641 3362 1698 ministe-

125 1741 372 1785 cumactus
398 1730 710 1784 obscuriore
739 1727 1158 1782 confunderetur
1181 1726 1405 1780 incerto.
1431 1725 1518 1777 Ait
1537 1725 1682 1777 enim
1785 1733 1880 1786 riis
1910 1742 1934 1779 8
1965 1739 2335 1797 occurrerunt,
2376 1730 2529 1799 cujus
2574 1730 2854 1785 victoriam
2895 1731 3247 1786 mirabantur.
3297 1731 3363 1786 Ει

128 1821 188 1873 illi
215 1822 498 1890 spiritualis
520 1822 687 1888 prtulii
715 1820 941 1875 bellator
969 1819 1196 1872 invictus
1227 1835 1238 1869 :
1271 1817 1531 1887 Scriptum
1559 1826 1635 1869 est
1663 1831 1679 1868 τ
1716 1820 1758 1878 Β
1787 1821 1927 1884 ideo,
1951 1821 2163 1885 fratres,
2195 1820 2239 1874 si
2262 1820 2512 1874 nolumus
2532 1834 2562 1871 a
2585 1818 2799 1873 diabolo
2820 1821 3082 1888 superari,
3114 1820 3364 1873 inium-ea.

135 1908 231 1964 Non
249 1911 466 1964 tentabis
482 1911 761 1965 Dominum
782 1909 948 1964 Deam
973 1907 1295 1978 tuum(Psal.
1314 1910 1491 1977 chv).
1515 1906 1686 1972 Quam
1789 1927 1912 1967 mus
1953 1912 2002 1966 ei
2039 1912 2133 1979 qui
2161 1910 2432 1965 diabolum
2463 1909 2841 1978 triumphavit;
2873 1909 3148 1964 adhaerere
3185 1918 3365 1966 autem

127 2001 329 2070 simplex
379 2002 431 2054 in
464 2002 564 2054 hac
593 2000 948 2067 responsione
975 1997 1280 2067 prudentia,
1313 2003 1370 2049 ct
1392 2010 1554 2063 quam
1581 1996 1687 2048 cir-

1807 2012 1872 2058 ast
1899 2003 2135 2070 Christo,
2167 2002 2408 2068 credere,
2443 2009 2498 2056 et
2515 2009 2753 2070 paterna
2784 2001 2860 2056 illi
2888 2002 3105 2057 deitatis
3132 2017 3251 2056 esse
3280 2017 3366 2056 na-

127 2101 409 2160 cumSpecta
447 2091 785 2159 simplicitati,
817 2105 915 2158 per
941 2104 1104 2158 quam
1134 2102 1235 2143 nec
1261 2088 1461 2140 veritas
1498 2086 1689 2140 relice-
1792 2103 1984 2156 turam,
2016 2101 2072 2148 et
2091 2093 2320 2147 materni
2345 2092 2587 2161 corporis
2607 2092 2907 2146 veritatem.
2929 2092 3162 2147 Vincere
3190 2101 3366 2147 autem

129 2191 217 2244 tur,
261 2197 358 2236 nec
403 2181 670 2250 reprobus
708 2188 890 2249 potest
931 2178 1188 2248 probare,
1220 2192 1339 2245 qua
1382 2191 1505 2231 vera
1543 2184 1685 2231 sunt.
1791 2182 2078 2248 diabolum,
2111 2183 2227 2251 ipso
2255 2181 2578 2248 suﬂ‘ragante
2604 2181 2864 2248 Domino,
2906 2183 3108 2251 poterit
3143 2183 3366 2251 quicun-

127 2270 266 2338 V'ere,
296 2282 351 2326 ut
379 2274 634 2342 scriptum
665 2281 749 2326 est
781 2291 794 2324 :
821 2270 936 2324 Lua:
962 2272 1019 2324 in
1050 2269 1265 2324 tenebris
1293 2269 1444 2331 lucet,
1478 2277 1526 2322 et
1552 2277 1691 2321 tene-
1790 2288 1896 2342 que
1916 2272 2168 2327 salutaria
2182 2271 2278 2326 Dei
2301 2278 2563 2341 praecepta
2577 2271 2852 2338 suspirans
2871 2272 3132 2326 studuerit
3152 2286 3368 2326 exosum

128 2361 217 2415 bne
235 2380 342 2415 eam
373 2378 476 2416 non
505 2361 999 2430 comprehenderunt
1022 2358 1199 2430 (Joan.
1234 2358 1293 2428 l).
1319 2358 1477 2411 Audit
1506 2357 1691 2424 diabo-
1792 2363 1999 2416 cunctis
2025 2361 2238 2414 tumida
2269 2361 2467 2415 mentis
2495 2375 2604 2414 sua
2644 2360 2906 2415 inclinare
2933 2361 3259 2430 superbiam,
3287 2377 3368 2415 ra-

128 2451 215 2516 lus,
239 2453 399 2508 Deum
429 2468 536 2507 non
565 2467 686 2507 esse
713 2451 1058 2516 tentandum;
1088 2466 1198 2504 non
1218 2465 1403 2503 tamen.
1427 2450 1690 2516 agnoscit,
1792 2451 1965 2505 dicem
1988 2452 2224 2505 omnium
2253 2451 2517 2504 malorum
2548 2451 2828 2504 avaritiam
2874 2466 3153 2517 coercere,
3200 2450 3369 2505 inimi-

128 2541 279 2599 Deum
329 2544 714 2611 hominemque
743 2556 883 2605 esse,
916 2555 1075 2615 quem
1119 2547 1292 2594 tentat
1322 2558 1334 2592 :
1367 2539 1512 2592 videt
1547 2538 1691 2592 enim
1793 2557 1913 2595 cam
1950 2541 2215 2594 bonarum
2237 2541 2493 2593 virtutum
2524 2539 2796 2593 relrenare
2839 2539 3136 2606 luxuriam,
3157 2540 3373 2599 hostem

129 2634 309 2699 pariter
334 2632 627 2698 Christum,
675 2642 731 2686 et
759 2629 1106 2699 respondere,
1136 2644 1255 2698 qua
1283 2629 1512 2683 hominis
1542 2634 1690 2694 sunt,
1793 2638 1994 2684 sancta
2022 2629 2263 2684 caritatis
2292 2629 2544 2682 invidiam
2589 2629 2836 2696 mitigare
2854 2669 2868 2693 ,
2901 2629 3131 2695 inutilia,
3149 2639 3210 2685 .et
3229 2645 3372 2700 sape

127 2729 174 2773 et
197 2722 376 2790 possit,
404 2736 522 2790 qua
553 2722 651 2774 Dei
688 2728 833 2774 sunt.
865 2718 974 2774 Sed
1016 2719 1265 2789 nequitia
1308 2720 1424 2786 eius
1463 2733 1563 2771 nec
1592 2717 1691 2770 ista
1794 2722 2098 2790 periculosa
2129 2720 2550 2775 obtrectantium
2581 2719 2752 2773 vitare
2786 2719 3056 2787 colloquia
3079 2759 3094 2785 ,
3132 2717 3159 2756 ιι
3202 2734 3374 2774 usura

127 2809 408 2876 sufﬁciunt;
441 2811 618 2864 tertia
647 2810 823 2864 adhuc
867 2809 1186 2863 tentationis
1215 2808 1436 2876 laqueos
1476 2808 1644 2862 nectit
1675 2825 1688 2860 :

130 2897 313 2964 Duxit,
366 2901 560 2969 inquit,
611 2901 758 2953 illum
783 2900 859 2952 ein
889 2908 1112 2952 montem
1161 2903 1418 2952 excelsum
1444 2900 1613 2966 valde,
1645 2907 1694 2952 et

120 1106 239 1157 venit
264 1101 557 1157 emendare
590 1100 878 1168 lapsorum.
913 1096 1165 1151 Dominus
1193 1096 1357 1158 enim,
1389 1103 1450 1148 ut
1475 1095 1672 1148 lectum

121 1202 201 1256 est,
239 1193 381 1262 erigit
421 1190 599 1256 elisos,
647 1187 904 1242 Dominus
933 1188 1084 1240 solvit
1118 1185 1442 1255 compeditos
1496 1181 1673 1252 (Psal.

122 1291 270 1338 cxtv).
301 1282 402 1346 Qui
430 1292 558 1346 ergo
578 1286 805 1332 venerat
831 1292 942 1330 non
971 1275 1164 1344 decipi,
1187 1274 1285 1328 sed
1313 1274 1536 1341 decepta
1565 1272 1674 1325 sal-

123 1390 242 1436 vare,
275 1375 424 1444 127
455 1371 788 1441 explorantis
827 1377 1000 1423 artem
1029 1375 1178 1420 tanta
1203 1379 1453 1419 mensura
1475 1363 1675 1419 cautis-

125 1463 246 1516 sima
272 1461 637 1530 responsionis
660 1467 908 1520 evacuat,
940 1466 1001 1511 ut
1024 1457 1343 1511 tenebrosus
1382 1454 1550 1508 hostis
1571 1468 1677 1506 non

125 1554 270 1606 solum
309 1552 625 1622 mysterium
664 1565 763 1619 pro
794 1549 950 1603 nobis
977 1547 1314 1618 propositum
1351 1544 1534 1598 videre
1569 1557 1679 1596 non

1795 2813 1956 2866 etiam
1994 2811 2296 2880 perniciosa
2344 2825 2452 2864 non
2498 2823 2680 2862 amare
2727 2809 3068 2877 compendia,
3099 2809 3376 2864 custodem

1795 2901 1947 2971 pacis
1969 2901 2232 2969 justitiam
2261 2898 2572 2952 muneribus
2590 2913 2698 2952 non
2727 2911 2974 2965 gravare,
3009 2898 3169 2952 noxia
3198 2899 3378 2952 factio

128 2993 400 3045 ρειαιαὶτά
420 2992 598 3045 omnia
619 3007 782 3061 regna
812 2991 1024 3054 mundi,
1057 3001 1106 3044 et
1134 2991 1354 3045 honores
1381 3008 1577 3058 eorum,
1609 2991 1691 3044 di-
1796 3007 1926 3045 num
1954 2991 2179 3045 horrere
2208 2997 2512 3043 commenta
2533 3029 2547 3052 ,
2592 2988 2882 3054 inglorium
2911 2994 2967 3041 et
2995 3003 3376 3057 nonnunquam

128 3095 229 3132 cens
248 3098 266 3133 :
297 3079 424 3134 Haec
451 3081 630 3134 omnia
675 3080 766 3133 tibi
804 3079 958 3144 dabo,
993 3081 1038 3133 si
1083 3082 1354 3149 procidens
1394 3082 1690 3135 adoraveris
1798 3088 2079 3137 cruentum
2110 3078 2331 3133 indebiti
2359 3079 2579 3132 honoris
2606 3078 2861 3130 ambitum
2882 3076 3174 3145 declinare,
3204 3079 3378 3135 incen-

128 3185 213 3221 me.
238 3168 494 3233 Sollicito,
529 3167 747 3234 fratres,
769 3170 1032 3224 advertite
1051 3171 1186 3239 ,quia
1216 3170 1409 3224 cadere
1432 3179 1514 3224 est
1540 3185 1701 3224 omne
1729 3163 1773 3227 C
1808 3172 1914 3225 tiva
1942 3168 2224 3224 discordia
2255 3168 2659 3223 contumeliosa
2687 3166 2878 3232 lingua
2920 3166 3379 3222 maledictacohz-

127 3257 253 3324 quod
276 3258 467 3312 suadet
496 3259 770 3323 inimicus;
799 3273 925 3313 vere
952 3261 1097 3313 enim
1124 3261 1350 3329 procidit
1380 3262 1572 3326 omnis,
1602 3262 1696 3328 qui

125 3349 298 3405 adorat
325 3351 633 3416 diabolum;
657 3357 712 3405 et
739 3366 866 3406 vere
891 3351 1052 3417 cadit,
1076 3351 1168 3420 qui
1205 3359 1505 3421 potestates
1525 3353 1697 3407 hono-

126 3453 302 3509 resque
339 3441 523 3495 mundi
559 3455 657 3510 per
704 3450 852 3496 artes
879 3441 1194 3508 sacrilegas,
1219 3442 1437 3497 inimico
1467 3444 1696 3512 promit-

127 3537 280 3596 tente,
312 3539 571 3585 sectatur.
612 3529 717 3584 Sed
745 3531 1003 3584 Dominus
1032 3545 1096 3584 ac
1124 3531 1373 3587 Salvator
1403 3541 1586 3587 noster
1605 3548 1696 3589 so-

125 3617 208 3672 lita
235 3636 356 3675 cum
383 3620 741 3688 responsione
763 3620 788 3656 ά
821 3619 1082 3688 contudit,
1109 3621 1292 3676 dicens
1316 3640 1328 3676 :
1363 3622 1508 3676 Vade
1534 3633 1696 3689 retro,

125 3711 351 3775 Satana;
380 3713 632 3781 scriptum
656 3722 733 3765 est
784 3714 966 3768 enim:
1014 3711 1295 3768 Dominum
1342 3714 1505 3769 Deum
1558 3727 1699 3771 tuum

125 3801 380 3866 adorabis,
408 3812 460 3855 et
487 3801 592 3873 ipsi
624 3803 722 3856 soli
749 3805 955 3857 servies.
995 3802 1315 3859 Sanctarum
1345 3807 1419 3860 illi
1458 3806 1699 3878 Scriptu-

126 3905 294 3943 rarum
314 3892 624 3946 testimonia
666 3892 999 3960 ingeruntur,
1023 3910 1133 3949 non
1173 3904 1233 3949 ut
1278 3897 1699 3954 inconvertibilis

126 3979 401 4049 doceatur;
454 3983 552 4037 sed
580 3991 641 4037 ut
687 3984 967 4054 impudens
1012 3984 1339 4041 confutetur.
1378 3997 1402 4025 ο
1433 3987 1600 4043 Retro
1647 3992 1700 4046 ei

127 4071 259 4125 abire
286 4072 602 4141 pracipitur
628 4073 812 4127 mundi
845 4075 939 4142 qui
967 4074 1115 4129 dabit
1156 4089 1352 4144 regna;
1387 4085 1448 4132 ut
1474 4080 1719 4148 imperio-

128 4158 233 4214 Filii
261 4162 374 4228 Dei,
407 4165 494 4218 cui
527 4163 858 4219 voluntarius
877 4179 988 4219 non
1016 4165 1262 4232 cedebat,
1291 4169 1594 4238 subiaceret
1615 4175 1698 4226 in-

131 4250 274 4317 vitus,
297 4261 457 4321 atque
485 4253 636 4308 illum
659 4269 688 4306 a
718 4269 828 4323 quo
875 4270 934 4310 se
978 4255 1192 4310 adorari
1236 4257 1481 4327 improbe
1511 4277 1694 4331 posce-

1800 3263 1950 3326 bere,
1976 3259 2256 3316 mendacia
2295 3258 2674 3321 nihilominus,
2724 3272 2844 3324 qua
2883 3258 3050 3311 vitam
3086 3259 3378 3320 maculant,

1799 3353 2032 3407 animam
2058 3351 2364 3416 vulnerant,
2394 3349 2656 3402 amicitias
2674 3347 2955 3416 dissipant,
2979 3347 3286 3404 Christiano
3315 3352 3382 3404 ab

1801 3459 1895 3498 ore
1915 3434 2200 3511 repellere,
2228 3448 2391 3508 atque
2417 3439 2484 3492 ab
2512 3438 2761 3492 omnibus
2789 3438 3258 3507 superstitionibus
3284 3440 3383 3494 das-

1802 3549 2020 3588 monum
2052 3532 2420 3598 idolorumque
2441 3530 2736 3598 sacrilegiis
2784 3545 2879 3598 per
2895 3544 3017 3598 qua
3044 3530 3131 3584 vel
3152 3531 3384 3585 maxime

1802 3627 2103 3694 benignitas
2142 3622 2538 3692 Omnipotentis
2566 3619 2883 3688 offenditur,
2913 3623 3026 3678 veri
3072 3621 3168 3677 Dei
3197 3639 3382 3677 amore

1801 3716 2078 3783 dili‘ugere.
2105 3713 2161 3769 Si
2191 3727 2319 3780 ergo
2348 3712 2416 3767 ab
2442 3712 2546 3777 his,
2578 3719 2742 3780 atque
2783 3712 3048 3767 universis
3075 3712 3382 3781 huiusmodi

1801 3807 2111 3870 sceleribus,
2145 3804 2393 3873 vitiisque
2430 3801 2767 3871 ieiunemus;
2797 3809 2999 3856 sancta
3040 3800 3196 3869 hujus
3237 3801 3384 3867 Qua-

1801 3898 2117 3966 dragesima
2138 3897 2240 3950 rite
2267 3892 2626 3949 celebrabitur
2663 3891 2800 3959 dies,
2829 3899 2886 3946 et
2913 3891 3151 3946 omnium
3181 3891 3379 3945 solem-

1799 3992 2028 4045 nitatum
2059 3996 2360 4044 nostrarum
2389 3984 2524 4040 festa
2551 3983 2902 4050 exsultantes,
2931 3997 3052 4037 cum
3075 3982 3268 4037 liducia
3296 3983 3386 4038 la-

1801 4083 1954 4138 tioris
1974 4079 2336 4143 conscientia,
2364 4084 2420 4131 et
2449 4075 2836 4143 tranquillitate
2861 4082 3162 4142 temporum
3185 4075 3388 4130 transi-

1801 4179 2005 4244 gemus,
2037 4171 2323 4242 adiuvante
2347 4168 2575 4224 Domino
2602 4173 2790 4222 nostro
2817 4164 2945 4222 Jesu
2973 4164 3207 4222 Christo.

1437 4354 1784 4421 HOMILIA
1840 4356 2069 4420 XLIII.

1399 4449 1478 4504 De
1517 4450 1933 4528 Quadragesima
1982 4452 2110 4509 VII.

1551 4548 1947 4604 ADMONITIO.

196 4627 349 4701 129
374 4626 713 4701 Benedictini
741 4629 990 4701 monachi
1017 4634 1449 4701 congregationis
1475 4634 1660 4692 Sancti
1688 4639 1859 4693 Mauri
1902 4639 2042 4692 hanc
2083 4633 2360 4690 homiliam
2396 4632 2451 4687 in
2485 4629 2845 4701 appendicem
2881 4644 3190 4686 sermonum
3221 4631 3392 4689 sancti

132 4696 395 4777 ,διῃυὶϋηί
423 4697 753 4777 reiecerunt.
783 4699 994 4777 incerti,
1018 4696 1467 4777 cuinam;auct_ori
1487 4716 1708 4777 accepta
1739 4707 2020 4763 referenda
2051 4711 2212 4777 esset.
2243 4703 2442 4777 Yerum
2481 4696 2712 4777 Maximo
2750 4715 2870 4756 esse
2894 4701 3121 4777 omnino
3147 4701 3391 4777 tribuent

131 4761 239 4816 dam
268 4781 379 4819 non
406 4761 575 4820 modo
595 4765 849 4833 editores,
879 4761 1188 4839 Gymnicus,
1215 4769 1534 4838 Galesinius,
1564 4761 1845 4840 Crimdius,
1865 4761 2237 4840 Combellsius,
2267 4771 2620 4840 Margarinus,
2653 4769 2732 4824 Ra
2773 4769 2978 4824 naudus
3005 4777 3270 4836 statuunt,
3296 4770 3393 4825 sed

131 4831 364 4889 codicum
391 4837 561 4890 etiam
590 4850 719 4889 mss.
751 4835 1092 4892 Laurentiani
1123 4855 1160 4892 ι.
1193 4837 1332 4892 Plut.
1365 4858 1477 4892 xiv-
1507 4844 1840 4892 Vallinellani
1871 4854 2002 4892 mm-
2033 4845 2097 4892 11.
2124 4858 2248 4892 nan-
2276 4841 2399 4892 205.
2448 4840 2703 4892 Lucensis
2733 4787 2823 4892 g5.
2851 4838 3162 4892 Auaiensis.
3204 4839 3393 4892 Marti-

130 4831 561 4914 eodicum_etia_m
590 4850 719 4914 mss.
751 4831 1092 4914 [ιδρτρῇιίεηὶ
1123 4831 1332 4914 “Plut.
1365 4858 1477 4914 xiv,
1507 4831 1843 4902 Vallicellani
1871 4854 2002 4900 tom.
2033 4845 2097 4908 II,
2124 4831 2248 4914 pag'.
2276 4831 2412 4914 Ξοῆῖ
2447 4831 2703 4914 _I_a_uce_nsis

2772 4839 2823 4905 5,
2851 4838 3131 4909 Augiensis
3147 4878 3162 4903 ,
3204 4839 3393 4893 Marti-

131 4903 316 4968 nensis,
347 4903 696 4960 Taurinensis
723 4906 962 4974 postulat
1000 4903 1314 4971 auctoritas,
1383 4903 1538 4970 uibus
1565 4916 1885 4984 suﬁ'ragatur
1931 4923 1987 4970 et
2012 4923 2062 4970 st
2086 4903 2145 4969 'li'
2174 4903 2310 4967 mira
2341 4911 2654 4977 similitudo,
2685 4917 2741 4964 et
2787 4903 3393 4964 ratio'adhibendorum

131 4983 286 5025 sacra
307 4970 604 5032 Scriptura
636 4975 1088 5032 testimoniorum.
1104 4992 1216 5032 .uua
1245 4980 1323 5032 uti
1343 4926 1614 5032 glaximus
1632 4993 2004 5032 consueuerat-
2034 4932 2141 5032 aliis
2179 4997 2299 5032 eam
2330 4988 2454 5032 ante
2481 4980 2896 5032 subsequentem
2926 4978 3183 5032 edendam
3204 4978 3393 5032 existi-

130 4983 286 5046 sacra
307 4970 604 5042 Scriptura
636 4970 1088 5046 testimoniorum,
1104 4992 1216 5046 .qua
1245 4980 1323 5032 uti

1404 4983 1614 5039 aximus
1632 4983 2004 5041 conéueverat.

2081 5000 2141 5040 os
2179 4997 2299 5036 eam
2330 4988 2454 5035 ante
2481 4980 2896 5048 subsequentem
2926 4978 3183 5034 edendam
3204 4978 3396 5032 existi-

130 5043 407 5122 mavimus,
453 5057 563 5097 non
601 5042 776 5098 solum
810 5046 954 5114 quod
978 5045 1052 5100 ita
1078 5042 1293 5103 codices
1319 5050 1564 5122 plerique
1587 5052 1802 5122 feram;
1841 5069 2033 5111 verum
2060 5054 2222 5110 etiam
2266 5051 2411 5120 quod
2439 5051 2553 5104 hac
2583 5042 3074 5118 ad‘prrecedentem
3102 5048 3292 5102 referri
3314 5049 3396 5102 vi-

132 5107 333 5166 deatur.

203 5218 384 5286 fCod.
415 5218 541 5274 Vat.
571 5219 732 5286 1268,
758 5223 978 5277 ascende
1006 5223 1076 5277 ad
1099 5226 1302 5283 celum.

200 5284 467 5364 1'l_l_ii_d_em,
495 5305 668 5364 verum
694 5284 851 5364 illum,
874 5290 970 5346 Dei
996 5311 1108 5349 esse
1145 5293 1367 5364 Filium,
1391 5306 1498 5354 etc.

203 5366 226 5395 ε
252 5356 475 5422 Ibidem,
503 5375 594 5412 nec
621 5361 876 5414 intellexit
893 5378 1074 5417 cacus.

199 5424 223 5506 tl
401 5427 550 5506 VEL,
581 5430 740 5506 solita
767 5447 883 5506 cum
920 5433 1568 5506 responsione_confuudit,
1600 5447 1706 5495 etc.

202 5505 224 5532 ε
252 5495 388 5572 Cod.
419 5497 554 5572 Eat.
609 5493 715 5551 453
744 5507 801 5572 et
828 5499 961 5572 Reg.
989 5493 1212 5572 addunt,
1247 5493 1405 5560 Retro
1453 5508 1532 5562 illi
1557 5493 1711 5562 abire

136 5566 363 5645 pracipit
409 5563 644 5645 Coris-tus
671 5577 727 5645 ut
768 5563 938 5645 hostis
985 5563 1293 5645 durissimus
1341 5576 1585 5644 adempta
1611 5578 1711 5631 sibi

134 5636 236 5715 iam
265 5636 504 5715 loquendi
523 5637 753 5704 licentia,
785 5640 931 5708 cujus
949 5641 1267 5698 uoluntatem
1304 5636 1588 5715 agnoscere
1607 5664 1707 5702 non

142 5713 318 5772 potest,
348 5707 541 5759 sentiat
566 5707 897 5776 potestatem.

1737 5237 1793 5297 D

1893 5231 2104 5288 tCodd.
2137 5232 2390 5288 Laurent.
2422 5237 2480 5285 et
2504 5228 2628 5285 Vat.
2657 5227 2793 5295 433,
2821 5225 2888 5282 Et
2926 5245 3134 5283 necesse
3173 5241 3312 5294 erat,
3345 5236 3399 5280 ut

1816 5303 1880 5356 ab
1906 5304 2068 5368 illius,
2100 5310 2208 5356 etc.

1888 5366 2069 5428 8-Cod.
2099 5371 2374 5434 Laurent.,
2412 5369 2586 5439 angeli
2614 5369 2914 5424 ministeriis
2939 5374 3232 5431 occurrunt,
3256 5366 3400 5433 cujus

1815 5443 2084 5495 victoriam
2115 5440 2457 5494 mirabantur.
2787 5506 2798 5510 Α
3114 5503 3146 5510 _
3203 5501 3218 5510 _
3271 5500 3313 5510 ,,

1889 5513 1914 5547 ιι
1936 5511 2069 5567 Cod.
2101 5510 2375 5574 Laurent.,
2408 5523 2684 5562 usurarum
2728 5506 2886 5558 etiam
2911 5548 2924 5569 ,
2957 5513 3061 5560 etc.
3107 5501 3239 5555 Cod.
3271 5501 3396 5574 Yat.

1816 5578 1948 5648 Reg.
1980 5579 2104 5644 455,
2127 5591 2178 5632 et
2204 5595 2342 5650 stupe
2363 5569 2624 5631 'circulosa
2646 5584 3020 5627 uati-ectantum
3050 5575 3207 5625 rimre
3231 5569 3393 5620 «ὀλλυ-

1811 5651 1949 5719 quia,
1981 5667 2254 5703 usurarum
2275 5650 2429 5702 etiam
2455 5650 2765 5719 pernicimz,
2794 5654 2896 5698 etc.
