3924 6232
526 327 633 387 5‘15

1720 311 1775 366 S.
1817 306 2060 364 ΜΑΧΙΜΙ
2099 305 2234 359 TAU
2244 304 2553 359 RINENSIS

3682 307 3796 364 δξι

530 440 915 495 Διθυιιεκτωι.
946 461 1015 472 -
1045 426 1252 486 Omnia,
1284 439 1396 495 qua:
1413 421 1636 495 pertulit
1676 418 1931 495 thristus,
1960 415 2108 495 nobis
2139 418 2184 470 Α
2217 412 2330 465 Dei.
2363 411 2478 466 Hoc
2502 419 2582 465 est
2616 427 2627 462 :
2656 408 2755 464 etsi
2799 420 2900 476 ego
2928 404 2951 444 ι
2979 402 3242 466 esuriam,
3271 401 3406 456 mihi
3441 404 3646 467 tamen,
3676 401 3797 455 dia-

600 485 1073 561 ;t'n—tniueitamenla
1098 495 1166 548 ad
1193 485 1308 547 eum
1335 485 1797 561 imitandum._Non
1826 487 1930 561 alia
1959 485 2113 536 ratio-

600 557 875 628 itewnassus
893 576 968 621 est
988 583 1043 618 se
1061 565 1247 617 tentari
1269 579 1300 613 a
1315 559 1538 628 άὶαῢοίον
1563 558 1665 610 "id
1689 565 1742 608 ⁸⁸⁸
1771 571 1865 609 ¹³⁰³
1886 557 2108 615 docere"

602 626 783 713 quibus
811 638 972 693 armis
987 631 1359 702 eunt-refellere
1385 626 1671 682 debeamus.

600 794 885 849 Peraetum
909 804 941 843 a
965 785 1191 842 Domino
1214 789 1401 836 nostro
1423 778 1550 834 Jesu
1590 775 1803 831 Christo
1818 814 1833 840 ,
1863 771 2007 841 quod
2045 771 2116 824 le-

531 896 677 940 ctum
707 891 812 949 est,
841 895 963 935 cum
993 884 1255 932 tentatore
1283 879 1575 935 certamen,
1596 874 1794 922 nostrae
1817 862 2110 925 securitati,

533 977 728 1034 fratres
766 970 1058 1031 carissimi,
1101 965 1368 1034 salutique
1401 971 1426 999 ⁸
1470 959 1716 1031 prolicit;
1757 957 1880 1025 quia
1911 953 1938 992 ι’
1979 967 2116 1024 quos

533 1066 662 1120 olim
687 1061 826 1132 apud
871 1057 1175 1130 paradisum
1204 1051 1552 1125 persuasione
1588 1046 1853 1116 serpentis
1893 1052 2116 1112 paterna

531 1149 901 1224 praevaricatio
915 1145 1110 1215 dejeeit
1123 1143 1176 1198 in
1193 1149 1442 1203 mortem,
1455 1137 1758 1192 dominicus
1779 1148 1919 1187 nunc
1937 1132 2120 1185 trium-

532 1223 671 1312 phus
689 1237 859 1294 erexit
878 1237 945 1290 ad
957 1235 1120 1288 vitam
1147 1245 1190 1285 ο..
1209 1231 1374 1285 Nobis
1396 1230 1577 1297 itaque
1604 1224 1732 1280 vicit
1757 1225 1849 1292 qui
1868 1223 2116 1291 dignatus

531 1336 616 1385 est
635 1327 836 1383 esurire
869 1340 966 1395 pro
988 1323 1159 1376 nobis.
1193 1318 1510 1387 Aggreditur
1531 1318 1710 1385 itaque
1730 1313 1973 1368 diabolus
1995 1321 2115 1365 ten-

533 1425 651 1473 tare
663 1415 951 1477 Christum,
976 1412 1324 1480 exploratque
1349 1408 1608 1462 sollicitus
1630 1406 1671 1458 si
1695 1403 1831 1458 forte
1849 1403 1995 1456 illum
2019 1402 2116 1456 Dei

534 1522 654 1564 esse
696 1505 887 1559 Filium
915 1501 1297 1571 deprehendat,
1345 1498 1434 1552 cui
1471 1495 1672 1550 nullum
1700 1490 1728 1530 ἀ
1756 1491 2117 1561 corruptionis

532 1613 645 1653 sua:
685 1605 710 1633 ο
751 1594 896 1649 videt
941 1607 1062 1647 esse
1091 1590 1395 1657 vestigium.
1427 1587 1646 1640 Miratur
1672 1584 1874 1654 pariter
1913 1597 1976 1637 ac
2004 1589 2116 1634 tur-

533 1688 693 1745 batur
731 1682 1036 1754 hujusmodi
1075 1682 1128 1734 in
1176 1680 1281 1733 hoc
1314 1679 1334 1716 τ
1367 1678 1614 1731 saeculum
1652 1675 1970 1728 adventasse
2012 1672 2114 1725 ho-

2214 501 2367 565 bole,
2405 498 2420 536 ι
2457 515 2564 554 non
2611 506 2693 553 est
2739 494 3071 553 necessarius
3109 491 3296 561 panis;
3345 488 3566 542 verbum
3600 491 3793 540 autem

2219 592 2309 646 Dei
2337 591 2546 645 cunctis
2575 587 2818 642 ﬁdelibus
2851 583 3208 640 substantiam
3237 579 3577 649 sempiternae
3605 572 3802 630 salutis

2217 687 2489 749 operatur.
2519 676 2625 732 Sed
2645 675 2830 731 doceri
2858 673 3069 728 nescius
3095 670 3356 734 inimicus,
3379 665 3542 723 stanti
3563 665 3802 722 Domino

2213 785 2376 840 super
2401 753 2622 839 pinnam
2648 765 2837 835 templi
2879 765 3073 818 iterum
3103 761 3222 814 ait:
3270 759 3331 814 Si
3373 757 3540 810 Filius
3586 755 3682 808 Dei
3723 771 3801 821 es,

2214 859 2361 912 mitte
2415 866 2463 910 te
2510 855 2787 918 deorsum;
2855 851 3101 918 scriptum
3145 856 3224 901 est
3265 845 3435 912 enim,
3492 841 3634 914 quod
3687 842 3800 893 An-

2215 948 2342 1020 gelis
2384 947 2494 1001 suis
2551 944 2816 997 mandavit
2852 940 2924 1017 de
2962 947 3040 1005 te,
3087 948 3143 991 ut
3192 935 3432 990 manibus
3480 933 3670 987 tollant
3720 939 3800 997 te,

2217 1056 2282 1094 ne
2307 1055 2535 1108 unquam
2576 1035 2814 1104 oﬂ'endas
2848 1032 2917 1084 ad
2947 1030 3175 1100 lapidem
3200 1025 3378 1087 pedem
3405 1033 3548 1077 tuum
3578 1021 3799 1093 (nam;

2216 1131 2311 1200 tv).
2343 1128 2495 1182 Mitte
2543 1138 2617 1189 te,
2650 1125 2855 1195 inquit,
2891 1122 3150 1176 deorsum.
3211 1115 3499 1172 Diabolicm
3539 1120 3626 1167 est
3664 1126 3801 1166 eon-

2220 1219 2553 1283 suetudinis,
2596 1216 2788 1269 fratres
2834 1209 3134 1274 carissimi,
3173 1205 3526 1277 prmcipitium
3573 1214 3804 1270 persua-

2215 1311 2364 1375 dere,
2396 1309 2489 1366 sed
2514 1306 2734 1362 obedire
2762 1304 2812 1357 ei
2842 1302 2931 1356 ille
2959 1315 3066 1355 non
3094 1303 3331 1368 poterat,
3360 1293 3452 1363 qui
3480 1291 3681 1347 cadere
3713 1303 3805 1343 ne-

2216 1399 2437 1455 sciebat.
2470 1396 2578 1450 Nec
2615 1393 2911 1463 quidquam
2949 1390 3018 1444 de
3054 1385 3286 1442 Domino
3323 1391 3602 1450 surreptor
3631 1380 3806 1447 impe-

2217 1495 2343 1553 trat,
2374 1487 2499 1557 quia
2528 1499 2635 1539 non
2663 1478 2790 1538 sunt
2813 1478 3088 1548 religionis
3117 1475 3233 1545 ejus
3260 1474 3421 1529 verba
3447 1469 3545 1546 sed
3582 1478 3621 1506 ι
3654 1467 3805 1522 trau-

2215 1580 2331 1633 des.
2375 1556 2545 1642 Quem
2575 1573 2907 1640 Redemptor
2949 1567 3176 1624 humani
3222 1563 3433 1634 generis
3480 1574 3668 1615 rursus
3699 1556 3806 1612 telo

2216 1667 2498 1722 sententiae
2529 1665 2681 1736 131
2701 1660 2936 1717 caelestis
2953 1657 3256 1719 everberat,
3282 1651 3466 1707 dicens
3493 1666 3506 1702 :
3539 1647 3806 1717 Scriptum

533 1738 756 1842 minem,
784 1738 876 1844 qui
922 1777 1078 1825 natus
1104 1768 1318 1837 quidem
1345 1773 1489 1820 esset
1535 1765 1602 1819 de
1629 1763 1844 1826 femina,
1874 1760 1969 1815 sed
2006 1775 2113 1814 non
2147 1764 2190 1822 Β
2216 1768 2331 1813 est:
2362 1754 2486 1810 Non
2515 1754 2733 1809 tentabis
2762 1749 3041 1804 Dominum
3062 1745 3230 1800 Deum
3251 1752 3410 1795 mum.
3438 1738 3555 1805 Qua
3582 1750 3807 1804 respon-

533 1874 680 1922 esset
700 1865 769 1920 ab
785 1863 1004 1918 homine
1023 1868 1354 1931 procreatus.
1381 1857 1692 1926 Suspicatur
1710 1855 1857 1908 illum
1881 1853 1976 1907 Dei
1996 1867 2116 1906 esse

533 1953 749 2020 Filium,
778 1967 938 2021 quem
964 1951 1335 2028 continuatum
1361 1945 1714 2016 quadraginta
1741 1943 1946 1996 dierum
1970 1942 2116 1996 videt

517 2036 857 2113 explicuisse
878 2039 1142 2109 jejunium
1165 2055 1181 2104 ;
1224 2036 1316 2091 sed
1347 2051 1529 2090 rursus
1556 2034 1762 2088 dubitat
1790 2032 2022 2086 divinam
2049 2032 2116 2086 il-

535 2133 574 2188 li
604 2142 629 2181 ι
658 2132 836 2186 inesse
879 2138 1140 2192 naturam,
1167 2141 1327 2196 quem
1358 2125 1511 2193 quasi
1547 2122 1815 2176 inﬁrmum
1848 2121 1989 2175 inter
2015 2135 2114 2175 ca:-

534 2230 684 2276 teros
725 2221 972 2275 homines
1022 2215 1278 2286 perspicit
1321 2213 1542 2269 esurire.
1613 2213 1804 2280 Stupet
1859 2211 2120 2265 attonitus

532 2325 653 2382 quae
677 2310 748 2364 sit
774 2310 878 2363 ista
896 2307 1126 2372 novitas,
1152 2303 1445 2358 humanum
1467 2317 1574 2356 non
1596 2301 1796 2356 habere
1816 2307 2120 2370 peceatum,

535 2411 594 2456 et
622 2399 991 2454 necessitatem
1019 2395 1316 2466 peccatoris
1358 2393 1590 2447 hominis
1629 2391 1916 2445 sustinere.
1966 2387 2122 2443 Chri-

537 2502 653 2547 stus
679 2497 858 2544 autem
881 2487 1139 2542 Dominus
1167 2483 1601 2552 Redemptorque
1628 2490 1830 2545 noster,
1863 2487 1924 2534 ut
1951 2480 2123 2550 perdi-

537 2587 654 2636 tum
679 2578 1052 2646 inﬁrmumque
1073 2576 1347 2629 hominem
1371 2581 1654 2628 revocaret
1681 2571 1748 2625 ad
1777 2571 1970 2634 Deum,
1997 2585 2126 2624 esu-

522 2659 696 2734 riem,
720 2666 1110 2730 lassitudinem,
1132 2677 1422 2720 mmrorem
1448 2670 1506 2718 et
1530 2663 1711 2717 omnia
1739 2662 1794 2716 in
1818 2675 1878 2715 se
1904 2660 2123 2715 humani

540 2757 786 2829 corporis
811 2755 1021 2811 inﬁma
1048 2755 1297 2824 suscepit.
1326 2750 1471 2807 Inter
1497 2751 1741 2818 istaergo
1760 2749 2006 2804 diabolus
2025 2749 2124 2802 du—

542 2849 664 2905 bia
686 2855 743 2902 et
769 2847 1020 2910 incertus,
1048 2844 1154 2898 hoc
1179 2857 1300 2898 eum
1328 2842 1600 2896 esuriente
1622 2839 1849 2894 Domino
1877 2853 2124 2893 sermone

543 2936 923 3005 congreditur:
964 2933 1026 2989 Si
1054 2931 1225 2986 Filius
1269 2930 1362 2985 Dei
1407 2930 1564 3001 130
1606 2946 1692 2998 es,
1723 2929 1806 2982 dic
1833 2937 1889 2980 ut
1926 2928 2124 2998 lapides

544 3029 630 3083 isti
655 3042 815 3096 partes
843 3024 975 3094 ﬁant
997 3021 1208 3094 (Matth.
1232 3020 1329 3091 tv).
1360 3020 1585 3085 Stultus,
1611 3027 1667 3073 et
1687 3018 1882 3083 audax,
1911 3017 2002 3086 qui
2027 3032 2124 3086 pu-

2217 1853 2370 1908 sione
2405 1865 2473 1906 ne
2499 1847 2628 1919 quid
2652 1842 2933 1902 manifesta
2963 1839 3189 1894 veritate
3217 1842 3405 1889 auctor
3431 1828 3683 1884 falsitatis
3707 1841 3805 1880 au-

2216 1943 2357 1999 diret
2377 1982 2392 2006 ,
2439 1941 2726 1996 verborum
2773 1943 3138 1999 sensuumque
3182 1926 3494 1983 moderator
3540 1919 3805 1974 Dominus

2217 2041 2329 2088 “ex
2353 2032 2465 2085 alto
2505 2030 2655 2092 dare,
2682 2039 2785 2080 nec
2819 2019 3054 2094 prodidit
3080 2033 3140 2073 se
3165 2030 3349 2087 posse,
3377 2028 3477 2067 nec
3504 2027 3614 2065 non
3645 2021 3807 2079 posse

2217 2123 2474 2179 mentitus
2510 2127 2634 2186 est,
2680 2116 2774 2171 sed
2819 2112 3079 2182 scriptum
3126 2114 3228 2168 est,
3279 2105 3356 2159 ait
3405 2121 3420 2155 :
3469 2099 3596 2154 Non
3635 2105 3805 2152 tenta-

2220 2215 2299 2268 bis
2341 2212 2620 2267 Dominum
2665 2205 2831 2259 Deum
2875 2209 3036 2256 tuum.
3087 2196 3147 2252 ιιι
3202 2202 3324 2259 est,
3372 2192 3544 2246 Deum
3594 2193 3806 2246 tentat,

2220 2306 2313 2376 qui
2336 2302 2607 2374 jactantiaa
2643 2311 2755 2353 suae
2796 2295 2930 2349 vitio
2970 2287 3297 2359 superﬂuam
3332 2291 3384 2339 et
3420 2280 3666 2336 inutilem
3700 2277 3806 2330 vult

2221 2367 2495 2451 ostentare
2559 2391 2833 2443 virtutem.
2896 2380 3034 2447 Quid
3097 2378 3243 2432 enim
3306 2371 3556 2428 utilitatis
3614 2367 3806 2430 habet,

2221 2487 2352 2558 quid
2408 2479 2680 2539 commodi
2719 2473 2929 2532 confert
2952 2513 2968 2540 ,
3010 2482 3035 2505 ι’
3077 2468 3266 2558 siiper
3303 2476 3542 2534 preceps
3585 2460 3715 2513 hinc
3751 2457 3801 2510 in

2221 2553 2383 2648 plana
2421 2565 2795 2629 descendere?
2833 2569 2926 2617 aut
2963 2574 3062 2615 cur
3098 2553 3422 2611 adulationis
3461 2561 3489 2601 ι’
3544 2557 3656 2602 tum
3691 2555 3806 2601 ten-

2225 2637 2476 2724 iamentis
2523 2663 2622 2717 ista
2681 2654 3041 2728 persuadeas,
3090 2663 3216 2705 cum
3262 2645 3338 2700 tui
3388 2643 3459 2697 sit
3513 2639 3702 2709 operis
3743 2637 3807 2690 de

2223 2753 2591 2826 superioribus
2647 2726 2989 2803 corruentem
3069 2737 3138 2794 ad
3200 2734 3451 2791 inferiora
3513 2726 3808 2797 dejicere?

2226 2817 2357 2905 Post
2374 2848 2489 2902 hmc
2513 2857 2667 2909 vero,
2697 2847 2758 2894 ut
2800 2835 2964 2892 lectio
2991 2832 3216 2886 decursa
3246 2831 3471 2881 testatur
3497 2839 3511 2874 :
3547 2818 3712 2872 Duri!
3748 2817 3808 2869 il-

2224 2945 2331 2998 lum
2354 2942 2408 2993 in
2436 2945 2659 2991 montem
2697 2928 2978 2992 excelsum,
3015 2931 3065 2976 et
3110 2917 3335 2974 ostendit
3361 2914 3407 2967 ei
3434 2911 3617 2967 omnia
3655 2922 3807 2978 regns

2228 3030 2430 3094 mumli,
2459 3027 2632 3080 dicens
2672 3038 2690 3075 :
2740 3018 2869 3072 Ηωε
2909 3013 3085 3070 omnia
3125 3007 3215 3062 tibi
3257 3005 3410 3094 dabo,
3456 3003 3503 3056 si
3541 2997 3810 3094 procidant

546 3087 689 3171 taret
727 3113 822 3169 Dei
843 3087 1045 3168 Filium
1077 3087 1396 3165 diabolieam
1422 3110 1756 3164 voluntatem
1793 3107 1986 3161 edendi
2032 3121 2125 3160 ne-
2152 3102 2198 3165 C
2230 3087 2528 3173 άάοναιξενίε
2567 3128 2647 3166 πω
2674 3126 2692 3164 ε
2733 3115 2793 3162 ιιι
2841 3104 3002 3158 fallax
3028 3099 3284 3156 deceptor
3311 3092 3489 3155 olfert,
3519 3087 3668 3158 quod
3709 3099 3807 3139 non

546 3205 798 3262 cessitate
854 3203 1116 3258 facturum
1164 3219 1178 3254 :
1227 3200 1379 3270 quasi
1430 3200 1458 3236 ιι
1505 3199 1834 3268 impossibile
1884 3205 2026 3252 esset
2073 3198 2129 3250 in

547 3311 744 3369 panem
777 3289 982 3364 lapides
1005 3294 1362 3357 eommutare,
1391 3290 1483 3360 qui
1511 3287 1786 3357 quondam
1823 3287 2130 3341 sitientibus

548 3387 605 3442 in
631 3385 846 3440 deserto
873 3381 1084 3453 populis
1106 3380 1174 3435 de
1200 3387 1352 3449 petra
1373 3377 1521 3431 arida
1547 3376 1843 3445 largissima
1871 3389 2128 3445 aquarmn

548 3468 750 3533 ﬂuenta
777 3474 1032 3546 produxit
1051 3469 1249 3542 (Exod.
1287 3470 1416 3540 xvn)
1449 3488 1462 3522 :
1487 3477 1581 3522 aut
1604 3469 1862 3523 esurienti
1887 3468 1998 3522 sibi
2011 3473 2132 3536 post

550 3567 899 3638 quadraginta
919 3549 1125 3618 dierum
1142 3560 1405 3630 jejunium
1434 3573 1612 3613 escam
1641 3573 1748 3611 non
1774 3563 1987 3626 poterat
2006 3569 2132 3625 pro-

551 3659 754 3725 videre,
783 3657 936 3725 cujus
960 3661 1246 3725 przeeepto,
1278 3661 1337 3706 ut
1365 3651 1765 3705 innumerabilis
1785 3648 2130 3704 Hebrzeorum

550 3751 821 3806 exercitus
859 3754 1184 3816 paseeretttr,
1207 3741 1446 3798 cmlestia
1484 3741 1550 3796 de
1577 3740 1809 3796 nubibus
1835 3741 1851 3776 ί
1879 3738 2134 3793 alimenta

551 3840 820 3896 ﬂuxerunt
849 3836 1045 3907 (Exod.
1075 3836 1207 3904 xvi).
1257 3832 1368 3888 Sed
1407 3847 1536 3887 vero
1562 3832 1901 3902 omnipotens
1941 3827 2136 3899 Unige-

554 3932 730 3994 nitus,
777 3927 872 3999 qui
914 3932 1151 3980 nostram
1203 3922 1374 3991 magis
1407 3924 1422 3972 ι
1479 3919 1707 3976 esuriret
1733 3920 1960 3975 salutem
1986 3962 2002 3989 ,
2041 3919 2135 3974 tali

555 4026 878 4075 tentatorem
905 4029 1065 4070 suum
1090 4013 1441 4082 responsione
1469 4009 1708 4066 e'onfudit
1730 4029 1744 4062 :
1770 4008 1895 4065 Non
1921 4011 1976 4064 in
2003 4024 2137 4079 pane

557 4117 757 4167 (unum
781 4107 900 4159 vivit
926 4104 1099 4170 Iconio,
1126 4101 1216 4155 sed
1242 4103 1297 4155 in
1323 4101 1463 4154 omni
1484 4100 1630 4153 verba
1653 4097 1748 4152 Dei
1761 4095 1941 4169 (Deut.
1961 4099 2132 4167 xvm).

562 4202 679 4269 Quo
706 4193 984 4267 responso,
1007 4190 1289 4257 carissimi,
1318 4200 1378 4246 ut
1414 4192 1744 4261 explorator,
1783 4191 1874 4260 qui
1903 4191 2139 4244 incertus

565 4297 814 4352 venerat,
838 4286 1092 4342 incertior
1128 4284 1463 4349 redderetur,
1487 4282 1817 4336 inaestimatae
1843 4282 2140 4351 prudentiae

563 4381 853 4446 Dominus,
895 4358 1208 4432 nee'inesse
1250 4375 1351 4430 sibi
1395 4373 1626 4428 esuriem
1670 4372 1988 4441 denegavit,
2040 4387 2140 4428 nec

2228 3209 2431 3272 habet;
2457 3213 2513 3260 et
2538 3210 2599 3257 ut
2625 3213 2752 3254 vere
2782 3208 2955 3251 οπως
2978 3189 3240 3272 celerum
3286 3181 3517 3236 Domino
3549 3187 3808 3232 terrarum

2229 3311 2391 3367 regna
2415 3264 2686 3365 promittit
2709 3309 2722 3343 :
2747 3288 2876 3342 Haec
2902 3264 3102 3347 omnia,
3130 3277 3324 3345 inquit,
3354 3271 3445 3326 tibi
3465 3271 3604 3324 dabo
3634 3268 3680 3322 si
3702 3281 3806 3337 pro-

2229 3357 2745 3445 cidens-adoraueris
2771 3396 2870 3433 me.
2900 3375 3040 3430 Vere
3069 3382 3096 3421 (ι
3141 3366 3372 3439 procidit
3409 3365 3475 3418 et
3504 3362 3683 3422 cadit,
3723 3357 3807 3427 qui

2231 3495 2341 3536 non
2368 3477 2629 3545 largiente
2656 3455 2787 3534 Deo,
2817 3467 2912 3523 sed
2941 3463 3008 3518 ad
3034 3471 3224 3517 nutum
3247 3454 3446 3511 diaboli
3469 3450 3808 3545 acquiri-tneo

2231 3569 2337 3626 culi
2359 3537 2663 3635 dignitates.
2689 3555 2991 3628 Respondit
3017 3561 3198 3607 autem
3246 3549 3296 3602 ei
3324 3544 3594 3635 Dominus
3620 3560 3633 3593 :
3667 3537 3807 3635 rode

2232 3669 2389 3720 retro,
2415 3628 2670 3715 Satanan;
2699 3650 2949 3718 scriptum
2979 3643 3115 3697 enim
3151 3646 3228 3693 est
3269 3653 3286 3690 :
3323 3633 3612 3688 Dominum
3657 3628 3807 3681 Deam

2235 3716 2662 3808 tuum'adorabis,
2685 3750 2734 3793 et
2753 3716 2832 3791 illi
2859 3734 2956 3790 soli
2980 3732 3188 3787 senvies.
3219 3725 3320 3793 Qui
3343 3720 3607 3777 tentando
3630 3717 3695 3771 ad
3715 3716 3808 3769 hoc

2234 3851 2405 3910 usque
2430 3831 2692 3904 pervenit,
2726 3834 2785 3881 ut
2808 3841 2868 3881 se
2897 3824 2964 3878 ab
2991 3817 3265 3876 adorando
3305 3813 3404 3868 Dei
3448 3808 3588 3910 Filio

2235 3897 2579 3984 ret-adorari,
2607 3919 2902 3982 aestimans,
2930 3910 3075 3983 quod
3093 3907 3355 3970 Christus,
3386 3903 3480 3972 qui
3499 3899 3679 3968 decipi
3705 3897 3806 3949 lau-

2235 4016 2318 4071 dis
2343 4028 2454 4068 sua'.
2479 4007 2824 4077 subreptione
2853 4008 2957 4058 neu
2985 4000 3182 4071 potuit,
3212 3992 3581 4077 indignatione
3602 3989 3807 4077 ingestas

2237 4100 2577 4161 contumelias
2616 4076 2676 4152 se
2714 4093 2967 4164 proderet
2994 4084 3315 4158 exploranti.
3349 4079 3458 4136 Sed
3494 4076 3805 4133 fortissimus

2238 4199 2625 4266 propugnator,
2653 4186 2756 4257 qui.
2769 4198 2868 4254 pro
2896 4182 3004 4236 vita
3043 4194 3107 4233 ac
3133 4176 3381 4231 libertate
3407 4177 3598 4226 nostra
3629 4168 3805 4266 adver:

2240 4251 2636 4354 sus-tyrannum
2657 4251 2811 4330 suum
2837 4285 3037 4326 novum
3049 4266 3249 4322 bellum
3279 4261 3518 4332 gerebat,
3551 4271 3653 4313 nec
3672 4251 3809 4342 molli

2243 4333 2551 4433 adulatione
2579 4367 2854 4434 frangitur,
2887 4377 2987 4416 nec
3015 4354 3314 4413 durissimis
3343 4349 3552 4426 injuriis
3581 4333 3805 4434 comnio-

563 4418 853 4446 υνιυ......,,
897 4418 996 4432 ..νυ
1034 4418 1208 4431 ...........
1250 4418 1351 4430 η.-.
1397 4418 1626 4428 ..._.---_
1672 4418 1804 4428 _...-
1841 4418 1949 4426 -.η
2040 4418 2140 4428 η--
2243 4418 2549 4433 “unum”-
2579 4418 2690 4423 ,ην
2735 4418 2764 4419 κν

558 4467 1300 4530 manducandinecessitatem
1311 4480 1370 4542 se
1381 4465 1579 4519 habere
1595 4418 2138 4533 professiisest.’Non,
2175 4455 2222 4512 Ι)
2246 4455 2528 4525 vetur,sed
2551 4455 2624 4508 ita
2645 4418 2726 4504 ad
2733 4418 2914 4502 omnia
2934 4441 3132 4498 inimici
3155 4418 3484 4493 tentamenta
3513 4418 3804 4500 respondit.

561 4559 754 4630 inquit,
784 4559 838 4612 in
871 4574 1006 4629 parte
1038 4564 1234 4610 tantum
1261 4555 1378 4608 vivit
1407 4553 1579 4620 homo,
1619 4553 1709 4607 sed
1733 4553 1787 4606 in
1815 4556 1954 4608 omni
1991 4553 2142 4610 verbo

637 4774 667 4805 ⁸
702 4755 872 4822 (ἰωὰ.
901 4758 1141 4816 Vallieel.
1173 4773 1210 4813 ιι
1232 4765 1288 4812 et
1314 4755 1620 4827 llartinen..,
1648 4756 1888 4827 profecit.

637 4834 666 4874 ι
690 4831 836 4887 .Cod.
868 4830 1172 4899 ﬂaminem,
1355 4825 1496 4879 olim.

605 4914 665 4989 ,ο
702 4890 1167 4989 ξέξψτοοιέ
1191 4890 1228 4962 ιζ
1261 4893 1401 4949 Plut.
1434 4911 1541 4960 xlv,
1598 4903 1655 4950 et
1705 4894 1899 4949 Vallic.
1940 4908 1995 4958 n,
2029 4890 2145 4947 No-

566 4969 1525 5122 h‘aug‘wfﬁtmtntsetﬂat.
1573 5031 1714 5086 6452
1796 5030 2144 5104 corruptionis

569 5128 679 5167 sua:
706 5109 896 5172 rideret
924 5109 1090 5161 inesse
1115 5109 1406 5174 vestigium.

644 5191 669 5218 ο
706 5177 838 5234 Cod.
873 5176 1177 5237 ﬂaminem,
1201 5173 1342 5226 uidit.

645 5249 664 5288 ε
706 5247 908 5302 Eodem
935 5244 1055 5299 eod.
1086 5242 1234 5305 νει,
1261 5243 1315 5294 iu
1346 5240 1438 5295 hoc
1461 5241 1668 5295 seculo.

643 5327 668 5366 s
706 5317 836 5371 Cod.
869 5314 1122 5368 Laurent.
1153 5328 1193 5378 ι,
1222 5311 1300 5364 illi
1322 5328 1424 5365 non
1444 5313 1610 5365 inesse
1637 5319 1894 5363 naturam.

904 5383 1026 5439 Vat.
1068 5379 1209 5434 6‘53
1247 5380 1489 5436 et'Laur.
1520 5396 1566 5445 ι,
1597 5381 1746 5447 quasi
1785 5395 1902 5433 vero
1947 5378 2144 5446 impos-

865 5522 1009 5601 Yat.,
1031 5521 1280 5601 elementa
1305 5519 1584 5601 ﬂuxerunt.

646 5599 664 5648 l
707 5594 856 5652 Cod.
883 5585 1044 5648 Laur.
1091 5605 1138 5658 ι,
1181 5589 1266 5661 qui
1305 5585 1540 5643 nostram
1592 5589 1758 5658 magis
1804 5587 1960 5642 esurit
2003 5585 2147 5640 salu-

575 5677 697 5724 um.

2255 4521 2498 4626 132'ne
2522 4547 2706 4615 posset
2729 4539 2783 4593 in
2810 4550 2918 4591 uno
2938 4531 3237 4602 eodemque
3257 4527 3370 4582 Deo
3390 4531 3447 4580 et
3468 4521 3688 4578 homine
3709 4529 3805 4571 ea:-

2320 4751 2342 4788 ¹ι
2382 4746 2515 4802 Cod.
2545 4740 2852 4800 ﬂaminem,
2881 4733 3072 4788 esurio.

2321 4818 2340 4858 ι
2545 4789 2945 4872 iiii-27,515»
2983 4809 3156 4854 tamen
3193 4794 3395 4872 diabolo
3425 4789 3800 4872 sciens,_si.est

2248 4861 2972 4946 necessarius—panis,'qui_ex
2994 4880 3078 4922 tuo
3098 4867 3333 4946 consilio,
3357 4872 3545 4932 tuaque
3565 4861 3799 4938 uoluntate

2245 4927 2567 5013 ἇῖἱὲἓῖιῖίὶῗ
2578 4927 2769 5016 ἧῖῄᾶἔ
2799 4927 3258 5016 ,ἀντίαζε
3293 4927 3582 5016 ἐθηράθη
3601 4927 3768 5016 ίΡἪ
3776 4941 3796 5016 j

2245 4994 2842 5083 Eﬁﬁ'meﬂﬁind
2880 4994 3121 5081 ﬁdelibus
3161 4994 3535 5083 substantiam,
3590 4994 3688 5054 etc.
3735 4994 3798 5047 Ita

2247 5073 2625 5153 etiam—Vallia
2653 5102 2708 5147 n,
2739 5073 2950 5153 verbum
2970 5085 3140 5153 autem
3168 5073 3285 5127 Dei.

2254 5138 2730 5215 ψιῗδόίῖδῖῗέὶί.
2760 5169 2798 5207 n
2819 5157 2876 5205 et
2903 5147 3207 5215 Martinen.,
3237 5138 3578 5215 sedfrqudis.

2317 5193 3607 5286 vtrjet'hlartinen.,
3623 5217 3688 5257 es
3710 5193 3804 5251 ιιίο

2247 5321 2303 5358 se
2331 5303 2457 5356 dare
2483 5313 2573 5351 nec
2594 5291 2822 5359 prodidit
2850 5304 3015 5359 posse.

2318 5335 2990 5426 .1‘"é;é'."d§ﬁi§é3.§'§'
3002 5335 3238 5425 princeps
3283 5349 3403 5402 hinc
3463 5346 3672 5415 inspue
3722 5335 3794 5386 dc-

2244 5441 2510 5496 scendero.

2321 5482 2555 5563 iiWC'odd.
2583 5501 2836 5556 Laurent.
2860 5504 2916 5550 et
2935 5492 3123 5547 Vallic.
3151 5505 3208 5553 u,
3237 5484 3556 5540 adulationis
3583 5491 3684 5534 ssc
3702 5482 3781 5525 te»

2248 5566 3042 5704 '“Véﬁii’iiﬁiem‘i‘én
3066 5626 3295 5698 procidet
3322 5633 3372 5678 et
3399 5620 3574 5690 cadet,
3591 5623 3688 5673 etc.
