3924 6232
94 383 179 441 3‘19

1502 377 1784 434 IIOMIUA
1820 378 1975 434 XLV.

3281 392 3389 447 330

98 496 320 551 scribitur
347 497 503 551 enim
536 497 618 551 ita
646 514 660 550 :
691 496 764 551 In
792 495 943 565 ﬁnem
970 512 1064 564 pro
1095 497 1415 565 susceptione
1435 498 1686 549 matutina
1717 502 1763 554 Α
1796 493 2056 559 videatur,
2084 494 2268 552 dicens
2300 516 2313 550 :
2346 497 2486 554 Deus
2534 501 2795 571 omnium,
2828 503 2919 572 qui
2948 518 3008 560 es
3033 504 3174 560 Deus
3201 520 3382 571 meus,

96 592 297 652 psalmus
323 590 430 659 ipsi
471 587 685 642 David.
738 587 853 642 Nisi
889 586 1063 653 fallor,
1110 587 1382 657 susceptio
1428 586 1691 641 matutina

95 678 203 734 solis
226 688 405 735 ortum
434 689 464 717 σι
490 694 731 750 semper
760 678 1065 745 antevertit,
1089 686 1145 733 et
1171 678 1483 748 priusquam
1504 676 1692 732 orbem

92 770 342 825 radiorum
383 769 584 825 clarus
633 767 893 838 splendor
926 767 1209 833 illuminet,
1238 766 1560 821 matutinum
1589 779 1690 819 no-

90 860 234 913 ctium
258 859 509 914 tenebris
551 858 851 914 terminum
896 858 1075 928 ponit;
1106 872 1171 913 ac
1208 858 1445 913 resoluta
1482 849 1688 912 sensim

93 948 360 1017 caliginum
390 949 680 1015 caecitate,
709 948 883 1011 rebus,
901 948 1107 1003 cunctis
1144 946 1310 1002 facies
1345 946 1589 1016 quaedam
1625 962 1689 1001 ac

90 1036 249 1091 lumen
276 1037 305 1076 ι»
340 1037 699 1104 infunditur;
730 1044 786 1093 et
822 1052 944 1093 cum
982 1037 1150 1092 veluti
1188 1038 1288 1093 sub
1320 1052 1427 1092 una
1464 1036 1689 1092 materie

87 1127 412 1183 tenebrarum
456 1126 711 1181 mundus
739 1128 794 1180 in
822 1125 1138 1183 confusione
1164 1125 1417 1195 jacuerit,
1450 1127 1687 1181 interve-

87 1218 246 1272 ciente
272 1218 585 1285 matutino,
616 1216 831 1272 diversa
877 1217 1179 1287 specierum
1207 1217 1471 1271 varietate
1496 1216 1689 1271 distin-

86 1307 274 1373 guitur;
304 1306 418 1362 hoc
449 1312 568 1370 est,
602 1321 725 1361 cum
752 1306 929 1362 omnia
959 1321 1101 1361 caeca
1140 1306 1357 1373 fuerint,
1389 1306 1533 1362 oculi
1569 1321 1686 1361 om-

88 1398 214 1450 nium
260 1405 630 1466 reparantur.
689 1396 807 1451 Nox
861 1396 1005 1451 enim
1059 1396 1456 1465 quodammodo
1511 1395 1687 1451 aufert

86 1486 247 1542 0011105
274 1487 515 1549 mundo,
555 1502 753 1541 aurora
799 1486 1067 1551 restituit;
1113 1494 1277 1555 atque
1314 1486 1389 1540 ita
1417 1492 1542 1541 ante
1570 1501 1685 1540 ma-

86 1579 236 1633 tutina
263 1579 637 1649 susceptione
666 1578 1009 1648 perfruimur,
1042 1584 1100 1631 ut
1128 1576 1413 1644 gloriosius
1441 1583 1685 1646 postmo-

84 1668 191 1722 dum
228 1669 359 1723 solis
404 1668 713 1738 splendore
761 1668 1053 1738 patiamur.
1092 1666 1198 1721 Sed
1237 1666 1512 1735 quoniam,
1544 1667 1684 1722 sicut

82 1758 196 1814 dicit
228 1760 538 1829 Apostolus
568 1778 581 1812 :
619 1758 729 1815 Lex
776 1758 1068 1828 spiritualis
1096 1767 1199 1822 est,
1233 1767 1289 1811 et
1316 1758 1683 1826 spiritualibus

1795 598 1895 638 cur
1920 599 2008 639 me
2042 584 2407 654 dereliquisti?
2444 588 2576 643 nihil
2617 592 2760 645 enim
2798 593 2929 647 mihi
2963 595 3208 651 conscius
3238 612 3379 651 sum.

1793 671 2101 729 Secundum
2126 674 2270 730 enim
2299 678 2618 749 prophetam
2645 684 2921 739 nesciebat
2948 697 3248 755 peccatum,
3281 704 3385 745 nec

1793 774 1913 820 erat
1938 765 2096 821 dolus
2124 767 2177 820 in
2206 783 2302 824 ore
2330 769 2466 839 ejus.
2502 770 2627 837 Haec
2666 783 2849 831 autem
2884 776 3032 843 dicit,
3063 786 3121 833 ut
3148 780 3379 836 manife-

1791 863 1961 909 staret
1997 865 2224 925 propter
2262 873 2367 913 nos
2398 875 2457 915 se
2484 874 2604 917 esse
2629 862 2963 934 derelictum,
2993 882 3222 937 quorum
3251 887 3381 940 pccp

1790 953 1911 999 cata
1939 946 2210 1015 portabat,
2237 961 2301 1002 ac
2318 948 2564 1006 videntes
2586 952 2915 1011 disceremus
2940 964 2996 1012 et
3019 974 3119 1015 nos
3136 974 3237 1029 pro
3261 961 3377 1029 ipso

1789 1044 1977 1092 sancto
2013 1045 2070 1092 et
2103 1036 2251 1106 justo
2278 1041 2435 1107 mori,
2463 1056 2587 1097 cum
2614 1059 2714 1113 pro
2742 1043 2771 1083 δ
2804 1049 3176 1117 peccatoribus
3202 1058 3259 1106 et
3287 1052 3377 1106 ille

1788 1135 2105 1182 moreretur.
2135 1120 2383 1200 Denique
2417 1132 2521 1188 hac
2563 1148 2699 1190 voce
2740 1135 2796 1189 in
2832 1137 3085 1206 passione
3112 1154 3242 1195 usus
3268 1152 3374 1207 est,

1786 1217 1925 1275 sicut
1964 1219 2020 1273 in
2065 1219 2359 1290 Evangelio
2398 1223 2624 1293 legimus
2653 1244 2667 1280 :
2694 1214 2804 1293 Eli,
2848 1227 2955 1295 Eli,
2987 1230 3184 1285 (atumat
3218 1232 3377 1286 saba-

1785 1308 1997 1363 cthani?
2034 1310 2130 1364 hoc
2167 1320 2245 1364 est
2272 1327 2291 1365 :
2320 1310 2461 1368 Deus
2499 1332 2661 1381 meus,
2713 1316 2848 1373 Deus
2884 1335 3046 1385 meus,
3088 1337 3250 1393 quare
3291 1340 3373 1377 me

1786 1398 2101 1471 dereliquisti
2135 1400 2350 1472 (Matth.
2386 1406 2594 1475 xxvii)?
2632 1406 2764 1471 Hac,
2796 1409 3032 1477 inquam,
3075 1427 3209 1467 voce
3245 1428 3374 1469 usus

1784 1500 1885 1555 est,
1914 1492 1978 1546 ut
2004 1492 2149 1561 quod
2177 1494 2457 1565 prophetia
2498 1498 2913 1555 annuntiaverat
2938 1501 3018 1555 rei
3046 1504 3223 1558 exitus
3270 1520 3370 1575 ap-

1782 1581 2055 1650 probaret.
2098 1581 2165 1635 Et
2211 1584 2470 1651 quoniam
2509 1588 2788 1654 sequentia
2825 1603 2965 1657 pene
3016 1590 3035 1628 ί
3086 1592 3371 1648 manifesta

1783 1679 1925 1736 sunt,
1958 1672 2109 1726 illum
2154 1672 2501 1743 inSpiciamus
2531 1676 2850 1731 versiculum
2881 1679 2934 1733 in
2962 1694 3071 1749 quo
3102 1681 3175 1735 ait
3208 1700 3222 1735 :
3253 1680 3369 1753 Ego

1783 1769 1953 1814 autem
1982 1778 2095 1815 sum
2122 1764 2308 1816 vermis
2335 1772 2386 1817 et
2413 1780 2516 1817 non
2540 1764 2690 1819 homo
2714 1765 2883 1837 (Psat.
2910 1769 3045 1838 XXI).
3072 1768 3183 1825 Cur
3204 1773 3369 1827 totius

82 1850 357 1918 spiritualia
388 1851 769 1921 comparanda
797 1858 922 1905 sunt
942 1848 1119 1917 (Rom.
1154 1867 1254 1913 vn;
1281 1849 1309 1902 1
1342 1848 1462 1904 Cor.
1492 1850 1570 1920 ιι),
1595 1864 1684 1903 so-
1712 1851 1760 1909 B
1787 1849 2045 1905 Dominus
2085 1860 2344 1907 creaturte
2381 1854 2673 1909 vermiculo
2700 1870 2760 1910 se
2786 1858 3015 1913 voluerit
3041 1864 3365 1931 comparari,

84 1939 173 1993 lein
198 1942 283 1996 hic
301 1941 545 2010 justitize
575 1941 810 1996 arbitror
836 1940 1133 2008 designari;
1167 1941 1271 2021 hoc
1296 1948 1378 1994 est
1405 1938 1678 1995 Christum
1784 1959 2069 2014 possumus
2097 1945 2201 2000 hoc
2226 1946 2443 2014 quidem
2470 1947 2760 2004 humilitati
2788 1952 3032 2020 primitus
3072 1956 3364 2024 assignare,

83 2028 371 2098 Dominum,
406 2033 512 2101 qui
536 2032 694 2087 nobis
723 2031 1037 2099 ignorantia:
1070 2030 1324 2107 tenebris,
1354 2039 1408 2085 et
1428 2039 1681 2100 peccato—
1783 2049 1902 2104 qua:
1946 2044 2257 2090 sanctorum
2311 2037 2480 2093 virtus
2534 2047 2618 2093 est
2664 2042 2915 2106 maxima,
2970 2044 3107 2099 sicut
3152 2056 3369 2103 sanctus

82 2136 184 2174 rum
204 2123 455 2177 accitate
481 2121 801 2183 submersis,
827 2120 1062 2174 caelestis
1081 2119 1336 2175 doctrinae
1362 2135 1471 2173 suae
1498 2121 1677 2175 lumen

83 2209 285 2275 infudit;
309 2220 366 2266 ct
406 2226 559 2281 quos
602 2226 710 2264 non
744 2221 765 2248 ο
798 2210 1146 2274 habebamus,
1180 2210 1364 2263 oculos
1390 2209 1569 2264 cordis
1597 2210 1679 2261 in-

81 2302 249 2365 seruit,
280 2312 336 2356 et
362 2301 523 2355 velut
553 2301 736 2355 radios
762 2300 1021 2370 quosdam
1050 2300 1327 2369 apostolos
1355 2316 1480 2355 suos
1508 2300 1673 2367 misit,

82 2391 159 2457 qui
187 2405 282 2444 nos
300 2390 372 2444 de
398 2391 427 2427 ά
462 2398 633 2446 nocte
663 2390 937 2445 teterrima
958 2390 1337 2458 delinquentis:
1360 2390 1670 2456 liberarent,

83 2488 130 2532 ct
153 2481 432 2549 paulatim,
466 2482 727 2537 resolutis
766 2481 820 2534 in
860 2480 1015 2535 nobis
1043 2480 1278 2535 tenebris
1306 2488 1670 2549 peccatorum,

81 2572 325 2626 matutina
356 2582 381 2610 ο
416 2587 524 2627 nos
543 2570 890 2639 susceptione
905 2577 1344 2633 consuescerent;
1368 2576 1428 2621 ut
1448 2568 1671 2638 perfecti

82 2661 269 2717 (acilius
295 2662 580 2731 possimus
610 2661 843 2715 tolerare
869 2660 1000 2714 solis
1027 2659 1298 2725 ardorem,
1325 2660 1430 2714 hoc
1457 2668 1539 2715 est
1561 2661 1672 2729 pri-

81 2768 210 2806 mum
256 2769 359 2809 nos
409 2751 703 2824 praeceptis
750 2750 1169 2820 simplicioribus
1216 2750 1514 2816 erudirent,
1562 2766 1671 2819 quo

81 2843 375 2909 capaciores
420 2843 708 2897 eﬂicerent
754 2841 1056 2895 caelestium
1102 2849 1456 2895 secretorum.
1502 2839 1670 2910 Hujus

87 2931 247 2999 itaque
268 2934 401 2988 solis
423 2933 653 3001 justitizc
675 2931 959 2994 matutino,
987 2937 1331 2998 peccatorum
1360 2931 1533 2999 caligo
1555 2939 1668 2985 tota

81 3023 362 3087 perimitur,
389 3025 535 3077 sicut
565 3024 679 3091 ipse
703 3022 962 3091 propheta
984 3022 1059 3074 ait
1078 3036 1145 3076 ex
1165 3037 1396 3091 persona
1416 3022 1660 3077 Domini:

84 3110 138 3162 In
187 3115 458 3167 matutinis
513 3111 891 3181 interﬁciebam
943 3128 1119 3165 omnes
1167 3121 1459 3181 peccatores
1514 3122 1667 3167 terra:

1781 2124 1993 2197 Moyses
2022 2134 2147 2180 ante
2174 2126 2343 2181 Deum
2372 2129 2571 2182 animal
2591 2144 2649 2185 se
2672 2130 3036 2188 irrationabile
3062 2136 3361 2203 prolitetur,

1780 2215 1947 2270 David
1981 2219 1995 2265 t
2034 2216 2265 2285 pulicem
2312 2231 2373 2272 se
2411 2234 2555 2288 saepe
2585 2230 2990 2275 commemorat.
3041 2222 3147 2277 Sed
3194 2227 3365 2291 magis

1779 2307 1909 2361 illud
1954 2308 2321 2377 accipiendum
2352 2318 2483 2378 puto
2516 2330 2528 2363 :
2561 2314 2813 2380 quoniam
2844 2316 3040 2369 vermis
3082 2302 3228 2371 nulla
3263 2333 3362 2371 ex~~

1780 2396 2039 2451 trinsecus
2068 2397 2400 2453 admixtione
2421 2399 2582 2454 alieni
2605 2404 2866 2471 corporis,
2896 2404 2991 2458 sed
3012 2404 3080 2459 de
3108 2407 3223 2461 sola
3247 2407 3271 2445 ἰ
3300 2424 3364 2461 ac

1775 2502 1907 2556 pura
1939 2495 2081 2542 terra
2130 2497 2466 2558 procreatur,
2506 2491 2627 2546 ideo
2663 2486 2819 2547 illum
2857 2505 3223 2565 comparatum
3252 2498 3362 2554 Do-

1773 2578 1945 2643 mino,
1970 2581 2225 2649 quoniam
2253 2589 2309 2635 et
2337 2581 2453 2650 ipse
2480 2580 2730 2636 Salvator
2752 2583 2823 2638 de
2850 2584 2965 2639 sola
2993 2596 3048 2639 et
3087 2602 3222 2656 pura
3252 2585 3363 2643 Ma-

1773 2669 1851 2721 ria
1880 2677 2185 2737 generatur.
2220 2671 2349 2738 Legi
2380 2673 2543 2727 etiam
2574 2674 2626 2727 in
2657 2674 2805 2729 libris
2835 2675 3033 2748 Moysis
3066 2680 3131 2734 de
3168 2697 3361 2737 manna

1771 2758 2091 2839 vermiculos
2118 2769 2433 2829 procreatos
2474 2762 2667 2831 (Exod.
2701 2765 2811 2834 xvi)
2847 2783 2861 2819 :
2893 2767 3055 2836 digna
3100 2771 3261 2839 plane
3307 2783 3363 2827 ct

1766 2846 1911 2913 justa
1960 2849 2323 2916 comparatio;
2370 2852 2633 2919 siquidem
2679 2853 2746 2907 de
2800 2870 2995 2911 manna
3040 2860 3362 2917 vermiculus

1769 2938 2020 3005 gignitur,
2053 2946 2109 2992 et
2135 2939 2394 2996 Dominus
2414 2940 2661 2999 Christus
2684 2944 2750 3001 de
2772 2945 2992 3015 Virgine
3011 2963 3359 3020 procreatur.

1770 3024 1908 3091 Quin
1950 3025 2124 3096 p'otius
2165 3030 2335 3099 ipsam
2365 3030 2586 3086 Mariam
2621 3050 2819 3090 manna
2846 3037 3094 3107 dixerim,
3124 3044 3247 3110 quia
3278 3054 3362 3099 est

1768 3118 1996 3180 subtilis,
2041 3119 2340 3188 splendida,
2373 3124 2552 3177 suavis
2579 3133 2635 3177 et
2659 3127 2838 3194 virgo;
2872 3144 2993 3197 quae
3021 3133 3169 3187 velut
3210 3137 3360 3190 cocli-

81 3200 235 3267 (Psat.
266 3204 343 3274 c).
376 3204 498 3260 Hoc
526 3212 610 3259 est
636 3222 649 3255 :
676 3204 886 3257 oriente
914 3204 966 3257 in
999 3204 1153 3258 nobis
1177 3204 1292 3257 sole
1307 3204 1548 3271 justititc,
1573 3205 1664 3273 qui
1693 3210 1738 3273 C
1771 3214 1856 3260 tus
1886 3207 2125 3271 veniens,
2152 3210 2358 3263 cunctis
2387 3210 2745 3267 Ecclesiarum
2777 3218 2989 3286 pupulis
3017 3221 3195 3277 cibum
3234 3226 3357 3279 dul-

80 3292 425 3350 habitaculum
466 3296 483 3334 τ
520 3294 735 3349 Domini
764 3309 966 3359 sumus,
1000 3296 1174 3349 omnis
1202 3296 1458 3363 cogitatio
1486 3296 1663 3365 iniqua

78 3385 396 3443 subvertitur
428 3392 442 3419 ¹
453 3430 468 3442 .

278 3480 473 3549 (133
504 3478 625 3531 Huc
652 3494 813 3549 usque
849 3478 1074 3531 Itomt'lia:
1101 3479 1445 3547 prooemium.)

139 3564 301 3621 Totus
345 3580 533 3623 autem
579 3568 669 3622 hic
698 3568 932 3636 psalmus
961 3568 1199 3635 digestus
1226 3576 1308 3621 est
1336 3583 1403 3621 ex
1430 3583 1658 3636 persona

80 3654 271 3710 llutuiui
300 3658 622 3721 Salvatoris,
655 3658 853 3727 quippe
883 3671 1005 3711 cum
1044 3657 1196 3725 plura
1226 3656 1292 3710 de
1320 3671 1386 3710 eo
1422 3656 1475 3708 in
1507 3656 1659 3709 Novo

75 3744 170 3796 sint
212 3748 386 3814 posita
440 3747 812 3801 Testamento.
843 3747 863 3775 '
896 3745 1032 3798 Dicit
1071 3746 1253 3814 itaque.
1284 3763 1296 3796 :
1328 3744 1487 3807 Deus,
1526 3744 1658 3797 Deus

78 3848 224 3897 meus,
247 3839 449 3907 respice
476 3838 531 3888 in
560 3854 640 3890 me
669 3852 685 3889 :
717 3844 771 3890 et
806 3836 1030 3905 reliqua.
1059 3833 1237 3900 Quare
1266 3835 1525 3903 assumpti
1556 3836 1657 3887 ho-

79 3922 220 3978 minis
264 3926 377 3993 agit
426 3939 665 3987 causam,
710 3934 734 3971 Β
778 3932 838 3979 ιιι
884 3924 1217 3989 interrogare
1259 3922 1657 3990 quodammodo

144 4094 324 4169 [Vide
348 4100 405 4169 in
438 4107 551 4153 not.
585 4112 704 4169 quae
730 4106 992 4167 praeterea
1024 4098 1289 4153 habentur
1330 4100 1383 4152 in
1428 4108 1655 4169 utroque

80 4166 247 4221 codice
270 4169 329 4222 S.
360 4168 554 4222 Crucis
584 4169 643 4219 in
664 4166 985 4221 Jerusalem.

144 4233 168 4272 δ
187 4235 315 4305 Cod.
348 4238 526 4291 Vatic.
558 4235 725 4305 19158Σ
744 4237 1056 4305 refunditur.

146 4303 323 4377 (Cod.
348 4306 609 4360 Laurent.
636 4321 671 4367 ι,
705 4302 844 4358 Plut.
881 4322 985 4369 xw,
1017 4317 1065 4360 et
1094 4323 1219 4377 quos
1248 4323 1351 4360 non
1384 4306 1653 4363 habuimus

80 4375 256 4427 oculos.

141 4440 165 4478 ‘
192 4443 320 4497 Cod.
350 4443 425 4498 99
450 4441 511 4497 S.
540 4441 729 4497 Cmcis
758 4444 810 4497 in
839 4442 947 4497 Jer.
982 4444 1194 4513 legitur,
1223 4445 1285 4498 de
1306 4454 1495 4510 morte;
1518 4454 1573 4501 et
1600 4448 1650 4500 in

82 4514 302 4574 margine
331 4522 555 4567 notatur
582 4530 594 4563 :
622 4514 715 4574 aL,
742 4514 808 4565 de
829 4523 993 4566 nocte.

148 4590 169 4617 ⁸
194 4580 247 4635 lu
270 4582 391 4637 cod.
424 4580 493 4633 99
522 4580 577 4635 S.
610 4580 796 4635 Crucis
822 4582 873 4635 in
901 4580 1012 4636 Jer.
1040 4583 1305 4636 omittitur
1332 4600 1444 4637 nos.

150 4714 166 4745 ι
194 4711 431 4788 υηρίιηο
460 4713 513 4788 in
539 4712 726 4788 codice
762 4711 818 4788 ξ.
854 4710 1052 4788 _Crucis
1092 4714 1144 4768 in
1166 4714 1487 4788 (Jerusalem
1529 4729 1653 4788 post
1685 4728 1728 4785 D

82 4781 183 4836 lmc
206 4781 364 4856 verba
391 4783 478 4856 i_ta_
494 4783 688 4847 legitur
720 4800 733 4834 :
766 4781 923 4852 Cujus
956 4783 1079 4856 soiis
1107 4786 1262 4856 etiam
1290 4784 1468 4856 beatus
1496 4781 1653 4845 Salo-

85 4868 185 4903 mon
208 4852 435 4905 meminit
461 4853 517 4904 in
536 4868 770 4973 fersona
796 4854 1143 4920 reputantium
1164 4854 1260 4907 sibi
1290 4872 1350 4907 ac
1374 4852 1651 4914 dicentium

85 4926 387 4973 peccatorum
416 4937 433 4973 :
459 4920 533 4973 So
576 4937 679 4973 non
705 4929 847 4973 ortus
867 4930 945 4973 est
967 4921 1132 4973 nobis.
1164 4933 1215 4973 et
1244 4924 1453 4973 iustitia:
1479 4928 1650 4973 [ιωιρη

84 4926 387 4983 peccatorum
416 4937 433 4973 :
454 4920 554 4992 So!
576 4937 679 4992 non
705 4929 847 4973 ortus
867 4930 945 4973 est
967 4921 1132 4985 nobis,
1164 4933 1215 4975 et
1232 4924 1453 4992 justitite
1479 4928 1650 4983 tamen

86 4992 342 5064 non_tu:cit
373 4988 545 5064 nobis.
588 4989 744 5055 Hanc
773 5007 968 5057 quoque
994 4988 1247 5064 matutina
1278 4999 1649 5064 susceptionem

86 5056 131 5139 in
153 5056 443 5139 .Emgelio
474 5068 657 5111 sancto
685 5056 955 5139 possumus
985 5063 1241 5139 ascribere
1268 5056 1456 5119 Maria!
1494 5065 1647 5139 Mag-

86 5125 284 5191 daiente,
307 5125 431 5199 2pc
457 5137 659 5180 mature
678 5125 739 5179 ac
762 5129 987 5183 diluculo
1016 5130 1085 5182 ad
1112 5142 1498 5187 monumentum
1518 5125 1646 5205 vigi-

86 5192 186 5267 ίφκ
213 5196 518 5257 Saluatoris,
550 5200 976 5267 resurrectionem
1016 5197 1230 5253 Domini
1262 5204 1430 5267 prima
1470 5221 1646 5259 susce-

88 5265 169 5328 pit,
190 5276 235 5341 et
259 5268 573 5341 clarescente
590 5266 768 5341 mundi
796 5268 921 5329 sole,
944 5267 1068 5341 solis
1098 5265 1319 5341 justitia:
1346 5282 1515 5326 ortum
1539 5291 1649 5341 pra:

86 5333 294 5407 omnibus
322 5335 447 5407 sola,
463 5335 719 5407 cognorit,
743 5352 803 5387 ac
824 5333 1144 5407 susceptione
1166 5339 1372 5407 quidem
1392 5333 1647 5396 matutina

88 5405 242 5467 gavisa
276 5413 354 5477 est
396 5404 537 5477 diem
574 5404 848 5461 redditum.
881 5406 972 5477 sed
996 5408 1159 5476 ntagis
1179 5404 1363 5477 'grtvisa
1389 5409 1647 5464 Christum

88 5475 344 5549 emortuis
378 5474 699 5549 suscitatam,
727 5483 881 5541 atque
906 5474 1113 5549 in‘ips'a
1145 5474 1396 5549 completa
1424 5490 1500 5533 est
1527 5498 1649 5549 pro-

88 5539 348 5615 phetia,_ad
374 5558 636 5615 resperunt
665 5539 1102 5597 demonstrabitur
1126 5539 1277 5613 ﬂetus
1305 5557 1353 5600 et
1382 5550 1449 5600 ad
1478 5539 1647 5602 matu-

91 5612 227 5660 unum
246 5612 348 5663 (ceti
356 5612 447 5663 tia.

147 5679 164 5707 '
192 5677 321 5731 Dicit
348 5680 521 5753 itaque
549 5694 567 5753 _:
592 5678 753 5753 Deus,
775 5679 916 5753 Deus
943 5698 1101 5741 meus.
1127 5684 1321 5753 respice
1336 5685 1389 5737 in
1409 5702 1507 5749 me,
1532 5696 1636 5741 etc.

93 5738 236 5805 Quare
259 5738 508 5815 assumpti
537 5738 762 5801 hominis
807 5752 915 5820 agit
962 5738 1285 5818 causam,'ut
1323 5738 1641 5825 interrogare

301 5839 572 5899 Ριτιιοι..
618 5837 807 5898 LV".

1769 3298 1969 3351 ciorem
2000 3298 2158 3352 melle
2185 3296 2426 3366 deﬂuxit,
2459 3315 2619 3369 quem
2646 3305 2741 3371 qui
2766 3305 2929 3376 edere
2948 3318 3004 3363 et
3034 3312 3359 3370 manducare

1769 3388 2086 3455 neglexerit,
2119 3389 2281 3443 vitam
2321 3389 2375 3444 in
2422 3392 2715 3462 semetipso
2747 3395 2949 3453 habere
2988 3415 3096 3456 non
3133 3408 3354 3472 poterit,

1766 3479 1903 3532 sicut
1926 3478 2041 3546 ipse
2071 3479 2329 3534 Dominus
2351 3478 2426 3534 ait
2460 3498 2472 3533 :
2504 3480 2627 3536 Nisi
2647 3485 2759 3555 quis
2780 3488 3165 3545 manducauerit
3191 3511 3356 3547 meum

1764 3584 1990 3629 carnem,
2016 3580 2063 3621 et
2086 3568 2266 3622 biberit
2292 3587 2461 3625 meum
2488 3573 2810 3643 sanguinem,
2844 3594 2946 3630 non
2977 3580 3179 3634 habebit
3199 3585 3356 3637 vitam

1762 3660 1814 3711 in
1844 3660 2113 3729 semetipso
2145 3658 2322 3728 (Joan.
2356 3660 2463 3731 vr);
2494 3660 2590 3717 sed
2621 3666 2796 3732 potius
2827 3668 2941 3735 ipse
2966 3670 3115 3725 cibus
3138 3672 3189 3725 in
3210 3675 3356 3742 judi-

1764 3749 1903 3801 cium
1943 3757 2306 3814 convertetur,
2335 3751 2474 3824 sicut
2502 3751 2792 3823 Apostolus
2814 3754 2944 3810 dicit
2970 3777 2981 3811 :
3012 3759 3111 3822 Qui
3134 3766 3353 3817 mandu-

1762 3846 1846 3888 cat
1869 3848 1915 3889 et
1937 3837 2058 3889 bibit
2083 3838 2311 3909 indigne,
2332 3840 2588 3910 judicium
2612 3842 2709 3897 sibi
2731 3847 3083 3918 mauducat(1
3105 3850 3223 3906 Cor.
3253 3856 3351 3919 χι).

1763 3924 1915 3990 Quod
1944 3926 2062 3981 ﬁliis
2090 3926 2252 3983 Israel
2282 3930 2550 3987 subtiliter
2584 3934 2739 4004 133
2768 3937 3145 4006 prephetatum
3180 3953 3263 3999 est
3300 3948 3351 4005 in

1836 4103 1857 4143 τ
1884 4104 2017 4161 Cod.
2054 4110 2225 4165 Vatic.
2260 4112 2415 4167 1278.
2454 4116 2560 4171 Deo
2589 4135 2791 4174 sumus.

1836 4174 2131 4268 agroque
2153 4182 2211 4268 in.
2228 4184 2348 4236 cod.
2375 4184 2429 4239 S.
2457 4185 2663 4253 Crucis,
2688 4200 2735 4242 et
2756 4194 3077 4265 interrogare
3100 4202 3351 4268 quodnon

1759 4246 1910 4298 modo
1940 4248 2138 4302 videtur
2158 4252 2355 4305 dicetis.

1831 4312 2042 4406 ξ-
2064 4319 2131 4373 90
2176 4321 2231 4375 8.
2264 4322 2451 4379 Crucis
2472 4326 2526 4379 in
2553 4324 2874 4397 Jerusalem,
2905 4350 3000 4403 pro
3025 4348 3233 4406 peccato
3260 4342 3349 4397 ille

1761 4396 2060 4440 moreretur.

1886 4453 2205 4546 ytroqge‘in
2220 4461 2413 4546 cod;
2434 4462 2621 4546 (amcis.
2635 4467 2685 4520 in
2702 4466 2810 4546 iter.
2823 4511 2837 4535 ,
2851 4475 3186 4546 manifestata
3198 4492 3341 4537 sunt.

1834 4525 1847 4595 ᾇ
1885 4523 2021 4595 ροϐε
2046 4523 2225 4584 Vatic.
2256 4527 2413 4591 1278.
2444 4533 2617 4589 Dauid
2643 4523 2876 4595 culicem.

1831 4592 1854 4630 ¹ι
1892 4593 2127 4665 Utroque
2155 4599 2209 4652 in
2237 4601 2359 4655 cod.
2392 4602 2450 4658 S.
2484 4603 2687 4671 Crucis,
2716 4618 2766 4663 et
2789 4592 3012 4682 de'pura
3040 4625 3197 4672 terra.

1755 4730 2133 4851 Emdammodo
2178 4735 2433 4801 videatur,
2460 4738 2637 4794 dicens
2664 4758 2683 4796 :
2717 4741 2857 4798 Deus
2889 4750 3138 4819 omnium,

1810 4816 1897 4851 eus
1925 4817 2084 4851 meus.
2110 4819 2203 4851 cur
2228 4821 2311 4851 me
2338 4806 2655 4851 άηριὸηηδιή
2698 4821 2784 4851 ριρ
2820 4817 2843 4851 9

1810 4816 1897 4876 eus
1925 4817 2084 4862 meus.
2110 4819 2203 4856 cur
2228 4821 2311 4876 me
2338 4806 2672 4876 deretiq‘uisti,
2698 4817 2843 4867 etc.?

1827 4866 2183 4959 [incesserat
2210 4874 2286 4959 (in.
2319 4866 2804 4959 exposiiioneﬂoci
2828 4866 2992 4959 hujus
3032 4892 3222 4959 psalmi
3251 4916 3345 4958 χχι

1754 4936 1811 4990 s.
1842 4938 2176 5025 Ambrosius,
2198 4944 2300 5025 qui
2327 4936 2418 5025 up:
2451 4962 2483 4999 χ
2513 4948 2574 5025 in_
2604 4936 2735 5006 υἱοί
2756 4936 3340 5025 δίλιίξ⁷ᾄὶὶηιῖιῖι²ἓ”ὶὶοῧῗᾶ

1753 5011 2077 5092 separatione
2116 5012 2760 5092 (divinitatis_moriturus._
2792 5022 2850 5077 S.
2901 5011 3140 5085 Hilarius

1752 5087 1918 5162 ment.
2021 5079 2235 5142 Mattb.,
2262 5099 2382 5153 cap.
2409 5085 2461 5162 ξ),
2487 5087 2657 5162 inquit
2684 5108 2696 5142 :
2724 5090 2932 5162 Clamor
2955 5079 3149 5154 iste-ait

1750 5155 1980 5231 τεν-ροβε
2017 5166 2127 5231 nam;
2145 5155 2562 5231 .e‘st,;recedentis
2585 5174 2618 5231 a_
2644 5176 2699 5213 se
2733 5161 2885 5217 Verbi
2921 5165 3021 5220 Dei
3048 5155 3339 5231 contestata

1750 5215 2217 5301 dissidium;'et'S.
2248 5221 2579 5301 Epiphanius
2606 5228 2797 5285 haeres.
2829 5215 2897 5285 69
2922 5215 2953 5287 ἶ
2975 5215 3337 5299 'Vtué'ni'gﬁi:

2206 5295 2636 5377 procinctu-esse,
2653 5310 2957 5377 utsanctum
2986 5323 3169 5377 corpus
3188 5295 3336 5367 dese-

1750 5365 1900 5435 reret,
1912 5372 2110 5435 (vocent
2124 5359 2267 5412 illam
2288 5364 2473 5435 emisit.
2491 5365 2760 5423 Maximus
2782 5368 2958 5427 autem
2974 5359 3164 5432 nosier
3176 5359 3308 5435 iiii}

1748 5420 2017 5515 Christum
2065 5429 2369 5515 clamorem.
2406 5433 2551 5515 illum
2599 5420 3336 5515 aetnaei}?$25555}

1748 5504 1957 5584 propter
1983 5512 2075 5584 ags
2102 5514 2169 5584 ise
2196 5515 2307 5584 esse
2334 5501 2653 5584 derelictum,
2679 5524 2897 5584 quorum
2926 5501 3133 5579 peccaui
3155 5501 3336 5583 porta;

1750 5558 2294 5639 bat,_etc._Sed_gquid
2331 5585 2429 5637 pro
2457 5558 3336 5639 derelictione—Villardivinittiﬁsiii

1749 5628 2217 5715 Christdintelligi
2258 5628 2469 5715 debeat,
2523 5641 2759 5715 theologi
2790 5628 3337 5715 iniiiniééﬁié'uiii

1751 5706 2064 5770 sententias,
2098 5706 2161 5760 ad
2189 5721 2323 5775 quos
2352 5709 2583 5763 lectores
2610 5706 2953 5769 remittimus.

3174 4762 3261 4827 qui
3287 4780 3343 4819 cs

2980 5863 3049 5921 11
