3924 6232
98 366 171 424 53;
1380 357 1664 412 IIOMILIA
1702 357 1906 413 XLVII.

3234 359 3344 413 πει

99 484 191 539 tari.
232 481 370 549 Quod
416 481 591 536 vincit
619 478 897 542 Christus,
930 491 1034 531 non
1088 474 1352 531 orationis
1401 484 1506 537 est,
1540 473 1641 527 sed
1670 480 1722 538 Α
1746 474 1933 529 audire
1954 486 2064 528 non
2085 474 2298 542 debuit;
2336 475 2495 530 talem
2525 476 2667 530 enim
2690 474 2951 529 arbitrum
2981 482 3221 529 meretur
3248 491 3313 529 ca
3332 505 3347 515 -

100 572 291 635 virtutis;
332 572 434 627 scit
462 572 615 626 enim
643 569 915 632 Salvator,
945 568 1040 635 qui
1069 575 1152 621 est
1180 564 1469 635 sapientia,
1502 579 1649 634 quo-

100 660 224 716 modo
247 661 463 716 tacendo
492 660 769 723 vinceret,
801 656 1072 725 quomodo
1118 670 1225 710 non
1265 652 1652 723 respondendo

101 760 328 819 superaret
358 769 369 802 :
401 760 568 818 atque
598 761 819 803 causam
858 760 1009 800 suam
1050 743 1257 799 mavult
1296 742 1655 813 comprobare

101 856 221 910 quam
246 841 433 895 dicere.
465 839 599 906 Quae
627 840 773 893 enim
797 852 883 893 res
910 837 1058 891 illum
1086 835 1440 905 compelleret
1462 833 1533 887 ad
1571 834 1655 888 lo-

103 931 349 997 quendam,
389 946 515 984 cum
545 929 822 984 silentium
849 927 982 981 satis
1021 923 1302 981 sufficeret
1334 924 1403 977 ad
1434 924 1657 978 vincen-

105 1022 229 1074 dum?
259 1020 357 1076 Sed
410 1022 641 1076 fortasse
687 1029 864 1075 metus
891 1033 1015 1074 eum
1046 1024 1286 1087 cogeret,
1320 1032 1393 1071 ne
1426 1015 1658 1070 salutem

106 1113 339 1179 perderet,
378 1113 485 1167 nisi
525 1111 675 1181 quod
726 1112 842 1181 ipsa
880 1118 999 1165 erat
1043 1117 1160 1163 tota
1195 1106 1661 1172 causavietotizc;

108 1216 225 1255 suam
252 1203 389 1256 enim
420 1203 655 1257 salutem
684 1200 936 1271 perdidit,
967 1208 1031 1253 ut
1055 1199 1285 1254 salutem
1315 1197 1555 1252 omnium
1582 1195 1667 1249 lu-

104 1301 330 1357 craretur;
382 1293 439 1347 in
476 1308 539 1347 se
563 1292 711 1346 vinci
738 1290 945 1356 maluit,
976 1297 1038 1344 ut
1062 1291 1239 1344 victor
1263 1296 1408 1343 esset
1436 1288 1490 1342 in
1532 1302 1667 1341 cun-

107 1380 199 1433 ctis.
231 1380 329 1435 Sed
380 1381 511 1452 quid
549 1381 620 1437 de
658 1379 874 1435 Christo
922 1380 1152 1449 loquar?
1196 1377 1442 1432 Susanna
1478 1377 1673 1432 mulier

111 1478 130 1504 ε
151 1472 267 1539 apud
284 1472 527 1526 inimicos
554 1486 685 1526 suos
706 1471 891 1535 tacuit,
914 1478 970 1525 et
990 1469 1117 1524 vicit
1133 1467 1374 1540 (Daniel.
1394 1465 1532 1537 xm).
1551 1466 1668 1522 Non

109 1561 221 1613 enim
244 1561 378 1631 apud
406 1562 692 1616 Danielem
720 1560 960 1630 judicem
992 1559 1281 1614 verborum
1315 1572 1376 1612 se
1403 1557 1431 1596 ιι
1462 1558 1673 1612 ratione

112 1651 328 1717 defendit,
359 1669 468 1707 non
506 1653 794 1723 patrocinii
821 1666 1075 1707 sermone
1106 1660 1129 1689 ο
1161 1658 1335 1706 tutata
1353 1658 1469 1714 est;
1504 1647 1599 1703 sed
1623 1649 1679 1703 in

111 1754 263 1798 sancta
289 1744 485 1799 femina
503 1785 519 1810 ,
549 1753 765 1799 tacente
785 1744 985 1812 lingua,
1017 1758 1118 1812 pro
1146 1756 1210 1796 ea
1239 1741 1463 1797 castitas
1489 1741 1679 1807 loque—

1754 564 2030 632 stimonia,
2054 564 2196 633 apud
2210 579 2371 633 quem
2393 580 2501 620 non
2527 565 2860 635 periclitetur
2880 561 3229 619 verecundia.
3250 562 3350 616 Co-

1756 653 1906 721 gnito
1932 653 2094 721 igitur
2112 652 2301 707 Daniel
2331 653 2592 708 Susanna:
2622 654 2859 722 negotio,
2891 668 3013 708 cum
3042 666 3165 707 eam
3197 650 3351 706 falsis

1758 745 2197 799 accusationibus
2233 746 2393 800 vellet
2436 746 2589 815 plebs
2632 746 2882 815 imperita
2927 745 3188 800 damnare
3211 786 3229 812 ,
3278 745 3356 798 ait

1759 832 1899 888 idem
1922 831 2181 889 :Mundus
2201 851 2295 905 ego
2318 852 2432 889 sum
2452 852 2484 887 a
2504 837 2761 906 sanguine
2786 835 2940 905 hujus
2971 833 3211 904 (Daniel.
3238 850 3351 896 xm,

1762 922 1875 992 46).
1894 923 2013 990 Quo
2028 925 2173 979 dicto
2190 926 2463 994 peccantis
2476 926 2660 996 populi
2674 927 2949 981 revocavit
2962 941 3226 981 errorem.
3244 924 3357 982 Hac

1763 1029 1894 1085 ergo
1930 1030 2064 1071 voce
2088 1018 2230 1071 circa
2274 1016 2574 1072 Susannam
2623 1018 2811 1073 Daniel
2850 1018 3047 1084 utitur;
3078 1031 3185 1090 qua
3213 1019 3359 1077 circa

1755 1107 2051 1161 Dominum
2094 1123 2224 1164 usus
2254 1117 2334 1163 est
2364 1108 2597 1176 Pilatus;
2624 1110 2701 1164 ait
2746 1110 2891 1165 enim
2926 1110 3170 1166 Pilatus:
3202 1110 3360 1165 Mun-

1769 1198 1864 1253 dus
1892 1216 1986 1271 ego
2014 1216 2131 1253 sum
2158 1217 2191 1253 a
2208 1202 2466 1272 sanguine
2486 1202 2639 1271 hujus
2652 1202 2783 1271 justi
2806 1201 3025 1274 (Matth.
3057 1220 3224 1270 xxvu,
3243 1202 3358 1274 94).

1777 1288 1934 1359 144
1962 1288 2166 1344 Eadem
2196 1290 2357 1359 igitur
2384 1294 2659 1346 sententia
2690 1292 2919 1348 solvitur
2948 1293 3225 1363 pudicitia,
3257 1308 3361 1362 qua

1776 1386 1861 1433 est
1880 1378 2124 1433 absoluta
2144 1377 2371 1447 justitia.
2398 1379 2503 1435 Sed
2524 1380 2713 1436 Daniel
2733 1383 2925 1438 melius
2944 1398 3107 1453 quam
3130 1382 3363 1441 Pilatus:

1776 1468 1865 1523 ille
1904 1470 2051 1523 enim
2086 1469 2341 1539 pudicum
2368 1472 2682 1539 sanguinem
2732 1488 2840 1527 non
2888 1473 3243 1539 condemnat,
3271 1474 3366 1528 sed

1778 1560 1997 1626 liberat;
2026 1562 2113 1616 hic
2134 1570 2314 1616 autem
2332 1562 2536 1631 justum
2560 1566 2873 1631 sanguinem
2902 1573 2957 1619 et
2976 1564 3289 1631 confitetur,
3314 1574 3371 1619 et

1778 1651 1958 1705 tradit.
1994 1649 2132 1717 Quid
2179 1653 2325 1706 enim
2366 1651 2573 1721 profuit
2620 1654 2986 1709 testimonium
3032 1656 3373 1725 perhibuisse

1781 1744 2127 1810 innocentiae,
2167 1752 2223 1799 et
2248 1744 2398 1799 velut
2444 1759 2595 1799 reum
2644 1745 2913 1801 addixisse
2950 1747 3229 1816 nequitiae,
3268 1746 3372 1800 nisi

112 1835 257 1889 batur.
292 1836 530 1891 Castitas
552 1836 695 1891 enim
723 1835 984 1890 Susanna:
1024 1833 1197 1888 adluit
1233 1834 1286 1887 in
1314 1832 1537 1902 judicio,
1563 1846 1682 1900 quae
1714 1838 1758 1897 Β
1784 1834 1928 1903 quod
1979 1835 2197 1902 gravius
2242 1842 2523 1904 peccatum
2571 1830 2675 1903 est,
2706 1853 2871 1891 unum
2915 1838 3276 1906 eumdemque
3319 1846 3377 1891 et

113 1938 207 1977 eam
250 1926 485 1981 defendit
515 1935 569 1981 et
602 1927 656 1980 in
697 1927 980 1997 paradiso;
1026 1925 1101 1980 ibi
1137 1925 1285 1980 enim
1329 1924 1522 1994 pudori
1567 1923 1684 1992 ejus

113 2018 365 2085 consuluit,
392 2018 552 2091 ιω
582 2019 671 2073 hic
698 2018 889 2084 saluti;
921 2018 995 2074 ibi
1034 2033 1103 2074 ne
1132 2017 1497 2073 macularetur
1525 2018 1684 2087 pudi-

113 2107 233 2173 citia,
273 2108 359 2163 hic
398 2124 471 2164 ne
517 2109 827 2166 innocentia
865 2107 1230 2163 damnaretur.
1280 2106 1515 2163 Castitas
1559 2121 1689 2175 ergo

112 2196 342 2255 Susanna:
370 2197 398 2237 ἀ
422 2210 487 2255 et
533 2201 913 2271 presbyteros,
944 2209 1000 2255 et
1039 2201 1339 2270 impudicos
1364 2199 1600 2255 convicit
1634 2199 1689 2253 in

118 2288 358 2357 paradiso,
404 2298 463 2344 et
510 2290 563 2343 in
604 2289 810 2359 judicio
856 2290 1021 2346 falsos
1054 2299 1398 2345 accusatores
1426 2289 1689 2357 obtinuit,

118 2377 282 2449 bisque
323 2382 521 2437 victrix
564 2396 689 2436 reos
741 2380 872 2436 facit
916 2382 1245 2450 testimonii,
1274 2396 1413 2451 quos
1452 2397 1577 2436 reos
1612 2382 1695 2436 fe-

1785 1927 2146 1996 pronuntiare
2164 1926 2397 1995 justum,
2426 1934 2483 1982 et
2506 1928 2723 1983 tradere
2750 1926 2767 1965 τ
2800 1929 2955 1998 quasi
2983 1928 3333 1983 criminosum
3352 1931 3378 1980 1'
3416 1969 3419 1972 ‹

1786 2019 1908 2089 Ipse
1935 2019 2077 2073 enim
2100 2019 2399 2089 iniquitatis
2423 2034 2534 2074 sua:
2574 2020 2729 2074 testis
2757 2028 2860 2085 est,
2895 2021 2987 2089 qui
3008 2034 3107 2074 ore
3126 2020 3379 2085 absolvit,

1788 2118 1847 2165 et
1874 2109 2040 2163 corde
2060 2109 2404 2165 condemnat.
2437 2109 2655 2165 Laverit
2698 2110 2827 2164 licet
2853 2125 3047 2164 manus
3084 2126 3212 2165 suas
3240 2108 3383 2163 Pila-

1794 2207 1901 2267 tus,
1930 2207 2109 2253 tamen
2131 2215 2229 2254 sua
2276 2198 2417 2255 facta
2446 2216 2555 2256 non
2600 2201 2790 2267 diluit;
2822 2209 2879 2256 et
2904 2201 3150 2271 quamvis
3172 2201 3383 2256 abster-

1793 2305 1922 2360 gere
1946 2307 2005 2347 se
2026 2292 2299 2361 putaverit
2316 2291 2450 2361 justi
2497 2294 2812 2361 sanguinem
2842 2293 2911 2348 de
2949 2294 3061 2349 suis
3105 2294 3385 2358 membris,

1800 2394 1825 2432 Β
1866 2400 1933 2439 eo
1957 2392 2136 2440 tamen
2161 2386 2423 2453 sanguine
2460 2400 2616 2441 mens
2642 2386 2761 2455 ejus
2789 2394 3005 2441 tenetur
3024 2384 3243 2441 infecta.
3274 2384 3393 2454 Ipse

118 2480 245 2524 cerat
269 2473 519 2528 adulterii
545 2481 595 2527 ε.
642 2472 713 2527 At
741 2488 905 2541 quem
940 2473 1159 2529 tandem
1184 2472 1421 2542 judicem
1460 2479 1699 2527 meretur
1800 2479 1946 2534 enim
1968 2478 2169 2534 occidit
2188 2477 2481 2546 Christum,
2505 2480 2593 2549 qui
2618 2494 2741 2535 eum
2762 2479 2985 2534 tradidit
3003 2477 3390 2543 occidendum;

121 2563 347 2617 castitas?
384 2564 669 2619 Danielem
712 2579 938 2634 puerum
964 2565 1268 2634 iuniorem,
1307 2580 1409 2620 nec
1434 2566 1562 2620 dum
1600 2580 1700 2634 pu-
1796 2571 1966 2641 judex
1991 2572 2138 2626 enim
2163 2578 2422 2629 constans
2463 2580 2519 2627 et
2543 2572 2748 2637 bonus,
2782 2587 2852 2627 ne
2889 2572 3214 2640 sanguinem
3233 2570 3391 2623 iuno-

122 2651 359 2710 bescentls
418 2656 623 2710 mtatis.
681 2654 909 2710 Multum
954 2657 1117 2725 igitur
1163 2657 1231 2712 de
1289 2657 1403 2712 Deo
1446 2657 1703 2728 pudicitia
1800 2662 1978 2717 centis
2006 2661 2302 2728 addiceret,
2333 2676 2435 2716 nec
2480 2661 2693 2716 invidia:
2733 2661 3159 2724 cedereidebuit,
3184 2672 3285 2714 nec
3324 2659 3391 2711 ti-

122 2747 470 2815 cousequitur,
500 2762 626 2802 cum
652 2747 891 2816 judicem
918 2748 1178 2817 virginem
1210 2757 1578 2819 promeretur;
1609 2764 1698 2803 se-
1804 2750 1968 2806 mori.
2000 2750 2191 2805 Daniel
2216 2764 2347 2819 ergo
2368 2751 2564 2807 melius
2590 2766 2756 2821 quam
2780 2749 2986 2805 Pilatus
3010 2769 3022 2803 :
3057 2750 3148 2804 ille
3176 2763 3395 2819 peccan-

122 2847 229 2887 cnra
254 2838 392 2890 enim
422 2845 509 2891 est
534 2837 605 2892 de
632 2838 864 2892 victoria
901 2840 1148 2903 castitas,
1178 2840 1264 2895 cui
1292 2847 1376 2895 est
1393 2840 1697 2909 judicatura
1805 2842 2078 2911 tispopuli
2105 2843 2382 2897 revocavit
2407 2857 2683 2907 errorem;
2725 2842 2816 2898 hic
2841 2851 3024 2898 autem
3053 2840 3282 2897 furentis
3302 2839 3397 2903 Sv-

125 2924 389 2995 virginitas.
420 2928 704 2984 Pudicitia:
724 2936 907 2984 autem
933 2944 1177 2993 causam,
1210 2929 1313 2985 nisi
1354 2930 1437 2984 vir
1465 2930 1694 2999 pudicus
1803 2946 2026 3001 nagogte
2054 2933 2395 3003 sacrilegium
2420 2933 2788 2989 conﬁrmavit.

1424 3040 1775 3102 HOMILIA
1816 3041 2069 3103 XLVII.

1424 3165 1504 3218 De
1542 3167 1725 3221 eodem
1764 3160 1963 3230 judicio
1990 3164 2076 3219 II.

1605 3290 1915 3331 ADHONITIO.

180 3386 289 3443 Non
329 3390 487 3445 deest
514 3388 627 3443 hoc
654 3388 781 3443 loco
822 3385 979 3457 copia
1004 3384 1325 3457 rationibus,
1360 3383 1554 3453 quibus
1583 3381 2015 3457 elﬁciaturhanc
2043 3384 2323 3457 homiliam
2365 3399 2486 3457 esse
2522 3391 2713 3457 sancto
2762 3383 3002 3457 maximo
3030 3382 3401 3457 tribuendam.

126 3456 307 3512 llanun
334 3469 461 3536 sunt
480 3458 762 3536 p_1_-a:cipue
786 3453 917 3536 tres'.
934 3456 1099 3536 Prior
1126 3454 1261 3534 petit
1280 3466 1429 3536 περὶ
1450 3469 1595 3509 nexu
1623 3454 2079 3536 co‘l‘ligationeque
2108 3470 2230 3508 cum
2261 3455 2481 3536 hom-ilia
2504 3454 2808 3536 superiore,
2828 3454 3021 3536 .in'gna
3041 3454 3111 3535 de
3138 3453 3403 3536 Dedisse-

128 3538 313 3598 νάει-πῃ,
344 3529 411 3583 de
432 3521 633 3598 quibus
656 3521 911 3598 inqhujus
933 3526 1086 3580 initio
1114 3521 1289 3598 pergit
1316 3523 1604 3598 disserere.
1638 3522 1821 3598 Altera
1844 3533 1925 3598 est
1948 3521 2086 3578 ratio
2109 3539 2185 3598 ex
2205 3525 2483 3598 codicibus
2504 3521 2860 3598 Sangallensi,
2894 3521 3241 3598 Taurinensi,
3266 3522 3405 3598 San-

120 3606 214 3650 cta:
238 3596 422 3652 Crucis
445 3593 499 3651 in
528 3593 854 3662 Jerusalem,
884 3594 1252 3650 Laurentiano
1281 3600 1529 3661 accepta,
1574 3594 1628 3646 in
1656 3593 1852 3661 quibus
1881 3594 1996 3647 haec
2024 3594 2213 3647 eadem
2260 3594 2481 3648 homilia
2510 3595 2753 3648 succedit
2800 3594 3093 3662 superiori,
3124 3594 3404 3662 sanctique

124 3663 321 3719 Nnxitni
378 3683 577 3721 nomen
628 3664 868 3735 prtefert.
919 3664 1255 3719 Postremum
1304 3663 1613 3731 suppeditat
1664 3662 1933 3716 editorum
1978 3662 2245 3734 Cymnici,
2297 3662 2575 3731 Galesinii,
2628 3661 2930 3785 Raf'naudi,
2977 3661 3404 3730 Combefisii,et

126 3732 391 3785 Μςιηωι-ἰιιὶ
419 3736 736 3785 consensio.
760 3734 895 3785 Stin
926 3747 1202 3785 nexusuue
1233 3732 1623 3785 sententiarum
1653 3731 1841 3785 eadem
1872 3733 1926 3785 in
1976 3733 2077 3785 hac
2105 3741 2219 3785 est.
2264 3741 2427 3785 atoue
2458 3734 2510 3785 in
2560 3735 2707 3785 homi
2732 3734 2796 3785 iis
2843 3731 3216 3785 superioribus
3244 3733 3404 3785 ratio.

126 3732 391 3803 Nargarini
419 3731 736 3790 consensio.
760 3734 895 3803 Styli
926 3747 1202 3803 nexusque
1228 3732 1623 3803 sententiarum
1653 3731 1841 3803 eadem
1872 3733 1926 3785 in
1976 3731 2077 3788 hac
2105 3741 2219 3797 est,
2264 3741 2427 3803 atque
2458 3734 2510 3787 in
2560 3731 2796 3787 homiliis
2843 3731 3216 3801 superioribus
3244 3733 3406 3785 ratio.

126 3802 295 3875 itaque
332 3806 470 3875 lapsi
500 3813 628 3859 sunt
654 3804 745 3872 qui
772 3802 1275 3875 saneto_Amb_ros_io
1323 3816 1444 3875 eam
1491 3815 1610 3855 esse
1653 3802 2027 3875 ascribendam
2071 3812 2363 3868 notarunt;
2405 3804 2764 3875 laudandique
2810 3811 3119 3875 propterea
3147 3803 3407 3875 monachi

129 3870 441 3995 Βυιιριιὶίειίᾖί
478 3870 914 3942 congregationis
952 3872 1137 3927 Sancti
1174 3870 1345 3925 Mauri
1382 3878 1551 3937 sunt,
1588 3871 1679 3940 qui
1736 3886 1857 3925 eam
1886 3888 1917 3926 e
1947 3888 2173 3927 numero
2212 3888 2438 3942 Operum
2484 3870 2730 3943 ejusdem
2783 3870 2959 3929 sancti
3010 3872 3408 3940 archiepiscopi

129 3951 259 3995 snstu
282 3954 461 3995 erunt.

126 3951 461 3998 sustulerunt.

129 4055 687 4111 AllCU!ESTUI.—De
723 4054 1060 4126 similitudine
1085 4051 1271 4121 judicii
1298 4055 1351 4107 in
1382 4052 1703 4114 Susannam,
1736 4056 1779 4117 C
1812 4064 2054 4111 cusatur.
2080 4058 2234 4123 Quod
2282 4061 2499 4125 quidem
2528 4055 2872 4126 sacrilegium
2898 4057 2950 4109 in
2970 4054 3257 4111 Pharisaais
3296 4070 3410 4110 ma-

186 4135 235 4196 et
258 4128 311 4178 in
362 4127 626 4179 Christum
670 4126 911 4196 instituti,
946 4125 1103 4196 deque
1146 4125 1327 4178 cadent
1383 4139 1570 4195 pecua,
1602 4140 1703 4194 qua

188 4192 349 4249 ludas
373 4206 424 4248 et
456 4196 685 4249 lueretici
713 4195 1018 4264 puniuntur.

189 4328 323 4382 Ante
347 4328 469 4383 dies
498 4326 524 4364 δ
556 4328 827 4397 prosecuti
872 4342 1058 4382 sumus
1100 4335 1301 4382 sanch
1330 4326 1590 4381 Susanna:
1614 4326 1706 4395 ju-

128 4417 310 4473 dicium
354 4420 535 4475 simile
564 4420 854 4474 admodum
886 4418 1047 4475 fuisse
1070 4419 1272 4489 judicio
1300 4420 1617 4485 Salvatoris,
1650 4429 1708 4475 ct

130 4506 302 4562 iisdem
342 4510 814 4564 criminationibus
839 4512 1112 4566 laborasse
1148 4520 1459 4566 memorate
1486 4512 1705 4566 castita-

131 4605 226 4651 tem
240 4597 478 4661 feminae,
496 4600 693 4669 quibus
714 4598 914 4655 Christi
945 4600 1210 4655 laboravit
1234 4601 1532 4669 integritas.
1556 4602 1709 4655 Simi-

131 4688 243 4743 liter
261 4693 406 4746 enim
431 4701 809 4761 persecutores
825 4693 876 4746 in
892 4692 1136 4747 Susanna
1158 4708 1315 4762 passa
1329 4701 1413 4747 est
1431 4694 1705 4762 pudicitia.

130 4777 212 4832 illa
234 4782 377 4835 enim
427 4782 558 4835 dum
590 4782 643 4836 in
666 4781 931 4837 adulterio
966 4783 977 4819 ί
1024 4784 1298 4839 convincit
1341 4783 1708 4853 presbyteros,

129 4868 233 4935 ipsa
259 4880 515 4941 tanquam
546 4872 789 4926 adultera
828 4874 1121 4937 retinetur;
1154 4874 1241 4928 hic
1264 4873 1390 4927 dum
1420 4874 1431 4921 ἰ
1468 4873 1518 4927 in
1543 4874 1709 4927 sacri-

128 4956 258 5025 legio
278 4961 458 5029 arguit
478 4960 800 5027 Pharisros,
825 4963 936 5032 ipse
960 4964 982 4999 ιι
1015 4964 1589 5033 tanquamsacrilegus
1614 4979 1707 5019 ac-

195 5146 219 5212 }
245 5138 320 5212 l_ta
344 5155 413 5212 ex
438 5140 561 5212 cod.
591 5138 842 5195 Laurent.
870 5158 906 5207 ι,
930 5142 1070 5212 apud
1096 5144 1332 5207 inimicos
1362 5160 1481 5197 suos
1502 5184 1517 5207 ,
1550 5151 1657 5197 etc.

193 5204 417 5289 5_Codd,
448 5208 731 5289 Laurent.,
781 5218 838 5265 et
878 5204 999 5266 cod.
1033 5212 1102 5267 99
1123 5222 1179 5268 et
1222 5204 1292 5267 90
1334 5212 1391 5267 S.
1420 5204 1631 5280 Crucis,
1660 5229 1714 5265 se

131 5286 358 5331 oratione
378 5318 394 5341 ,
433 5288 539 5332 etc.

198 5356 218 5414 ε
242 5344 445 5402 Eodem
465 5348 520 5401 in
547 5347 668 5403 cod.
696 5347 784 5414 99,
812 5358 925 5404 tuta
952 5362 1046 5405 est.

195 5412 221 5451 δ
246 5396 785 5498 ρξᾆιῖ”ἰ,ξὶιιῖὲιξξ.,’ὲί
811 5396 1079 5474 ἔὸῖιιῗὸθ
1110 5396 1167 5477 et
1196 5421 1266 5475 9o
1309 5421 1367 5476 s.
1421 5419 1633 5488 Crucis,
1663 5429 1713 5474 et

132 5485 442 5607 Vestalem:
462 5488 768 5556 impudicos,
793 5497 899 5544 etc.

198 5563 221 5590 ⁸
299 5572 332 5607 x
359 5556 481 5607 cod.
508 5556 762 5607 Laurent.
795 5575 811 5607 ι
839 5574 899 5607 cn

299 5572 332 5608 ι
359 5556 481 5610 cod.
508 5549 763 5612 Laurent.
795 5575 811 5612 ι
839 5560 1127 5627 corrigitur
1169 5560 1332 5615 iectio
1371 5558 1628 5614 Galesinii
1657 5556 1710 5613 et
1743 5549 1790 5607 D

134 5623 485 5699 aliorum,‘qui
516 5627 716 5699 habent
736 5630 900 5698 Atque
931 5623 1137 5683 tandem
1154 5630 1381 5699 judicem
1405 5670 1420 5693 ,
1451 5639 1557 5683 etc.

200 5692 220 5728 ί
249 5693 557 5767 ln_e_dition.
589 5692 890 5752 llaurinén.
938 5701 1109 5754 sancti
1140 5692 1428 5767 Augustini
1472 5700 1576 5751 Ioc.
1607 5698 1700 5751 cit.

136 5774 274 5819 num.
298 5764 333 5817 '5
359 5764 587 5829 legitur:
620 5778 669 5820 ct
720 5768 924 5821 tradere
978 5764 1290 5822 criminosis.
1323 5768 1431 5841 Nos
1483 5782 1550 5822 ex
1578 5768 1701 5822 cod.

1805 4157 1895 4226 jus
1922 4158 2247 4213 adulterium
2276 4158 2463 4213 vocari
2503 4166 2717 4226 potest;
2746 4157 2963 4225 gravius
2993 4164 3079 4210 est
3102 4156 3246 4213 enim
3275 4156 3406 4210 reli-

1810 4259 1986 4327 gionis
2007 4258 2312 4312 adulterum
2342 4272 2460 4313 esse
2482 4272 2644 4326 quam
2662 4257 2933 4326 corporis;
2959 4264 3015 4311 et
3034 4256 3154 4325 plus
3177 4263 3259 4311 est
3276 4256 3411 4311 intc-

1811 4357 2063 4425 gritatem
2087 4356 2385 4410 divinitatis
2416 4355 2613 4410 laedere
2639 4366 2803 4427 quam
2835 4354 3202 4421 integritatem
3232 4354 3411 4407 homi-

1813 4458 1897 4511 nis
1916 4456 2137 4510 violare.
2159 4455 2560 4512 Condemnatur
2574 4468 2703 4521 ergo
2726 4454 2999 4519 Susanna,
3019 4453 3413 4508 condemnatur

1823 4555 1977 4625 145
2010 4562 2069 4609 et
2094 4554 2379 4617 Dominus;
2412 4553 2521 4614 illa,
2546 4552 2671 4622 quia
2694 4551 2999 4605 castitatem
3022 4551 3268 4621 corporis
3291 4559 3413 4607 tue-

1816 4657 2003 4722 batur;
2050 4658 2138 4711 hic
2167 4655 2292 4723 quia
2334 4653 2608 4722 religionis
2651 4653 3026 4707 castimoniam
3067 4652 3411 4707 defendebat.

1818 4758 2020 4814 Similis
2050 4758 2211 4825 igitur
2230 4764 2346 4809 erat
2374 4756 2430 4808 in
2458 4762 2689 4822 utroque
2716 4768 2875 4807 causa
2902 4751 3111 4821 judicii,
3140 4753 3242 4806 nisi
3267 4753 3411 4823 quod

1818 4858 2044 4913 meliore
2090 4870 2189 4909 usa
2236 4861 2321 4907 est
2383 4851 2562 4921 judice
2609 4850 2855 4908 Susanna
2919 4864 3082 4918 quam
3130 4850 3413 4906 Dominus.

1818 4958 1973 5013 lluuc
1998 4956 2141 5011 enim
2169 4968 2369 5023 pra‘ses
2392 4952 2620 5022 iudicat,
2657 4952 2799 5006 hanc
2829 4950 3113 5021 propheta,
3145 4950 3290 5005 hunc
3318 4966 3410 5005 au-

1822 5137 1891 5191 99
1912 5139 2125 5193 Sanctae
2146 5137 2332 5192 Crucis
2355 5138 2405 5191 in
2422 5135 2723 5190 Jerusalem
2748 5134 3138 5189 restituendam
3161 5143 3410 5202 putanm

1820 5225 2010 5263 vocem
2055 5210 2229 5280 quasi.
2271 5223 2391 5280 qua:
2428 5215 2731 5280 opportuna
2766 5206 2997 5280 uidetur
3022 5206 3409 5280 >:_t_lesi_i.leratnr

1820 5288 1999 5333 autem
2032 5273 2082 5333 in
2105 5273 2352 5333 vanici
2375 5273 2657 5332 etdtiahus
2680 5273 2937 5328 Galesinii
2968 5274 3318 5329 editionihus.

1892 5359 1915 5395 ς
1941 5348 2111 5403 Codd.
2146 5342 2427 5409 Laurent.,
2453 5357 2509 5401 et
2538 5346 2604 5399 90
2638 5343 2695 5399 S.
2744 5342 2932 5400 Crucis
2978 5348 3032 5401 in
3071 5344 3208 5411 den,
3232 5344 3408 5397 eodem

1819 5428 2012 5487 tamen,
2040 5428 2147 5472 etc.

1890 5485 1915 5524 ε
1940 5486 2075 5543 Cod.
2107 5487 2386 5553 Laurent.,
2412 5487 2545 5538 Ante
2571 5485 2680 5537 dies
2709 5498 2923 5553 paucos.

1894 5557 1908 5593 ί
1943 5555 2076 5616 Cod.
2102 5555 2355 5610 Laurent.
2379 5597 2392 5618 ,
2418 5556 2650 5608 convicit.

1889 5631 1903 5676 t
1944 5625 2074 5680 Cod.
2108 5625 2277 5680 Vatic.
2303 5624 2461 5691 1270,
2492 5626 2613 5677 dum
2641 5622 2921 5691 sacrilegos
2948 5624 3148 5692 arguit.

1887 5695 1911 5734 κ
1943 5695 2072 5751 Cod.
2112 5696 2392 5760 Laurent.,
2424 5696 2532 5764 ipse
2554 5693 2837 5761 sacrilegus
2858 5728 2875 5754 ,
2900 5699 3007 5746 etc.
