  <div class='ocr_page' id='page_1' title='image "/cluster/home/n/w/nwhite01/storage/ocr_20150623/57/uva.x000827099/171.png"; bbox 0 0 3924 6232; ppageno 0'>
   <div class='ocr_carea' id='block_1_1' title="bbox 598 366 702 423">
    <p class='ocr_par' dir='ltr' id='par_1_1' title="bbox 598 366 702 423">
     <span class='ocr_line' id='line_1_1' title="bbox 598 366 702 423; baseline 0 -2"><span class='ocrx_word' id='word_1_1' title='bbox 598 366 702 423; x_wconf 73' lang='lat'><strong>555</strong></span> 
     </span>
    </p>
   </div>
   <div class='ocr_carea' id='block_1_2' title="bbox 1570 362 2747 435">
    <p class='ocr_par' dir='ltr' id='par_1_2' title="bbox 1570 362 2747 435">
     <span class='ocr_line' id='line_1_2' title="bbox 1570 362 2747 435; baseline 0.007 -8"><span class='ocrx_word' id='word_1_2' title='bbox 1570 371 1627 427; x_wconf 89' lang='lat' dir='ltr'><strong>S.</strong></span> <span class='ocrx_word' id='word_1_3' title='bbox 1670 362 1913 428; x_wconf 66' lang='lat' dir='ltr'><strong>MAXIHI</strong></span> <span class='ocrx_word' id='word_1_4' title='bbox 1951 369 2251 431; x_wconf 81' lang='lat' dir='ltr'><strong>EPISCOI‘I</strong></span> <span class='ocrx_word' id='word_1_5' title='bbox 2294 377 2747 435; x_wconf 66' lang='lat' dir='ltr'><strong>TAURINENSIS</strong></span> 
     </span>
    </p>
   </div>
   <div class='ocr_carea' id='block_1_3' title="bbox 3746 380 3854 438">
    <p class='ocr_par' dir='ltr' id='par_1_3' title="bbox 3746 380 3854 438">
     <span class='ocr_line' id='line_1_3' title="bbox 3746 380 3854 438; baseline 0 0"><span class='ocrx_word' id='word_1_6' title='bbox 3746 380 3854 438; x_wconf 71' lang='grc'><strong>’556</strong></span> 
     </span>
    </p>
   </div>
   <div class='ocr_carea' id='block_1_4' title="bbox 598 461 3857 559">
    <p class='ocr_par' dir='ltr' id='par_1_4' title="bbox 598 461 3857 559">
     <span class='ocr_line' id='line_1_4' title="bbox 598 461 3857 559; baseline 0.002 -24"><span class='ocrx_word' id='word_1_7' title='bbox 598 486 673 538; x_wconf 64' lang='lat' dir='ltr'><strong>nit</strong></span> <span class='ocrx_word' id='word_1_8' title='bbox 718 482 829 546; x_wconf 83' lang='lat' dir='ltr'><strong>vir,</strong></span> <span class='ocrx_word' id='word_1_9' title='bbox 876 482 968 552; x_wconf 99' lang='lat' dir='ltr'><strong>qui</strong></span> <span class='ocrx_word' id='word_1_10' title='bbox 1017 481 1407 538; x_wconf 71' lang='lat' dir='ltr'><strong>Pharisaeorum</strong></span> <span class='ocrx_word' id='word_1_11' title='bbox 1452 461 1804 538; x_wconf 65' lang='lat' dir='ltr'><strong>seditionibus</strong></span> <span class='ocrx_word' id='word_1_12' title='bbox 1846 485 2176 550; x_wconf 89' lang='lat' dir='ltr'><strong>terrebatur;</strong></span> <span class='ocrx_word' id='word_1_13' title='bbox 2210 496 2255 547; x_wconf 78' lang='grc' dir='ltr'><strong>Α</strong></span> <span class='ocrx_word' id='word_1_14' title='bbox 2288 487 2607 542; x_wconf 79' lang='lat' dir='ltr'><strong>innocentiae</strong></span> <span class='ocrx_word' id='word_1_15' title='bbox 2636 488 3001 551; x_wconf 84' lang='lat' dir='ltr'><strong>testimonium</strong></span> <span class='ocrx_word' id='word_1_16' title='bbox 3031 494 3148 553; x_wconf 89' lang='lat' dir='ltr'><strong>est,</strong></span> <span class='ocrx_word' id='word_1_17' title='bbox 3191 488 3319 542; x_wconf 87' lang='lat' dir='ltr'><strong>dum</strong></span> <span class='ocrx_word' id='word_1_18' title='bbox 3358 496 3640 543; x_wconf 78' lang='lat' dir='ltr'><strong>accusator</strong></span> <span class='ocrx_word' id='word_1_19' title='bbox 3662 489 3780 559; x_wconf 82' lang='lat' dir='ltr'><strong>ejus</strong></span> <span class='ocrx_word' id='word_1_20' title='bbox 3804 502 3857 543; x_wconf 81' lang='lat' dir='ltr'><strong>et</strong></span> 
     </span>
    </p>
   </div>
   <div class='ocr_carea' id='block_1_5' title="bbox 598 565 2178 647">
    <p class='ocr_par' dir='ltr' id='par_1_5' title="bbox 598 565 2178 647">
     <span class='ocr_line' id='line_1_5' title="bbox 598 565 2178 647; baseline 0.001 -17"><span class='ocrx_word' id='word_1_21' title='bbox 598 578 735 631; x_wconf 86' lang='lat' dir='ltr'><strong>hanc</strong></span> <span class='ocrx_word' id='word_1_22' title='bbox 755 576 906 630; x_wconf 83' lang='lat' dir='ltr'><strong>audit</strong></span> <span class='ocrx_word' id='word_1_23' title='bbox 924 591 1078 645; x_wconf 88' lang='lat' dir='ltr'><strong>puer,</strong></span> <span class='ocrx_word' id='word_1_24' title='bbox 1099 576 1190 644; x_wconf 88' lang='lat' dir='ltr'><strong>qui</strong></span> <span class='ocrx_word' id='word_1_25' title='bbox 1212 584 1403 631; x_wconf 89' lang='lat' dir='ltr'><strong>saneto</strong></span> <span class='ocrx_word' id='word_1_26' title='bbox 1424 565 1631 645; x_wconf 88' lang='lat' dir='ltr'><strong>Spiritu</strong></span> <span class='ocrx_word' id='word_1_27' title='bbox 1673 576 2005 647; x_wconf 87' lang='lat' dir='ltr'><strong>replebatur.</strong></span> <span class='ocrx_word' id='word_1_28' title='bbox 2052 578 2178 643; x_wconf 88' lang='lat' dir='ltr'><strong>Iste,</strong></span> 
     </span>
    </p>
   </div>
   <div class='ocr_carea' id='block_1_6' title="bbox 596 667 2179 737">
    <p class='ocr_par' dir='ltr' id='par_1_6' title="bbox 596 667 2179 737">
     <span class='ocr_line' id='line_1_6' title="bbox 596 667 2179 737; baseline -0.001 -15"><span class='ocrx_word' id='word_1_29' title='bbox 596 670 740 737; x_wconf 88' lang='lat' dir='ltr'><strong>quod</strong></span> <span class='ocrx_word' id='word_1_30' title='bbox 779 669 981 736; x_wconf 88' lang='lat' dir='ltr'><strong>sentit,</strong></span> <span class='ocrx_word' id='word_1_31' title='bbox 1024 674 1339 723; x_wconf 91' lang='lat' dir='ltr'><strong>constanter</strong></span> <span class='ocrx_word' id='word_1_32' title='bbox 1378 669 1734 737; x_wconf 83' lang='lat' dir='ltr'><strong>pronuntiat,</strong></span> <span class='ocrx_word' id='word_1_33' title='bbox 1787 683 1894 722; x_wconf 90' lang='lat' dir='ltr'><strong>non</strong></span> <span class='ocrx_word' id='word_1_34' title='bbox 1920 667 2179 722; x_wconf 71' lang='lat' dir='ltr'><strong>defendit.</strong></span> 
     </span>
    </p>
   </div>
   <div class='ocr_carea' id='block_1_7' title="bbox 596 758 2185 828">
    <p class='ocr_par' dir='ltr' id='par_1_7' title="bbox 596 758 2185 828">
     <span class='ocr_line' id='line_1_7' title="bbox 596 758 2185 828; baseline 0 -15"><span class='ocrx_word' id='word_1_35' title='bbox 596 759 853 813; x_wconf 69' lang='lat' dir='ltr'><strong>Susanna:</strong></span> <span class='ocrx_word' id='word_1_36' title='bbox 889 760 1033 813; x_wconf 89' lang='lat' dir='ltr'><strong>enim</strong></span> <span class='ocrx_word' id='word_1_37' title='bbox 1070 758 1237 827; x_wconf 78' lang='lat' dir='ltr'><strong>judex</strong></span> <span class='ocrx_word' id='word_1_38' title='bbox 1281 772 1442 828; x_wconf 86' lang='lat' dir='ltr'><strong>quam</strong></span> <span class='ocrx_word' id='word_1_39' title='bbox 1474 759 1706 814; x_wconf 83' lang='lat' dir='ltr'><strong>absolvit</strong></span> <span class='ocrx_word' id='word_1_40' title='bbox 1734 766 1790 812; x_wconf 92' lang='lat' dir='ltr'><strong>et</strong></span> <span class='ocrx_word' id='word_1_41' title='bbox 1818 759 2009 814; x_wconf 84' lang='lat' dir='ltr'><strong>liberat</strong></span> <span class='ocrx_word' id='word_1_42' title='bbox 2040 776 2052 811; x_wconf 90' lang='lat'><strong>:</strong></span> <span class='ocrx_word' id='word_1_43' title='bbox 2083 758 2185 813; x_wconf 90' lang='lat' dir='ltr'><strong>Do—</strong></span> 
     </span>
    </p>
   </div>
   <div class='ocr_carea' id='block_1_8' title="bbox 594 849 2178 918">
    <p class='ocr_par' dir='ltr' id='par_1_8' title="bbox 594 849 2178 918">
     <span class='ocr_line' id='line_1_8' title="bbox 594 849 2178 918; baseline 0.002 -17"><span class='ocrx_word' id='word_1_44' title='bbox 594 850 724 903; x_wconf 86' lang='lat' dir='ltr'><strong>mini</strong></span> <span class='ocrx_word' id='word_1_45' title='bbox 760 850 1029 918; x_wconf 76' lang='lat' dir='ltr'><strong>cognitor,</strong></span> <span class='ocrx_word' id='word_1_46' title='bbox 1068 863 1229 918; x_wconf 89' lang='lat' dir='ltr'><strong>quem</strong></span> <span class='ocrx_word' id='word_1_47' title='bbox 1260 849 1513 916; x_wconf 81' lang='lat' dir='ltr'><strong>absolvit,</strong></span> <span class='ocrx_word' id='word_1_48' title='bbox 1542 850 1762 904; x_wconf 86' lang='lat' dir='ltr'><strong>damnat</strong></span> <span class='ocrx_word' id='word_1_49' title='bbox 1790 859 1846 903; x_wconf 89' lang='lat' dir='ltr'><strong>et</strong></span> <span class='ocrx_word' id='word_1_50' title='bbox 1876 850 2057 903; x_wconf 84' lang='lat' dir='ltr'><strong>tradit.</strong></span> <span class='ocrx_word' id='word_1_51' title='bbox 2090 849 2178 904; x_wconf 89' lang='lat' dir='ltr'><strong>Si-</strong></span> 
     </span>
    </p>
   </div>
   <div class='ocr_carea' id='block_1_9' title="bbox 592 938 2181 1009">
    <p class='ocr_par' dir='ltr' id='par_1_9' title="bbox 592 938 2181 1009">
     <span class='ocr_line' id='line_1_9' title="bbox 592 938 2181 1009; baseline 0.001 -15"><span class='ocrx_word' id='word_1_52' title='bbox 592 940 719 994; x_wconf 86' lang='lat' dir='ltr'><strong>mile</strong></span> <span class='ocrx_word' id='word_1_53' title='bbox 747 953 881 1007; x_wconf 90' lang='lat' dir='ltr'><strong>ergo</strong></span> <span class='ocrx_word' id='word_1_54' title='bbox 908 939 1008 994; x_wconf 80' lang='lat' dir='ltr'><strong>fuit</strong></span> <span class='ocrx_word' id='word_1_55' title='bbox 1034 948 1302 1009; x_wconf 77' lang='lat' dir='ltr'><strong>pene‘pcr</strong></span> <span class='ocrx_word' id='word_1_56' title='bbox 1339 940 1519 994; x_wconf 90' lang='lat' dir='ltr'><strong>omnia</strong></span> <span class='ocrx_word' id='word_1_57' title='bbox 1560 938 1819 994; x_wconf 70' lang='lat' dir='ltr'><strong>Susannzc</strong></span> <span class='ocrx_word' id='word_1_58' title='bbox 1860 939 2181 1009; x_wconf 83' lang='lat' dir='ltr'><strong>Dominique</strong></span> 
     </span>
    </p>
   </div>
   <div class='ocr_carea' id='block_1_10' title="bbox 593 1016 2180 1102">
    <p class='ocr_par' dir='ltr' id='par_1_10' title="bbox 593 1016 2180 1102">
     <span class='ocr_line' id='line_1_10' title="bbox 593 1016 2180 1102; baseline 0.001 -19"><span class='ocrx_word' id='word_1_59' title='bbox 593 1030 847 1097; x_wconf 88' lang='lat' dir='ltr'><strong>iudicium</strong></span> <span class='ocrx_word' id='word_1_60' title='bbox 880 1070 893 1084; x_wconf 91' lang='lat'><strong>.</strong></span> <span class='ocrx_word' id='word_1_61' title='bbox 929 1040 956 1069; x_wconf 79' lang='grc' dir='ltr'>ι</span> <span class='ocrx_word' id='word_1_62' title='bbox 988 1033 1003 1063; x_wconf 78' lang='grc' dir='ltr'>ι</span> <span class='ocrx_word' id='word_1_63' title='bbox 1034 1016 1349 1102; x_wconf 79' lang='lat' dir='ltr'><strong>Siquidem,</strong></span> <span class='ocrx_word' id='word_1_64' title='bbox 1381 1046 1484 1086; x_wconf 89' lang='lat' dir='ltr'><strong>nec</strong></span> <span class='ocrx_word' id='word_1_65' title='bbox 1525 1032 1797 1086; x_wconf 73' lang='lat' dir='ltr'><strong>accusatio</strong></span> <span class='ocrx_word' id='word_1_66' title='bbox 1827 1032 1881 1085; x_wconf 89' lang='lat' dir='ltr'><strong>in</strong></span> <span class='ocrx_word' id='word_1_67' title='bbox 1910 1031 1993 1085; x_wconf 90' lang='lat' dir='ltr'><strong>his</strong></span> <span class='ocrx_word' id='word_1_68' title='bbox 2021 1030 2180 1087; x_wconf 81' lang='lat' dir='ltr'><strong>fuerit</strong></span> 
     </span>
    </p>
   </div>
   <div class='ocr_carea' id='block_1_11' title="bbox 592 1119 2176 1189">
    <p class='ocr_par' dir='ltr' id='par_1_11' title="bbox 592 1119 2176 1189">
     <span class='ocr_line' id='line_1_11' title="bbox 592 1119 2176 1189; baseline -0.001 -14"><span class='ocrx_word' id='word_1_69' title='bbox 592 1122 707 1189; x_wconf 87' lang='lat' dir='ltr'><strong>ipsa</strong></span> <span class='ocrx_word' id='word_1_70' title='bbox 746 1121 1040 1175; x_wconf 88' lang='lat' dir='ltr'><strong>dissimilis.</strong></span> <span class='ocrx_word' id='word_1_71' title='bbox 1089 1119 1388 1175; x_wconf 89' lang='lat' dir='ltr'><strong>Susannam</strong></span> <span class='ocrx_word' id='word_1_72' title='bbox 1419 1121 1565 1175; x_wconf 83' lang='lat' dir='ltr'><strong>enim</strong></span> <span class='ocrx_word' id='word_1_73' title='bbox 1610 1121 1855 1175; x_wconf 81' lang='lat' dir='ltr'><strong>seniores</strong></span> <span class='ocrx_word' id='word_1_74' title='bbox 1892 1120 2176 1184; x_wconf 75' lang='lat' dir='ltr'><strong>deferunt,</strong></span> 
     </span>
    </p>
   </div>
   <div class='ocr_carea' id='block_1_12' title="bbox 592 1211 2181 1282">
    <p class='ocr_par' dir='ltr' id='par_1_12' title="bbox 592 1211 2181 1282">
     <span class='ocr_line' id='line_1_12' title="bbox 592 1211 2181 1282; baseline 0.001 -16"><span class='ocrx_word' id='word_1_75' title='bbox 592 1213 876 1269; x_wconf 89' lang='lat' dir='ltr'><strong>Dominum</strong></span> <span class='ocrx_word' id='word_1_76' title='bbox 918 1213 946 1251; x_wconf 68' lang='grc' dir='ltr'>δ</span> <span class='ocrx_word' id='word_1_77' title='bbox 977 1221 1197 1268; x_wconf 84' lang='lat' dir='ltr'><strong>accusat</strong></span> <span class='ocrx_word' id='word_1_78' title='bbox 1232 1211 1425 1282; x_wconf 67' lang='lat' dir='ltr'><strong>ludas;</strong></span> <span class='ocrx_word' id='word_1_79' title='bbox 1472 1213 1562 1266; x_wconf 89' lang='lat' dir='ltr'><strong>illa</strong></span> <span class='ocrx_word' id='word_1_80' title='bbox 1590 1212 1842 1268; x_wconf 89' lang='lat' dir='ltr'><strong>doctores</strong></span> <span class='ocrx_word' id='word_1_81' title='bbox 1880 1214 1989 1277; x_wconf 90' lang='lat' dir='ltr'><strong>sui,</strong></span> <span class='ocrx_word' id='word_1_82' title='bbox 2034 1213 2181 1268; x_wconf 90' lang='lat' dir='ltr'><strong>hunc</strong></span> 
     </span>
    </p>
   </div>
   <div class='ocr_carea' id='block_1_13' title="bbox 591 1300 2175 1372">
    <p class='ocr_par' dir='ltr' id='par_1_13' title="bbox 591 1300 2175 1372">
     <span class='ocr_line' id='line_1_13' title="bbox 591 1300 2175 1372; baseline -0.001 -16"><span class='ocrx_word' id='word_1_83' title='bbox 591 1302 884 1372; x_wconf 82' lang='lat' dir='ltr'><strong>discipulus</strong></span> <span class='ocrx_word' id='word_1_84' title='bbox 912 1301 1164 1372; x_wconf 83' lang='lat' dir='ltr'><strong>proprius</strong></span> <span class='ocrx_word' id='word_1_85' title='bbox 1184 1301 1500 1356; x_wconf 84' lang='lat' dir='ltr'><strong>criminatur</strong></span> <span class='ocrx_word' id='word_1_86' title='bbox 1521 1302 1561 1355; x_wconf 74' lang='lat'><strong>‘.</strong></span> <span class='ocrx_word' id='word_1_87' title='bbox 1592 1300 1914 1367; x_wconf 88' lang='lat' dir='ltr'><strong>Susannam,</strong></span> <span class='ocrx_word' id='word_1_88' title='bbox 1937 1302 2175 1370; x_wconf 88' lang='lat' dir='ltr'><strong>inquam,</strong></span> 
     </span>
    </p>
   </div>
   <div class='ocr_carea' id='block_1_14' title="bbox 590 1391 2178 1463">
    <p class='ocr_par' dir='ltr' id='par_1_14' title="bbox 590 1391 2178 1463">
     <span class='ocr_line' id='line_1_14' title="bbox 590 1391 2178 1463; baseline -0.003 -15"><span class='ocrx_word' id='word_1_89' title='bbox 590 1392 1099 1463; x_wconf 85' lang='lat' dir='ltr'><strong>pseudopresbyteri</strong></span> <span class='ocrx_word' id='word_1_90' title='bbox 1143 1400 1410 1459; x_wconf 85' lang='lat' dir='ltr'><strong>arguunt;</strong></span> <span class='ocrx_word' id='word_1_91' title='bbox 1463 1392 1641 1460; x_wconf 86' lang='lat' dir='ltr'><strong>prodit</strong></span> <span class='ocrx_word' id='word_1_92' title='bbox 1685 1391 2178 1460; x_wconf 89' lang='lat' dir='ltr'><strong>pseudoepiscopus</strong></span> 
     </span>
    </p>
   </div>
   <div class='ocr_carea' id='block_1_15' title="bbox 591 1477 2178 1551">
    <p class='ocr_par' dir='ltr' id='par_1_15' title="bbox 591 1477 2178 1551">
     <span class='ocr_line' id='line_1_15' title="bbox 591 1477 2178 1551; baseline -0.003 -14"><span class='ocrx_word' id='word_1_93' title='bbox 591 1482 949 1537; x_wconf 86' lang='lat' dir='ltr'><strong>Salvatorem.</strong></span> <span class='ocrx_word' id='word_1_94' title='bbox 993 1477 1291 1551; x_wconf 84' lang='lat' dir='ltr'><strong>Episcopus</strong></span> <span class='ocrx_word' id='word_1_95' title='bbox 1329 1481 1470 1534; x_wconf 92' lang='lat' dir='ltr'><strong>enim</strong></span> <span class='ocrx_word' id='word_1_96' title='bbox 1501 1488 1555 1534; x_wconf 88' lang='lat' dir='ltr'><strong>et</strong></span> <span class='ocrx_word' id='word_1_97' title='bbox 1581 1478 1745 1533; x_wconf 75' lang='lat' dir='ltr'><strong>Iudas</strong></span> <span class='ocrx_word' id='word_1_98' title='bbox 1790 1479 1910 1546; x_wconf 82' lang='lat' dir='ltr'><strong>fuit,</strong></span> <span class='ocrx_word' id='word_1_99' title='bbox 1940 1481 2079 1535; x_wconf 75' lang='lat' dir='ltr'><strong>sicut</strong></span> <span class='ocrx_word' id='word_1_100' title='bbox 2102 1481 2178 1533; x_wconf 87' lang='lat' dir='ltr'><strong>ait</strong></span> 
     </span>
    </p>
   </div>
   <div class='ocr_carea' id='block_1_16' title="bbox 588 1568 2178 1640">
    <p class='ocr_par' dir='ltr' id='par_1_16' title="bbox 588 1568 2178 1640">
     <span class='ocr_line' id='line_1_16' title="bbox 588 1568 2178 1640; baseline -0.001 -16"><span class='ocrx_word' id='word_1_101' title='bbox 588 1570 864 1640; x_wconf 86' lang='lat' dir='ltr'><strong>Propheta</strong></span> <span class='ocrx_word' id='word_1_102' title='bbox 884 1569 953 1624; x_wconf 91' lang='lat' dir='ltr'><strong>de</strong></span> <span class='ocrx_word' id='word_1_103' title='bbox 982 1584 1050 1624; x_wconf 90' lang='lat' dir='ltr'><strong>eo</strong></span> <span class='ocrx_word' id='word_1_104' title='bbox 1070 1568 1257 1624; x_wconf 87' lang='lat' dir='ltr'><strong>dicens</strong></span> <span class='ocrx_word' id='word_1_105' title='bbox 1281 1588 1294 1622; x_wconf 90' lang='lat'><strong>:</strong></span> <span class='ocrx_word' id='word_1_106' title='bbox 1322 1568 1484 1624; x_wconf 82' lang='lat' dir='ltr'><strong>Fiant</strong></span> <span class='ocrx_word' id='word_1_107' title='bbox 1518 1570 1628 1624; x_wconf 84' lang='lat' dir='ltr'><strong>dies</strong></span> <span class='ocrx_word' id='word_1_108' title='bbox 1655 1571 1765 1640; x_wconf 85' lang='lat' dir='ltr'><strong>ejus</strong></span> <span class='ocrx_word' id='word_1_109' title='bbox 1791 1570 1964 1639; x_wconf 80' lang='lat' dir='ltr'><strong>pauci,</strong></span> <span class='ocrx_word' id='word_1_110' title='bbox 1991 1579 2039 1623; x_wconf 90' lang='lat' dir='ltr'><strong>et</strong></span> <span class='ocrx_word' id='word_1_111' title='bbox 2068 1572 2178 1637; x_wconf 81' lang='lat' dir='ltr'><strong>epi—</strong></span> 
     </span>
    </p>
   </div>
   <div class='ocr_carea' id='block_1_17' title="bbox 583 1661 2178 1733">
    <p class='ocr_par' dir='ltr' id='par_1_17' title="bbox 583 1661 2178 1733">
     <span class='ocr_line' id='line_1_17' title="bbox 583 1661 2178 1733; baseline -0.001 -16"><span class='ocrx_word' id='word_1_112' title='bbox 583 1671 854 1733; x_wconf 80' lang='lat' dir='ltr'><strong>scopatum</strong></span> <span class='ocrx_word' id='word_1_113' title='bbox 876 1662 988 1731; x_wconf 86' lang='lat' dir='ltr'><strong>ejus</strong></span> <span class='ocrx_word' id='word_1_114' title='bbox 1017 1664 1241 1732; x_wconf 78' lang='lat' dir='ltr'><strong>accipiat</strong></span> <span class='ocrx_word' id='word_1_115' title='bbox 1279 1662 1411 1717; x_wconf 80' lang='lat' dir='ltr'><strong>alter</strong></span> <span class='ocrx_word' id='word_1_116' title='bbox 1441 1661 1615 1733; x_wconf 78' lang='lat' dir='ltr'><strong>(Psal.</strong></span> <span class='ocrx_word' id='word_1_117' title='bbox 1643 1662 1807 1726; x_wconf 88' lang='lat' dir='ltr'><strong>cvm).</strong></span> <span class='ocrx_word' id='word_1_118' title='bbox 1834 1661 1937 1716; x_wconf 87' lang='lat' dir='ltr'><strong>Sed</strong></span> <span class='ocrx_word' id='word_1_119' title='bbox 1968 1677 2066 1717; x_wconf 89' lang='lat' dir='ltr'><strong>nec</strong></span> <span class='ocrx_word' id='word_1_120' title='bbox 2096 1663 2178 1715; x_wconf 87' lang='lat' dir='ltr'><strong>lo-</strong></span> 
     </span>
    </p>
   </div>
   <div class='ocr_carea' id='block_1_18' title="bbox 586 1746 2175 1823">
    <p class='ocr_par' dir='ltr' id='par_1_18' title="bbox 586 1746 2175 1823">
     <span class='ocr_line' id='line_1_18' title="bbox 586 1746 2175 1823; baseline -0.001 -14"><span class='ocrx_word' id='word_1_121' title='bbox 586 1768 701 1818; x_wconf 83' lang='lat' dir='ltr'><strong>cus,</strong></span> <span class='ocrx_word' id='word_1_122' title='bbox 745 1752 931 1819; x_wconf 81' lang='lat' dir='ltr'><strong>frater,</strong></span> <span class='ocrx_word' id='word_1_123' title='bbox 965 1746 1025 1807; x_wconf 49' lang='lat' dir='ltr'><strong>lin</strong></span> <span class='ocrx_word' id='word_1_124' title='bbox 1065 1761 1293 1823; x_wconf 88' lang='lat' dir='ltr'><strong>utraque</strong></span> <span class='ocrx_word' id='word_1_125' title='bbox 1321 1768 1482 1807; x_wconf 88' lang='lat' dir='ltr'><strong>causa</strong></span> <span class='ocrx_word' id='word_1_126' title='bbox 1512 1753 1721 1807; x_wconf 90' lang='lat' dir='ltr'><strong>videtur</strong></span> <span class='ocrx_word' id='word_1_127' title='bbox 1750 1754 2041 1808; x_wconf 84' lang='lat' dir='ltr'><strong>dissimilis.</strong></span> <span class='ocrx_word' id='word_1_128' title='bbox 2070 1753 2175 1807; x_wconf 84' lang='lat' dir='ltr'><strong>Su-</strong></span> 
     </span>
    </p>
   </div>
   <div class='ocr_carea' id='block_1_19' title="bbox 2284 576 3855 647">
    <p class='ocr_par' dir='ltr' id='par_1_19' title="bbox 2284 576 3855 647">
     <span class='ocr_line' id='line_1_19' title="bbox 2284 576 3855 647; baseline 0.003 -15"><span class='ocrx_word' id='word_1_129' title='bbox 2284 576 2574 632; x_wconf 87' lang='lat' dir='ltr'><strong>conlitetur</strong></span> <span class='ocrx_word' id='word_1_130' title='bbox 2608 577 2677 633; x_wconf 88' lang='lat' dir='ltr'><strong>de</strong></span> <span class='ocrx_word' id='word_1_131' title='bbox 2705 579 2930 647; x_wconf 86' lang='lat' dir='ltr'><strong>scelere,</strong></span> <span class='ocrx_word' id='word_1_132' title='bbox 2975 590 3031 635; x_wconf 91' lang='lat' dir='ltr'><strong>et</strong></span> <span class='ocrx_word' id='word_1_133' title='bbox 3059 596 3183 634; x_wconf 82' lang='lat' dir='ltr'><strong>rcus</strong></span> <span class='ocrx_word' id='word_1_134' title='bbox 3209 588 3293 634; x_wconf 87' lang='lat' dir='ltr'><strong>est</strong></span> <span class='ocrx_word' id='word_1_135' title='bbox 3322 579 3389 633; x_wconf 91' lang='lat' dir='ltr'><strong>de</strong></span> <span class='ocrx_word' id='word_1_136' title='bbox 3417 582 3695 643; x_wconf 86' lang='lat' dir='ltr'><strong>mercede;</strong></span> <span class='ocrx_word' id='word_1_137' title='bbox 3737 582 3855 635; x_wconf 87' lang='lat' dir='ltr'><strong>dum</strong></span> 
     </span>
    </p>
   </div>
   <div class='ocr_carea' id='block_1_20' title="bbox 2283 667 3859 739">
    <p class='ocr_par' dir='ltr' id='par_1_20' title="bbox 2283 667 3859 739">
     <span class='ocr_line' id='line_1_20' title="bbox 2283 667 3859 739; baseline 0.001 -17"><span class='ocrx_word' id='word_1_138' title='bbox 2283 667 2427 722; x_wconf 86' lang='lat' dir='ltr'><strong>enim</strong></span> <span class='ocrx_word' id='word_1_139' title='bbox 2451 669 2618 724; x_wconf 88' lang='lat' dir='ltr'><strong>miser</strong></span> <span class='ocrx_word' id='word_1_140' title='bbox 2640 668 2836 723; x_wconf 83' lang='lat' dir='ltr'><strong>refudit</strong></span> <span class='ocrx_word' id='word_1_141' title='bbox 2866 669 3190 725; x_wconf 74' lang='lat' dir='ltr'><strong>venditionis</strong></span> <span class='ocrx_word' id='word_1_142' title='bbox 3221 671 3486 739; x_wconf 90' lang='lat' dir='ltr'><strong>pretium,</strong></span> <span class='ocrx_word' id='word_1_143' title='bbox 3516 680 3668 739; x_wconf 85' lang='lat' dir='ltr'><strong>putat</strong></span> <span class='ocrx_word' id='word_1_144' title='bbox 3691 686 3752 726; x_wconf 89' lang='lat' dir='ltr'><strong>sc</strong></span> <span class='ocrx_word' id='word_1_145' title='bbox 3780 671 3859 724; x_wconf 78' lang='lat' dir='ltr'><strong>la-</strong></span> 
     </span>
    </p>
   </div>
   <div class='ocr_carea' id='block_1_21' title="bbox 2282 758 3860 828">
    <p class='ocr_par' dir='ltr' id='par_1_21' title="bbox 2282 758 3860 828">
     <span class='ocr_line' id='line_1_21' title="bbox 2282 758 3860 828; baseline 0.002 -16"><span class='ocrx_word' id='word_1_146' title='bbox 2282 758 2484 812; x_wconf 88' lang='lat' dir='ltr'><strong>einoris</strong></span> <span class='ocrx_word' id='word_1_147' title='bbox 2510 758 2595 813; x_wconf 90' lang='lat' dir='ltr'><strong>sui</strong></span> <span class='ocrx_word' id='word_1_148' title='bbox 2632 758 2843 814; x_wconf 87' lang='lat' dir='ltr'><strong>solvere</strong></span> <span class='ocrx_word' id='word_1_149' title='bbox 2878 774 3039 828; x_wconf 88' lang='lat' dir='ltr'><strong>posse</strong></span> <span class='ocrx_word' id='word_1_150' title='bbox 3066 766 3434 819; x_wconf 87' lang='lat' dir='ltr'><strong>contractum;</strong></span> <span class='ocrx_word' id='word_1_151' title='bbox 3484 759 3577 814; x_wconf 89' lang='lat' dir='ltr'><strong>sed</strong></span> <span class='ocrx_word' id='word_1_152' title='bbox 3624 775 3726 815; x_wconf 89' lang='lat' dir='ltr'><strong>nec</strong></span> <span class='ocrx_word' id='word_1_153' title='bbox 3763 760 3860 815; x_wconf 83' lang='lat' dir='ltr'><strong>isto</strong></span> 
     </span>
    </p>
   </div>
   <div class='ocr_carea' id='block_1_22' title="bbox 2283 847 3859 914">
    <p class='ocr_par' dir='ltr' id='par_1_22' title="bbox 2283 847 3859 914">
     <span class='ocr_line' id='line_1_22' title="bbox 2283 847 3859 914; baseline 0.003 -14"><span class='ocrx_word' id='word_1_154' title='bbox 2283 847 2611 914; x_wconf 84' lang='lat' dir='ltr'><strong>absolvitur;</strong></span> <span class='ocrx_word' id='word_1_155' title='bbox 2641 849 2768 905; x_wconf 90' lang='lat' dir='ltr'><strong>dum</strong></span> <span class='ocrx_word' id='word_1_156' title='bbox 2815 850 2961 904; x_wconf 88' lang='lat' dir='ltr'><strong>enim</strong></span> <span class='ocrx_word' id='word_1_157' title='bbox 3007 859 3196 905; x_wconf 86' lang='lat' dir='ltr'><strong>auctor</strong></span> <span class='ocrx_word' id='word_1_158' title='bbox 3222 850 3548 904; x_wconf 75' lang='lat' dir='ltr'><strong>venditionis</strong></span> <span class='ocrx_word' id='word_1_159' title='bbox 3588 865 3698 904; x_wconf 75' lang='lat' dir='ltr'><strong>suae</strong></span> <span class='ocrx_word' id='word_1_160' title='bbox 3741 864 3859 904; x_wconf 83' lang='lat' dir='ltr'><strong>reus</strong></span> 
     </span>
    </p>
   </div>
   <div class='ocr_carea' id='block_1_23' title="bbox 2281 925 3858 1009">
    <p class='ocr_par' dir='ltr' id='par_1_23' title="bbox 2281 925 3858 1009">
     <span class='ocr_line' id='line_1_23' title="bbox 2281 925 3858 1009; baseline 0.003 -18"><span class='ocrx_word' id='word_1_161' title='bbox 2281 947 2381 1002; x_wconf 88' lang='lat' dir='ltr'><strong>est,</strong></span> <span class='ocrx_word' id='word_1_162' title='bbox 2413 947 2630 993; x_wconf 85' lang='lat' dir='ltr'><strong>constat</strong></span> <span class='ocrx_word' id='word_1_163' title='bbox 2673 940 2807 995; x_wconf 89' lang='lat' dir='ltr'><strong>istos</strong></span> <span class='ocrx_word' id='word_1_164' title='bbox 2851 941 3176 995; x_wconf 85' lang='lat' dir='ltr'><strong>sceleratum</strong></span> <span class='ocrx_word' id='word_1_165' title='bbox 3222 955 3341 996; x_wconf 88' lang='lat' dir='ltr'><strong>cum</strong></span> <span class='ocrx_word' id='word_1_166' title='bbox 3381 925 3643 1009; x_wconf 83' lang='lat' dir='ltr'><strong>sacrilego</strong></span> <span class='ocrx_word' id='word_1_167' title='bbox 3683 940 3858 995; x_wconf 84' lang='lat' dir='ltr'><strong>iniisse</strong></span> 
     </span>
    </p>
   </div>
   <div class='ocr_carea' id='block_1_24' title="bbox 2279 1030 3857 1101">
    <p class='ocr_par' dir='ltr' id='par_1_24' title="bbox 2279 1030 3857 1101">
     <span class='ocr_line' id='line_1_24' title="bbox 2279 1030 3857 1101; baseline 0 -17"><span class='ocrx_word' id='word_1_168' title='bbox 2279 1037 2614 1086; x_wconf 86' lang='lat' dir='ltr'><strong>contractum</strong></span> <span class='ocrx_word' id='word_1_169' title='bbox 2632 1073 2646 1098; x_wconf 93' lang='lat'><strong>,</strong></span> <span class='ocrx_word' id='word_1_170' title='bbox 2677 1030 2775 1087; x_wconf 84' lang='lat' dir='ltr'><strong>s&#39;ua</strong></span> <span class='ocrx_word' id='word_1_171' title='bbox 2816 1045 2944 1100; x_wconf 86' lang='lat' dir='ltr'><strong>ergo</strong></span> <span class='ocrx_word' id='word_1_172' title='bbox 2969 1033 3234 1087; x_wconf 79' lang='lat' dir='ltr'><strong>sententia</strong></span> <span class='ocrx_word' id='word_1_173' title='bbox 3266 1030 3430 1086; x_wconf 85' lang='lat' dir='ltr'><strong>Judas</strong></span> <span class='ocrx_word' id='word_1_174' title='bbox 3455 1032 3705 1101; x_wconf 86' lang='lat' dir='ltr'><strong>proditor</strong></span> <span class='ocrx_word' id='word_1_175' title='bbox 3731 1048 3857 1087; x_wconf 86' lang='lat' dir='ltr'><strong>cou-</strong></span> 
     </span>
    </p>
   </div>
   <div class='ocr_carea' id='block_1_25' title="bbox 2280 1114 3862 1192">
    <p class='ocr_par' dir='ltr' id='par_1_25' title="bbox 2280 1114 3862 1192">
     <span class='ocr_line' id='line_1_25' title="bbox 2280 1114 3862 1192; baseline 0.002 -20"><span class='ocrx_word' id='word_1_176' title='bbox 2280 1118 2581 1175; x_wconf 81' lang='lat' dir='ltr'><strong>demnatur.</strong></span> <span class='ocrx_word' id='word_1_177' title='bbox 2616 1120 2809 1176; x_wconf 77' lang='lat' dir='ltr'><strong>Mirum</strong></span> <span class='ocrx_word' id='word_1_178' title='bbox 2840 1121 2980 1176; x_wconf 80' lang='lat' dir='ltr'><strong>forte</strong></span> <span class='ocrx_word' id='word_1_179' title='bbox 3008 1124 3079 1176; x_wconf 91' lang='lat' dir='ltr'><strong>sit</strong></span> <span class='ocrx_word' id='word_1_180' title='bbox 3103 1114 3282 1188; x_wconf 82' lang='lat' dir='ltr'><strong>vobis,</strong></span> <span class='ocrx_word' id='word_1_181' title='bbox 3309 1122 3454 1190; x_wconf 90' lang='lat' dir='ltr'><strong>quod</strong></span> <span class='ocrx_word' id='word_1_182' title='bbox 3492 1138 3600 1175; x_wconf 88' lang='lat' dir='ltr'><strong>non</strong></span> <span class='ocrx_word' id='word_1_183' title='bbox 3626 1137 3751 1177; x_wconf 84' lang='lat' dir='ltr'><strong>eum</strong></span> <span class='ocrx_word' id='word_1_184' title='bbox 3774 1137 3862 1192; x_wconf 88' lang='lat' dir='ltr'><strong>po-</strong></span> 
     </span>
    </p>
   </div>
   <div class='ocr_carea' id='block_1_26' title="bbox 2281 1212 3861 1283">
    <p class='ocr_par' dir='ltr' id='par_1_26' title="bbox 2281 1212 3861 1283">
     <span class='ocr_line' id='line_1_26' title="bbox 2281 1212 3861 1283; baseline 0 -18"><span class='ocrx_word' id='word_1_185' title='bbox 2281 1212 2439 1281; x_wconf 85' lang='lat' dir='ltr'><strong>pulus</strong></span> <span class='ocrx_word' id='word_1_186' title='bbox 2460 1213 2787 1281; x_wconf 71' lang='lat' dir='ltr'><strong>iudicaverit</strong></span> <span class='ocrx_word' id='word_1_187' title='bbox 2806 1254 2823 1277; x_wconf 90' lang='lat'><strong>,</strong></span> <span class='ocrx_word' id='word_1_188' title='bbox 2854 1229 2964 1268; x_wconf 91' lang='lat' dir='ltr'><strong>non</strong></span> <span class='ocrx_word' id='word_1_189' title='bbox 3006 1228 3209 1283; x_wconf 66' lang='lat' dir='ltr'><strong>prmses</strong></span> <span class='ocrx_word' id='word_1_190' title='bbox 3234 1213 3523 1267; x_wconf 79' lang='lat' dir='ltr'><strong>addixerit.</strong></span> <span class='ocrx_word' id='word_1_191' title='bbox 3559 1212 3673 1267; x_wconf 83' lang='lat' dir='ltr'><strong>Hoc</strong></span> <span class='ocrx_word' id='word_1_192' title='bbox 3700 1214 3861 1267; x_wconf 85' lang='lat' dir='ltr'><strong>sacri-</strong></span> 
     </span>
    </p>
   </div>
   <div class='ocr_carea' id='block_1_27' title="bbox 2281 1302 3862 1373">
    <p class='ocr_par' dir='ltr' id='par_1_27' title="bbox 2281 1302 3862 1373">
     <span class='ocr_line' id='line_1_27' title="bbox 2281 1302 3862 1373; baseline 0.003 -20"><span class='ocrx_word' id='word_1_193' title='bbox 2281 1302 2383 1369; x_wconf 83' lang='lat' dir='ltr'><strong>legi</strong></span> <span class='ocrx_word' id='word_1_194' title='bbox 2411 1302 2548 1356; x_wconf 84' lang='lat' dir='ltr'><strong>solet</strong></span> <span class='ocrx_word' id='word_1_195' title='bbox 2576 1317 2695 1358; x_wconf 88' lang='lat' dir='ltr'><strong>esse</strong></span> <span class='ocrx_word' id='word_1_196' title='bbox 2716 1303 2997 1372; x_wconf 83' lang='lat' dir='ltr'><strong>judicium,</strong></span> <span class='ocrx_word' id='word_1_197' title='bbox 3026 1313 3084 1357; x_wconf 90' lang='lat' dir='ltr'><strong>ut</strong></span> <span class='ocrx_word' id='word_1_198' title='bbox 3110 1304 3437 1373; x_wconf 86' lang='lat' dir='ltr'><strong>impietatem</strong></span> <span class='ocrx_word' id='word_1_199' title='bbox 3467 1305 3604 1373; x_wconf 88' lang='lat' dir='ltr'><strong>ipse,</strong></span> <span class='ocrx_word' id='word_1_200' title='bbox 3631 1302 3759 1357; x_wconf 88' lang='lat' dir='ltr'><strong>dum</strong></span> <span class='ocrx_word' id='word_1_201' title='bbox 3788 1320 3862 1357; x_wconf 79' lang='lat' dir='ltr'><strong>re-</strong></span> 
     </span>
    </p>
   </div>
   <div class='ocr_carea' id='block_1_28' title="bbox 2278 1392 3858 1464">
    <p class='ocr_par' dir='ltr' id='par_1_28' title="bbox 2278 1392 3858 1464">
     <span class='ocr_line' id='line_1_28' title="bbox 2278 1392 3858 1464; baseline 0.006 -19"><span class='ocrx_word' id='word_1_202' title='bbox 2278 1392 2535 1447; x_wconf 82' lang='lat' dir='ltr'><strong>cordatur</strong></span> <span class='ocrx_word' id='word_1_203' title='bbox 2573 1403 2629 1447; x_wconf 90' lang='lat' dir='ltr'><strong>et</strong></span> <span class='ocrx_word' id='word_1_204' title='bbox 2656 1395 2872 1463; x_wconf 87' lang='lat' dir='ltr'><strong>puniat;</strong></span> <span class='ocrx_word' id='word_1_205' title='bbox 2905 1396 3083 1449; x_wconf 91' lang='lat' dir='ltr'><strong>scelus</strong></span> <span class='ocrx_word' id='word_1_206' title='bbox 3111 1411 3291 1459; x_wconf 90' lang='lat' dir='ltr'><strong>suum,</strong></span> <span class='ocrx_word' id='word_1_207' title='bbox 3335 1395 3462 1449; x_wconf 92' lang='lat' dir='ltr'><strong>dum</strong></span> <span class='ocrx_word' id='word_1_208' title='bbox 3501 1396 3858 1464; x_wconf 74' lang='lat' dir='ltr'><strong>recognoscit.</strong></span> 
     </span>
    </p>
   </div>
   <div class='ocr_carea' id='block_1_29' title="bbox 2280 1481 3860 1554">
    <p class='ocr_par' dir='ltr' id='par_1_29' title="bbox 2280 1481 3860 1554">
     <span class='ocr_line' id='line_1_29' title="bbox 2280 1481 3860 1554; baseline 0.003 -22"><span class='ocrx_word' id='word_1_209' title='bbox 2280 1488 2334 1533; x_wconf 89' lang='lat' dir='ltr'><strong>et</strong></span> <span class='ocrx_word' id='word_1_210' title='bbox 2362 1481 2626 1547; x_wconf 89' lang='lat' dir='ltr'><strong>vindicet;</strong></span> <span class='ocrx_word' id='word_1_211' title='bbox 2655 1485 2895 1537; x_wconf 91' lang='lat' dir='ltr'><strong>omnium</strong></span> <span class='ocrx_word' id='word_1_212' title='bbox 2932 1486 3075 1538; x_wconf 91' lang='lat' dir='ltr'><strong>enim</strong></span> <span class='ocrx_word' id='word_1_213' title='bbox 3103 1486 3509 1554; x_wconf 79' lang='lat' dir='ltr'><strong>supergreditur</strong></span> <span class='ocrx_word' id='word_1_214' title='bbox 3534 1488 3860 1547; x_wconf 82' lang='lat' dir='ltr'><strong>sententias,</strong></span> 
     </span>
    </p>
   </div>
   <div class='ocr_carea' id='block_1_30' title="bbox 2278 1571 3860 1636">
    <p class='ocr_par' dir='ltr' id='par_1_30' title="bbox 2278 1571 3860 1636">
     <span class='ocr_line' id='line_1_30' title="bbox 2278 1571 3860 1636; baseline 0.004 -15"><span class='ocrx_word' id='word_1_215' title='bbox 2278 1571 2368 1636; x_wconf 91' lang='lat' dir='ltr'><strong>qui</strong></span> <span class='ocrx_word' id='word_1_216' title='bbox 2409 1585 2438 1623; x_wconf 84' lang='lat' dir='ltr'><strong>a</strong></span> <span class='ocrx_word' id='word_1_217' title='bbox 2479 1587 2574 1624; x_wconf 84' lang='lat' dir='ltr'><strong>sua</strong></span> <span class='ocrx_word' id='word_1_218' title='bbox 2622 1573 2973 1634; x_wconf 88' lang='lat' dir='ltr'><strong>conscientia,</strong></span> <span class='ocrx_word' id='word_1_219' title='bbox 3022 1589 3117 1628; x_wconf 90' lang='lat' dir='ltr'><strong>sua</strong></span> <span class='ocrx_word' id='word_1_220' title='bbox 3145 1576 3412 1629; x_wconf 87' lang='lat' dir='ltr'><strong>sententia</strong></span> <span class='ocrx_word' id='word_1_221' title='bbox 3454 1576 3860 1631; x_wconf 81' lang='lat' dir='ltr'><strong>condemnatur.</strong></span> 
     </span>
    </p>
   </div>
   <div class='ocr_carea' id='block_1_31' title="bbox 2280 1659 3863 1733">
    <p class='ocr_par' dir='ltr' id='par_1_31' title="bbox 2280 1659 3863 1733">
     <span class='ocr_line' id='line_1_31' title="bbox 2280 1659 3863 1733; baseline 0.003 -22"><span class='ocrx_word' id='word_1_222' title='bbox 2280 1672 2301 1695; x_wconf 72' lang='grc' dir='ltr'><strong><em>υ</em></strong></span> <span class='ocrx_word' id='word_1_223' title='bbox 2330 1659 2462 1721; x_wconf 86' lang='lat' dir='ltr'><strong>Iloc,</strong></span> <span class='ocrx_word' id='word_1_224' title='bbox 2498 1661 2735 1730; x_wconf 88' lang='lat' dir='ltr'><strong>inquam,</strong></span> <span class='ocrx_word' id='word_1_225' title='bbox 2767 1664 3014 1732; x_wconf 82' lang='lat' dir='ltr'><strong>sacrilegi</strong></span> <span class='ocrx_word' id='word_1_226' title='bbox 3045 1664 3184 1719; x_wconf 88' lang='lat' dir='ltr'><strong>solet</strong></span> <span class='ocrx_word' id='word_1_227' title='bbox 3211 1680 3330 1719; x_wconf 89' lang='lat' dir='ltr'><strong>esse</strong></span> <span class='ocrx_word' id='word_1_228' title='bbox 3357 1664 3618 1733; x_wconf 88' lang='lat' dir='ltr'><strong>judicium</strong></span> <span class='ocrx_word' id='word_1_229' title='bbox 3649 1674 3709 1719; x_wconf 89' lang='lat' dir='ltr'><strong>ut</strong></span> <span class='ocrx_word' id='word_1_230' title='bbox 3737 1680 3863 1719; x_wconf 83' lang='lat' dir='ltr'><strong>cen-</strong></span> 
     </span>
    </p>
   </div>
   <div class='ocr_carea' id='block_1_32' title="bbox 2278 1748 3866 1823">
    <p class='ocr_par' dir='ltr' id='par_1_32' title="bbox 2278 1748 3866 1823">
     <span class='ocr_line' id='line_1_32' title="bbox 2278 1748 3866 1823; baseline 0.004 -23"><span class='ocrx_word' id='word_1_231' title='bbox 2278 1750 2420 1802; x_wconf 89' lang='lat' dir='ltr'><strong>scius</strong></span> <span class='ocrx_word' id='word_1_232' title='bbox 2448 1748 2573 1803; x_wconf 79' lang='lat' dir='ltr'><strong>facti</strong></span> <span class='ocrx_word' id='word_1_233' title='bbox 2603 1750 2717 1818; x_wconf 88' lang='lat' dir='ltr'><strong>ipse</strong></span> <span class='ocrx_word' id='word_1_234' title='bbox 2746 1766 2804 1805; x_wconf 91' lang='lat' dir='ltr'><strong>se</strong></span> <span class='ocrx_word' id='word_1_235' title='bbox 2832 1752 3069 1814; x_wconf 87' lang='lat' dir='ltr'><strong>damnet,</strong></span> <span class='ocrx_word' id='word_1_236' title='bbox 3102 1753 3238 1807; x_wconf 90' lang='lat' dir='ltr'><strong>sicut</strong></span> <span class='ocrx_word' id='word_1_237' title='bbox 3267 1754 3342 1807; x_wconf 85' lang='lat' dir='ltr'><strong>ait</strong></span> <span class='ocrx_word' id='word_1_238' title='bbox 3368 1755 3650 1823; x_wconf 88' lang='lat' dir='ltr'><strong>apostolus</strong></span> <span class='ocrx_word' id='word_1_239' title='bbox 3674 1753 3866 1807; x_wconf 82' lang='lat' dir='ltr'><strong>Paulus</strong></span> 
     </span>
    </p>
   </div>
   <div class='ocr_carea' id='block_1_33' title="bbox 585 1838 3863 1913">
    <p class='ocr_par' dir='ltr' id='par_1_33' title="bbox 585 1838 3863 1913">
     <span class='ocr_line' id='line_1_33' title="bbox 585 1838 3863 1913; baseline -0.002 -14"><span class='ocrx_word' id='word_1_240' title='bbox 585 1858 755 1899; x_wconf 82' lang='lat' dir='ltr'><strong>sanna</strong></span> <span class='ocrx_word' id='word_1_241' title='bbox 774 1843 919 1899; x_wconf 89' lang='lat' dir='ltr'><strong>enim</strong></span> <span class='ocrx_word' id='word_1_242' title='bbox 944 1852 965 1880; x_wconf 73' lang='grc' dir='ltr'><strong>ο</strong></span> <span class='ocrx_word' id='word_1_243' title='bbox 992 1843 1055 1897; x_wconf 82' lang='lat' dir='ltr'><strong>in</strong></span> <span class='ocrx_word' id='word_1_244' title='bbox 1074 1843 1327 1913; x_wconf 84' lang='lat' dir='ltr'><strong>paradiso</strong></span> <span class='ocrx_word' id='word_1_245' title='bbox 1354 1844 1422 1896; x_wconf 83' lang='lat' dir='ltr'><strong>ab</strong></span> <span class='ocrx_word' id='word_1_246' title='bbox 1451 1843 1851 1898; x_wconf 80' lang='lat' dir='ltr'><strong>accusatoribus</strong></span> <span class='ocrx_word' id='word_1_247' title='bbox 1874 1844 2174 1898; x_wconf 83' lang='lat' dir='ltr'><strong>circumve-</strong></span> <span class='ocrx_word' id='word_1_248' title='bbox 2208 1847 2253 1907; x_wconf 77' lang='grc' dir='ltr'><strong>Β</strong></span> <span class='ocrx_word' id='word_1_249' title='bbox 2278 1838 2345 1891; x_wconf 90' lang='lat' dir='ltr'><strong>de</strong></span> <span class='ocrx_word' id='word_1_250' title='bbox 2374 1838 2628 1893; x_wconf 63' lang='lat' dir='ltr'><strong>haeretica</strong></span> <span class='ocrx_word' id='word_1_251' title='bbox 2656 1839 2843 1894; x_wconf 87' lang='lat' dir='ltr'><strong>dicens</strong></span> <span class='ocrx_word' id='word_1_252' title='bbox 2873 1858 2885 1892; x_wconf 92' lang='lat'><strong>:</strong></span> <span class='ocrx_word' id='word_1_253' title='bbox 2913 1840 3230 1894; x_wconf 70' lang='lat' dir='ltr'><strong>&quot;(creticum</strong></span> <span class='ocrx_word' id='word_1_254' title='bbox 3273 1842 3530 1895; x_wconf 76' lang='lat' dir='ltr'><strong>hominem</strong></span> <span class='ocrx_word' id='word_1_255' title='bbox 3566 1852 3679 1907; x_wconf 88' lang='lat' dir='ltr'><strong>post</strong></span> <span class='ocrx_word' id='word_1_256' title='bbox 3715 1858 3863 1894; x_wconf 72' lang='lat' dir='ltr'><strong>unum</strong></span> 
     </span>
    </p>
   </div>
   <div class='ocr_carea' id='block_1_34' title="bbox 584 1933 2175 2009">
    <p class='ocr_par' dir='ltr' id='par_1_34' title="bbox 584 1933 2175 2009">
     <span class='ocr_line' id='line_1_34' title="bbox 584 1933 2175 2009; baseline 0.002 -21"><span class='ocrx_word' id='word_1_257' title='bbox 584 1934 769 1999; x_wconf 85' lang='lat' dir='ltr'><strong>uitur;</strong></span> <span class='ocrx_word' id='word_1_258' title='bbox 818 1933 1079 1988; x_wconf 88' lang='lat' dir='ltr'><strong>Dominus</strong></span> <span class='ocrx_word' id='word_1_259' title='bbox 1116 1933 1169 2009; x_wconf 76' lang='lat' dir='ltr'><strong>in</strong></span> <span class='ocrx_word' id='word_1_260' title='bbox 1210 1933 1416 1987; x_wconf 88' lang='lat' dir='ltr'><strong>hortuli</strong></span> <span class='ocrx_word' id='word_1_261' title='bbox 1463 1934 1710 2003; x_wconf 88' lang='lat' dir='ltr'><strong>paradiso</strong></span> <span class='ocrx_word' id='word_1_262' title='bbox 1753 1949 1784 1987; x_wconf 88' lang='lat' dir='ltr'><strong>a</strong></span> <span class='ocrx_word' id='word_1_263' title='bbox 1827 1935 2175 1991; x_wconf 88' lang='lat' dir='ltr'><strong>traditoribus</strong></span> 
     </span>
    </p>
   </div>
   <div class='ocr_carea' id='block_1_35' title="bbox 578 2023 2173 2093">
    <p class='ocr_par' dir='ltr' id='par_1_35' title="bbox 578 2023 2173 2093">
     <span class='ocr_line' id='line_1_35' title="bbox 578 2023 2173 2093; baseline -0.001 -12"><span class='ocrx_word' id='word_1_264' title='bbox 578 2023 951 2081; x_wconf 72' lang='lat' dir='ltr'><strong>circumdatur</strong></span> <span class='ocrx_word' id='word_1_265' title='bbox 994 2041 1006 2076; x_wconf 93' lang='lat'>:</span> <span class='ocrx_word' id='word_1_266' title='bbox 1052 2023 1142 2077; x_wconf 90' lang='lat' dir='ltr'><strong>illa</strong></span> <span class='ocrx_word' id='word_1_267' title='bbox 1171 2024 1243 2077; x_wconf 91' lang='lat' dir='ltr'><strong>ibi</strong></span> <span class='ocrx_word' id='word_1_268' title='bbox 1288 2023 1629 2077; x_wconf 83' lang='lat' dir='ltr'><strong>insidiatores</strong></span> <span class='ocrx_word' id='word_1_269' title='bbox 1668 2025 1898 2093; x_wconf 90' lang='lat' dir='ltr'><strong>patitur;</strong></span> <span class='ocrx_word' id='word_1_270' title='bbox 1946 2024 2048 2079; x_wconf 85' lang='lat' dir='ltr'><strong>iste</strong></span> <span class='ocrx_word' id='word_1_271' title='bbox 2085 2026 2173 2079; x_wconf 81' lang='lat' dir='ltr'><strong>hic</strong></span> 
     </span>
    </p>
   </div>
   <div class='ocr_carea' id='block_1_36' title="bbox 580 2112 2170 2185">
    <p class='ocr_par' dir='ltr' id='par_1_36' title="bbox 580 2112 2170 2185">
     <span class='ocr_line' id='line_1_36' title="bbox 580 2112 2170 2185; baseline -0.003 -13"><span class='ocrx_word' id='word_1_272' title='bbox 580 2115 815 2172; x_wconf 79' lang='lat' dir='ltr'><strong>sustinet</strong></span> <span class='ocrx_word' id='word_1_273' title='bbox 841 2113 1192 2185; x_wconf 86' lang='lat' dir='ltr'><strong>proditorem.</strong></span> <span class='ocrx_word' id='word_1_274' title='bbox 1221 2112 1506 2167; x_wconf 75' lang='lat' dir='ltr'><strong>Videamus</strong></span> <span class='ocrx_word' id='word_1_275' title='bbox 1534 2120 1716 2167; x_wconf 90' lang='lat' dir='ltr'><strong>autem</strong></span> <span class='ocrx_word' id='word_1_276' title='bbox 1740 2113 1942 2167; x_wconf 81' lang='lat' dir='ltr'><strong>exitum</strong></span> <span class='ocrx_word' id='word_1_277' title='bbox 1969 2113 2170 2167; x_wconf 86' lang='lat' dir='ltr'><strong>utrius-</strong></span> 
     </span>
    </p>
   </div>
   <div class='ocr_carea' id='block_1_37' title="bbox 582 2202 2172 2275">
    <p class='ocr_par' dir='ltr' id='par_1_37' title="bbox 582 2202 2172 2275">
     <span class='ocr_line' id='line_1_37' title="bbox 582 2202 2172 2275; baseline -0.001 -14"><span class='ocrx_word' id='word_1_278' title='bbox 582 2221 692 2275; x_wconf 88' lang='lat' dir='ltr'><strong>que</strong></span> <span class='ocrx_word' id='word_1_279' title='bbox 706 2205 913 2273; x_wconf 87' lang='lat' dir='ltr'><strong>judicii.</strong></span> <span class='ocrx_word' id='word_1_280' title='bbox 941 2203 1202 2259; x_wconf 64' lang='lat' dir='ltr'><strong>Susanna:</strong></span> <span class='ocrx_word' id='word_1_281' title='bbox 1224 2212 1564 2258; x_wconf 83' lang='lat' dir='ltr'><strong>accusatores</strong></span> <span class='ocrx_word' id='word_1_282' title='bbox 1590 2212 1847 2271; x_wconf 86' lang='lat' dir='ltr'><strong>tanquam</strong></span> <span class='ocrx_word' id='word_1_283' title='bbox 1868 2202 1984 2257; x_wconf 79' lang='lat' dir='ltr'><strong>falsi</strong></span> <span class='ocrx_word' id='word_1_284' title='bbox 2008 2212 2172 2260; x_wconf 82' lang='lat' dir='ltr'><strong>testes</strong></span> 
     </span>
    </p>
   </div>
   <div class='ocr_carea' id='block_1_38' title="bbox 584 2294 2169 2367">
    <p class='ocr_par' dir='ltr' id='par_1_38' title="bbox 584 2294 2169 2367">
     <span class='ocr_line' id='line_1_38' title="bbox 584 2294 2169 2367; baseline 0 -16"><span class='ocrx_word' id='word_1_285' title='bbox 584 2296 899 2367; x_wconf 86' lang='lat' dir='ltr'><strong>prophetica</strong></span> <span class='ocrx_word' id='word_1_286' title='bbox 938 2296 1206 2350; x_wconf 85' lang='lat' dir='ltr'><strong>sententia</strong></span> <span class='ocrx_word' id='word_1_287' title='bbox 1236 2294 1537 2359; x_wconf 82' lang='lat' dir='ltr'><strong>feriuntur;</strong></span> <span class='ocrx_word' id='word_1_288' title='bbox 1580 2302 1635 2348; x_wconf 90' lang='lat' dir='ltr'><strong>et</strong></span> <span class='ocrx_word' id='word_1_289' title='bbox 1664 2294 1903 2362; x_wconf 87' lang='lat' dir='ltr'><strong>ejusdem</strong></span> <span class='ocrx_word' id='word_1_290' title='bbox 1933 2296 2169 2351; x_wconf 85' lang='lat' dir='ltr'><strong>criminis</strong></span> 
     </span>
    </p>
   </div>
   <div class='ocr_carea' id='block_1_39' title="bbox 584 2385 2169 2457">
    <p class='ocr_par' dir='ltr' id='par_1_39' title="bbox 584 2385 2169 2457">
     <span class='ocr_line' id='line_1_39' title="bbox 584 2385 2169 2457; baseline 0 -16"><span class='ocrx_word' id='word_1_291' title='bbox 584 2388 881 2457; x_wconf 87' lang='lat' dir='ltr'><strong>puniuntur</strong></span> <span class='ocrx_word' id='word_1_292' title='bbox 913 2387 1017 2448; x_wconf 85' lang='lat' dir='ltr'><strong>rei,</strong></span> <span class='ocrx_word' id='word_1_293' title='bbox 1041 2385 1194 2454; x_wconf 87' lang='lat' dir='ltr'><strong>cujus</strong></span> <span class='ocrx_word' id='word_1_294' title='bbox 1220 2385 1496 2439; x_wconf 88' lang='lat' dir='ltr'><strong>dammare</strong></span> <span class='ocrx_word' id='word_1_295' title='bbox 1524 2385 1826 2439; x_wconf 86' lang='lat' dir='ltr'><strong>innocentis</strong></span> <span class='ocrx_word' id='word_1_296' title='bbox 1854 2387 2169 2454; x_wconf 85' lang='lat' dir='ltr'><strong>sanguinem</strong></span> 
     </span>
    </p>
   </div>
   <div class='ocr_carea' id='block_1_40' title="bbox 582 2475 2169 2546">
    <p class='ocr_par' dir='ltr' id='par_1_40' title="bbox 582 2475 2169 2546">
     <span class='ocr_line' id='line_1_40' title="bbox 582 2475 2169 2546; baseline -0.001 -14"><span class='ocrx_word' id='word_1_297' title='bbox 582 2477 920 2546; x_wconf 72' lang='lat' dir='ltr'><strong>gestiebant;</strong></span> <span class='ocrx_word' id='word_1_298' title='bbox 959 2475 1169 2546; x_wconf 83' lang='lat' dir='ltr'><strong>Domini</strong></span> <span class='ocrx_word' id='word_1_299' title='bbox 1201 2482 1381 2529; x_wconf 90' lang='lat' dir='ltr'><strong>autem</strong></span> <span class='ocrx_word' id='word_1_300' title='bbox 1413 2475 1727 2529; x_wconf 84' lang='lat' dir='ltr'><strong>traditorem</strong></span> <span class='ocrx_word' id='word_1_301' title='bbox 1758 2489 1864 2529; x_wconf 90' lang='lat' dir='ltr'><strong>non</strong></span> <span class='ocrx_word' id='word_1_302' title='bbox 1894 2476 2111 2529; x_wconf 79' lang='lat' dir='ltr'><strong>invenio</strong></span> <span class='ocrx_word' id='word_1_303' title='bbox 2138 2492 2169 2531; x_wconf 87' lang='lat' dir='ltr'><strong>a</strong></span> 
     </span>
    </p>
   </div>
   <div class='ocr_carea' id='block_1_41' title="bbox 566 2564 2170 2636">
    <p class='ocr_par' dir='ltr' id='par_1_41' title="bbox 566 2564 2170 2636">
     <span class='ocr_line' id='line_1_41' title="bbox 566 2564 2170 2636; baseline -0.001 -15"><span class='ocrx_word' id='word_1_304' title='bbox 566 2630 567 2633; x_wconf 25' lang='grc' dir='ltr'><strong>η</strong></span> <span class='ocrx_word' id='word_1_305' title='bbox 572 2566 762 2636; x_wconf 77' lang='lat' dir='ltr'><strong>judice</strong></span> <span class='ocrx_word' id='word_1_306' title='bbox 791 2580 908 2620; x_wconf 92' lang='lat' dir='ltr'><strong>esse</strong></span> <span class='ocrx_word' id='word_1_307' title='bbox 937 2565 1279 2630; x_wconf 80' lang='lat' dir='ltr'><strong>damnatum;</strong></span> <span class='ocrx_word' id='word_1_308' title='bbox 1316 2579 1424 2618; x_wconf 83' lang='lat' dir='ltr'><strong>non</strong></span> <span class='ocrx_word' id='word_1_309' title='bbox 1454 2565 1598 2619; x_wconf 87' lang='lat' dir='ltr'><strong>enim</strong></span> <span class='ocrx_word' id='word_1_310' title='bbox 1627 2580 1752 2618; x_wconf 89' lang='lat' dir='ltr'><strong>eum</strong></span> <span class='ocrx_word' id='word_1_311' title='bbox 1774 2564 1997 2619; x_wconf 86' lang='lat' dir='ltr'><strong>damnat</strong></span> <span class='ocrx_word' id='word_1_312' title='bbox 2030 2564 2170 2619; x_wconf 86' lang='lat' dir='ltr'><strong>Pila-</strong></span> 
     </span>
    </p>
   </div>
   <div class='ocr_carea' id='block_1_42' title="bbox 582 2655 2170 2729">
    <p class='ocr_par' dir='ltr' id='par_1_42' title="bbox 582 2655 2170 2729">
     <span class='ocr_line' id='line_1_42' title="bbox 582 2655 2170 2729; baseline 0 -17"><span class='ocrx_word' id='word_1_313' title='bbox 582 2668 693 2725; x_wconf 85' lang='lat' dir='ltr'><strong>tus,</strong></span> <span class='ocrx_word' id='word_1_314' title='bbox 724 2673 831 2711; x_wconf 88' lang='lat' dir='ltr'><strong>non</strong></span> <span class='ocrx_word' id='word_1_315' title='bbox 859 2656 1079 2709; x_wconf 87' lang='lat' dir='ltr'><strong>damnat</strong></span> <span class='ocrx_word' id='word_1_316' title='bbox 1105 2655 1337 2724; x_wconf 88' lang='lat' dir='ltr'><strong>populus</strong></span> <span class='ocrx_word' id='word_1_317' title='bbox 1370 2673 1381 2706; x_wconf 93' lang='lat'>:</span> <span class='ocrx_word' id='word_1_318' title='bbox 1415 2655 1530 2718; x_wconf 88' lang='lat' dir='ltr'><strong>sed,</strong></span> <span class='ocrx_word' id='word_1_319' title='bbox 1562 2655 1703 2723; x_wconf 84' lang='lat' dir='ltr'><strong>quod</strong></span> <span class='ocrx_word' id='word_1_320' title='bbox 1734 2657 1947 2724; x_wconf 77' lang='lat' dir='ltr'><strong>gravius</strong></span> <span class='ocrx_word' id='word_1_321' title='bbox 1975 2664 2077 2719; x_wconf 89' lang='lat' dir='ltr'><strong>est,</strong></span> <span class='ocrx_word' id='word_1_322' title='bbox 2110 2672 2170 2729; x_wconf 86' lang='lat' dir='ltr'><strong>se</strong></span> 
     </span>
    </p>
   </div>
   <div class='ocr_carea' id='block_1_43' title="bbox 564 2744 2168 2818">
    <p class='ocr_par' dir='ltr' id='par_1_43' title="bbox 564 2744 2168 2818">
     <span class='ocr_line' id='line_1_43' title="bbox 564 2744 2168 2818; baseline 0.001 -17"><span class='ocrx_word' id='word_1_323' title='bbox 564 2749 697 2818; x_wconf 67' lang='lat' dir='ltr'><strong>ipse</strong></span> <span class='ocrx_word' id='word_1_324' title='bbox 724 2746 1074 2814; x_wconf 81' lang='lat' dir='ltr'><strong>condemnat,</strong></span> <span class='ocrx_word' id='word_1_325' title='bbox 1101 2744 1127 2781; x_wconf 78' lang='grc'><strong><em>⁶</em></strong></span> <span class='ocrx_word' id='word_1_326' title='bbox 1152 2752 1401 2801; x_wconf 83' lang='lat' dir='ltr'><strong>cessante</strong></span> <span class='ocrx_word' id='word_1_327' title='bbox 1420 2744 1649 2813; x_wconf 87' lang='lat' dir='ltr'><strong>justitia,</strong></span> <span class='ocrx_word' id='word_1_328' title='bbox 1676 2745 1969 2814; x_wconf 85' lang='lat' dir='ltr'><strong>judicatur.</strong></span> <span class='ocrx_word' id='word_1_329' title='bbox 1996 2748 2168 2813; x_wconf 86' lang='lat' dir='ltr'><strong>Quem</strong></span> 
     </span>
    </p>
   </div>
   <div class='ocr_carea' id='block_1_44' title="bbox 572 2836 2169 2905">
    <p class='ocr_par' dir='ltr' id='par_1_44' title="bbox 572 2836 2169 2905">
     <span class='ocr_line' id='line_1_44' title="bbox 572 2836 2169 2905; baseline -0.001 -12"><span class='ocrx_word' id='word_1_330' title='bbox 572 2838 727 2897; x_wconf 74' lang='lat' dir='ltr'><strong>enim</strong></span> <span class='ocrx_word' id='word_1_331' title='bbox 752 2837 889 2892; x_wconf 90' lang='lat' dir='ltr'><strong>alter</strong></span> <span class='ocrx_word' id='word_1_332' title='bbox 924 2836 1167 2905; x_wconf 86' lang='lat' dir='ltr'><strong>judicat,</strong></span> <span class='ocrx_word' id='word_1_333' title='bbox 1189 2844 1369 2903; x_wconf 90' lang='lat' dir='ltr'><strong>potest</strong></span> <span class='ocrx_word' id='word_1_334' title='bbox 1405 2844 1675 2905; x_wconf 83' lang='lat' dir='ltr'><strong>utcunque</strong></span> <span class='ocrx_word' id='word_1_335' title='bbox 1713 2851 1832 2891; x_wconf 92' lang='lat' dir='ltr'><strong>esse</strong></span> <span class='ocrx_word' id='word_1_336' title='bbox 1860 2838 2169 2892; x_wconf 79' lang='lat' dir='ltr'><strong>exscusabi-</strong></span> 
     </span>
    </p>
   </div>
   <div class='ocr_carea' id='block_1_45' title="bbox 578 2926 2169 2995">
    <p class='ocr_par' dir='ltr' id='par_1_45' title="bbox 578 2926 2169 2995">
     <span class='ocr_line' id='line_1_45' title="bbox 578 2926 2169 2995; baseline -0.001 -11"><span class='ocrx_word' id='word_1_337' title='bbox 578 2931 673 2995; x_wconf 84' lang='lat' dir='ltr'><strong>Iis;</strong></span> <span class='ocrx_word' id='word_1_338' title='bbox 710 2943 834 2982; x_wconf 86' lang='lat' dir='ltr'><strong>reus</strong></span> <span class='ocrx_word' id='word_1_339' title='bbox 866 2934 1045 2980; x_wconf 90' lang='lat' dir='ltr'><strong>autem</strong></span> <span class='ocrx_word' id='word_1_340' title='bbox 1076 2926 1193 2985; x_wconf 86' lang='lat' dir='ltr'><strong>sine</strong></span> <span class='ocrx_word' id='word_1_341' title='bbox 1222 2926 1567 2979; x_wconf 73' lang='lat' dir='ltr'><strong>excusatione</strong></span> <span class='ocrx_word' id='word_1_342' title='bbox 1594 2934 1676 2981; x_wconf 83' lang='lat' dir='ltr'><strong>est</strong></span> <span class='ocrx_word' id='word_1_343' title='bbox 1702 2926 1793 2993; x_wconf 85' lang='lat' dir='ltr'><strong>qui</strong></span> <span class='ocrx_word' id='word_1_344' title='bbox 1823 2928 2169 2982; x_wconf 74' lang='lat' dir='ltr'><strong>conscientia:</strong></span> 
     </span>
    </p>
   </div>
   <div class='ocr_carea' id='block_1_46' title="bbox 577 3017 2174 3089">
    <p class='ocr_par' dir='ltr' id='par_1_46' title="bbox 577 3017 2174 3089">
     <span class='ocr_line' id='line_1_46' title="bbox 577 3017 2174 3089; baseline 0 -14"><span class='ocrx_word' id='word_1_345' title='bbox 577 3037 689 3076; x_wconf 70' lang='lat' dir='ltr'><strong>sua:</strong></span> <span class='ocrx_word' id='word_1_346' title='bbox 722 3020 923 3089; x_wconf 89' lang='lat' dir='ltr'><strong>judicio</strong></span> <span class='ocrx_word' id='word_1_347' title='bbox 963 3018 1357 3073; x_wconf 88' lang='lat' dir='ltr'><strong>condemnatur</strong></span> <span class='ocrx_word' id='word_1_348' title='bbox 1400 3036 1413 3069; x_wconf 92' lang='lat'>:</span> <span class='ocrx_word' id='word_1_349' title='bbox 1446 3032 1603 3087; x_wconf 86' lang='lat' dir='ltr'><strong>quem</strong></span> <span class='ocrx_word' id='word_1_350' title='bbox 1635 3018 1773 3071; x_wconf 90' lang='lat' dir='ltr'><strong>alter</strong></span> <span class='ocrx_word' id='word_1_351' title='bbox 1796 3017 2031 3086; x_wconf 85' lang='lat' dir='ltr'><strong>judicat,</strong></span> <span class='ocrx_word' id='word_1_352' title='bbox 2076 3036 2174 3089; x_wconf 92' lang='lat' dir='ltr'><strong>po-</strong></span> 
     </span>
    </p>
   </div>
   <div class='ocr_carea' id='block_1_47' title="bbox 572 3109 2165 3181">
    <p class='ocr_par' dir='ltr' id='par_1_47' title="bbox 572 3109 2165 3181">
     <span class='ocr_line' id='line_1_47' title="bbox 572 3109 2165 3181; baseline -0.001 -12"><span class='ocrx_word' id='word_1_353' title='bbox 572 3121 685 3169; x_wconf 82' lang='lat' dir='ltr'><strong>test</strong></span> <span class='ocrx_word' id='word_1_354' title='bbox 714 3111 1036 3181; x_wconf 89' lang='lat' dir='ltr'><strong>quandoque</strong></span> <span class='ocrx_word' id='word_1_355' title='bbox 1078 3124 1112 3162; x_wconf 87' lang='lat' dir='ltr'><strong>a</strong></span> <span class='ocrx_word' id='word_1_356' title='bbox 1139 3124 1239 3163; x_wconf 89' lang='lat' dir='ltr'><strong>suo</strong></span> <span class='ocrx_word' id='word_1_357' title='bbox 1277 3109 1458 3177; x_wconf 89' lang='lat' dir='ltr'><strong>judice</strong></span> <span class='ocrx_word' id='word_1_358' title='bbox 1487 3124 1704 3178; x_wconf 79' lang='lat' dir='ltr'><strong>sperare</strong></span> <span class='ocrx_word' id='word_1_359' title='bbox 1734 3110 2119 3178; x_wconf 82' lang='lat' dir='ltr'><strong>indulgentiam</strong></span> <span class='ocrx_word' id='word_1_360' title='bbox 2150 3131 2165 3167; x_wconf 87' lang='lat'><strong>:</strong></span> 
     </span>
    </p>
   </div>
   <div class='ocr_carea' id='block_1_48' title="bbox 2277 1931 3864 2001">
    <p class='ocr_par' dir='ltr' id='par_1_48' title="bbox 2277 1931 3864 2001">
     <span class='ocr_line' id='line_1_48' title="bbox 2277 1931 3864 2001; baseline 0.003 -20"><span class='ocrx_word' id='word_1_361' title='bbox 2277 1939 2329 1981; x_wconf 86' lang='lat' dir='ltr'><strong>et</strong></span> <span class='ocrx_word' id='word_1_362' title='bbox 2358 1931 2636 1983; x_wconf 72' lang='lat' dir='ltr'><strong>secundum</strong></span> <span class='ocrx_word' id='word_1_363' title='bbox 2657 1933 3024 1985; x_wconf 72' lang='lat' dir='ltr'><strong>correctionem</strong></span> <span class='ocrx_word' id='word_1_364' title='bbox 3051 1932 3241 1997; x_wconf 75' lang='lat' dir='ltr'><strong>devita,</strong></span> <span class='ocrx_word' id='word_1_365' title='bbox 3262 1934 3431 1986; x_wconf 81' lang='lat' dir='ltr'><strong>sciens</strong></span> <span class='ocrx_word' id='word_1_366' title='bbox 3449 1934 3567 2001; x_wconf 83' lang='lat' dir='ltr'><strong>quia</strong></span> <span class='ocrx_word' id='word_1_367' title='bbox 3597 1933 3864 1986; x_wconf 69' lang='lat' dir='ltr'><strong>subuersas</strong></span> 
     </span>
    </p>
   </div>
   <div class='ocr_carea' id='block_1_49' title="bbox 2276 2010 3865 2091">
    <p class='ocr_par' dir='ltr' id='par_1_49' title="bbox 2276 2010 3865 2091">
     <span class='ocr_line' id='line_1_49' title="bbox 2276 2010 3865 2091; baseline 0 -20"><span class='ocrx_word' id='word_1_368' title='bbox 2276 2028 2376 2084; x_wconf 80' lang='lat' dir='ltr'><strong>est,</strong></span> <span class='ocrx_word' id='word_1_369' title='bbox 2405 2020 2493 2088; x_wconf 89' lang='lat' dir='ltr'><strong>qui</strong></span> <span class='ocrx_word' id='word_1_370' title='bbox 2520 2020 2775 2089; x_wconf 81' lang='lat' dir='ltr'><strong>ejusmodi</strong></span> <span class='ocrx_word' id='word_1_371' title='bbox 2806 2030 2903 2087; x_wconf 83' lang='lat' dir='ltr'><strong>est,</strong></span> <span class='ocrx_word' id='word_1_372' title='bbox 2928 2031 2978 2073; x_wconf 90' lang='lat' dir='ltr'><strong>et</strong></span> <span class='ocrx_word' id='word_1_373' title='bbox 3006 2022 3255 2091; x_wconf 78' lang='lat' dir='ltr'><strong>delinquit</strong></span> <span class='ocrx_word' id='word_1_374' title='bbox 3284 2010 3494 2091; x_wconf 72' lang='lat' dir='ltr'><strong>proprio</strong></span> <span class='ocrx_word' id='word_1_375' title='bbox 3524 2023 3719 2088; x_wconf 81' lang='lat' dir='ltr'><strong>iudicio</strong></span> <span class='ocrx_word' id='word_1_376' title='bbox 3749 2038 3865 2074; x_wconf 83' lang='lat' dir='ltr'><strong>con-</strong></span> 
     </span>
    </p>
   </div>
   <div class='ocr_carea' id='block_1_50' title="bbox 2275 2110 3862 2181">
    <p class='ocr_par' dir='ltr' id='par_1_50' title="bbox 2275 2110 3862 2181">
     <span class='ocr_line' id='line_1_50' title="bbox 2275 2110 3862 2181; baseline 0.002 -19"><span class='ocrx_word' id='word_1_377' title='bbox 2275 2110 2547 2163; x_wconf 83' lang='lat' dir='ltr'><strong>demnatus</strong></span> <span class='ocrx_word' id='word_1_378' title='bbox 2580 2110 2707 2179; x_wconf 86' lang='lat' dir='ltr'><strong>(Tit.</strong></span> <span class='ocrx_word' id='word_1_379' title='bbox 2756 2112 2854 2181; x_wconf 83' lang='grc' dir='ltr'>ιιι).</span> <span class='ocrx_word' id='word_1_380' title='bbox 2889 2112 3007 2181; x_wconf 84' lang='lat' dir='ltr'><strong>Ipse</strong></span> <span class='ocrx_word' id='word_1_381' title='bbox 3036 2112 3179 2165; x_wconf 85' lang='lat' dir='ltr'><strong>enim</strong></span> <span class='ocrx_word' id='word_1_382' title='bbox 3218 2126 3277 2166; x_wconf 89' lang='lat' dir='ltr'><strong>se</strong></span> <span class='ocrx_word' id='word_1_383' title='bbox 3305 2112 3527 2166; x_wconf 88' lang='lat' dir='ltr'><strong>damnat</strong></span> <span class='ocrx_word' id='word_1_384' title='bbox 3561 2113 3862 2174; x_wconf 74' lang='lat' dir='ltr'><strong>lucreticus,</strong></span> 
     </span>
    </p>
   </div>
   <div class='ocr_carea' id='block_1_51' title="bbox 2273 2199 3863 2272">
    <p class='ocr_par' dir='ltr' id='par_1_51' title="bbox 2273 2199 3863 2272">
     <span class='ocr_line' id='line_1_51' title="bbox 2273 2199 3863 2272; baseline -0.001 -19"><span class='ocrx_word' id='word_1_385' title='bbox 2273 2215 2395 2253; x_wconf 90' lang='lat' dir='ltr'><strong>cum</strong></span> <span class='ocrx_word' id='word_1_386' title='bbox 2424 2199 2491 2255; x_wconf 90' lang='lat' dir='ltr'><strong>de</strong></span> <span class='ocrx_word' id='word_1_387' title='bbox 2527 2200 2765 2256; x_wconf 83' lang='lat' dir='ltr'><strong>Ecclesia</strong></span> <span class='ocrx_word' id='word_1_388' title='bbox 2798 2204 2911 2272; x_wconf 87' lang='lat' dir='ltr'><strong>ipse</strong></span> <span class='ocrx_word' id='word_1_389' title='bbox 2940 2218 2997 2257; x_wconf 81' lang='lat' dir='ltr'><strong>se</strong></span> <span class='ocrx_word' id='word_1_390' title='bbox 3028 2202 3263 2272; x_wconf 83' lang='lat' dir='ltr'><strong>projicit,</strong></span> <span class='ocrx_word' id='word_1_391' title='bbox 3292 2201 3348 2257; x_wconf 79' lang='lat' dir='ltr'><strong>ct’</strong></span> <span class='ocrx_word' id='word_1_392' title='bbox 3378 2203 3446 2257; x_wconf 87' lang='lat' dir='ltr'><strong>de</strong></span> <span class='ocrx_word' id='word_1_393' title='bbox 3474 2213 3618 2257; x_wconf 64' lang='lat' dir='ltr'><strong>coetu</strong></span> <span class='ocrx_word' id='word_1_394' title='bbox 3651 2214 3863 2257; x_wconf 81' lang='lat' dir='ltr'><strong>sancto-</strong></span> 
     </span>
    </p>
   </div>
   <div class='ocr_carea' id='block_1_52' title="bbox 2273 2293 3859 2363">
    <p class='ocr_par' dir='ltr' id='par_1_52' title="bbox 2273 2293 3859 2363">
     <span class='ocr_line' id='line_1_52' title="bbox 2273 2293 3859 2363; baseline 0 -18"><span class='ocrx_word' id='word_1_395' title='bbox 2273 2300 2394 2345; x_wconf 89' lang='lat' dir='ltr'><strong>rum</strong></span> <span class='ocrx_word' id='word_1_396' title='bbox 2422 2293 2569 2347; x_wconf 88' lang='lat' dir='ltr'><strong>nullo</strong></span> <span class='ocrx_word' id='word_1_397' title='bbox 2596 2294 2956 2363; x_wconf 85' lang='lat' dir='ltr'><strong>compellente</strong></span> <span class='ocrx_word' id='word_1_398' title='bbox 2981 2294 3252 2363; x_wconf 88' lang='lat' dir='ltr'><strong>procedit;</strong></span> <span class='ocrx_word' id='word_1_399' title='bbox 3287 2295 3400 2363; x_wconf 85' lang='lat' dir='ltr'><strong>ipse</strong></span> <span class='ocrx_word' id='word_1_400' title='bbox 3428 2295 3573 2347; x_wconf 87' lang='lat' dir='ltr'><strong>enim</strong></span> <span class='ocrx_word' id='word_1_401' title='bbox 3605 2293 3859 2354; x_wconf 86' lang='lat' dir='ltr'><strong>ostendit,</strong></span> 
     </span>
    </p>
   </div>
   <div class='ocr_carea' id='block_1_53' title="bbox 2272 2384 3861 2453">
    <p class='ocr_par' dir='ltr' id='par_1_53' title="bbox 2272 2384 3861 2453">
     <span class='ocr_line' id='line_1_53' title="bbox 2272 2384 3861 2453; baseline 0 -18"><span class='ocrx_word' id='word_1_402' title='bbox 2272 2384 2402 2453; x_wconf 90' lang='lat' dir='ltr'><strong>quid</strong></span> <span class='ocrx_word' id='word_1_403' title='bbox 2430 2393 2704 2439; x_wconf 85' lang='lat' dir='ltr'><strong>mereatur</strong></span> <span class='ocrx_word' id='word_1_404' title='bbox 2728 2400 2761 2439; x_wconf 85' lang='lat' dir='ltr'><strong>a</strong></span> <span class='ocrx_word' id='word_1_405' title='bbox 2786 2385 3015 2449; x_wconf 89' lang='lat' dir='ltr'><strong>cunctis,</strong></span> <span class='ocrx_word' id='word_1_406' title='bbox 3046 2385 3138 2453; x_wconf 89' lang='lat' dir='ltr'><strong>qui</strong></span> <span class='ocrx_word' id='word_1_407' title='bbox 3167 2400 3267 2439; x_wconf 91' lang='lat' dir='ltr'><strong>suo</strong></span> <span class='ocrx_word' id='word_1_408' title='bbox 3291 2384 3425 2453; x_wconf 72' lang='lat' dir='ltr'><strong>jlldlt</strong></span> <span class='ocrx_word' id='word_1_409' title='bbox 3443 2384 3496 2439; x_wconf 92' lang='lat' dir='ltr'><strong>io</strong></span> <span class='ocrx_word' id='word_1_410' title='bbox 3525 2393 3811 2453; x_wconf 82' lang='lat' dir='ltr'><strong>separatur</strong></span> <span class='ocrx_word' id='word_1_411' title='bbox 3836 2398 3861 2436; x_wconf 82' lang='lat' dir='ltr'><strong>a</strong></span> 
     </span>
    </p>
   </div>
   <div class='ocr_carea' id='block_1_54' title="bbox 2272 2476 3863 2546">
    <p class='ocr_par' dir='ltr' id='par_1_54' title="bbox 2272 2476 3863 2546">
     <span class='ocr_line' id='line_1_54' title="bbox 2272 2476 3863 2546; baseline -0.002 -15"><span class='ocrx_word' id='word_1_412' title='bbox 2272 2478 2502 2531; x_wconf 87' lang='lat' dir='ltr'><strong>cunctis.</strong></span> <span class='ocrx_word' id='word_1_413' title='bbox 2548 2476 2699 2545; x_wconf 83' lang='lat' dir='ltr'><strong>Ipse,</strong></span> <span class='ocrx_word' id='word_1_414' title='bbox 2732 2478 2979 2546; x_wconf 87' lang='lat' dir='ltr'><strong>inquam,</strong></span> <span class='ocrx_word' id='word_1_415' title='bbox 3010 2491 3069 2531; x_wconf 89' lang='lat' dir='ltr'><strong>se</strong></span> <span class='ocrx_word' id='word_1_416' title='bbox 3096 2477 3317 2529; x_wconf 88' lang='lat' dir='ltr'><strong>damnat</strong></span> <span class='ocrx_word' id='word_1_417' title='bbox 3359 2476 3650 2530; x_wconf 65' lang='lat' dir='ltr'><strong>hatreticus</strong></span> <span class='ocrx_word' id='word_1_418' title='bbox 3688 2495 3702 2526; x_wconf 92' lang='lat'>:</span> <span class='ocrx_word' id='word_1_419' title='bbox 3744 2476 3863 2543; x_wconf 85' lang='lat' dir='ltr'><strong>quia</strong></span> 
     </span>
    </p>
   </div>
   <div class='ocr_carea' id='block_1_55' title="bbox 2268 2565 3861 2636">
    <p class='ocr_par' dir='ltr' id='par_1_55' title="bbox 2268 2565 3861 2636">
     <span class='ocr_line' id='line_1_55' title="bbox 2268 2565 3861 2636; baseline -0.003 -16"><span class='ocrx_word' id='word_1_420' title='bbox 2268 2580 2395 2620; x_wconf 82' lang='lat' dir='ltr'><strong>cum</strong></span> <span class='ocrx_word' id='word_1_421' title='bbox 2440 2582 2631 2635; x_wconf 80' lang='lat' dir='ltr'><strong>omnes</strong></span> <span class='ocrx_word' id='word_1_422' title='bbox 2660 2567 2934 2621; x_wconf 83' lang='lat' dir='ltr'><strong>criminosi</strong></span> <span class='ocrx_word' id='word_1_423' title='bbox 2956 2608 2974 2633; x_wconf 94' lang='lat'><strong>,</strong></span> <span class='ocrx_word' id='word_1_424' title='bbox 3002 2567 3240 2636; x_wconf 89' lang='lat' dir='ltr'><strong>episcopi</strong></span> <span class='ocrx_word' id='word_1_425' title='bbox 3269 2566 3540 2620; x_wconf 84' lang='lat' dir='ltr'><strong>sententia</strong></span> <span class='ocrx_word' id='word_1_426' title='bbox 3588 2565 3861 2635; x_wconf 69' lang='lat' dir='ltr'><strong>proiician-</strong></span> 
     </span>
    </p>
   </div>
   <div class='ocr_carea' id='block_1_56' title="bbox 2274 2644 3861 2725">
    <p class='ocr_par' dir='ltr' id='par_1_56' title="bbox 2274 2644 3861 2725">
     <span class='ocr_line' id='line_1_56' title="bbox 2274 2644 3861 2725; baseline -0.001 -15"><span class='ocrx_word' id='word_1_427' title='bbox 2274 2665 2361 2711; x_wconf 89' lang='lat' dir='ltr'><strong>tur</strong></span> <span class='ocrx_word' id='word_1_428' title='bbox 2387 2657 2455 2711; x_wconf 91' lang='lat' dir='ltr'><strong>de</strong></span> <span class='ocrx_word' id='word_1_429' title='bbox 2483 2658 2759 2712; x_wconf 89' lang='lat' dir='ltr'><strong>consortio</strong></span> <span class='ocrx_word' id='word_1_430' title='bbox 2782 2655 3112 2723; x_wconf 83' lang='lat' dir='ltr'><strong>Christiano,</strong></span> <span class='ocrx_word' id='word_1_431' title='bbox 3142 2655 3159 2694; x_wconf 74' lang='grc' dir='ltr'><strong>ί</strong></span> <span class='ocrx_word' id='word_1_432' title='bbox 3195 2656 3477 2712; x_wconf 68' lang='lat' dir='ltr'><strong>haereticus</strong></span> <span class='ocrx_word' id='word_1_433' title='bbox 3505 2644 3704 2711; x_wconf 61' lang='lat' dir='ltr'><strong>euuc’ta</strong></span> <span class='ocrx_word' id='word_1_434' title='bbox 3733 2670 3861 2725; x_wconf 70' lang='lat' dir='ltr'><strong>puc-</strong></span> 
     </span>
    </p>
   </div>
   <div class='ocr_carea' id='block_1_57' title="bbox 2274 2744 3859 2815">
    <p class='ocr_par' dir='ltr' id='par_1_57' title="bbox 2274 2744 3859 2815">
     <span class='ocr_line' id='line_1_57' title="bbox 2274 2744 3859 2815; baseline -0.001 -16"><span class='ocrx_word' id='word_1_435' title='bbox 2274 2747 2525 2810; x_wconf 86' lang='lat' dir='ltr'><strong>venieus,</strong></span> <span class='ocrx_word' id='word_1_436' title='bbox 2574 2747 2846 2801; x_wconf 80' lang='lat' dir='ltr'><strong>sententia</strong></span> <span class='ocrx_word' id='word_1_437' title='bbox 2893 2760 3003 2799; x_wconf 71' lang='lat' dir='ltr'><strong>sum</strong></span> <span class='ocrx_word' id='word_1_438' title='bbox 3074 2746 3365 2801; x_wconf 75' lang='lat' dir='ltr'><strong>voluntatis</strong></span> <span class='ocrx_word' id='word_1_439' title='bbox 3424 2746 3701 2815; x_wconf 75' lang='lat' dir='ltr'><strong>alijicitur.</strong></span> <span class='ocrx_word' id='word_1_440' title='bbox 3753 2744 3859 2798; x_wconf 81' lang='lat' dir='ltr'><strong>Tali</strong></span> 
     </span>
    </p>
   </div>
   <div class='ocr_carea' id='block_1_58' title="bbox 2272 2832 3858 2910">
    <p class='ocr_par' dir='ltr' id='par_1_58' title="bbox 2272 2832 3858 2910">
     <span class='ocr_line' id='line_1_58' title="bbox 2272 2832 3858 2910; baseline -0.001 -21"><span class='ocrx_word' id='word_1_441' title='bbox 2272 2850 2402 2904; x_wconf 85' lang='lat' dir='ltr'><strong>ergo</strong></span> <span class='ocrx_word' id='word_1_442' title='bbox 2444 2836 2749 2902; x_wconf 73' lang='lat' dir='ltr'><strong>lucreti‘cus,</strong></span> <span class='ocrx_word' id='word_1_443' title='bbox 2793 2835 2939 2903; x_wconf 85' lang='lat' dir='ltr'><strong>quali</strong></span> <span class='ocrx_word' id='word_1_444' title='bbox 2968 2843 3022 2889; x_wconf 91' lang='lat' dir='ltr'><strong>et</strong></span> <span class='ocrx_word' id='word_1_445' title='bbox 3055 2832 3219 2888; x_wconf 69' lang='lat' dir='ltr'><strong>dullas</strong></span> <span class='ocrx_word' id='word_1_446' title='bbox 3260 2850 3416 2910; x_wconf 58' lang='lat' dir='ltr'><strong>parum</strong></span> <span class='ocrx_word' id='word_1_447' title='bbox 3446 2836 3738 2889; x_wconf 83' lang='lat' dir='ltr'><strong>damnatur</strong></span> <span class='ocrx_word' id='word_1_448' title='bbox 3767 2852 3778 2887; x_wconf 88' lang='lat'><strong>:</strong></span> <span class='ocrx_word' id='word_1_449' title='bbox 3807 2844 3858 2887; x_wconf 89' lang='lat' dir='ltr'><strong>ut</strong></span> 
     </span>
    </p>
   </div>
   <div class='ocr_carea' id='block_1_59' title="bbox 2274 2926 3856 2995">
    <p class='ocr_par' dir='ltr' id='par_1_59' title="bbox 2274 2926 3856 2995">
     <span class='ocr_line' id='line_1_59' title="bbox 2274 2926 3856 2995; baseline -0.001 -15"><span class='ocrx_word' id='word_1_450' title='bbox 2274 2926 2411 2981; x_wconf 87' lang='lat' dir='ltr'><strong>idem</strong></span> <span class='ocrx_word' id='word_1_451' title='bbox 2457 2927 2540 2980; x_wconf 91' lang='lat' dir='ltr'><strong>sui</strong></span> <span class='ocrx_word' id='word_1_452' title='bbox 2586 2935 2641 2980; x_wconf 88' lang='lat' dir='ltr'><strong>ct</strong></span> <span class='ocrx_word' id='word_1_453' title='bbox 2684 2941 2810 2980; x_wconf 89' lang='lat' dir='ltr'><strong>reus</strong></span> <span class='ocrx_word' id='word_1_454' title='bbox 2850 2926 2920 2980; x_wconf 92' lang='lat' dir='ltr'><strong>sit</strong></span> <span class='ocrx_word' id='word_1_455' title='bbox 2947 2926 3194 2990; x_wconf 87' lang='lat' dir='ltr'><strong>sceleris,</strong></span> <span class='ocrx_word' id='word_1_456' title='bbox 3226 2936 3282 2980; x_wconf 89' lang='lat' dir='ltr'><strong>et</strong></span> <span class='ocrx_word' id='word_1_457' title='bbox 3314 2926 3478 2995; x_wconf 79' lang='lat' dir='ltr'><strong>judex</strong></span> <span class='ocrx_word' id='word_1_458' title='bbox 3511 2928 3585 2980; x_wconf 91' lang='lat' dir='ltr'><strong>sit</strong></span> <span class='ocrx_word' id='word_1_459' title='bbox 3613 2926 3856 2987; x_wconf 87' lang='lat' dir='ltr'><strong>ultionis;</strong></span> 
     </span>
    </p>
   </div>
   <div class='ocr_carea' id='block_1_60' title="bbox 2273 3016 3851 3087">
    <p class='ocr_par' dir='ltr' id='par_1_60' title="bbox 2273 3016 3851 3087">
     <span class='ocr_line' id='line_1_60' title="bbox 2273 3016 3851 3087; baseline -0.002 -16"><span class='ocrx_word' id='word_1_460' title='bbox 2273 3018 2386 3083; x_wconf 88' lang='lat' dir='ltr'><strong>tali,</strong></span> <span class='ocrx_word' id='word_1_461' title='bbox 2418 3018 2653 3087; x_wconf 88' lang='lat' dir='ltr'><strong>inquam,</strong></span> <span class='ocrx_word' id='word_1_462' title='bbox 2688 3017 2990 3077; x_wconf 64' lang='lat' dir='ltr'><strong>haereticus,</strong></span> <span class='ocrx_word' id='word_1_463' title='bbox 3020 3017 3163 3084; x_wconf 85' lang='lat' dir='ltr'><strong>quali</strong></span> <span class='ocrx_word' id='word_1_464' title='bbox 3192 3026 3246 3071; x_wconf 93' lang='lat' dir='ltr'><strong>ct</strong></span> <span class='ocrx_word' id='word_1_465' title='bbox 3296 3016 3462 3071; x_wconf 75' lang='lat' dir='ltr'><strong>Iudas</strong></span> <span class='ocrx_word' id='word_1_466' title='bbox 3492 3032 3652 3085; x_wconf 69' lang='lat' dir='ltr'><strong>[unita</strong></span> <span class='ocrx_word' id='word_1_467' title='bbox 3693 3026 3719 3063; x_wconf 77' lang='grc' dir='ltr'><strong>ε</strong></span> <span class='ocrx_word' id='word_1_468' title='bbox 3764 3016 3851 3069; x_wconf 83' lang='lat' dir='ltr'><strong>da-</strong></span> 
     </span>
    </p>
   </div>
   <div class='ocr_carea' id='block_1_61' title="bbox 2274 3107 3854 3177">
    <p class='ocr_par' dir='ltr' id='par_1_61' title="bbox 2274 3107 3854 3177">
     <span class='ocr_line' id='line_1_61' title="bbox 2274 3107 3854 3177; baseline -0.002 -16"><span class='ocrx_word' id='word_1_469' title='bbox 2274 3119 2515 3172; x_wconf 86' lang='lat' dir='ltr'><strong>mnatur;</strong></span> <span class='ocrx_word' id='word_1_470' title='bbox 2534 3124 2630 3163; x_wconf 91' lang='lat' dir='ltr'><strong>nec</strong></span> <span class='ocrx_word' id='word_1_471' title='bbox 2655 3107 2942 3173; x_wconf 87' lang='lat' dir='ltr'><strong>immerito,</strong></span> <span class='ocrx_word' id='word_1_472' title='bbox 2956 3108 3079 3175; x_wconf 86' lang='lat' dir='ltr'><strong>quia</strong></span> <span class='ocrx_word' id='word_1_473' title='bbox 3096 3108 3401 3171; x_wconf 87' lang='lat' dir='ltr'><strong>Dominum,</strong></span> <span class='ocrx_word' id='word_1_474' title='bbox 3422 3122 3584 3177; x_wconf 87' lang='lat' dir='ltr'><strong>quem</strong></span> <span class='ocrx_word' id='word_1_475' title='bbox 3622 3108 3716 3161; x_wconf 89' lang='lat' dir='ltr'><strong>ille</strong></span> <span class='ocrx_word' id='word_1_476' title='bbox 3734 3120 3854 3160; x_wconf 83' lang='lat' dir='ltr'><strong>ven-</strong></span> 
     </span>
    </p>
   </div>
   <div class='ocr_carea' id='block_1_62' title="bbox 577 3188 3858 3282">
    <p class='ocr_par' dir='ltr' id='par_1_62' title="bbox 577 3188 3858 3282">
     <span class='ocr_line' id='line_1_62' title="bbox 577 3188 3858 3282; baseline -0.001 -25"><span class='ocrx_word' id='word_1_477' title='bbox 577 3204 669 3273; x_wconf 91' lang='lat' dir='ltr'><strong>qui</strong></span> <span class='ocrx_word' id='word_1_478' title='bbox 708 3217 767 3256; x_wconf 90' lang='lat' dir='ltr'><strong>sc</strong></span> <span class='ocrx_word' id='word_1_479' title='bbox 797 3200 912 3270; x_wconf 90' lang='lat' dir='ltr'><strong>ipse</strong></span> <span class='ocrx_word' id='word_1_480' title='bbox 952 3200 1174 3269; x_wconf 75' lang='lat' dir='ltr'><strong>iudicat,</strong></span> <span class='ocrx_word' id='word_1_481' title='bbox 1208 3214 1237 3251; x_wconf 85' lang='lat' dir='ltr'><strong>a</strong></span> <span class='ocrx_word' id='word_1_482' title='bbox 1264 3214 1373 3282; x_wconf 79' lang='lat' dir='ltr'><strong>quo</strong></span> <span class='ocrx_word' id='word_1_483' title='bbox 1404 3199 1790 3266; x_wconf 73' lang='lat' dir='ltr'><strong>indulgentiam</strong></span> <span class='ocrx_word' id='word_1_484' title='bbox 1824 3202 2164 3269; x_wconf 80' lang='lat' dir='ltr'><strong>postulabit?</strong></span> <span class='ocrx_word' id='word_1_485' title='bbox 2196 3188 2243 3251; x_wconf 86' lang='lat' dir='ltr'><strong>C</strong></span> <span class='ocrx_word' id='word_1_486' title='bbox 2274 3202 2423 3267; x_wconf 85' lang='lat' dir='ltr'><strong>didit,</strong></span> <span class='ocrx_word' id='word_1_487' title='bbox 2456 3203 2560 3263; x_wconf 86' lang='lat' dir='ltr'><strong>iste</strong></span> <span class='ocrx_word' id='word_1_488' title='bbox 2584 3201 2953 3270; x_wconf 77' lang='lat' dir='ltr'><strong>blasphemat;</strong></span> <span class='ocrx_word' id='word_1_489' title='bbox 2984 3216 3143 3269; x_wconf 88' lang='lat' dir='ltr'><strong>quem</strong></span> <span class='ocrx_word' id='word_1_490' title='bbox 3176 3200 3263 3254; x_wconf 90' lang='lat' dir='ltr'><strong>ille</strong></span> <span class='ocrx_word' id='word_1_491' title='bbox 3293 3202 3737 3269; x_wconf 70' lang='lat' dir='ltr'><strong>persecutoribus</strong></span> <span class='ocrx_word' id='word_1_492' title='bbox 3765 3208 3858 3253; x_wconf 85' lang='lat' dir='ltr'><strong>tra-</strong></span> 
     </span>
    </p>
   </div>
   <div class='ocr_carea' id='block_1_63' title="bbox 577 3289 2166 3361">
    <p class='ocr_par' dir='ltr' id='par_1_63' title="bbox 577 3289 2166 3361">
     <span class='ocr_line' id='line_1_63' title="bbox 577 3289 2166 3361; baseline 0 -14"><span class='ocrx_word' id='word_1_493' title='bbox 577 3294 839 3349; x_wconf 78' lang='lat' dir='ltr'><strong>Rel’erens</strong></span> <span class='ocrx_word' id='word_1_494' title='bbox 865 3292 1006 3345; x_wconf 92' lang='lat' dir='ltr'><strong>enim</strong></span> <span class='ocrx_word' id='word_1_495' title='bbox 1054 3290 1211 3361; x_wconf 64' lang='grc'><strong>146</strong></span> <span class='ocrx_word' id='word_1_496' title='bbox 1251 3289 1416 3344; x_wconf 83' lang='lat' dir='ltr'><strong>Judas</strong></span> <span class='ocrx_word' id='word_1_497' title='bbox 1444 3290 1697 3345; x_wconf 90' lang='lat' dir='ltr'><strong>dominici</strong></span> <span class='ocrx_word' id='word_1_498' title='bbox 1738 3292 2013 3360; x_wconf 83' lang='lat' dir='ltr'><strong>sanguinis</strong></span> <span class='ocrx_word' id='word_1_499' title='bbox 2042 3294 2166 3361; x_wconf 57' lang='lat' dir='ltr'><strong>prie-</strong></span> 
     </span>
    </p>
   </div>
   <div class='ocr_carea' id='block_1_64' title="bbox 573 3380 2164 3453">
    <p class='ocr_par' dir='ltr' id='par_1_64' title="bbox 573 3380 2164 3453">
     <span class='ocr_line' id='line_1_64' title="bbox 573 3380 2164 3453; baseline -0.001 -15"><span class='ocrx_word' id='word_1_500' title='bbox 573 3385 726 3447; x_wconf 90' lang='lat' dir='ltr'><strong>tium,</strong></span> <span class='ocrx_word' id='word_1_501' title='bbox 751 3383 831 3437; x_wconf 87' lang='lat' dir='ltr'><strong>ait</strong></span> <span class='ocrx_word' id='word_1_502' title='bbox 846 3381 1045 3438; x_wconf 71' lang='lat' dir='ltr'><strong>Judzeis</strong></span> <span class='ocrx_word' id='word_1_503' title='bbox 1068 3396 1081 3433; x_wconf 84' lang='lat'><strong>:</strong></span> <span class='ocrx_word' id='word_1_504' title='bbox 1106 3380 1350 3444; x_wconf 80' lang='lat' dir='ltr'><strong>Peccavi,</strong></span> <span class='ocrx_word' id='word_1_505' title='bbox 1379 3380 1516 3450; x_wconf 78' lang='lat' dir='ltr'><strong>quod</strong></span> <span class='ocrx_word' id='word_1_506' title='bbox 1536 3380 1839 3434; x_wconf 76' lang='lat' dir='ltr'><strong>tradiderim</strong></span> <span class='ocrx_word' id='word_1_507' title='bbox 1858 3385 2164 3453; x_wconf 77' lang='lat' dir='ltr'><strong>sanguinem</strong></span> 
     </span>
    </p>
   </div>
   <div class='ocr_carea' id='block_1_65' title="bbox 565 3469 2166 3543">
    <p class='ocr_par' dir='ltr' id='par_1_65' title="bbox 565 3469 2166 3543">
     <span class='ocr_line' id='line_1_65' title="bbox 565 3469 2166 3543; baseline -0.001 -13"><span class='ocrx_word' id='word_1_508' title='bbox 565 3479 893 3531; x_wconf 79' lang='lat' dir='ltr'><strong>innocentem</strong></span> <span class='ocrx_word' id='word_1_509' title='bbox 926 3471 1140 3543; x_wconf 72' lang='lat' dir='ltr'><strong>(Matth.</strong></span> <span class='ocrx_word' id='word_1_510' title='bbox 1177 3471 1363 3539; x_wconf 76' lang='lat' dir='ltr'><strong>xxvii).</strong></span> <span class='ocrx_word' id='word_1_511' title='bbox 1396 3470 1647 3539; x_wconf 78' lang='lat' dir='ltr'><strong>Magnum</strong></span> <span class='ocrx_word' id='word_1_512' title='bbox 1694 3469 1858 3539; x_wconf 88' lang='lat' dir='ltr'><strong>igitur</strong></span> <span class='ocrx_word' id='word_1_513' title='bbox 1884 3472 2166 3529; x_wconf 75' lang='lat' dir='ltr'><strong>dominica:</strong></span> 
     </span>
    </p>
   </div>
   <div class='ocr_carea' id='block_1_66' title="bbox 2270 3288 3857 3359">
    <p class='ocr_par' dir='ltr' id='par_1_66' title="bbox 2270 3288 3857 3359">
     <span class='ocr_line' id='line_1_66' title="bbox 2270 3288 3857 3359; baseline -0.001 -13"><span class='ocrx_word' id='word_1_514' title='bbox 2270 3292 2422 3355; x_wconf 88' lang='lat' dir='ltr'><strong>didit,</strong></span> <span class='ocrx_word' id='word_1_515' title='bbox 2448 3292 2687 3359; x_wconf 87' lang='lat' dir='ltr'><strong>quotidie</strong></span> <span class='ocrx_word' id='word_1_516' title='bbox 2709 3292 2809 3345; x_wconf 90' lang='lat' dir='ltr'><strong>iste</strong></span> <span class='ocrx_word' id='word_1_517' title='bbox 2835 3292 3193 3359; x_wconf 75' lang='lat' dir='ltr'><strong>persequitur.</strong></span> <span class='ocrx_word' id='word_1_518' title='bbox 3229 3288 3577 3358; x_wconf 81' lang='lat' dir='ltr'><strong>Persequitur</strong></span> <span class='ocrx_word' id='word_1_519' title='bbox 3596 3292 3743 3346; x_wconf 91' lang='lat' dir='ltr'><strong>enim</strong></span> <span class='ocrx_word' id='word_1_520' title='bbox 3766 3291 3857 3344; x_wconf 58' lang='lat' dir='ltr'><strong>has-</strong></span> 
     </span>
    </p>
   </div>
   <div class='ocr_carea' id='block_1_67' title="bbox 2272 3381 3855 3453">
    <p class='ocr_par' dir='ltr' id='par_1_67' title="bbox 2272 3381 3855 3453">
     <span class='ocr_line' id='line_1_67' title="bbox 2272 3381 3855 3453; baseline 0 -16"><span class='ocrx_word' id='word_1_521' title='bbox 2272 3384 2472 3437; x_wconf 90' lang='lat' dir='ltr'><strong>reticus</strong></span> <span class='ocrx_word' id='word_1_522' title='bbox 2507 3381 2791 3436; x_wconf 86' lang='lat' dir='ltr'><strong>Dominum</strong></span> <span class='ocrx_word' id='word_1_523' title='bbox 2821 3395 2943 3437; x_wconf 91' lang='lat' dir='ltr'><strong>cum</strong></span> <span class='ocrx_word' id='word_1_524' title='bbox 2971 3381 3305 3437; x_wconf 80' lang='lat' dir='ltr'><strong>divinitatem</strong></span> <span class='ocrx_word' id='word_1_525' title='bbox 3331 3382 3380 3437; x_wconf 90' lang='lat' dir='ltr'><strong>ei</strong></span> <span class='ocrx_word' id='word_1_526' title='bbox 3409 3381 3664 3453; x_wconf 83' lang='lat' dir='ltr'><strong>derogat,</strong></span> <span class='ocrx_word' id='word_1_527' title='bbox 3693 3392 3753 3439; x_wconf 91' lang='lat' dir='ltr'><strong>et</strong></span> <span class='ocrx_word' id='word_1_528' title='bbox 3775 3396 3855 3437; x_wconf 79' lang='lat' dir='ltr'><strong>as-</strong></span> 
     </span>
    </p>
   </div>
   <div class='ocr_carea' id='block_1_68' title="bbox 2272 3475 2749 3529">
    <p class='ocr_par' dir='ltr' id='par_1_68' title="bbox 2272 3475 2749 3529">
     <span class='ocr_line' id='line_1_68' title="bbox 2272 3475 2749 3529; baseline -0.004 0"><span class='ocrx_word' id='word_1_529' title='bbox 2272 3475 2402 3529; x_wconf 87' lang='lat' dir='ltr'><strong>serit</strong></span> <span class='ocrx_word' id='word_1_530' title='bbox 2428 3482 2749 3529; x_wconf 81' lang='lat' dir='ltr'><strong>creaturam.</strong></span> 
     </span>
    </p>
   </div>
   <div class='ocr_carea' id='block_1_69' title="bbox 1874 3560 2551 3625">
    <p class='ocr_par' dir='ltr' id='par_1_69' title="bbox 1874 3560 2551 3625">
     <span class='ocr_line' id='line_1_69' title="bbox 1874 3560 2551 3625; baseline 0 -4"><span class='ocrx_word' id='word_1_531' title='bbox 1874 3560 2220 3625; x_wconf 82' lang='lat' dir='ltr'><strong>HOMILIA</strong></span> <span class='ocrx_word' id='word_1_532' title='bbox 2268 3563 2551 3624; x_wconf 76' lang='lat' dir='ltr'><strong>XLVIII.</strong></span> 
     </span>
    </p>
   </div>
   <div class='ocr_carea' id='block_1_70' title="bbox 1913 3662 2511 3736">
    <p class='ocr_par' dir='ltr' id='par_1_70' title="bbox 1913 3662 2511 3736">
     <span class='ocr_line' id='line_1_70' title="bbox 1913 3662 2511 3736; baseline 0 -19"><span class='ocrx_word' id='word_1_533' title='bbox 1913 3662 1997 3719; x_wconf 87' lang='lat' dir='ltr'><strong>De</strong></span> <span class='ocrx_word' id='word_1_534' title='bbox 2034 3664 2176 3719; x_wconf 86' lang='lat' dir='ltr'><strong>Juda</strong></span> <span class='ocrx_word' id='word_1_535' title='bbox 2225 3665 2511 3736; x_wconf 82' lang='lat' dir='ltr'><strong>proditore.</strong></span> 
     </span>
    </p>
   </div>
   <div class='ocr_carea' id='block_1_71' title="bbox 1996 3752 2390 3809">
    <p class='ocr_par' dir='ltr' id='par_1_71' title="bbox 1996 3752 2390 3809">
     <span class='ocr_line' id='line_1_71' title="bbox 1996 3752 2390 3809; baseline -0.005 0"><span class='ocrx_word' id='word_1_536' title='bbox 1996 3752 2390 3809; x_wconf 79' lang='lat' dir='ltr'><strong>ADMONITIO.</strong></span> 
     </span>
    </p>
   </div>
   <div class='ocr_carea' id='block_1_72' title="bbox 642 3843 3852 3917">
    <p class='ocr_par' dir='ltr' id='par_1_72' title="bbox 642 3843 3852 3917">
     <span class='ocr_line' id='line_1_72' title="bbox 642 3843 3852 3917; baseline 0.001 -18"><span class='ocrx_word' id='word_1_537' title='bbox 642 3845 794 3917; x_wconf 67' lang='grc'><strong>147</strong></span> <span class='ocrx_word' id='word_1_538' title='bbox 828 3844 997 3913; x_wconf 86' lang='lat' dir='ltr'><strong>Iiujus</strong></span> <span class='ocrx_word' id='word_1_539' title='bbox 1020 3843 1262 3917; x_wconf 70' lang='lat' dir='ltr'><strong>homilire</strong></span> <span class='ocrx_word' id='word_1_540' title='bbox 1285 3850 1431 3897; x_wconf 87' lang='lat' dir='ltr'><strong>tanta</strong></span> <span class='ocrx_word' id='word_1_541' title='bbox 1456 3849 1539 3898; x_wconf 91' lang='lat' dir='ltr'><strong>est</strong></span> <span class='ocrx_word' id='word_1_542' title='bbox 1565 3858 1687 3897; x_wconf 91' lang='lat' dir='ltr'><strong>cum</strong></span> <span class='ocrx_word' id='word_1_543' title='bbox 1717 3844 1997 3917; x_wconf 80' lang='lat' dir='ltr'><strong>superiore</strong></span> <span class='ocrx_word' id='word_1_544' title='bbox 2012 3844 2321 3917; x_wconf 71' lang='lat' dir='ltr'><strong>colligatio,</strong></span> <span class='ocrx_word' id='word_1_545' title='bbox 2346 3850 2405 3898; x_wconf 89' lang='lat' dir='ltr'><strong>ut</strong></span> <span class='ocrx_word' id='word_1_546' title='bbox 2436 3844 2622 3917; x_wconf 72' lang='lat' dir='ltr'><strong>Irarum</strong></span> <span class='ocrx_word' id='word_1_547' title='bbox 2656 3843 2814 3917; x_wconf 85' lang='lat' dir='ltr'><strong>unius</strong></span> <span class='ocrx_word' id='word_1_548' title='bbox 2850 3844 3087 3917; x_wconf 81' lang='lat' dir='ltr'><strong>cognito,</strong></span> <span class='ocrx_word' id='word_1_549' title='bbox 3125 3843 3407 3917; x_wconf 83' lang='lat' dir='ltr'><strong>utriusque</strong></span> <span class='ocrx_word' id='word_1_550' title='bbox 3434 3846 3528 3914; x_wconf 91' lang='lat' dir='ltr'><strong>qui</strong></span> <span class='ocrx_word' id='word_1_551' title='bbox 3559 3845 3723 3903; x_wconf 82' lang='lat' dir='ltr'><strong>fuerit</strong></span> <span class='ocrx_word' id='word_1_552' title='bbox 3765 3863 3852 3902; x_wconf 83' lang='lat' dir='ltr'><strong>au-</strong></span> 
     </span>
    </p>
   </div>
   <div class='ocr_carea' id='block_1_73' title="bbox 562 3912 3850 3984">
    <p class='ocr_par' dir='ltr' id='par_1_73' title="bbox 562 3912 3850 3984">
     <span class='ocr_line' id='line_1_73' title="bbox 562 3912 3850 3984; baseline 0.001 -14"><span class='ocrx_word' id='word_1_553' title='bbox 562 3912 685 3973; x_wconf 64' lang='lat' dir='ltr'><strong>cto?</strong></span> <span class='ocrx_word' id='word_1_554' title='bbox 709 3912 1088 3984; x_wconf 73' lang='lat' dir='ltr'><strong>cognoscatur.</strong></span> <span class='ocrx_word' id='word_1_555' title='bbox 1120 3914 1189 3965; x_wconf 80' lang='lat' dir='ltr'><strong>At</strong></span> <span class='ocrx_word' id='word_1_556' title='bbox 1232 3912 1563 3984; x_wconf 27' lang='lat' dir='ltr'><strong>de‘auctore</strong></span> <span class='ocrx_word' id='word_1_557' title='bbox 1600 3912 1801 3984; x_wconf 78' lang='lat' dir='ltr'><strong>magna</strong></span> <span class='ocrx_word' id='word_1_558' title='bbox 1843 3914 1897 3966; x_wconf 90' lang='lat' dir='ltr'><strong>in</strong></span> <span class='ocrx_word' id='word_1_559' title='bbox 1926 3912 2204 3970; x_wconf 83' lang='lat' dir='ltr'><strong>codicibus</strong></span> <span class='ocrx_word' id='word_1_560' title='bbox 2232 3914 2609 3984; x_wconf 82' lang='lat' dir='ltr'><strong>manuscriptis</strong></span> <span class='ocrx_word' id='word_1_561' title='bbox 2637 3914 2902 3979; x_wconf 86' lang='lat' dir='ltr'><strong>varietas,</strong></span> <span class='ocrx_word' id='word_1_562' title='bbox 2954 3914 3197 3982; x_wconf 88' lang='lat' dir='ltr'><strong>interque</strong></span> <span class='ocrx_word' id='word_1_563' title='bbox 3244 3912 3540 3983; x_wconf 78' lang='lat' dir='ltr'><strong>scriptores</strong></span> <span class='ocrx_word' id='word_1_564' title='bbox 3578 3917 3850 3979; x_wconf 77' lang='lat' dir='ltr'><strong>defensio,</strong></span> 
     </span>
    </p>
   </div>
   <div class='ocr_carea' id='block_1_74' title="bbox 560 3981 3852 4057">
    <p class='ocr_par' dir='ltr' id='par_1_74' title="bbox 560 3981 3852 4057">
     <span class='ocr_line' id='line_1_74' title="bbox 560 3981 3852 4057; baseline 0 -16"><span class='ocrx_word' id='word_1_565' title='bbox 560 4002 688 4057; x_wconf 78' lang='lat' dir='ltr'><strong>cum</strong></span> <span class='ocrx_word' id='word_1_566' title='bbox 720 3981 1279 4057; x_wconf 55' lang='lat' dir='ltr'><strong>in&#39;codiceﬂaticang</strong></span> <span class='ocrx_word' id='word_1_567' title='bbox 1309 3981 1477 4057; x_wconf 19' lang='lat'><strong>1968,;</strong></span> <span class='ocrx_word' id='word_1_568' title='bbox 1491 3982 1556 4057; x_wconf 85' lang='lat' dir='ltr'><strong>_S.</strong></span> <span class='ocrx_word' id='word_1_569' title='bbox 1582 3982 1866 4037; x_wconf 85' lang='lat' dir='ltr'><strong>Ambrosio</strong></span> <span class='ocrx_word' id='word_1_570' title='bbox 1881 3985 1976 4057; x_wconf 88' lang='lat' dir='ltr'><strong>;_in</strong></span> <span class='ocrx_word' id='word_1_571' title='bbox 2006 3986 2177 4057; x_wconf 83' lang='lat' dir='ltr'><strong>altero</strong></span> <span class='ocrx_word' id='word_1_572' title='bbox 2206 3992 2383 4038; x_wconf 89' lang='lat' dir='ltr'><strong>autem</strong></span> <span class='ocrx_word' id='word_1_573' title='bbox 2393 3984 2543 4057; x_wconf 80' lang='lat' dir='ltr'><strong>_item</strong></span> <span class='ocrx_word' id='word_1_574' title='bbox 2570 3982 2830 4037; x_wconf 84' lang='lat' dir='ltr'><strong>Vaticano</strong></span> <span class='ocrx_word' id='word_1_575' title='bbox 2859 3984 3067 4057; x_wconf 72' lang='lat' dir='ltr'><strong>codice,</strong></span> <span class='ocrx_word' id='word_1_576' title='bbox 3093 3984 3183 4051; x_wconf 83' lang='lat' dir='ltr'><strong>qui</strong></span> <span class='ocrx_word' id='word_1_577' title='bbox 3213 3981 3473 4057; x_wconf 59' lang='lat' dir='ltr'><strong>estnum.</strong></span> <span class='ocrx_word' id='word_1_578' title='bbox 3506 3986 3673 4052; x_wconf 66' lang='lat'><strong>6459.,</strong></span> <span class='ocrx_word' id='word_1_579' title='bbox 3701 3997 3852 4057; x_wconf 85' lang='lat' dir='ltr'><strong>atque</strong></span> 
     </span>
    </p>
   </div>
   <div class='ocr_carea' id='block_1_75' title="bbox 561 4050 3850 4125">
    <p class='ocr_par' dir='ltr' id='par_1_75' title="bbox 561 4050 3850 4125">
     <span class='ocr_line' id='line_1_75' title="bbox 561 4050 3850 4125; baseline -0.001 -14"><span class='ocrx_word' id='word_1_580' title='bbox 561 4058 618 4111; x_wconf 89' lang='lat' dir='ltr'><strong>in</strong></span> <span class='ocrx_word' id='word_1_581' title='bbox 648 4055 958 4109; x_wconf 82' lang='lat' dir='ltr'><strong>Florentino</strong></span> <span class='ocrx_word' id='word_1_582' title='bbox 986 4052 1199 4125; x_wconf 70' lang='lat' dir='ltr'><strong>Sancta:</strong></span> <span class='ocrx_word' id='word_1_583' title='bbox 1240 4050 1427 4125; x_wconf 84' lang='lat' dir='ltr'><strong>Crucis</strong></span> <span class='ocrx_word' id='word_1_584' title='bbox 1458 4052 1679 4125; x_wconf 53' lang='lat' dir='ltr'><strong>Minoia,</strong></span> <span class='ocrx_word' id='word_1_585' title='bbox 1712 4052 2259 4125; x_wconf 36' lang='lat' dir='ltr'><strong>nuncALaurentiano</strong></span> <span class='ocrx_word' id='word_1_586' title='bbox 2289 4070 2361 4117; x_wconf 78' lang='grc' dir='ltr'><strong>ιν,</strong></span> <span class='ocrx_word' id='word_1_587' title='bbox 2392 4051 2552 4125; x_wconf 84' lang='lat' dir='ltr'><strong>Plut._</strong></span> <span class='ocrx_word' id='word_1_588' title='bbox 2582 4050 3236 4125; x_wconf 26' lang='grc' dir='ltr'><strong>χχχι-η,-Αειωτιρῃίρὰηηὶ</strong></span> <span class='ocrx_word' id='word_1_589' title='bbox 3275 4050 3850 4125; x_wconf 63' lang='lat' dir='ltr'><strong>Constantinopolitano</strong></span> 
     </span>
    </p>
   </div>
   <div class='ocr_carea' id='block_1_76' title="bbox 560 4118 3850 4202">
    <p class='ocr_par' dir='ltr' id='par_1_76' title="bbox 560 4118 3850 4202">
     <span class='ocr_line' id='line_1_76' title="bbox 560 4118 3850 4202; baseline 0.003 -33"><span class='ocrx_word' id='word_1_590' title='bbox 560 4128 801 4202; x_wconf 67' lang='grc' dir='ltr'><strong>ςρίεεορο</strong></span> <span class='ocrx_word' id='word_1_591' title='bbox 825 4131 1052 4202; x_wconf 62' lang='lat' dir='ltr'><strong>accepta</strong></span> <span class='ocrx_word' id='word_1_592' title='bbox 1076 4122 1231 4202; x_wconf 74' lang='lat' dir='ltr'><strong>[forte</strong></span> <span class='ocrx_word' id='word_1_593' title='bbox 1258 4118 1515 4202; x_wconf 69' lang='lat' dir='ltr'><strong>ascripta]</strong></span> <span class='ocrx_word' id='word_1_594' title='bbox 1544 4118 1826 4202; x_wconf 69' lang='lat' dir='ltr'><strong>referatur.</strong></span> <span class='ocrx_word' id='word_1_595' title='bbox 1862 4122 2020 4177; x_wconf 89' lang='lat' dir='ltr'><strong>Deest</strong></span> <span class='ocrx_word' id='word_1_596' title='bbox 2034 4124 2276 4202; x_wconf 73' lang='lat' dir='ltr'><strong>auctoris</strong></span> <span class='ocrx_word' id='word_1_597' title='bbox 2297 4138 2497 4201; x_wconf 79' lang='lat' dir='ltr'><strong>nomen</strong></span> <span class='ocrx_word' id='word_1_598' title='bbox 2529 4121 2744 4202; x_wconf 71' lang='lat' dir='ltr'><strong>incod.</strong></span> <span class='ocrx_word' id='word_1_599' title='bbox 2772 4120 2939 4202; x_wconf 69' lang='lat' dir='ltr'><strong>Vatie.</strong></span> <span class='ocrx_word' id='word_1_600' title='bbox 2966 4119 3124 4202; x_wconf 61' lang='lat' dir='ltr'><strong>495i,</strong></span> <span class='ocrx_word' id='word_1_601' title='bbox 3149 4133 3205 4176; x_wconf 92' lang='lat' dir='ltr'><strong>ut</strong></span> <span class='ocrx_word' id='word_1_602' title='bbox 3226 4123 3387 4176; x_wconf 86' lang='lat' dir='ltr'><strong>etiam</strong></span> <span class='ocrx_word' id='word_1_603' title='bbox 3412 4125 3463 4202; x_wconf 67' lang='lat' dir='ltr'><strong>in</strong></span> <span class='ocrx_word' id='word_1_604' title='bbox 3492 4118 3850 4202; x_wconf 76' lang='lat' dir='ltr'><strong>Urbévetano.</strong></span> 
     </span>
    </p>
   </div>
   <div class='ocr_carea' id='block_1_77' title="bbox 560 4192 3854 4265">
    <p class='ocr_par' dir='ltr' id='par_1_77' title="bbox 560 4192 3854 4265">
     <span class='ocr_line' id='line_1_77' title="bbox 560 4192 3854 4265; baseline 0 -14"><span class='ocrx_word' id='word_1_605' title='bbox 560 4192 789 4252; x_wconf 79' lang='lat' dir='ltr'><strong>Exstant</strong></span> <span class='ocrx_word' id='word_1_606' title='bbox 819 4192 1007 4265; x_wconf 13' lang='lat' dir='ltr'><strong>etiam,</strong></span> <span class='ocrx_word' id='word_1_607' title='bbox 1026 4192 1255 4265; x_wconf 70' lang='lat' dir='ltr'><strong>fortasse</strong></span> <span class='ocrx_word' id='word_1_608' title='bbox 1284 4192 1449 4265; x_wconf 81' lang='lat' dir='ltr'><strong>aliqui</strong></span> <span class='ocrx_word' id='word_1_609' title='bbox 1494 4192 1547 4265; x_wconf 80' lang='lat' dir='ltr'><strong>in</strong></span> <span class='ocrx_word' id='word_1_610' title='bbox 1575 4192 1771 4259; x_wconf 90' lang='lat' dir='ltr'><strong>quibus</strong></span> <span class='ocrx_word' id='word_1_611' title='bbox 1800 4202 1988 4265; x_wconf 87' lang='lat' dir='ltr'><strong>sancto</strong></span> <span class='ocrx_word' id='word_1_612' title='bbox 2018 4193 2315 4265; x_wconf 71' lang='lat' dir='ltr'><strong>Augustino</strong></span> <span class='ocrx_word' id='word_1_613' title='bbox 2346 4192 2577 4265; x_wconf 75' lang='lat' dir='ltr'><strong>ascripta</strong></span> <span class='ocrx_word' id='word_1_614' title='bbox 2608 4192 2836 4265; x_wconf 82' lang='lat' dir='ltr'><strong>legatur.</strong></span> <span class='ocrx_word' id='word_1_615' title='bbox 2870 4192 2984 4246; x_wconf 85' lang='lat' dir='ltr'><strong>Non</strong></span> <span class='ocrx_word' id='word_1_616' title='bbox 3026 4193 3171 4265; x_wconf 83' lang='lat' dir='ltr'><strong>enim</strong></span> <span class='ocrx_word' id='word_1_617' title='bbox 3208 4207 3325 4247; x_wconf 86' lang='lat' dir='ltr'><strong>eam</strong></span> <span class='ocrx_word' id='word_1_618' title='bbox 3376 4193 3623 4265; x_wconf 79' lang='lat' dir='ltr'><strong>editores</strong></span> <span class='ocrx_word' id='word_1_619' title='bbox 3653 4197 3854 4265; x_wconf 73' lang='lat' dir='ltr'><strong>aliquot</strong></span> 
     </span>
    </p>
   </div>
   <div class='ocr_carea' id='block_1_78' title="bbox 560 4261 3847 4335">
    <p class='ocr_par' dir='ltr' id='par_1_78' title="bbox 560 4261 3847 4335">
     <span class='ocr_line' id='line_1_78' title="bbox 560 4261 3847 4335; baseline 0 -15"><span class='ocrx_word' id='word_1_620' title='bbox 560 4274 753 4320; x_wconf 81' lang='lat' dir='ltr'><strong>sancto</strong></span> <span class='ocrx_word' id='word_1_621' title='bbox 776 4264 952 4335; x_wconf 82' lang='lat' dir='ltr'><strong>eidem</strong></span> <span class='ocrx_word' id='word_1_622' title='bbox 981 4262 1281 4335; x_wconf 76' lang='lat' dir='ltr'><strong>Augustino</strong></span> <span class='ocrx_word' id='word_1_623' title='bbox 1306 4262 1693 4335; x_wconf 80' lang='lat' dir='ltr'><strong>attribuisseut,</strong></span> <span class='ocrx_word' id='word_1_624' title='bbox 1720 4272 1784 4335; x_wconf 79' lang='lat' dir='ltr'><strong>ut</strong></span> <span class='ocrx_word' id='word_1_625' title='bbox 1812 4278 1875 4315; x_wconf 88' lang='lat' dir='ltr'><strong>re</strong></span> <span class='ocrx_word' id='word_1_626' title='bbox 1901 4264 2015 4335; x_wconf 76' lang='lat' dir='ltr'><strong>ipsa</strong></span> <span class='ocrx_word' id='word_1_627' title='bbox 2045 4264 2362 4335; x_wconf 85' lang='lat' dir='ltr'><strong>attribuunt,</strong></span> <span class='ocrx_word' id='word_1_628' title='bbox 2396 4262 2497 4315; x_wconf 92' lang='lat' dir='ltr'><strong>nisi</strong></span> <span class='ocrx_word' id='word_1_629' title='bbox 2526 4261 2686 4335; x_wconf 82' lang='lat' dir='ltr'><strong>hujus</strong></span> <span class='ocrx_word' id='word_1_630' title='bbox 2715 4276 2909 4335; x_wconf 80' lang='lat' dir='ltr'><strong>nomen</strong></span> <span class='ocrx_word' id='word_1_631' title='bbox 2938 4262 3147 4335; x_wconf 85' lang='lat' dir='ltr'><strong>esse___i_n</strong></span> <span class='ocrx_word' id='word_1_632' title='bbox 3180 4277 3286 4315; x_wconf 90' lang='lat' dir='ltr'><strong>uno</strong></span> <span class='ocrx_word' id='word_1_633' title='bbox 3315 4263 3505 4317; x_wconf 88' lang='lat' dir='ltr'><strong>saltem</strong></span> <span class='ocrx_word' id='word_1_634' title='bbox 3550 4261 3847 4335; x_wconf 56' lang='lat' dir='ltr'><strong>aliquo&#39;co-</strong></span> 
     </span>
    </p>
   </div>
   <div class='ocr_carea' id='block_1_79' title="bbox 559 4330 3846 4404">
    <p class='ocr_par' dir='ltr' id='par_1_79' title="bbox 559 4330 3846 4404">
     <span class='ocr_line' id='line_1_79' title="bbox 559 4330 3846 4404; baseline 0 -17"><span class='ocrx_word' id='word_1_635' title='bbox 559 4337 678 4395; x_wconf 79' lang='lat' dir='ltr'><strong>dice</strong></span> <span class='ocrx_word' id='word_1_636' title='bbox 706 4333 1069 4404; x_wconf 69' lang='lat' dir='ltr'><strong>przeferretur.</strong></span> <span class='ocrx_word' id='word_1_637' title='bbox 1237 4331 1629 4404; x_wconf 75' lang='lat' dir='ltr'><strong>dubitationem</strong></span> <span class='ocrx_word' id='word_1_638' title='bbox 1659 4333 1855 4404; x_wconf 61' lang='lat' dir='ltr'><strong>tollpnt</strong></span> <span class='ocrx_word' id='word_1_639' title='bbox 1900 4331 2209 4404; x_wconf 72' lang='lat' dir='ltr'><strong>Gennadius</strong></span> <span class='ocrx_word' id='word_1_640' title='bbox 2249 4341 2402 4404; x_wconf 80' lang='lat' dir='ltr'><strong>vetus</strong></span> <span class='ocrx_word' id='word_1_641' title='bbox 2441 4338 2631 4389; x_wconf 85' lang='lat' dir='ltr'><strong>auctor</strong></span> <span class='ocrx_word' id='word_1_642' title='bbox 2644 4331 2920 4404; x_wconf 64' lang='lat' dir='ltr'><strong>imprimis</strong></span> <span class='ocrx_word' id='word_1_643' title='bbox 2944 4346 3007 4386; x_wconf 90' lang='lat' dir='ltr'><strong>ac</strong></span> <span class='ocrx_word' id='word_1_644' title='bbox 3034 4330 3285 4404; x_wconf 69' lang='lat' dir='ltr'><strong>diligens,</strong></span> <span class='ocrx_word' id='word_1_645' title='bbox 3308 4347 3542 4404; x_wconf 83' lang='lat' dir='ltr'><strong>cumque</strong></span> <span class='ocrx_word' id='word_1_646' title='bbox 3569 4330 3846 4390; x_wconf 73' lang='lat' dir='ltr'><strong>Gennadio</strong></span> 
     </span>
    </p>
   </div>
   <div class='ocr_carea' id='block_1_80' title="bbox 557 4396 3846 4472">
    <p class='ocr_par' dir='ltr' id='par_1_80' title="bbox 557 4396 3846 4472">
     <span class='ocr_line' id='line_1_80' title="bbox 557 4396 3846 4472; baseline -0.001 -11"><span class='ocrx_word' id='word_1_647' title='bbox 557 4396 864 4461; x_wconf 77' lang='lat' dir='ltr'><strong>codices99</strong></span> <span class='ocrx_word' id='word_1_648' title='bbox 881 4402 1093 4458; x_wconf 73' lang='lat' dir='ltr'><strong>Sancta:</strong></span> <span class='ocrx_word' id='word_1_649' title='bbox 1104 4401 1295 4456; x_wconf 79' lang='lat' dir='ltr'><strong>Crucis</strong></span> <span class='ocrx_word' id='word_1_650' title='bbox 1316 4401 1370 4454; x_wconf 94' lang='lat' dir='ltr'><strong>in</strong></span> <span class='ocrx_word' id='word_1_651' title='bbox 1395 4400 1712 4472; x_wconf 54' lang='lat' dir='ltr'><strong>Jerusalem,</strong></span> <span class='ocrx_word' id='word_1_652' title='bbox 1746 4401 2116 4466; x_wconf 82' lang='lat' dir='ltr'><strong>Taurinensis,</strong></span> <span class='ocrx_word' id='word_1_653' title='bbox 2142 4401 2533 4455; x_wconf 87' lang='lat' dir='ltr'><strong>Laurentianus</strong></span> <span class='ocrx_word' id='word_1_654' title='bbox 2558 4416 2622 4472; x_wconf 14' lang='lat' dir='ltr'><strong>rx,</strong></span> <span class='ocrx_word' id='word_1_655' title='bbox 2644 4396 2784 4455; x_wconf 42' lang='lat' dir='ltr'><strong>Plu—t.</strong></span> <span class='ocrx_word' id='word_1_656' title='bbox 2812 4416 2927 4472; x_wconf 60' lang='lat' dir='ltr'><strong>inv,</strong></span> <span class='ocrx_word' id='word_1_657' title='bbox 2948 4409 3005 4455; x_wconf 90' lang='lat' dir='ltr'><strong>et</strong></span> <span class='ocrx_word' id='word_1_658' title='bbox 3031 4396 3417 4472; x_wconf 69' lang='lat' dir='ltr'><strong>Sangallensis.</strong></span> <span class='ocrx_word' id='word_1_659' title='bbox 3439 4396 3635 4472; x_wconf 76' lang='lat' dir='ltr'><strong>Itaque</strong></span> <span class='ocrx_word' id='word_1_660' title='bbox 3662 4419 3846 4460; x_wconf 82' lang='lat' dir='ltr'><strong>mona-</strong></span> 
     </span>
    </p>
   </div>
   <div class='ocr_carea' id='block_1_81' title="bbox 559 4470 3848 4540">
    <p class='ocr_par' dir='ltr' id='par_1_81' title="bbox 559 4470 3848 4540">
     <span class='ocr_line' id='line_1_81' title="bbox 559 4470 3848 4540; baseline -0.001 -10"><span class='ocrx_word' id='word_1_661' title='bbox 559 4476 647 4530; x_wconf 90' lang='lat' dir='ltr'><strong>chi</strong></span> <span class='ocrx_word' id='word_1_662' title='bbox 690 4472 1027 4531; x_wconf 80' lang='lat' dir='ltr'><strong>Benedictiai</strong></span> <span class='ocrx_word' id='word_1_663' title='bbox 1051 4478 1368 4539; x_wconf 85' lang='lat' dir='ltr'><strong>congregat.</strong></span> <span class='ocrx_word' id='word_1_664' title='bbox 1394 4470 1577 4525; x_wconf 81' lang='lat' dir='ltr'><strong>Sancti</strong></span> <span class='ocrx_word' id='word_1_665' title='bbox 1608 4470 1775 4524; x_wconf 83' lang='lat' dir='ltr'><strong>Mauri</strong></span> <span class='ocrx_word' id='word_1_666' title='bbox 1804 4472 1859 4524; x_wconf 89' lang='lat' dir='ltr'><strong>in</strong></span> <span class='ocrx_word' id='word_1_667' title='bbox 1879 4472 2178 4540; x_wconf 84' lang='lat' dir='ltr'><strong>appendice</strong></span> <span class='ocrx_word' id='word_1_668' title='bbox 2203 4486 2367 4525; x_wconf 88' lang='lat' dir='ltr'><strong>serm.</strong></span> <span class='ocrx_word' id='word_1_669' title='bbox 2399 4471 2567 4540; x_wconf 89' lang='lat' dir='ltr'><strong>sancti</strong></span> <span class='ocrx_word' id='word_1_670' title='bbox 2600 4470 2904 4538; x_wconf 85' lang='lat' dir='ltr'><strong>Augustini,</strong></span> <span class='ocrx_word' id='word_1_671' title='bbox 2934 4485 3097 4540; x_wconf 70' lang='lat' dir='ltr'><strong>se_rm.</strong></span> <span class='ocrx_word' id='word_1_672' title='bbox 3130 4470 3219 4533; x_wconf 88' lang='lat'><strong>80,</strong></span> <span class='ocrx_word' id='word_1_673' title='bbox 3244 4484 3365 4539; x_wconf 87' lang='lat' dir='ltr'><strong>pag.</strong></span> <span class='ocrx_word' id='word_1_674' title='bbox 3402 4470 3706 4539; x_wconf 51' lang='lat' dir='ltr'><strong>l02,&#39;edit.</strong></span> <span class='ocrx_word' id='word_1_675' title='bbox 3743 4475 3848 4529; x_wconf 79' lang='lat' dir='ltr'><strong>An-</strong></span> 
     </span>
    </p>
   </div>
   <div class='ocr_carea' id='block_1_82' title="bbox 552 4538 3847 4615">
    <p class='ocr_par' dir='ltr' id='par_1_82' title="bbox 552 4538 3847 4615">
     <span class='ocr_line' id='line_1_82' title="bbox 552 4538 3847 4615; baseline -0.001 -16"><span class='ocrx_word' id='word_1_676' title='bbox 552 4554 736 4613; x_wconf 79' lang='lat' dir='ltr'><strong>tuerp.</strong></span> <span class='ocrx_word' id='word_1_677' title='bbox 764 4557 853 4596; x_wconf 87' lang='lat' dir='ltr'><strong>an.</strong></span> <span class='ocrx_word' id='word_1_678' title='bbox 884 4542 1041 4597; x_wconf 85' lang='lat' dir='ltr'><strong>I700.</strong></span> <span class='ocrx_word' id='word_1_679' title='bbox 1068 4538 1438 4615; x_wconf 18' lang='lat' dir='ltr'><strong>Iampridem“,</strong></span> <span class='ocrx_word' id='word_1_680' title='bbox 1473 4541 1740 4615; x_wconf 79' lang='lat' dir='ltr'><strong>inquiunt,</strong></span> <span class='ocrx_word' id='word_1_681' title='bbox 1769 4538 1967 4615; x_wconf 72' lang='lat' dir='ltr'><strong>auctori</strong></span> <span class='ocrx_word' id='word_1_682' title='bbox 1998 4542 2416 4615; x_wconf 51' lang='lat' dir='ltr'><strong>suorestitutus,</strong></span> <span class='ocrx_word' id='word_1_683' title='bbox 2442 4539 2689 4615; x_wconf 64' lang='lat' dir='ltr'><strong>Maximo</strong></span> <span class='ocrx_word' id='word_1_684' title='bbox 2704 4542 2943 4615; x_wconf 80' lang='lat' dir='ltr'><strong>episcopo</strong></span> <span class='ocrx_word' id='word_1_685' title='bbox 2975 4538 3303 4615; x_wconf 25' lang='lat' dir='ltr'><strong>Tau‘rinensi,</strong></span> <span class='ocrx_word' id='word_1_686' title='bbox 3324 4538 3480 4610; x_wconf 79' lang='lat' dir='ltr'><strong>cujus</strong></span> <span class='ocrx_word' id='word_1_687' title='bbox 3505 4538 3699 4615; x_wconf 74' lang='lat' dir='ltr'><strong>nam</strong></span> <span class='ocrx_word' id='word_1_688' title='bbox 3724 4546 3847 4615; x_wconf 76' lang='lat' dir='ltr'><strong>gerit</strong></span> 
     </span>
    </p>
   </div>
   <div class='ocr_carea' id='block_1_83' title="bbox 555 4608 3844 4684">
    <p class='ocr_par' dir='ltr' id='par_1_83' title="bbox 555 4608 3844 4684">
     <span class='ocr_line' id='line_1_83' title="bbox 555 4608 3844 4684; baseline -0 -16"><span class='ocrx_word' id='word_1_689' title='bbox 555 4618 614 4668; x_wconf 85' lang='lat' dir='ltr'><strong>in</strong></span> <span class='ocrx_word' id='word_1_690' title='bbox 645 4608 853 4684; x_wconf 76' lang='lat' dir='ltr'><strong>scriptis</strong></span> <span class='ocrx_word' id='word_1_691' title='bbox 891 4623 941 4667; x_wconf 88' lang='lat' dir='ltr'><strong>et</strong></span> <span class='ocrx_word' id='word_1_692' title='bbox 962 4615 1165 4666; x_wconf 70' lang='lat' dir='ltr'><strong>excusis</strong></span> <span class='ocrx_word' id='word_1_693' title='bbox 1194 4608 1360 4684; x_wconf 68' lang='lat' dir='ltr'><strong>libris.</strong></span> <span class='ocrx_word' id='word_1_694' title='bbox 1394 4610 1650 4684; x_wconf 79' lang='lat' dir='ltr'><strong>Detitulo</strong></span> <span class='ocrx_word' id='word_1_695' title='bbox 1678 4626 1801 4684; x_wconf 79' lang='lat' dir='ltr'><strong>non</strong></span> <span class='ocrx_word' id='word_1_696' title='bbox 1839 4609 2049 4665; x_wconf 79' lang='lat' dir='ltr'><strong>laboro.</strong></span> <span class='ocrx_word' id='word_1_697' title='bbox 2077 4610 2178 4684; x_wconf 75' lang='lat' dir='ltr'><strong>_Eo_</strong></span> <span class='ocrx_word' id='word_1_698' title='bbox 2204 4625 2322 4684; x_wconf 72' lang='lat' dir='ltr'><strong>sum</strong></span> <span class='ocrx_word' id='word_1_699' title='bbox 2352 4626 2494 4684; x_wconf 66' lang='lat' dir='ltr'><strong>usus</strong></span> <span class='ocrx_word' id='word_1_700' title='bbox 2514 4625 2622 4684; x_wconf 80' lang='lat' dir='ltr'><strong>quo</strong></span> <span class='ocrx_word' id='word_1_701' title='bbox 2651 4608 2965 4684; x_wconf 79' lang='lat' dir='ltr'><strong>Gymnicus,</strong></span> <span class='ocrx_word' id='word_1_702' title='bbox 3008 4608 3352 4684; x_wconf 69' lang='lat' dir='ltr'><strong>editor-eaque</strong></span> <span class='ocrx_word' id='word_1_703' title='bbox 3378 4608 3562 4684; x_wconf 57' lang='lat' dir='ltr'><strong>(interi</strong></span> <span class='ocrx_word' id='word_1_704' title='bbox 3592 4615 3680 4667; x_wconf 87' lang='lat' dir='ltr'><strong>usi</strong></span> <span class='ocrx_word' id='word_1_705' title='bbox 3707 4608 3844 4673; x_wconf 69' lang='lat' dir='ltr'><strong>sunt.</strong></span> 
     </span>
    </p>
   </div>
   <div class='ocr_carea' id='block_1_84' title="bbox 556 4679 3841 4749">
    <p class='ocr_par' dir='ltr' id='par_1_84' title="bbox 556 4679 3841 4749">
     <span class='ocr_line' id='line_1_84' title="bbox 556 4679 3841 4749; baseline -0.002 -11"><span class='ocrx_word' id='word_1_706' title='bbox 556 4686 659 4739; x_wconf 88' lang='lat' dir='ltr'><strong>etsi</strong></span> <span class='ocrx_word' id='word_1_707' title='bbox 690 4679 795 4739; x_wconf 84' lang='lat' dir='ltr'><strong>non</strong></span> <span class='ocrx_word' id='word_1_708' title='bbox 824 4698 945 4737; x_wconf 90' lang='lat' dir='ltr'><strong>sum</strong></span> <span class='ocrx_word' id='word_1_709' title='bbox 971 4684 1181 4737; x_wconf 88' lang='lat' dir='ltr'><strong>nescius</strong></span> <span class='ocrx_word' id='word_1_710' title='bbox 1208 4682 1261 4735; x_wconf 90' lang='lat' dir='ltr'><strong>in</strong></span> <span class='ocrx_word' id='word_1_711' title='bbox 1285 4679 1561 4734; x_wconf 84' lang='lat' dir='ltr'><strong>Monachis</strong></span> <span class='ocrx_word' id='word_1_712' title='bbox 1591 4680 1757 4749; x_wconf 88' lang='lat' dir='ltr'><strong>ipsius</strong></span> <span class='ocrx_word' id='word_1_713' title='bbox 1778 4679 2213 4748; x_wconf 85' lang='lat' dir='ltr'><strong>congregationis</strong></span> <span class='ocrx_word' id='word_1_714' title='bbox 2240 4680 2423 4734; x_wconf 88' lang='lat' dir='ltr'><strong>Sancti</strong></span> <span class='ocrx_word' id='word_1_715' title='bbox 2450 4680 2617 4733; x_wconf 77' lang='lat' dir='ltr'><strong>Mauri</strong></span> <span class='ocrx_word' id='word_1_716' title='bbox 2646 4679 2726 4735; x_wconf 84' lang='lat' dir='ltr'><strong>sic</strong></span> <span class='ocrx_word' id='word_1_717' title='bbox 2752 4679 2995 4733; x_wconf 88' lang='lat' dir='ltr'><strong>eamdem</strong></span> <span class='ocrx_word' id='word_1_718' title='bbox 3026 4679 3303 4733; x_wconf 86' lang='lat' dir='ltr'><strong>homiliam</strong></span> <span class='ocrx_word' id='word_1_719' title='bbox 3330 4695 3450 4735; x_wconf 86' lang='lat' dir='ltr'><strong>esse</strong></span> <span class='ocrx_word' id='word_1_720' title='bbox 3482 4681 3801 4749; x_wconf 83' lang='lat' dir='ltr'><strong>inscriptam</strong></span> <span class='ocrx_word' id='word_1_721' title='bbox 3826 4699 3841 4733; x_wconf 87' lang='lat'><strong>:</strong></span> 
     </span>
    </p>
   </div>
   <div class='ocr_carea' id='block_1_85' title="bbox 557 4749 3845 4879">
    <p class='ocr_par' dir='ltr' id='par_1_85' title="bbox 557 4749 3845 4879">
     <span class='ocr_line' id='line_1_85' title="bbox 557 4749 3845 4879; baseline -0.001 -72"><span class='ocrx_word' id='word_1_722' title='bbox 658 4754 847 4837; x_wconf 65' lang='lat' dir='ltr'><strong>atth.</strong></span> <span class='ocrx_word' id='word_1_723' title='bbox 874 4770 989 4826; x_wconf 87' lang='lat' dir='ltr'><strong>cap.</strong></span> <span class='ocrx_word' id='word_1_724' title='bbox 1016 4768 1206 4820; x_wconf 73' lang='lat' dir='ltr'><strong>uult,</strong></span> <span class='ocrx_word' id='word_1_725' title='bbox 1226 4751 1289 4806; x_wconf 88' lang='lat' dir='ltr'><strong>de</strong></span> <span class='ocrx_word' id='word_1_726' title='bbox 1308 4750 1448 4804; x_wconf 73' lang='lat' dir='ltr'><strong>Iuda</strong></span> <span class='ocrx_word' id='word_1_727' title='bbox 1468 4750 1752 4823; x_wconf 79' lang='lat' dir='ltr'><strong>proditore,</strong></span> <span class='ocrx_word' id='word_1_728' title='bbox 1782 4760 1832 4804; x_wconf 88' lang='lat' dir='ltr'><strong>et</strong></span> <span class='ocrx_word' id='word_1_729' title='bbox 1860 4752 1923 4804; x_wconf 86' lang='lat' dir='ltr'><strong>de</strong></span> <span class='ocrx_word' id='word_1_730' title='bbox 1945 4767 2073 4821; x_wconf 88' lang='lat' dir='ltr'><strong>agro</strong></span> <span class='ocrx_word' id='word_1_731' title='bbox 2098 4752 2151 4805; x_wconf 86' lang='lat' dir='ltr'><strong>in</strong></span> <span class='ocrx_word' id='word_1_732' title='bbox 2182 4751 2564 4823; x_wconf 83' lang='lat' dir='ltr'><strong>perigrinorum</strong></span> <span class='ocrx_word' id='word_1_733' title='bbox 2592 4749 2907 4820; x_wconf 79' lang='lat' dir='ltr'><strong>sepulturam</strong></span> <span class='ocrx_word' id='word_1_734' title='bbox 2929 4754 3234 4816; x_wconf 73' lang='lat' dir='ltr'><strong>comparato</strong></span> <span class='ocrx_word' id='word_1_735' title='bbox 3255 4766 3321 4804; x_wconf 82' lang='lat' dir='ltr'><strong>ea:</strong></span> <span class='ocrx_word' id='word_1_736' title='bbox 3340 4752 3507 4820; x_wconf 85' lang='lat' dir='ltr'><strong>pretio</strong></span> <span class='ocrx_word' id='word_1_737' title='bbox 3537 4749 3845 4807; x_wconf 69' lang='lat' dir='ltr'><strong>venditionis</strong></span> 
     </span>
     <span class='ocr_line' id='line_1_86' title="bbox 621 4836 779 4879; baseline 0.013 -2"><span class='ocrx_word' id='word_1_738' title='bbox 621 4836 779 4879; x_wconf 80' lang='lat' dir='ltr'><strong>mstt.</strong></span> 
     </span>
    </p>
   </div>
   <div class='ocr_carea' id='block_1_86' title="bbox 589 4826 779 4881">
    <p class='ocr_par' dir='ltr' id='par_1_86' title="bbox 589 4826 779 4881">
     <span class='ocr_line' id='line_1_87' title="bbox 589 4826 779 4881; baseline 0.021 -6"><span class='ocrx_word' id='word_1_739' title='bbox 589 4826 779 4881; x_wconf 71' lang='lat' dir='ltr'><strong>lltristi.</strong></span> 
     </span>
    </p>
   </div>
   <div class='ocr_carea' id='block_1_87' title="bbox 554 4909 3841 4983">
    <p class='ocr_par' dir='ltr' id='par_1_87' title="bbox 554 4909 3841 4983">
     <span class='ocr_line' id='line_1_88' title="bbox 554 4909 3841 4983; baseline -0.002 -8"><span class='ocrx_word' id='word_1_740' title='bbox 554 4918 1035 4975; x_wconf 72' lang='lat' dir='ltr'><strong>Ancuucuruu.—</strong></span> <span class='ocrx_word' id='word_1_741' title='bbox 1057 4914 1346 4969; x_wconf 85' lang='lat' dir='ltr'><strong>Historiam</strong></span> <span class='ocrx_word' id='word_1_742' title='bbox 1368 4913 1682 4982; x_wconf 83' lang='lat' dir='ltr'><strong>proditionis</strong></span> <span class='ocrx_word' id='word_1_743' title='bbox 1707 4911 1862 4968; x_wconf 70' lang='lat' dir='ltr'><strong>ludat</strong></span> <span class='ocrx_word' id='word_1_744' title='bbox 1892 4912 1953 4969; x_wconf 89' lang='lat' dir='ltr'><strong>S.</strong></span> <span class='ocrx_word' id='word_1_745' title='bbox 1981 4911 2151 4966; x_wconf 77' lang='lat' dir='ltr'><strong>Maxi-</strong></span> <span class='ocrx_word' id='word_1_746' title='bbox 2181 4922 2230 4981; x_wconf 82' lang='grc' dir='ltr'><strong>ι)</strong></span> <span class='ocrx_word' id='word_1_747' title='bbox 2257 4912 2377 4969; x_wconf 85' lang='lat' dir='ltr'><strong>nica</strong></span> <span class='ocrx_word' id='word_1_748' title='bbox 2406 4911 2761 4981; x_wconf 85' lang='lat' dir='ltr'><strong>praedicasse,</strong></span> <span class='ocrx_word' id='word_1_749' title='bbox 2789 4910 2934 4980; x_wconf 91' lang='lat' dir='ltr'><strong>quod</strong></span> <span class='ocrx_word' id='word_1_750' title='bbox 2961 4909 3128 4965; x_wconf 83' lang='lat' dir='ltr'><strong>Judas</strong></span> <span class='ocrx_word' id='word_1_751' title='bbox 3168 4910 3435 4974; x_wconf 87' lang='lat' dir='ltr'><strong>Scarioth,</strong></span> <span class='ocrx_word' id='word_1_752' title='bbox 3466 4915 3694 4983; x_wconf 86' lang='lat' dir='ltr'><strong>propria</strong></span> <span class='ocrx_word' id='word_1_753' title='bbox 3729 4928 3841 4969; x_wconf 82' lang='lat' dir='ltr'><strong>sen-</strong></span> 
     </span>
    </p>
   </div>
   <div class='ocr_carea' id='block_1_88' title="bbox 1016 4985 1688 5065">
    <p class='ocr_par' dir='ltr' id='par_1_88' title="bbox 1016 4985 1688 5065">
     <span class='ocr_line' id='line_1_89' title="bbox 1016 4985 1688 5065; baseline -0.004 -25"><span class='ocrx_word' id='word_1_754' title='bbox 1016 5002 1129 5040; x_wconf 88' lang='lat' dir='ltr'><strong>mus</strong></span> <span class='ocrx_word' id='word_1_755' title='bbox 1156 4986 1433 5065; x_wconf 75' lang='lat' dir='ltr'><strong>allegarice</strong></span> <span class='ocrx_word' id='word_1_756' title='bbox 1461 4985 1688 5055; x_wconf 74' lang='lat' dir='ltr'><strong>exponit.</strong></span> 
     </span>
    </p>
   </div>
   <div class='ocr_carea' id='block_1_89' title="bbox 625 5091 2146 5161">
    <p class='ocr_par' dir='ltr' id='par_1_89' title="bbox 625 5091 2146 5161">
     <span class='ocr_line' id='line_1_90' title="bbox 625 5091 2146 5161; baseline -0.007 -7"><span class='ocrx_word' id='word_1_757' title='bbox 625 5097 851 5154; x_wconf 69' lang='lat' dir='ltr'><strong>Retinet</strong></span> <span class='ocrx_word' id='word_1_758' title='bbox 878 5093 903 5133; x_wconf 68' lang='grc' dir='ltr'>δ</span> <span class='ocrx_word' id='word_1_759' title='bbox 939 5094 1159 5151; x_wconf 85' lang='lat' dir='ltr'><strong>dilectio</strong></span> <span class='ocrx_word' id='word_1_760' title='bbox 1190 5103 1377 5149; x_wconf 69' lang='lat' dir='ltr'><strong>vestra</strong></span> <span class='ocrx_word' id='word_1_761' title='bbox 1407 5107 1507 5147; x_wconf 91' lang='lat' dir='ltr'><strong>nos</strong></span> <span class='ocrx_word' id='word_1_762' title='bbox 1536 5092 1639 5147; x_wconf 86' lang='lat' dir='ltr'><strong>hoc</strong></span> <span class='ocrx_word' id='word_1_763' title='bbox 1678 5092 1924 5161; x_wconf 75' lang='lat' dir='ltr'><strong>proxima</strong></span> <span class='ocrx_word' id='word_1_764' title='bbox 1964 5091 2146 5146; x_wconf 88' lang='lat' dir='ltr'><strong>Domi-</strong></span> 
     </span>
    </p>
   </div>
   <div class='ocr_carea' id='block_1_90' title="bbox 626 5202 2141 5279">
    <p class='ocr_par' dir='ltr' id='par_1_90' title="bbox 626 5202 2141 5279">
     <span class='ocr_line' id='line_1_91' title="bbox 626 5202 2141 5279; baseline -0.007 -12"><span class='ocrx_word' id='word_1_765' title='bbox 626 5224 653 5252; x_wconf 80' lang='grc' dir='ltr'>ι</span> <span class='ocrx_word' id='word_1_766' title='bbox 686 5212 927 5279; x_wconf 85' lang='lat' dir='ltr'><strong>Utroque</strong></span> <span class='ocrx_word' id='word_1_767' title='bbox 951 5209 1006 5263; x_wconf 87' lang='lat' dir='ltr'><strong>in</strong></span> <span class='ocrx_word' id='word_1_768' title='bbox 1035 5206 1159 5262; x_wconf 88' lang='lat' dir='ltr'><strong>cod.</strong></span> <span class='ocrx_word' id='word_1_769' title='bbox 1188 5204 1248 5261; x_wconf 88' lang='lat' dir='ltr'><strong>S.</strong></span> <span class='ocrx_word' id='word_1_770' title='bbox 1274 5204 1459 5279; x_wconf 83' lang='lat' dir='ltr'><strong>Crucis</strong></span> <span class='ocrx_word' id='word_1_771' title='bbox 1479 5205 1533 5279; x_wconf 77' lang='lat' dir='ltr'><strong>in</strong></span> <span class='ocrx_word' id='word_1_772' title='bbox 1561 5202 1813 5279; x_wconf 73' lang='lat' dir='ltr'><strong>Jerusal.,</strong></span> <span class='ocrx_word' id='word_1_773' title='bbox 1839 5202 1985 5273; x_wconf 87' lang='lat' dir='ltr'><strong>Ipse,</strong></span> <span class='ocrx_word' id='word_1_774' title='bbox 2004 5205 2141 5279; x_wconf 75' lang='lat' dir='ltr'><strong>quod</strong></span> 
     </span>
    </p>
   </div>
   <div class='ocr_carea' id='block_1_91' title="bbox 551 5275 2138 5348">
    <p class='ocr_par' dir='ltr' id='par_1_91' title="bbox 551 5275 2138 5348">
     <span class='ocr_line' id='line_1_92' title="bbox 551 5275 2138 5348; baseline -0.008 -9"><span class='ocrx_word' id='word_1_775' title='bbox 551 5284 743 5347; x_wconf 77' lang='lat' dir='ltr'><strong>sentit,</strong></span> <span class='ocrx_word' id='word_1_776' title='bbox 778 5275 1076 5336; x_wconf 64' lang='lat' dir='ltr'><strong>constanter</strong></span> <span class='ocrx_word' id='word_1_777' title='bbox 1101 5277 1434 5348; x_wconf 82' lang='lat' dir='ltr'><strong>pronuntiat;</strong></span> <span class='ocrx_word' id='word_1_778' title='bbox 1471 5275 1561 5329; x_wconf 80' lang='lat' dir='ltr'><strong>ille</strong></span> <span class='ocrx_word' id='word_1_779' title='bbox 1584 5314 1599 5340; x_wconf 94' lang='lat'><strong>,</strong></span> <span class='ocrx_word' id='word_1_780' title='bbox 1642 5277 1778 5345; x_wconf 82' lang='lat' dir='ltr'><strong>quod</strong></span> <span class='ocrx_word' id='word_1_781' title='bbox 1816 5277 2138 5342; x_wconf 81' lang='lat' dir='ltr'><strong>pronuntiat,</strong></span> 
     </span>
    </p>
   </div>
   <div class='ocr_carea' id='block_1_92' title="bbox 551 5351 936 5423">
    <p class='ocr_par' dir='ltr' id='par_1_92' title="bbox 551 5351 936 5423">
     <span class='ocr_line' id='line_1_93' title="bbox 551 5351 936 5423; baseline -0.021 -12"><span class='ocrx_word' id='word_1_782' title='bbox 551 5372 657 5411; x_wconf 71' lang='lat' dir='ltr'><strong>non</strong></span> <span class='ocrx_word' id='word_1_783' title='bbox 688 5351 936 5423; x_wconf 70' lang='lat' dir='ltr'><strong>defendit.</strong></span> 
     </span>
    </p>
   </div>
   <div class='ocr_carea' id='block_1_93' title="bbox 628 5415 1780 5483">
    <p class='ocr_par' dir='ltr' id='par_1_93' title="bbox 628 5415 1780 5483">
     <span class='ocr_line' id='line_1_94' title="bbox 628 5415 1780 5483; baseline -0.01 -6"><span class='ocrx_word' id='word_1_784' title='bbox 628 5427 653 5463; x_wconf 77' lang='grc' dir='ltr'><strong>ιι</strong></span> <span class='ocrx_word' id='word_1_785' title='bbox 683 5415 815 5477; x_wconf 80' lang='lat' dir='ltr'><strong>God.</strong></span> <span class='ocrx_word' id='word_1_786' title='bbox 844 5419 1017 5474; x_wconf 80' lang='lat' dir='ltr'><strong>Vatie.</strong></span> <span class='ocrx_word' id='word_1_787' title='bbox 1052 5415 1211 5479; x_wconf 66' lang='lat'><strong>1270,</strong></span> <span class='ocrx_word' id='word_1_788' title='bbox 1245 5415 1521 5483; x_wconf 81' lang='lat' dir='ltr'><strong>Apostolus</strong></span> <span class='ocrx_word' id='word_1_789' title='bbox 1546 5423 1780 5483; x_wconf 79' lang='lat' dir='ltr'><strong>accusat.</strong></span> 
     </span>
    </p>
   </div>
   <div class='ocr_carea' id='block_1_94' title="bbox 630 5482 2138 5553">
    <p class='ocr_par' dir='ltr' id='par_1_94' title="bbox 630 5482 2138 5553">
     <span class='ocr_line' id='line_1_95' title="bbox 630 5482 2138 5553; baseline -0.009 -5"><span class='ocrx_word' id='word_1_790' title='bbox 630 5507 651 5534; x_wconf 76' lang='grc' dir='ltr'><strong>ε</strong></span> <span class='ocrx_word' id='word_1_791' title='bbox 679 5491 855 5547; x_wconf 84' lang='lat' dir='ltr'><strong>Codd.</strong></span> <span class='ocrx_word' id='word_1_792' title='bbox 890 5488 1029 5543; x_wconf 89' lang='lat' dir='ltr'><strong>Laur</strong></span> <span class='ocrx_word' id='word_1_793' title='bbox 1050 5505 1079 5541; x_wconf 60' lang='grc' dir='ltr'><strong>,ι</strong></span> <span class='ocrx_word' id='word_1_794' title='bbox 1094 5496 1149 5541; x_wconf 89' lang='lat' dir='ltr'><strong>et</strong></span> <span class='ocrx_word' id='word_1_795' title='bbox 1171 5486 1229 5541; x_wconf 85' lang='lat' dir='ltr'><strong>S.</strong></span> <span class='ocrx_word' id='word_1_796' title='bbox 1257 5482 1446 5540; x_wconf 84' lang='lat' dir='ltr'><strong>Crucis</strong></span> <span class='ocrx_word' id='word_1_797' title='bbox 1468 5484 1519 5537; x_wconf 86' lang='lat' dir='ltr'><strong>in</strong></span> <span class='ocrx_word' id='word_1_798' title='bbox 1539 5482 1852 5553; x_wconf 13' lang='lat' dir='ltr'><strong>Jer.,iniviri</strong></span> <span class='ocrx_word' id='word_1_799' title='bbox 1875 5484 2138 5553; x_wconf 73' lang='lat' dir='ltr'><strong>paradiso-</strong></span> 
     </span>
    </p>
   </div>
   <div class='ocr_carea' id='block_1_95' title="bbox 626 5552 2139 5619">
    <p class='ocr_par' dir='ltr' id='par_1_95' title="bbox 626 5552 2139 5619">
     <span class='ocr_line' id='line_1_96' title="bbox 626 5552 2139 5619; baseline -0.009 -1"><span class='ocrx_word' id='word_1_800' title='bbox 626 5562 651 5602; x_wconf 70' lang='grc' dir='ltr'><em>ά</em></span> <span class='ocrx_word' id='word_1_801' title='bbox 677 5562 856 5618; x_wconf 77' lang='lat' dir='ltr'><strong>-Co.lil.</strong></span> <span class='ocrx_word' id='word_1_802' title='bbox 887 5558 1071 5619; x_wconf 87' lang='lat' dir='ltr'><strong>Laur.,</strong></span> <span class='ocrx_word' id='word_1_803' title='bbox 1103 5557 1223 5610; x_wconf 82' lang='lat' dir='ltr'><strong>Vat.</strong></span> <span class='ocrx_word' id='word_1_804' title='bbox 1252 5556 1391 5608; x_wconf 75' lang='grc'><strong>1270</strong></span> <span class='ocrx_word' id='word_1_805' title='bbox 1408 5564 1474 5617; x_wconf 75' lang='grc' dir='ltr'><strong>,ει</strong></span> <span class='ocrx_word' id='word_1_806' title='bbox 1502 5554 1589 5618; x_wconf 85' lang='lat'><strong>90,</strong></span> <span class='ocrx_word' id='word_1_807' title='bbox 1613 5562 1666 5607; x_wconf 89' lang='lat' dir='ltr'><strong>et</strong></span> <span class='ocrx_word' id='word_1_808' title='bbox 1692 5552 1759 5605; x_wconf 86' lang='lat'><strong>99</strong></span> <span class='ocrx_word' id='word_1_809' title='bbox 1787 5554 1844 5607; x_wconf 91' lang='lat' dir='ltr'><strong>S.</strong></span> <span class='ocrx_word' id='word_1_810' title='bbox 1869 5552 2057 5606; x_wconf 81' lang='lat' dir='ltr'><strong>Crucis</strong></span> <span class='ocrx_word' id='word_1_811' title='bbox 2086 5554 2139 5606; x_wconf 87' lang='lat' dir='ltr'><strong>in</strong></span> 
     </span>
    </p>
   </div>
   <div class='ocr_carea' id='block_1_96' title="bbox 547 5624 2141 5697">
    <p class='ocr_par' dir='ltr' id='par_1_96' title="bbox 547 5624 2141 5697">
     <span class='ocr_line' id='line_1_97' title="bbox 547 5624 2141 5697; baseline -0.011 -6"><span class='ocrx_word' id='word_1_812' title='bbox 547 5635 688 5693; x_wconf 62' lang='grc' dir='ltr'><strong>λετ..</strong></span> <span class='ocrx_word' id='word_1_813' title='bbox 729 5642 777 5686; x_wconf 87' lang='lat' dir='ltr'><strong>et</strong></span> <span class='ocrx_word' id='word_1_814' title='bbox 808 5639 1039 5687; x_wconf 75' lang='lat' dir='ltr'><strong>cessante</strong></span> <span class='ocrx_word' id='word_1_815' title='bbox 1066 5627 1324 5683; x_wconf 79' lang='lat' dir='ltr'><strong>sententia</strong></span> <span class='ocrx_word' id='word_1_816' title='bbox 1361 5626 1553 5697; x_wconf 85' lang='lat' dir='ltr'><strong>judicis</strong></span> <span class='ocrx_word' id='word_1_817' title='bbox 1579 5664 1593 5689; x_wconf 91' lang='lat'><strong>,</strong></span> <span class='ocrx_word' id='word_1_818' title='bbox 1640 5624 1856 5692; x_wconf 83' lang='lat' dir='ltr'><strong>propria</strong></span> <span class='ocrx_word' id='word_1_819' title='bbox 1883 5624 2141 5676; x_wconf 85' lang='lat' dir='ltr'><strong>sententia</strong></span> 
     </span>
    </p>
   </div>
   <div class='ocr_carea' id='block_1_97' title="bbox 543 5707 838 5779">
    <p class='ocr_par' dir='ltr' id='par_1_97' title="bbox 543 5707 838 5779">
     <span class='ocr_line' id='line_1_98' title="bbox 543 5707 838 5779; baseline -0.02 -20"><span class='ocrx_word' id='word_1_820' title='bbox 543 5707 838 5779; x_wconf 76' lang='lat' dir='ltr'><strong>judicatur.</strong></span> 
     </span>
    </p>
   </div>
   <div class='ocr_carea' id='block_1_98' title="bbox 2262 4998 3842 5059">
    <p class='ocr_par' dir='ltr' id='par_1_98' title="bbox 2262 4998 3842 5059">
     <span class='ocr_line' id='line_1_99' title="bbox 2262 4998 3842 5059; baseline 0.001 -3"><span class='ocrx_word' id='word_1_821' title='bbox 2262 5002 2427 5056; x_wconf 90' lang='lat' dir='ltr'><strong>tentia</strong></span> <span class='ocrx_word' id='word_1_822' title='bbox 2456 5000 2848 5056; x_wconf 88' lang='lat' dir='ltr'><strong>condemnatus</strong></span> <span class='ocrx_word' id='word_1_823' title='bbox 2886 4999 2954 5054; x_wconf 87' lang='lat' dir='ltr'><strong>ad</strong></span> <span class='ocrx_word' id='word_1_824' title='bbox 2982 4999 3284 5055; x_wconf 62' lang='lat' dir='ltr'><strong>Pharisaeos</strong></span> <span class='ocrx_word' id='word_1_825' title='bbox 3332 4998 3593 5057; x_wconf 88' lang='lat' dir='ltr'><strong>dominici</strong></span> <span class='ocrx_word' id='word_1_826' title='bbox 3640 5018 3842 5059; x_wconf 83' lang='lat' dir='ltr'><strong>merce-</strong></span> 
     </span>
    </p>
   </div>
   <div class='ocr_carea' id='block_1_99' title="bbox 2252 5089 3839 5160">
    <p class='ocr_par' dir='ltr' id='par_1_99' title="bbox 2252 5089 3839 5160">
     <span class='ocr_line' id='line_1_100' title="bbox 2252 5089 3839 5160; baseline -0.001 -14"><span class='ocrx_word' id='word_1_827' title='bbox 2252 5092 2374 5147; x_wconf 89' lang='lat' dir='ltr'><strong>dem</strong></span> <span class='ocrx_word' id='word_1_828' title='bbox 2405 5090 2680 5160; x_wconf 84' lang='lat' dir='ltr'><strong>sanguinis</strong></span> <span class='ocrx_word' id='word_1_829' title='bbox 2707 5090 3049 5160; x_wconf 84' lang='lat' dir='ltr'><strong>reportavit,</strong></span> <span class='ocrx_word' id='word_1_830' title='bbox 3088 5097 3144 5144; x_wconf 90' lang='lat' dir='ltr'><strong>et</strong></span> <span class='ocrx_word' id='word_1_831' title='bbox 3172 5098 3323 5144; x_wconf 90' lang='lat' dir='ltr'><strong>actus</strong></span> <span class='ocrx_word' id='word_1_832' title='bbox 3352 5092 3679 5158; x_wconf 76' lang='lat' dir='ltr'><strong>pmnitentia</strong></span> <span class='ocrx_word' id='word_1_833' title='bbox 3706 5089 3839 5147; x_wconf 79' lang='lat' dir='ltr'><strong>refu-</strong></span> 
     </span>
    </p>
   </div>
   <div class='ocr_carea' id='block_1_100' title="bbox 2254 5198 3836 5287">
    <p class='ocr_par' dir='ltr' id='par_1_100' title="bbox 2254 5198 3836 5287">
     <span class='ocr_line' id='line_1_101' title="bbox 2254 5198 3836 5287; baseline 0.001 -30"><span class='ocrx_word' id='word_1_834' title='bbox 2254 5276 2265 5287; x_wconf 40' lang='lat'><strong>.</strong></span> <span class='ocrx_word' id='word_1_835' title='bbox 2326 5214 2350 5241; x_wconf 78' lang='grc' dir='ltr'><strong><em>ο</em></strong></span> <span class='ocrx_word' id='word_1_836' title='bbox 2380 5202 2511 5257; x_wconf 88' lang='lat' dir='ltr'><strong>Cod.</strong></span> <span class='ocrx_word' id='word_1_837' title='bbox 2548 5202 2800 5287; x_wconf 51' lang='lat' dir='ltr'><strong>Laurent.</strong></span> <span class='ocrx_word' id='word_1_838' title='bbox 2832 5199 3033 5287; x_wconf 75' lang='lat' dir='ltr'><strong>etcod.</strong></span> <span class='ocrx_word' id='word_1_839' title='bbox 3150 5198 3427 5287; x_wconf 42' lang='lat' dir='ltr'><strong>1S..Crucis</strong></span> <span class='ocrx_word' id='word_1_840' title='bbox 3455 5202 3510 5255; x_wconf 92' lang='lat' dir='ltr'><strong>in</strong></span> <span class='ocrx_word' id='word_1_841' title='bbox 3535 5202 3675 5287; x_wconf 47' lang='lat' dir='ltr'><strong>{erg</strong></span> <span class='ocrx_word' id='word_1_842' title='bbox 3709 5200 3836 5287; x_wconf 67' lang='grc' dir='ltr'><strong>ῌοςν</strong></span> 
     </span>
    </p>
   </div>
   <div class='ocr_carea' id='block_1_101' title="bbox 2248 5270 3836 5422">
    <p class='ocr_par' dir='ltr' id='par_1_101' title="bbox 2248 5270 3836 5422">
     <span class='ocr_line' id='line_1_102' title="bbox 2248 5270 3836 5422; baseline -0.001 -26"><span class='ocrx_word' id='word_1_843' title='bbox 2248 5270 3344 5422; x_wconf 50' lang='lat' dir='ltr'><strong>“stratastrata:</strong></span> <span class='ocrx_word' id='word_1_844' title='bbox 3370 5271 3836 5396; x_wconf 57' lang='lat' dir='ltr'><strong>amissi:</strong></span> 
     </span>
    </p>
   </div>
   <div class='ocr_carea' id='block_1_102' title="bbox 2248 5413 3834 5563">
    <p class='ocr_par' dir='ltr' id='par_1_102' title="bbox 2248 5413 3834 5563">
     <span class='ocr_line' id='line_1_103' title="bbox 2248 5413 2941 5483; baseline -0.003 -18"><span class='ocrx_word' id='word_1_845' title='bbox 2248 5413 2526 5483; x_wconf 62' lang='lat' dir='ltr'><strong>repellente</strong></span> <span class='ocrx_word' id='word_1_846' title='bbox 2555 5413 2803 5483; x_wconf 81' lang='lat' dir='ltr'><strong>procedit,</strong></span> <span class='ocrx_word' id='word_1_847' title='bbox 2836 5421 2941 5465; x_wconf 85' lang='lat' dir='ltr'><strong>etc.</strong></span> 
     </span>
     <span class='ocr_line' id='line_1_104' title="bbox 2327 5475 3834 5563; baseline -0.004 -26"><span class='ocrx_word' id='word_1_848' title='bbox 2327 5482 2345 5519; x_wconf 76' lang='grc' dir='ltr'><strong>ί</strong></span> <span class='ocrx_word' id='word_1_849' title='bbox 2376 5482 2550 5563; x_wconf 64' lang='lat' dir='ltr'><strong>Codd.</strong></span> <span class='ocrx_word' id='word_1_850' title='bbox 2577 5482 2743 5563; x_wconf 79' lang='lat' dir='ltr'><strong>Laur.</strong></span> <span class='ocrx_word' id='word_1_851' title='bbox 2777 5498 2830 5544; x_wconf 72' lang='grc' dir='ltr'><strong>ι,</strong></span> <span class='ocrx_word' id='word_1_852' title='bbox 2858 5488 2917 5562; x_wconf 74' lang='grc' dir='ltr'>ει</span> <span class='ocrx_word' id='word_1_853' title='bbox 2946 5475 3091 5563; x_wconf 83' lang='lat'><strong>99</strong></span> <span class='ocrx_word' id='word_1_854' title='bbox 3110 5476 3296 5534; x_wconf 89' lang='lat' dir='ltr'><strong>Crucis</strong></span> <span class='ocrx_word' id='word_1_855' title='bbox 3326 5479 3378 5534; x_wconf 91' lang='lat' dir='ltr'><strong>in</strong></span> <span class='ocrx_word' id='word_1_856' title='bbox 3407 5477 3547 5535; x_wconf 62' lang='grc' dir='ltr'><strong>πει-η</strong></span> <span class='ocrx_word' id='word_1_857' title='bbox 3576 5481 3834 5535; x_wconf 68' lang='lat' dir='ltr'><strong>heretica</strong></span> 
     </span>
    </p>
   </div>
   <div class='ocr_carea' id='block_1_103' title="bbox 2246 5557 3124 5621">
    <p class='ocr_par' dir='ltr' id='par_1_103' title="bbox 2246 5557 3124 5621">
     <span class='ocr_line' id='line_1_105' title="bbox 2246 5557 3124 5621; baseline -0.003 -16"><span class='ocrx_word' id='word_1_858' title='bbox 2246 5557 2478 5607; x_wconf 45' lang='lat' dir='ltr'><strong>omnium</strong></span> <span class='ocrx_word' id='word_1_859' title='bbox 2500 5561 2619 5621; x_wconf 73' lang='lat' dir='ltr'><strong>pota</strong></span> <span class='ocrx_word' id='word_1_860' title='bbox 2647 5557 2961 5621; x_wconf 64' lang='lat' dir='ltr'><strong>praeveniens</strong></span> <span class='ocrx_word' id='word_1_861' title='bbox 2979 5588 2992 5612; x_wconf 89' lang='lat'><strong>,</strong></span> <span class='ocrx_word' id='word_1_862' title='bbox 3020 5557 3124 5621; x_wconf 73' lang='lat' dir='ltr'><strong>etc.</strong></span> 
     </span>
    </p>
   </div>
   <div class='ocr_carea' id='block_1_104' title="bbox 2321 5616 3439 5682">
    <p class='ocr_par' dir='ltr' id='par_1_104' title="bbox 2321 5616 3439 5682">
     <span class='ocr_line' id='line_1_106' title="bbox 2321 5616 3439 5682; baseline -0.01 -3"><span class='ocrx_word' id='word_1_863' title='bbox 2321 5632 2345 5668; x_wconf 73' lang='grc' dir='ltr'><strong><em>κ</em></strong></span> <span class='ocrx_word' id='word_1_864' title='bbox 2377 5621 2515 5679; x_wconf 72' lang='lat' dir='ltr'><strong>Cod.</strong></span> <span class='ocrx_word' id='word_1_865' title='bbox 2544 5616 2799 5676; x_wconf 79' lang='lat' dir='ltr'><strong>Laurent.</strong></span> <span class='ocrx_word' id='word_1_866' title='bbox 2833 5636 2885 5682; x_wconf 84' lang='lat' dir='ltr'><strong>x,</strong></span> <span class='ocrx_word' id='word_1_867' title='bbox 2915 5634 3064 5682; x_wconf 76' lang='lat' dir='ltr'><strong>paena</strong></span> <span class='ocrx_word' id='word_1_868' title='bbox 3090 5616 3439 5673; x_wconf 76' lang='lat' dir='ltr'><strong>damnabitur.</strong></span> 
     </span>
    </p>
   </div>
   <div class='ocr_carea' id='block_1_105' title="bbox 2319 5682 3828 5758">
    <p class='ocr_par' dir='ltr' id='par_1_105' title="bbox 2319 5682 3828 5758">
     <span class='ocr_line' id='line_1_107' title="bbox 2319 5682 3828 5758; baseline -0.003 -10"><span class='ocrx_word' id='word_1_869' title='bbox 2319 5687 2346 5726; x_wconf 67' lang='grc' dir='ltr'>ιι</span> <span class='ocrx_word' id='word_1_870' title='bbox 2372 5688 2397 5737; x_wconf 64' lang='grc' dir='ltr'>ί</span> <span class='ocrx_word' id='word_1_871' title='bbox 2425 5682 2759 5749; x_wconf 67' lang='lat' dir='ltr'><strong>add.&#39;Vatic.</strong></span> <span class='ocrx_word' id='word_1_872' title='bbox 2794 5682 2955 5758; x_wconf 73' lang='grc'>1268,</span> <span class='ocrx_word' id='word_1_873' title='bbox 2983 5695 3038 5744; x_wconf 85' lang='grc' dir='ltr'>ει</span> <span class='ocrx_word' id='word_1_874' title='bbox 3072 5685 3130 5743; x_wconf 87' lang='lat' dir='ltr'><strong>S.</strong></span> <span class='ocrx_word' id='word_1_875' title='bbox 3160 5684 3349 5744; x_wconf 84' lang='lat' dir='ltr'><strong>Crucis</strong></span> <span class='ocrx_word' id='word_1_876' title='bbox 3378 5689 3517 5746; x_wconf 86' lang='lat' dir='ltr'><strong>olim</strong></span> <span class='ocrx_word' id='word_1_877' title='bbox 3539 5690 3671 5745; x_wconf 72' lang='lat' dir='ltr'><strong>Min.</strong></span> <span class='ocrx_word' id='word_1_878' title='bbox 3699 5685 3828 5743; x_wconf 73' lang='lat' dir='ltr'><strong>Ceo-</strong></span> 
     </span>
    </p>
   </div>
   <div class='ocr_carea' id='block_1_106' title="bbox 632 5778 2335 5866">
    <p class='ocr_par' dir='ltr' id='par_1_106' title="bbox 632 5778 2335 5866">
     <span class='ocr_line' id='line_1_108' title="bbox 632 5778 2335 5866; baseline -0.009 -16"><span class='ocrx_word' id='word_1_879' title='bbox 632 5797 650 5827; x_wconf 73' lang='grc' dir='ltr'>ί</span> <span class='ocrx_word' id='word_1_880' title='bbox 676 5792 944 5866; x_wconf 82' lang='lat' dir='ltr'><strong>Suppleut</strong></span> <span class='ocrx_word' id='word_1_881' title='bbox 982 5790 1091 5847; x_wconf 79' lang='lat' dir='ltr'><strong>duo</strong></span> <span class='ocrx_word' id='word_1_882' title='bbox 1118 5787 1333 5846; x_wconf 87' lang='lat' dir='ltr'><strong>codices</strong></span> <span class='ocrx_word' id='word_1_883' title='bbox 1371 5785 1425 5840; x_wconf 90' lang='lat' dir='ltr'><strong>S.</strong></span> <span class='ocrx_word' id='word_1_884' title='bbox 1460 5782 1647 5840; x_wconf 89' lang='lat' dir='ltr'><strong>Crucis</strong></span> <span class='ocrx_word' id='word_1_885' title='bbox 1676 5784 1729 5839; x_wconf 93' lang='lat' dir='ltr'><strong>in</strong></span> <span class='ocrx_word' id='word_1_886' title='bbox 1758 5779 1895 5850; x_wconf 85' lang='lat' dir='ltr'><strong>Jer.,</strong></span> <span class='ocrx_word' id='word_1_887' title='bbox 1927 5788 1983 5837; x_wconf 89' lang='lat' dir='ltr'><strong>et</strong></span> <span class='ocrx_word' id='word_1_888' title='bbox 2016 5778 2140 5835; x_wconf 75' lang='lat' dir='ltr'><strong>Vat.</strong></span> <span class='ocrx_word' id='word_1_889' title='bbox 2174 5778 2335 5835; x_wconf 72' lang='grc'><strong>12⁵10.</strong></span> 
     </span>
    </p>
   </div>
  </div>
