3924 6232
87 375 182 430 357

1539 377 1820 434 lIOMlLl‘A
1859 378 2082 434 XLVIII.

3260 385 3365 438 338

87 488 207 542 derit
236 491 567 546 venditionis
625 495 857 563 pretium
904 496 1099 564 laqueo
1138 508 1195 549 se
1239 491 1559 560 suSpendit;
1605 500 1663 546 ut
1696 493 1743 548 Λ
1769 491 1842 544 cit
1872 489 2148 569 Scriptura
2182 508 2193 541 :
2228 488 2298 541 Et
2329 491 2448 560 fecit
2481 489 2618 543 Deus
2649 491 2906 545 hominem
2937 492 3000 544 de
3042 493 3166 546 limo
3213 503 3365 548 terra

86 579 161 643 Qui
199 594 254 632 se
287 581 604 638 multaverit
634 585 891 651 pecunia,
921 585 1172 637 multaret
1215 591 1268 637 ct
1308 584 1435 634 vita.
1461 580 1666 634 Intelli-

87 678 199 730 gens
249 669 392 721 enim
433 679 699 737 quantum
739 672 916 726 scelus
943 670 1255 733 admiserit,
1309 687 1416 725 non
1455 670 1667 724 suffecit

88 759 127 810 ei
152 758 412 827 sacrilegii
453 777 645 816 carere
679 764 962 827 mercede,
1007 764 1105 816 nisi
1135 772 1347 817 careret
1376 771 1429 816 et
1456 763 1662 826 salute;

89 850 334 915 'dignum
366 851 522 904 enim
568 867 628 905 se
670 861 844 906 morte
879 851 1175 920 judicavit,
1224 853 1366 920 quod
1395 851 1665 905 Christum

89 939 229 994 vitam
253 937 278 976 δ
300 942 552 994 omnium
581 941 890 995 tradidisset
915 954 960 996 ε.
993 942 1377 996 Severissimus
1408 943 1566 1008 igitur
1583 943 1666 995 sui

89 1028 228 1093 iudex
264 1028 432 1084 Iudas
461 1032 553 1086 vel
597 1033 650 1086 in
697 1033 1003 1089 ulciscendo
1031 1032 1342 1099 conﬁtetur,
1381 1049 1541 1102 quem
1570 1049 1670 1088 ne-

88 1127 286 1184 gaverat
314 1121 365 1174 in
399 1122 684 1184 tradendo.
721 1122 973 1179 Restituit
1001 1137 1130 1190 ergo
1161 1124 1442 1191 pecuniam
1473 1121 1664 1176 Phari-

90 1211 221 1275 seis;
251 1211 347 1265 sed
389 1228 497 1266 nec
539 1211 794 1268 Pharisaei
832 1229 967 1268 eam.
992 1214 1225 1267 libenter
1253 1213 1552 1282 accipiunt;
1585 1213 1680 1268 di-r

89 1307 194 1350 cant
220 1301 358 1353 enim
387 1299 416 1336 ά
451 1301 740 1360 inhibitum
771 1303 872 1357 sibi
901 1318 1021 1358 esse
1063 1304 1118 1356 in
1163 1304 1275 1356 suis
1304 1320 1422 1356 eam
1463 1304 1665 1358 habere

89 1389 346 1444 thesauris.
399 1400 423 1427 ο
455 1390 654 1445 Videte
685 1392 876 1458 igitur,
923 1402 1124 1461 quanta
1161 1392 1242 1446 vis
1267 1392 1554 1446 dominicis
1595 1394 1674 1447 sit

92 1483 326 1546 pecunia,
363 1480 382 1518 ί
431 1496 600 1549 quam
632 1482 756 1537 inde
783 1481 948 1537 Iudas
993 1483 1202 1550 rejicit;
1247 1483 1372 1537 hinc
1411 1480 1664 1537 Pharismi

94 1571 136 1622 in
154 1560 346 1626 loculus
375 1587 488 1624 non
521 1571 805 1624 recludunt
834 1590 849 1624 :
876 1572 1008 1640 justi
1033 1573 1174 1626 enim
1205 1573 1482 1641 sanguinis
1509 1572 1666 1644 148

95 1661 296 1728 pretium
345 1663 688 1730 pertimescit
729 1663 980 1733 iniquitas
1019 1663 1319 1732 possidere.
1369 1664 1663 1720 Consilium

93 1762 246 1808 tamen
267 1755 457 1809 ineunt
491 1753 752 1813 Pharismi
777 1765 833 1809 ut
862 1771 928 1809 ex
955 1772 1018 1810 ea
1053 1770 1182 1824 ager
1210 1757 1354 1824 liguli
1380 1772 1663 1825 compare-

1773 583 1789 648 (
1816 580 1947 635 Cen.
1996 600 2033 636 n
2057 583 2096 648 ).
2126 582 2244 651 Ipse
2271 589 2354 636 est
2384 581 2594 649 ﬁgulus,
2621 582 2713 650 qui
2754 580 3014 637 carnium
3056 592 3363 638 nostrarum

1770 688 2046 726 caenosum
2081 674 2249 727 lutum
2330 687 2528 741 vapore
2575 672 2657 726 sui
2695 672 2936 742 spiritus
2971 673 3262 737 animavit,
3307 682 3364 728 et

1769 763 2048 816 materiem
2080 761 2327 826 ﬂuidam,
2352 770 2514 830 atque
2559 769 2830 815 terrenam
2885 769 2914 797 ιι
2955 761 3124 829 ignito
3163 762 3363 817 calore

1768 851 2002 906 decoxit.
2034 852 2171 920 Ipse,
2205 852 2444 918 inquam,
2475 857 2560 904 est
2585 848 2795 919 ﬁgulus,
2827 849 2923 918 qui
2951 865 3053 904 nos
3088 864 3203 919 per.
3241 864 3360 902 ma.-

1766 959 1870 997 nus
1898 959 2022 998 suas
2050 944 2301 997 formavit
2328 942 2395 995 ad
2425 942 2614 1007 vitam,
2646 957 2746 1010 per
2775 940 3049 996 Christum
3091 955 3245 995 suum
3268 954 3360 994 re-

1765 1027 2019 1087 formavit
2047 1033 2115 1087 ad
2138 1026 2388 1105 gloriam,
2421 1031 2560 1085 sicut
2580 1032 2656 1084 ait
2670 1030 2963 1099 Apostolus
2987 1048 2999 1081 :
3024 1031 3106 1083 Ad
3126 1031 3361 1083 eamdem

1765 1123 2042 1192 imaginem
2071 1125 2414 1192 reformamur
2434 1120 2498 1174 de
2513 1121 2681 1192 gloria
2703 1121 2757 1173 in
2770 1121 2992 1191 gloriam
3010 1118 3098 1192 (II
3117 1117 3236 1174 Cor.
3256 1119 3358 1188 tu);

1765 1214 1990 1277 scilicet,
2022 1221 2082 1267 ut
2100 1214 2191 1282 qui
2214 1228 2247 1266 a
2279 1222 2304 1249 ο
2328 1214 2512 1282 priore
2536 1212 2742 1266 factura
2770 1213 3008 1282 propriis
3034 1212 3206 1268 vitiis'
3232 1227 3360 1267 cor-

1764 1306 1990 1371 ruimus,
2014 1307 2066 1360 in
2096 1304 2331 1361 secunda
2358 1305 2642 1359 nativitate
2671 1301 2818 1372 figuli
2844 1304 3022 1374 hujus"
3045 1304 3360 1359 misericor-

1765 1396 1851 1450 dia
1879 1383 2225 1464 reparemur;
2259 1397 2363 1452 hoc
2402 1405 2504 1461 est,
2529 1398 2620 1465 qui
2651 1413 2748 1464 per
2801 1397 2930 1450 Adae
2979 1397 3359 1465 transgressio-

1764 1501 1888 1539 nem
1937 1498 1962 1535 Ρ
1993 1495 2167 1541 morte
2216 1472 2578 1550 concidimus,
2638 1502 2735 1556 per
2781 1487 3077 1561 Salvatoris
3130 1486 3358 1554 gratiam

1764 1573 1942 1628 denuo
1971 1589 2330 1642 resurgamus.
2355 1575 2474 1643 lpse
2503 1575 2663 1644 plane
2689 1575 3001 1643 est-ﬁgulus
3021 1575 3087 1628 de
3125 1584 3236 1642 quo
3284 1573 3360 1628 di-

1763 1665 1838 1719 cit
1867 1665 2056 1720 beatus
2103 1665 2429 1734 Apostolus:
2465 1664 2716 1736 Nunquid
2757 1665 2887 1718 dicit
2939 1650 3240 1736 ﬁgmentum
3284 1663 3358 1729 ei,

1763 1757 1923 1826 quise
1959 1756 2114 1823 ﬁnxit
2144 1771 2162 1810 :
2193 1753 2297 1808 Cur
2349 1771 2430 1818 me
2473 1757 2639 1825 fecisti
2659 1756 2775 1810 sic?
2821 1753 2891 1808 Et
2929 1757 3123 1811 iterum
3151 1774 3163 1808 :
3198 1745 3356 1810 Nun-

94 1852 184 1909 tur,
210 1845 257 1896 in
287 1859 395 1911 quo
427 1847 839 1912 peregrinorum
869 1860 1099 1915 corpora
1117 1847 1471 1900 collocentur.
1507 1847 1663 1913 Quod
1693 1837 1738 1896 Β
1767 1848 1887 1918 quid
1915 1864 2017 1900 non
2049 1847 2200 1899 habet
2219 1856 2522 1915 potestatem
2550 1847 2743 1917 ﬁgulus
2764 1848 2858 1901 luti
2885 1865 2951 1902 ea:
2975 1849 3155 1904 eadem
3182 1865 3360 1904 massa

93 1935 281 2002 quidem
311 1936 657 2007 providentia
691 1947 714 1983 ις
753 1935 952 1993 factum
999 1945 1153 2004 puto,
1187 1944 1246 1990 ut
1279 1938 1519 2005 pretium
1547 1938 1665 1992 Sal-

94 2027 272 2079 ratoris
301 2043 405 2081 nou
436 2025 822 2096 peccatoribus
851 2035 1123 2101 sumptum
1154 2027 1412 2094 praebeat,
1440 2027 1533 2096 sed
1568 2042 1672 2097 ρει

96 2115 285 2182 rigrinis
312 2120 561 2186 requiem
608 2117 1011 2180 subministret;
1043 2133 1150 2171 non
1179 2117 1458 2186 sacrilegis
1480 2118 1552 2172 sit
1597 2118 1663 2173 ad

95 2201 341 2275 Illusum,
387 2207 487 2262 sed
532 2206 800 2263 defunctis
838 2210 909 2263 sit
954 2209 1023 2262 ad
1071 2210 1421 2278 sepulcrum;
1467 2219 1526 2264 ut
1547 2209 1661 2279 jam

93 2296 261 2352 exinde
287 2297 538 2353 Christus
571 2298 582 2335 ί
613 2309 669 2354 ει
699 2300 848 2356 vivos
879 2301 1153 2368 sanguinis
1182 2301 1264 2355 sui
1292 2304 1542 2370 passione
1575 2318 1662 2356 re-

92 2383 255 2452 dimat,
277 2394 329 2441 et
351 2397 602 2442 mortuos
631 2390 868 2458 pretiosa
895 2390 1147 2457 passione
1175 2392 1450 2462 suscipiat.
1480 2392 1660 2447 Pretio

93 2487 202 2543 ergo
230 2476 243 2525 i
282 2477 496 2531 Domini
527 2479 803 2546 sanguinis
833 2492 962 2546 ager
987 2479 1131 2547 liguli
1160 2490 1526 2550 comparatur.
1559 2482 1660 2537 Lc-

92 2567 656 2640 gimusinScripsuris,
697 2571 844 2638 quod
879 2571 1043 2626 totius
1069 2573 1286 2640 generis
1323 2574 1543 2628 humani
1572 2591 1660 2630 sa-

95 2653 163 2710 lus
193 2658 468 2728 redempta
499 2660 572 2714 sit
610 2661 870 2728 sanguine
909 2660 1229 2729 Salvatoris,
1256 2663 1394 2717 sicut
1421 2663 1500 2717 ait
1529 2681 1660 2734 apo-

93 2746 239 2800 stolus
261 2747 451 2803 l’etrus
486 2767 499 2800 :
543 2748 563 2785 ι
599 2747 725 2802 Non
753 2751 892 2803 enim
924 2750 1171 2820 redempti
1198 2753 1322 2805 estis
1350 2754 1658 2824 corruptibi-

91 2835 204 2900 libus
229 2853 374 2904 auro,
406 2840 484 2893 vel
515 2851 753 2910 argento,
779 2841 869 2897 sed
895 2842 1122 2910 pretioso
1151 2844 1403 2913 sanguine
1425 2845 1547 2914 agni
1572 2845 1656 2897 iu-

94 2929 421 2994 contmninati,
461 2940 512 2982 et
546 2930 869 2984 immaculati
906 2931 1034 2989 Jesu
1082 2931 1273 2986 Christi
1321 2932 1372 3002 (l
1405 2933 1550 2986 Petr.
1590 2935 1652 3000 l).

93 3011 248 3079 Igitur,
285 3018 328 3072 si
357 3019 592 3088 pretium
625 3021 746 3073 vita:
785 3030 984 3079 nostra:
1028 3023 1246 3090 sanguis
1291 3033 1374 3077 est
1403 3023 1613 3077 Domini
1636 3041 1648 3052 ·

102 3105 112 3141 ¹
142 3108 247 3164 vide
270 3124 418 3178 ergo,
449 3113 580 3180 quia
616 3112 703 3165 illa
736 3128 842 3166 non
873 3121 979 3169 tam
1011 3114 1286 3183 redempta
1316 3116 1384 3169 sit
1405 3116 1518 3182 agri
1547 3125 1656 3170 ter-

1769 1938 1938 2007 facere
1964 1936 2108 1988 aliud
2155 1936 2360 2006 quidem
2407 1953 2496 1989 vas
2541 1937 2596 1989 in
2644 1938 2908 2001 honorem,
2941 1937 3088 1990 aliud
3140 1954 3256 1991 vero
3303 1939 3358 1991 in

1766 2028 2128 2081 contumeliam
2159 2030 2174 2095 (
2199 2026 2352 2080 Rom.
2384 2043 2438 2080 Ix
2461 2026 2570 2095 ΓΜ
2594 2026 2673 2080 Ex
2700 2026 2897 2082 eodem
2927 2029 3075 2085 enim
3103 2029 3356 2096 lutocor-

1765 2118 1914 2187 poris
1942 2117 2110 2171 nostri
2133 2115 2275 2172 Deus
2304 2131 2404 2185 pro
2446 2118 2652 2172 meritis
2694 2118 3030 2185 singulorum
3075 2118 3212 2172 alios
3266 2133 3356 2172 re-

1765 2217 1946 2263 servat
1966 2208 2030 2262 ad
2057 2223 2289 2277 poenam,
2317 2208 2450 2262 alios
2494 2208 2560 2262 ad
2587 2209 2833 2277 gloriam.
2866 2208 3023 2263 Istius
3077 2209 3261 2276 utique
3298 2208 3358 2260 li-

1764 2301 1872 2368 guli
1912 2315 2038 2368 ager
2091 2299 2289 2354 Christi
2334 2300 2598 2368 sanguine
2645 2309 2859 2368 eruptus
2897 2307 2981 2358 est
3027 2299 3360 2369 peregrinis:

1765 2393 2083 2464 peregrinis,
2106 2393 2344 2463 inquam,
2375 2393 2469 2459 qui
2495 2399 2652 2446 erant
2685 2391 2843 2463 150
2866 2392 2984 2450 sine
3023 2392 3208 2456 domo,
3237 2390 3358 2445 sine

1761 2485 1968 2552 patria,
2026 2492 2082 2537 et
2127 2490 2243 2536 toto
2288 2482 2420 2537 orbe
2450 2482 2672 2536 exsules
2715 2482 3093 2550 jactabantur,
3143 2480 3359 2549 requies

1761 2572 1958 2626 Christi
1985 2571 2240 2639 sanguine
2292 2572 2633 2639 providetur;
2665 2579 2727 2625 ut
2760 2571 2966 2641 quibus
2997 2586 3125 2628 non
3169 2578 3263 2630 est
3299 2573 3358 2626 in

1762 2661 1967 2717 mundo
1995 2663 2298 2733 possessio,
2327 2662 2409 2717 his
2439 2663 2492 2717 in
2511 2661 2832 2719 Christo-sit
2867 2662 3192 2734 sepultura.
3216 2661 3359 2718 Istos

1761 2752 1940 2806 autem
1969 2753 2284 2822 peregrinos
2311 2763 2450 2821 quos
2474 2767 2595 2806 esse
2624 2751 2887 2817 dicimus,
2910 2752 3016 2816 nisi
3063 2751 3357 2823 devotissi-

1760 2857 1880 2896 mos
1923 2837 2279 2906 Christianos,
2313 2842 2405 2910 qui
2449 2842 2820 2899 renuntiantes
2862 2842 3064 2902 siceulo
3091 2850 3171 2896 ~ct
3223 2841 3359 2896 nihil

1760 2931 2099 3002 possidentes
2127 2933 2178 2985 in
2209 2932 2440 2998 mundo,
2467 2932 2521 2985 in
2570 2931 2771 2989 Christi
2827 2931 3092 3000 sanguine
3143 2932 3360 3000 requie-

1756 3023 1955 3078 scunt?
1981 3022 2318 3076 Christianus
2346 3022 2631 3091 enim,,qui
2654 3021 2911 3081 mundum
2955 3037 3064 3082 non
3093 3023 3373 3092 possidet,-

1758 3113 1846 3167 hic
1875 3119 2044 3166 totum
2072 3111 2314 3181 possidet
2341 3109 2698 3177 Salvatorem.
2730 3110 2858 3165 Ideo
2879 3120 3090 3176 autem,
3118 3113 3359 3183 peregri-

95 3210 201 3250 rcna
228 3199 502 3268 fragilitas,
531 3218 692 3271 (liram
723 3203 887 3259 totius
914 3204 1100 3258 Inundi
1145 3204 1483 3260 ineullnnitas
1511 3223 1651 3261 sem-
1683 3199 1728 3260 C
1761 3203 1843 3256 nis
1870 3201 2082 3255 Christi
2098 3202 2372 3271 sepultura
2425 3201 2781 3270 prdmittitur,
2815 3213 2833 3237 τ
2860 3209 2919 3256 ut
2944 3202 3064 3271 quis
3091 3218 3150 3259 se
3171 3218 3204 3261 a
3230 3219 3358 3259 car-

95 3285 276 3352 piterna
308 3309 321 3343 :
354 3292 428 3344 ait
449 3293 599 3347 enim
626 3292 966 3361 Evangelista
1001 3313 1012 3347 :
1046 3294 1164 3349 Non
1188 3299 1323 3350 enim
1347 3300 1478 3351 venit
1499 3298 1656 3352 Chri-

90 3387 181 3433 stus
229 3391 280 3433 ut
299 3383 497 3453 judicet
538 3385 810 3451 mundum,
844 3386 933 3438 sed
971 3396 1026 3439 ut
1053 3387 1274 3441 salvetur
1303 3390 1523 3443 mundus
1561 3407 1666 3459 per

92 3468 236 3534 ipsum
263 3471 440 3540 (Joan.
477 3475 614 3543 χιιι).
662 3484 699 3509 ’³³
729 3474 883 3540 Vide,
928 3475 1144 3544 inquam
1177 3493 1244 3533 ne
1289 3480 1515 3547 pecunia
1560 3480 1649 3534 illa

91 3575 182 3612 non
216 3572 317 3617 tam
365 3566 704 3635 comparatio
747 3567 818 3620 sit
859 3568 974 3634 agri
1024 3584 1190 3637 parva
1232 3571 1440 3638 portio,
1488 3587 1648 3639 quam

94 3651 230 3724 149
249 3656 407 3709 totius
431 3656 618 3710 mundi
646 3658 866 3725 copiosa
891 3658 1184 3726 possessio,
1215 3659 1355 3713 sicut
1377 3661 1453 3712 ait
1477 3661 1644 3715 David

89 3745 321 3813 propheta
347 3765 360 3799 :
389 3746 613 3801 Postulo
640 3765 671 3799 a
700 3765 799 3814 me,
830 3758 879 3804 et
918 3747 1054 3804 dabo
1100 3748 1192 3803 tibi
1222 3760 1397 3822 gentes
1426 3752 1649 3805 Incredi-

88 3840 223 3888 tatem
273 3846 430 3899 tuam,
487 3848 538 3891 et
601 3839 975 3905 possessionem
1015 3848 1159 3892 tuam
1200 3844 1444 3896 terminos
1499 3853 1652 3896 terra:

91 3921 249 3989 (Psat.
278 3928 386 3995 in).
416 3929 560 3996 Ager
586 3942 715 3997 ergo
746 3928 848 3983 iste
879 3929 1109 3987 mundus
1142 3929 1232 3983 hic
1276 3939 1420 3985 totus
1449 3941 1561 3996 est,
1595 3934 1647 3987 in

87 4028 178 4080 quo
203 4031 294 4071 nos
321 4018 569 4088 dispersi,
598 4027 651 4072 et
675 4019 1012 4074 disseminati
1037 4020 1250 4075 Domini
1268 4018 1502 4075 fructum
1519 4024 1646 4077 boni

90 4110 240 4170 operis
266 4111 647 4174 germinamus.
681 4110 790 4165 Sed
821 4110 1055 4167 fortasse
1083 4113 1366 4182 perquiras
1396 4129 1425 4166 a
1456 4129 1574 4180 me,
1600 4116 1646 4170 si

90 4210 196 4263 ager
237 4204 459 4257 mundus
506 4211 623 4265 est,
667 4205 887 4272 quinam
936 4205 1008 4258 sit
1061 4203 1288 4273 ﬁgulus,
1321 4207 1414 4273 qui
1462 4208 1644 4261 muntii

91 4289 232 4351 possit
257 4291 452 4348 habere
478 4294 853 4349 dominatum?
881 4292 994 4350 Nisi
1025 4295 1181 4348 fallor
1196 4296 1310 4366 ipse
1330 4306 1413 4351 est
1431 4297 1639 4364 llgulus,

90 4379 164 4443 qui
188 4385 385 4439 vascula
415 4389 664 4462 corporis
685 4389 855 4443 nostri
885 4387 1011 4442 fecit
1038 4403 1072 4442 ε
1099 4388 1226 4443 limo
1261 4406 1274 4440 :
1307 4388 1374 4444 de
1401 4407 1510 4460 quo
1551 4391 1638 4446 di-

93 4504 214 4566 vent.
238 4514 300 4562 Iv,
319 4500 525 4577 βειίηει
546 4506 799 4558 sanctitas
828 4514 1017 4572 vestra,
1042 4506 1256 4577 fratres,
1273 4523 1370 4560 nos
1391 4507 1533 4564 vobis
1554 4509 1661 4566 hoc
1679 4510 1726 4568 ι)

85 4577 178 4625 lam
197 4571 509 4635 praedicasse,
542 4583 647 4629 etc.

101 4636 322 4753 iuiigpd.
354 4640 526 4697 Vatic.
575 4644 743 4711 1268;
779 4643 937 4709 4951,
981 4645 1194 4715 dignum
1221 4646 1358 4699 enim
1399 4663 1454 4700 se
1483 4658 1646 4701 morte

111 4714 240 4756 παίω
265 4747 277 4759 .

88 4714 108 4763 J
355 4773 695 4859 Igugentax,
723 4787 875 4859 vitam
899 4785 1190 4859 hominum.

156 4847 350 4928 “Codd.
377 4851 434 4928 S_.
466 4851 662 4928 _Cruc_is
690 4856 909 4928 _minor.,
940 4864 999 4910 et
1025 4854 1092 4908 99
1121 4853 1180 4910 S.
1213 4853 1400 4909 Crucis
1428 4856 1482 4910 in
1507 4853 1645 4923 Jer.,

96 4907 782 4999 δίξάξείφιξὲθέιιιϋάάαὶ·

152 4980 173 5061 ⁸1
201 4983 327 5061 (_Zod.
355 4980 511 5046 99's.
544 4991 752 5059 Crucis,
785 4993 1026 5061 etvUrb.,
1053 4995 1314 5050 illicitum.

153 5051 504 5136 fIrtas_co_tld.
540 5051 751 5125 γυῖα(
779 5064 909 5136 vide
926 5051 1106 5136 ίςίὶυν.
1367 5118 1371 5122 _

157 5119 354 5210 59mg.
375 5129 684 5210 tamen,
712 5119 771 5210 in
799 5119 972 5189 Vane".
1009 5135 1169 5204 1268,
1200 5146 1257 5192 et
1285 5119 1444 5205 4951,
1490 5156 1644 5210 quant

97 5185 263 5273 nega
284 5196 448 5273 ,ιμάρε
476 5185 684 5273 έέλῖέίιξ
702 5185 992 5273 ianuae.

124 5271 174 5344 εξ
197 5261 352 5344 Codd.
379 5268 436 5344 ξ,
462 5261 872 5344 (ΣτῖιοὶείΜίηοιί.
902 5273 1193 5343 Convent.,
1226 5285 1339 5333 tres
1358 5277 1558 5344 Vatic.,
1587 5287 1644 5334 et

99 5323 337 5418 umet,
369 5323 522 5418 Quod
543 5323 1243 5418 ἦὲιῖᾉέιῇξόοεᾶἑῆρἷἓίζ

156 5398 178 5436 δ
205 5398 360 5462 Codd.
387 5398 673 5484 La_urent.,
713 5398 993 5484 S_.:Crucis
1021 5398 1240 5484 Minori,
1269 5415 1327 5472 S.
1359 5416 1547 5473 Crucis
1586 5418 1642 5473 in

95 5463 403 5548 let-Lethes
433 5463 1448 5548 νέιῖὸζζἒῐῡῶἆόῖ.,Ἷῖῗᾰᾶηᾶἇηαῖτὶξ

124 5541 522 5630 εᾼξᾼροάεηνειὶο.
555 5541 716 5618 4951,
757 5564 806 5607 et
835 5557 971 5609 vivos
1095 5559 1350 5626 sanguine
1374 5575 1487 5630 sua:
1516 5574 1640 5627 pns-

99 5619 232 5695 ξῖοζιίξ
256 5619 563 5695 ffdiflugt,ct
607 5634 836 5678 mortuos
877 5627 1104 5694 pretiosa
1157 5619 1482 5695 possessione
1516 5619 1640 5680 sus-

102 5684 243 5765 flutat.
270 5684 392 5742 Cod.
422 5684 573 5759 Ui*b.,
604 5704 656 5746 et
682 5696 818 5747 vivus
845 5684 1101 5765 sanguine
1122 5684 1202 5749 sui
1223 5699 1464 5764 passione
1497 5698 1636 5750 redi-

102 5758 209 5815 mi.
234 5764 275 5807 ει
298 5774 393 5813 tum
407 5770 516 5817 tuus
543 5758 773 5835 pretiosa
802 5758 1124 5830 possessione
1151 5758 1418 5836 suscipiat.

1759 3293 1969 3347 nalihus
1994 3292 2138 3346 vitiis
2169 3301 2431 3359 tanquam.
2455 3293 2800 3360 peregrinum
2855 3301 2914 3347 et
2966 3294 3200 3351 alienum
3254 3311 3354 3350 cu-

1755 3383 2024 3448 stodierit,
2041 3383 2086 3436 is
2104 3381 2305 3438 Christi
2325 3383 2566 3452 requiem
2588 3391 2882 3442 mereatur.
2904 3378 3191 3454 Sepultum
3209 3385 3357 3440 enim

1756 3475 1955 3530 Christi
1979 3475 2115 3544 'qnid
2142 3482 2228 3528 est
2255 3473 2423 3537 aliud,
2455 3475 2556 3528 nisi
2612 3476 2829 3543 requies
2852 3521 2854 3523 .
2881 3474 3208 3531 Christiani?
3244 3477 3355 3532 Nos

1754 3583 1886 3635 ergo
1929 3568 2197 3636 peregrini
2254 3566 2308 3619 in
2355 3566 2427 3620 ho
2507 3566 2708 3620 mundo
2755 3583 2960 3632 sumus,
2991 3575 3046 3623 et
3093 3576 3352 3639 tanquam

1755 3662 1996 3730 hospites
2040 3661 2092 3713 in
2124 3660 2224 3713 hac
2253 3659 2372 3712 luce
2419 3673 2718 3726 versamur,
2747 3659 2889 3716 sicut
2938 3660 3014 3713 ait
3061 3660 3354 3729 Apostolus

1753 3752 1939 3806 dicens
1963 3769 1978 3806 ;
2010 3749 2219 3803 Etenim
2242 3750 2364 3805 dum
2389 3765 2564 3803 suum
2594 3750 2647 3803 in
2668 3750 2765 3804 hoc
2794 3766 3012 3820 corpore
3049 3753 3355 3821 peregrina-

1753 3859 1869 3896 mur
1897 3859 1929 3894 η
1958 3841 2182 3895 Domino
2214 3838 2278 3908 (Ι
2328 3839 2450 3893 Cor.
2481 3841 2569 3902 v).
2623 3837 2921 3906 Peregrini,
2970 3840 3210 3910 inquam,
3259 3857 3356 3902 su-

1754 3951 1894 4000 mus,
1927 3941 1982 3988 et
2011 3933 2166 3986 nobis
2195 3931 2494 3984 Salvatoris
2521 3931 2797 3999 sanguinis
2828 3931 3005 4001 pretio
3055 3942 3237 4001 empta
3267 3942 3356 3989 est

1751 4025 2046 4095 sepultura.
2076 4023 2372 4092 Consepulti
2390 4023 2528 4074 enim
2555 4038 2750 4087 sumus,
2771 4023 2909 4078 sicut
2932 4023 3007 4077 ait
3032 4023 3348 4094 Apostolus,

1755 4133 1870 4170 tum
1897 4115 1987 4167 illo
2010 4131 2102 4184 per
2131 4114 2442 4184 baptismum
2465 4115 2520 4166 in
2549 4123 2767 4167 mortem
2799 4113 2817 4183 (
2844 4113 2962 4167 Gal.
2994 4131 3032 4169 ιι
3058 4115 3097 4186 ),
3133 4115 3348 4184 Baptis-

1752 4222 1899 4260 nnnn
1923 4206 2084 4273 igitur
2105 4203 2306 4257 Christi
2337 4204 2492 4257 nobis
2521 4212 2606 4257 est
2634 4204 2909 4272 sepultura
2929 4245 2944 4267 ,
2983 4204 3034 4260 in
3064 4221 3174 4273 quo
3221 4222 3350 4275 pec-

1751 4297 1888 4351 catis
1916 4295 2197 4362 morimur,
2226 4295 2538 4349 criminibus
2584 4294 2898 4363 sepelimur,
2925 4303 2978 4350 et
3007 4298 3208 4351 veteris
3255 4297 3351 4353 ho-

1752 4389 1911 4446 minis
1945 4385 2278 4442 conscientia
2327 4385 2586 4449 resoluta,
2633 4385 2687 4442 in
2734 4386 2962 4442 alteram
3009 4388 3350 4444 nativitatem

1831 4520 1843 4556 l
1883 4505 2058 4560 Codd.
2101 4506 2176 4574 S.
2206 4499 2653 4574 CrucisnMinorw
2684 4513 2912 4574 uterque
2959 4505 3015 4560 S.
3065 4507 3254 4564 Crucis
3292 4511 3351 4566 in

1751 4576 2091 4650 Jer.,A_Vatic_.
2129 4572 2679 4650 l268,ﬂe_thUr_hevet.,_
2707 4572 2952 4630 dominici
2983 4582 3276 4650 sanguinis.

1826 4647 1852 4684 ι
1874 4633 2013 4700 Cod.
2050 4633 2420 4718 γεμὼν-1268,
2448 4633 2578 4718 on_
2597 4633 2737 4718 enim
2752 4663 2884 4718 auro
2914 4633 3236 4718 σοντιιῆιὶὺὶιὶ
3263 4633 3350 4705 re-

1754 4717 1943 4787 dempti
1963 4717 2086 4769 estis
2106 4758 2120 4782 ,
2149 4724 2199 4768 et
2219 4716 2436 4787 reliqua3
2467 4713 2763 4787 Codiliéﬁl
2781 4758 2796 4782 ,
2829 4715 2951 4769 Non
2981 4713 3118 4773 enim
3149 4720 3350 4775 redem-

1751 4790 1826 4858 pti
1855 4783 1978 4841 estis
1999 4794 2048 4839 et
2082 4787 2294 4856 reliqua.
2323 4783 2460 4838 Cod.
2491 4783 2652 4850 495i,
2695 4785 2797 4838 Vos
2823 4788 2962 4839 enim
2986 4790 3236 4860 redempti
3258 4808 3346 4845 es-

1752 4859 1847 4909 tis.
1885 4866 1935 4909 et
1963 4857 2182 4909 reliaua.

1752 4857 1818 4911 tis
1833 4899 1847 4922 ,
1885 4866 1935 4910 et
1963 4857 2182 4922 reliqua.

1831 4929 1845 4964 ι
1889 4924 2024 4981 Cod.
2059 4923 2232 4978 Vatie.
2285 4924 2440 4995 1268,
2472 4923 2637 4995 gidete
2664 4942 2788 4995 ergo
2813 4927 2938 4995 quia
2963 4927 3056 4982 illo
3084 4944 3188 4983 non
3216 4939 3344 4985 tam.

1824 5006 1863 5034 ιη
1891 4997 2040 5051 Cod-
2068 4995 2246 5057 Vatic.
2278 4994 2432 5057 1268,
2475 4993 2625 5069 Vide,
2665 4993 2910 5069 _in'quam,
2944 4998 3082 5069 quod
3124 5002 3344 5068 pecunia

1746 5067 1840 5121 illa
1865 5085 1967 5120 non
1994 5075 2102 5118 tam
2132 5074 2431 5130 comparata
2464 5063 2531 5115 sit
2561 5067 2694 5133 agri.

1822 5148 1846 5172 υ
1880 5137 2015 5192 Cod.
2050 5134 2416 5204 Vatic-76452,
2450 5142 2505 5186 et
2532 5132 2691 5204 l9“,
2723 5137 2874 5204 ignes
2895 5138 3090 5192 calore.

1821 5216 1846 5242 °
1877 5207 2012 5262 Cod.
2035 5204 2113 5277 799
2134 5205 2190 5277 S.
2219 5203 2408 5277 crucis
2433 5205 2490 5277 in
2519 5202 2656 5264 Jer.,
2680 5202 2893 5273 propria
2917 5209 3144 5277 fac-tura.

1823 5287 1849 5326 Ρ
1875 5275 2219 5330 CodJlatic-
2241 5273 2402 5339 4951,
2424 5275 2485 5325 in
2511 5282 2728 5327 mortem
2751 5273 3089 5330 concidimus.

1821 5346 2046 5402 q’Codd.
2063 5355 2188 5416 tres
2210 5345 2406 5416 Vl’alic.1
2422 5340 3036 5416 et_Ur;bev¢t.,et_codd.
3063 5346 3346 5416 Laurent.,

1746 5415 1804 5472 S.
1837 5416 2020 5471 Crucis
2057 5415 2270 5473 Minor.,
2303 5420 2360 5467 et
2381 5411 2450 5464 99
2465 5411 2528 5480 β.
2554 5411 2742 5466 Crucis
2773 5414 2825 5466 in
2851 5413 2990 5480 Jer.,
3038 5416 3122 5468 Ea:
3165 5411 3346 5471 eodem

1746 5489 1882 5540 enim
1914 5489 2021 5540 luto
2072 5472 2304 5549 corporis
2354 5472 2730 5554 nost'ripDeus
2783 5472 3096 5554 tamen'pro
3147 5488 3348 5538 meritis

1744 5557 2068 5627 singulorum
2096 5553 2481 5608 alioscustodit
2510 5551 2580 5604 ad
2602 5568 2837 5623 regnum,
2857 5551 3250 5608 alios'reservat
3274 5555 3346 5608 ad

1745 5644 1949 5697 poenam
1981 5627 2149 5697 istius.

1822 5708 1842 5735 τ
1876 5695 2011 5751 Cod.
2048 5695 2218 5749 Vatic.
2249 5691 2387 5746 6.1552
2412 5691 2612 5746 omittit
2640 5691 2957 5761 particulam
2979 5702 3052 5746 ut.
