3924 6232
565 355 675 410 559
1620 360 1678 413 S.
1720 357 1967 413 MAXIM!
2005 358 2311 414 EPISCOPI
2346 358 2798 414 TAURINENSIS
3732 367 3836 424 διο

563 465 806 520 rediviva
856 464 1078 520 infantia
1121 481 1472 537 reparamur;
1513 468 1865 538 baptismum,
1914 471 2154 539 inquam,
2184 473 2236 531 Α
2263 484 2368 537 qua
2400 471 2554 526 nobis
2576 479 2631 524 et
2654 471 2798 524 utilis
2827 486 2970 526 mors
2998 472 3245 536 infertur,
3275 475 3458 529 etvita
3509 477 3686 532 utilior
3709 495 3825 534 oon-

561 557 859 612 Salvatoris
886 558 1043 613 nobis
1068 568 1156 614 est
1182 559 1456 628 sepultura
1489 561 1652 627 :quia
1702 567 1759 613 et
1811 560 1881 612 ibi
1913 567 1936 595 ι
1968 559 2145 629 perdi-
2256 559 2522 625 donatur;
2566 576 2780 629 magna,
2831 562 3076 631 inquam,
3111 564 3272 631 hujus
3318 567 3492 633 gratia
3542 570 3829 636 sepultum,

561 662 682 700 mus
709 655 855 713 ante,
884 647 1031 715 quod
1059 647 1312 715 viximus,
1333 656 1388 701 et
1415 648 1489 701 ibi
1518 647 1695 702 denuo
1742 649 2056 718 accipimus,
2090 656 2148 701 ut
2254 665 2374 718 qua:
2402 658 2455 708 et
2477 651 2728 722 puriﬁcat
2749 663 3127 722 peccatorem,
3151 663 3209 709 et
3236 655 3480 712 viviticat
3508 658 3829 714 morientem.

572 732 820 792 vivamus.
845 736 1037 806 Magna
1059 737 1222 806 igitur
1249 737 1539 806 sepulturae
1561 736 1720 805 hujus
1741 745 1825 791 est
1865 738 2062 805 gratia,
2091 741 2142 792 in

1897 831 2246 896 HOMILIA
2292 838 2520 900 XLIX.

1714 927 1795 981 De
1823 927 2104 995 Passione,
2127 941 2176 986 et
2201 934 2363 989 Cruce
2391 935 2606 992 Domini
2635 936 2683 991 Ι.

2021 1022 2410 1082 ADMONITIU.

623 1109 726 1176 Qui
750 1111 1186 1184 primumsancti
1214 1111 1483 1184 Ambrosii
1527 1112 2093 1184 operumgeditionem
2143 1125 2406 1170 curarunt
2449 1119 2692 1173 arbitrati
2749 1127 2875 1173 sunt
2903 1119 3044 1175 hanc
3095 1120 3374 1176 homiliam
3429 1120 3606 1176 eidem
3651 1129 3834 1176 sancto

551 1178 772 1259 doctori
792 1181 1025 1259 attribui
1038 1179 1314 1259 oportere.
1343 1181 1436 1259 llis
1462 1178 1726 1259 repugnat
1751 1180 2074 1259 Genn_adius,
2101 1186 2190 1251 qui
2207 1200 2342 1259 eam
2372 1189 2549 1241 sancti
2579 1188 2797 1259 Maximi
2855 1191 3071 1259 scriptis
3119 1196 3463 1258 annumerat,
3517 1190 3834 1259 inscribique

551 1249 628 1328 ait.
660 1267 672 1300 :
703 1248 954 1328 De‘cruce
981 1248 1212 1328 Domini.
1246 1251 1359 1328 Qua
1386 1251 1453 1305 de
1480 1248 1538 1304 re
1564 1251 1748 1328 confer
1777 1253 1980 1328 praefat.
2007 1248 2399 1328 monachorum
2421 1265 2737 1328 congregat.
2766 1256 2951 1312 Sancti
2969 1248 3147 1313 'Mauri
3176 1260 3256 1313 ad'
3292 1248 3573 1314 sermbnes
3621 1248 3831 1328 prmer-

548 1319 734 1396 missos
762 1319 1023 1396 Ambros,
1050 1335 1157 1387 quo
1187 1321 1307 1396 loco
1337 1322 1474 1396 hanc
1501 1320 1747 1374 eamdem
1778 1322 2050 1396 humiliarn
2078 1323 2132 1374 in
2165 1338 2447 1396 numerum
2477 1319 2579 1378 5η
2603 1319 2913 1381 sermonum
2945 1329 3116 1382 sancti
3144 1329 3475 1390 Ambrosiia
3499 1319 3828 1383 curatoribus

548 1386 771 1466 Sixtinge
793 1388 1044 1466 editionis
1068 1386 1358 1466 ascijptam
1388 1391 1542 1466 aiunt
1561 1399 1895 1466 monentque
1907 1389 2165 1466 Maxime,
2194 1407 2261 1445 ex
2289 1391 2552 1449 Gennadii
2594 1397 2883 1466 sententia,
2914 1413 3034 1452 esse
3057 1386 3472 1466 restituendam.
3498 1399 3648 1462 Quod
3701 1400 3746 1452 si
3777 1400 3830 1454 in

547 1457 823 1534 codicibus
855 1458 1309 1534 ξιίειηείθξιιηο-ΏἸΟ,Δ
1333 1466 1389 1534 et
1503 1457 1691 1534 Crucis
1718 1459 1845 1534 olim
1877 1458 2067 1534 Minor.
2100 1458 2390 1534 Co_nvent_.,
2421 1480 2564 1518 nunc
2609 1457 3268 1520 bibliothXLaurentiana:
3326 1484 3395 1530 tv,
3455 1457 3595 1520 Plut.
3646 1484 3832 1534 xxxm,

546 1523 732 1607 Sancti
759 1526 1174 1607 Mediolanensis
1201 1503 1697 1607 anlt'i‘stitisunmnilr‘ie
1742 1528 1995 1607 inscripta
2027 1537 2138 1607 est_;
2172 1531 2313 1584 inter
2342 1503 2564 1607 “animi
2609 1503 3478 1590 "numeratur.

547 1603 690 1647 nota:
713 1596 998 1666 codicibus
1025 1598 1234 1651 duobus
1261 1595 1329 1649 90
1357 1605 1412 1666 et
1434 1595 1501 1647 99
1532 1595 1586 1648 S.
1616 1595 1805 1650 Crucis
1836 1597 1888 1649 in
1910 1595 2237 1666 Jerusalem,
2270 1609 2326 1654 et
2355 1601 2406 1655 in
2438 1603 2803 1659 Laurentiano
2831 1621 2895 1664 x.
2930 1604 3074 1658 Plut.
3100 1621 3208 1658 xxv.
3240 1605 3296 1658 ln
3327 1606 3430 1659 hoc
3484 1606 3597 1666 ejus
3651 1595 3831 1661 titulus

542 1673 626 1716 cst
658 1682 670 1715 :
703 1663 899 1736 Incipit
938 1665 1113 1736 de_die
1143 1675 1323 1719 sancto
1355 1665 1596 1726 Paschw,
1628 1675 1678 1718 et
1701 1667 1763 1718 de
1784 1684 1933 1719 cruce
1961 1667 2203 1726 Domini:
2224 1663 2325 1736 qui
2379 1671 2432 1724 in
2458 1671 2777 1727 Taurinensi
2822 1663 3040 1729 brevius
3095 1676 3412 1728 enuntiatur
3445 1693 3457 1725 :
3497 1663 3625 1727 item
3677 1685 3724 1728 et
3773 1677 3833 1729 de

543 1748 697 1812 cruce
723 1733 953 1814 Domini.
985 1734 1607 1814 Consentiunteditores
1637 1750 1864 1814 operum
1917 1736 2135 1814 blaximi
2190 1733 2501 1814 Cvmnicus,
2532 1742 2860 1814 Galesinius,
2884 1812 2891 1814 Α
2913 1743 3187 1814 Cumdius,
3245 1743 3592 1814 Raynaudns,
3634 1745 3832 1810 δίει-ει

539 1803 711 1868 riuus,
743 1803 889 1872 apud
917 1820 1053 1873 quos
1082 1806 1258 1859 eidem
1284 1813 1368 1859 est
1398 1805 1631 1858 humilia:
1656 1806 1772 1858 hcce
1800 1805 2016 1874 prteﬁxa
2046 1803 2324 1877 inscriptio
2354 1827 2366 1863 :
2403 1808 2480 1864 De
2517 1812 2762 1880 passione
2780 1803 2922 1866 etde
2941 1830 3089 1867 cruce
3126 1803 3345 1867 Domini
3387 1803 3604 1866 ltomilia
3643 1803 3832 1884 prima.

543 1920 701 1988 151
755 1918 1157 1992 Ancuuesruu.
1191 1950 1263 1960 ——
1287 1918 1632 1992 λΡρυοροεῃςι,Δ
1657 1933 1771 1992 qam
1814 1918 1876 1970 de
1928 1918 2140 1992 Ulyssis
2173 1923 2218 1982 Β
2248 1920 2442 1975 blanda
2473 1930 2528 1976 et
2549 1923 2852 1992 perniciosa
2876 1923 3150 1991 naufragia
3182 1924 3469 1979 incolumis
3511 1924 3623 1979 sola
3653 1940 3831 1979 serva-

613 1986 861 2042 narratur
867 1990 1090 2111 ﬁfabula,
1214 1986 1487 2057 salutifera
1508 1986 1702 2040 Christi
1732 2004 1882 2040 cruce
1903 1986 2132 2053 disserit,

613 2075 768 2111 uuam
792 2059 847 2111 in
894 2061 1105 2111 .cclesia
1129 2075 1240 2111 esse
1271 2058 1508 2111 arborem
1530 2059 1674 2111 navis
1697 2059 1864 2111 docet.

609 2075 768 2128 quam
792 2059 847 2112 in
867 2058 1105 2111 Ecclesia
1129 2058 1240 2111 esse
1271 2058 1508 2112 arborem
1530 2059 1674 2111 navis
1697 2059 1864 2111 docet.

610 2192 811 2249 Saeculi
841 2192 1020 2249 ferunt
1043 2193 1234 2248 fabula:
1251 2191 1495 2263 Ulyssem
1543 2191 1716 2260 illum,
1755 2191 1847 2261 qui
1875 2190 2138 2246 decennio

538 2285 764 2339 marinis
784 2284 1022 2354 iactatus
1049 2285 1350 2346 erroribus,
1378 2283 1445 2336 ad
1471 2282 1700 2351 patriam
1726 2283 2013 2351 pervenire
2028 2298 2135 2336 non

539 2383 778 2444 poterat,
803 2391 926 2431 cum
957 2375 1011 2429 in
1034 2376 1209 2430 locum
1241 2374 1530 2443 quemdam
1557 2389 1745 2428 cursus
1766 2375 1916 2427 illum
1940 2373 2135 2440 navigii

539 2465 842 2529 detulisset,
875 2466 928 2519 in
953 2479 1062 2534 quo
1083 2465 1400 2520 Sirenarum
1427 2463 1454 2502 δ
1478 2464 1620 2518 dulci
1659 2474 1854 2518 cantus
1904 2465 2136 2519 crudelis

537 2556 802 2610 varietate
822 2555 1141 2620 resonabat;
1165 2562 1222 2610 et
1244 2554 1594 2608 advenientes
1622 2554 1700 2608 sic
1729 2553 1922 2607 blanda
1946 2553 2135 2608 modu-

537 2645 740 2701 latione
761 2629 1049 2710 mulcebat,
1081 2653 1270 2701 utnon
1319 2653 1427 2699 tam
1456 2645 1823 2713 spectaculum
1843 2644 2134 2713 voluptatis

538 2745 817 2806 caperent,
840 2751 1001 2805 quam
1030 2735 1363 2804 naufragium
1383 2735 1570 2790 salutis
1600 2735 1953 2789 incurrerent.
1987 2733 2132 2788 Talis

538 2827 683 2880 enim
716 2827 956 2880 eratillis
985 2827 1275 2881 oblectatio
1301 2825 1607 2892 cantilena),
1639 2833 1716 2888 ut,
1749 2824 1992 2894 quisquis
2042 2838 2133 2877 au-

538 2909 711 2971 disset
736 2917 881 2971 vocis
902 2918 1160 2981 sonitum,
1192 2919 1346 2986 quasi
1374 2916 1608 2986 quadam
1631 2925 1825 2985 captus
1855 2915 2127 2978 illecebra,

539 3022 648 3062 non
675 3007 786 3076 jam
823 3007 1068 3062 tenderet
1098 3007 1168 3060 ad
1209 3023 1332 3063 eum
1361 3023 1522 3075 quem
1549 3008 2015 3075 volebatportum,
2033 3006 2128 3059 sed

539 3107 789 3168 pergeret
818 3099 882 3152 ad
914 3099 1160 3161 exitium,
1221 3109 1243 3135 ιτ
1301 3098 1446 3166 quod
1500 3098 1736 3152 nolebat.
1794 3097 1961 3165 Igitur
2004 3113 2125 3152 cum

540 3187 759 3259 Ulysses
786 3187 1063 3244 incidisset
1092 3189 1195 3243 hoc
1223 3189 1378 3242 dulce
1404 3188 1737 3257 naufragium
1755 3228 1770 3251 ,
1799 3198 1856 3243 et
1885 3190 2124 3243 suavita-

2245 2019 2351 2065 tur.
2382 2011 2438 2065 In
2465 2013 2566 2068 hac
2587 2026 2716 2079 ergo
2738 2014 2859 2067 navi
2887 2015 3130 2083 quisquis
3152 2023 3244 2068 aut
3266 2015 3445 2069 arbori
3468 2017 3642 2070 crucis
3661 2031 3718 2070 se
3747 2032 3831 2070 re—

2240 2099 2508 2169 ligaverit,
2537 2111 2631 2158 aut
2652 2118 2809 2158 aures
2836 2119 2963 2158 suas
2991 2103 3283 2172 Scripturis
3307 2105 3504 2160 divinis
3557 2107 3827 2170 clauserit,

2239 2191 2451 2248 dulcem
2480 2195 2774 2263 procellam
2804 2195 3026 2249 luxuria:
3081 2211 3187 2251 non
3237 2196 3467 2251 timebit.
3519 2195 3826 2251 Sirenarum

2239 2284 2382 2337 enim
2411 2283 2656 2351 quaedam
2684 2287 2865 2340 suavis
2887 2285 3056 2354 ﬁgura
3085 2290 3239 2358 152
3269 2295 3353 2342 est
3401 2289 3585 2343 mollis
3635 2304 3828 2343 concu-

2238 2373 2499 2442 piscentia
2537 2373 2562 2410 ι¹
2593 2375 2920 2445 voluptatis,
2950 2393 3068 2446 quae
3095 2379 3269 2431 noxiis
3298 2378 3676 2433 blandimentis
3711 2395 3827 2433 cmi-

2236 2465 2488 2518 stantiam
2542 2473 2712 2534 caan
2763 2468 2958 2521 mentis
3002 2466 3296 2522 eﬂ‘eminat.
3368 2468 3511 2537 Ergo
3575 2469 3828 2523 Dominus

2235 2551 2483 2608 Christus
2511 2555 2766 2624 pependit
2792 2557 2844 2609 in
2867 2572 3046 2622 cruce,
3071 2565 3133 2611 ut
3160 2573 3322 2613 omne
3342 2573 3512 2627 genus
3551 2561 3821 2614 hominum

2233 2643 2301 2698 de
2346 2645 2530 2698 mundi
2589 2645 2868 2713 naufragio
2913 2647 3186 2702 liberaret.
3239 2647 3349 2702 Sed
3401 2659 3462 2704 ut
3514 2652 3822 2706 omittamus

2234 2732 2438 2804 Ulyssis
2468 2734 2725 2800 fabulam,
2756 2749 2877 2803 qua:
2924 2734 3068 2799 ﬁcta,
3103 2752 3208 2791 non
3238 2737 3380 2792 facta
3412 2749 3519 2805 est,
3548 2741 3819 2794 videamts

2232 2824 2276 2880 si
2302 2825 2447 2892 quod
2471 2824 2525 2878 in
2550 2824 2846 2894 Scripturis
2871 2825 3069 2880 divinis
3100 2829 3407 2897 exemplum
3434 2830 3608 2885 simile
3638 2846 3820 2899 possu-

2229 2928 2353 2968 mus
2374 2915 2804 2985 invenire,,quod
2843 2915 3102 2971 Dominus
3129 2932 3228 2986 per
3247 2920 3595 2988 semetipsum
3638 2929 3817 2989 postea

2231 3004 2618 3073 completurus,
2644 3021 2740 3074 per
2767 3006 3060 3074 prophetas
3081 3021 3210 3062 suos
3258 3016 3384 3062 ante
3439 3018 3462 3045 ο
3494 3010 3816 3077 promiserit.

2231 3093 2480 3162 Legimus
2529 3097 2582 3150 in
2626 3095 2809 3151 Veteri
2855 3097 3206 3154 Testamento
3251 3097 3450 3170 (Num.
3508 3100 3659 3170 xxi),
3704 3116 3818 3154 cum

2230 3183 2442 3254 Moyses
2484 3192 2705 3240 sanctus
2733 3183 2870 3263 ﬁlios
2914 3185 3080 3241 Israel
3131 3187 3200 3242 de
3253 3189 3567 3257 captivitate
3606 3189 3818 3260 κείω»ιὶ

536 3282 609 3336 tis
637 3281 777 3336 illius
798 3281 962 3335 vellet
981 3281 1252 3336 declinare
1279 3281 1614 3350 periculum;
1645 3281 1874 3345 dicitur,
1927 3282 2126 3335 inserta
2156 3273 2203 3337 C
2232 3276 2596 3344 produxisset.
2625 3285 2788 3344 atque
2816 3276 2956 3330 idem
2981 3279 3212 3346 populus
3241 3279 3296 3332 in
3349 3279 3568 3334 deserto
3614 3280 3761 3348 gravi
3787 3295 3816 3334 ι

536 3387 665 3427 cera
688 3372 907 3426 auribus
934 3371 1230 3439 sociorum,
1259 3372 1494 3440 seipsum
1524 3372 1591 3425 ad
1640 3372 1889 3426 arborem
1932 3373 2130 3440 navigii

535 3461 797 3529 religasse
827 3478 842 3513 :
874 3476 984 3530 quo
1012 3472 1068 3515 et
1087 3461 1162 3514 illi
1192 3469 1442 3516 carerent
1469 3461 1771 3530 perniciosa
1803 3461 2016 3516 auditus
2062 3462 2128 3514 il-

537 3553 775 3617 )ecebra,
805 3559 862 3606 et
888 3567 948 3606 se
975 3551 1046 3606 de
1064 3551 1306 3621 periculo
1335 3551 1531 3618 navigii
1558 3566 1749 3605 cursus
1780 3551 2033 3604 auferret.
2071 3549 2128 3605 Si

536 3655 670 3710 ergo
693 3642 759 3696 de
790 3640 980 3712 Ulysse
1006 3641 1098 3695 illo
1126 3641 1295 3696 refert
1321 3639 1496 3695 fabula
1517 3679 1532 3704 ,
1556 3641 1702 3709 quod
1750 3655 1872 3695 eum
1921 3640 2130 3694 arboris

535 3731 785 3798 religatio
805 3730 875 3784 de
901 3730 1141 3801 periculo
1172 3730 1421 3783 liberavit
1446 3748 1460 3781 :
1489 3739 1692 3797 quanto
1733 3729 1904 3797 magis
1932 3729 2128 3796 prcedi-

537 3819 769 3874 candum
795 3827 879 3874 est
905 3820 1049 3888 quod
1080 3835 1206 3874 vere
1229 3819 1427 3874 factum
1461 3827 1571 3884 est;
1603 3820 1707 3874 hoc
1726 3827 1828 3886 est,
1859 3819 2002 3888 quod
2031 3819 2129 3872 ho-

536 3911 627 3965 die
654 3925 814 3964 omne
842 3923 1011 3978 genus
1039 3909 1315 3964 hominum
1339 3909 1408 3964 de
1440 3910 1630 3964 mortis
1666 3909 1906 3979 periculo
1954 3909 2128 3964 crucis

540 4003 707 4056 arbor
732 4001 964 4070 eripuit?
994 3999 1072 4053 Ex
1093 4015 1201 4068 quo
1231 4001 1375 4054 enim
1398 3999 1642 4054 Christus
1691 4000 1949 4054 Dominus
2001 3999 2128 4052 reli-

539 4100 698 4161 gatus
727 4092 778 4144 in
809 4105 971 4145 cruce
1000 4099 1104 4155 est,
1136 4105 1203 4144 ex
1234 4105 1300 4144 eo
1329 4105 1428 4144 nos
1450 4090 1634 4144 mundi
1657 4089 1971 4143 illecebrosa
2015 4089 2128 4143 dis-

536 4185 763 4240 crimina
787 4184 935 4237 velut
960 4183 1140 4238 clausa
1170 4197 1299 4237 aure
1325 4183 1638 4244 transimus;
1670 4197 1770 4235 nec
1821 4182 2126 4249 pernicioso

535 4278 683 4333 enim
708 4277 887 4332 Steculi
910 4276 1217 4331 detinemur
1236 4275 1440 4339 auditu,
1472 4289 1573 4329 nec
1619 4289 1832 4328 cursum
1889 4273 2127 4327 melioris

539 4370 669 4424 vita}
692 4369 1027 4424 deﬂectimus
1051 4370 1104 4422 in
1125 4367 1380 4436 scopulos
1407 4367 1715 4434 voluptatis.
1749 4365 1937 4418 Crucis
1981 4365 2126 4418 enim

536 4460 702 4514 arbor
731 4476 840 4514 non
861 4459 1037 4514 solum
1064 4459 1348 4525 religatum
1369 4458 1469 4511 sibi
1505 4458 1776 4511 hominem
1794 4455 1990 4524 patriae
2033 4469 2124 4509 re-

535 4560 850 4622 prmsentat,
882 4551 977 4604 sed
1006 4552 1168 4604 etiam
1197 4550 1377 4604 socios
1406 4549 1548 4603 circa
1578 4564 1637 4602 se
1668 4548 1872 4616 positos
1910 4547 2125 4601 virtutis

2234 3366 2575 3434 serpentibus
2605 3366 2909 3420 incursione
2939 3367 3225 3432 laboraret,
3257 3384 3359 3423 nec
3381 3369 3559 3438 aliqua
3610 3371 3716 3425 illis
3739 3386 3817 3423 ar-

2232 3469 2442 3509 morum
2472 3455 2712 3510 defensio
2735 3464 2918 3525 posset
2945 3457 3243 3522 obsistere;
3277 3465 3406 3513 tunc
3433 3468 3655 3514 sanctus
3685 3459 3817 3530 Moy-

2231 3560 2318 3599 ses
2345 3545 2528 3600 divino
2558 3546 2794 3614 repletus
2820 3546 3041 3616 Spiritu,
3069 3557 3375 3618 serpentem
3388 3565 3586 3604 :ereum
3604 3550 3813 3604 afﬁxum

2233 3636 2397 3704 ligno,
2429 3637 2570 3692 inter
2598 3637 2803 3692 medias
2844 3639 3189 3694 morientium
3238 3642 3478 3697 erexisse
3525 3643 3734 3704 turbas,
3765 3649 3815 3696 et

2231 3728 2514 3782 mandasse
2534 3728 2752 3797 populo,
2777 3737 2835 3782 ut
2863 3727 2931 3783 de
2963 3729 3056 3785 illo
3084 3731 3237 3799 signo
3259 3746 3410 3800 spem
3438 3741 3693 3800 gererent
3728 3747 3812 3786 sa-

2232 3818 2439 3885 nitatis,
2467 3826 2630 3886 atque
2659 3818 2763 3872 hac
2790 3833 2849 3873 re
2876 3827 3082 3875 tantam
3113 3821 3437 3876 medicinam
3465 3831 3655 3877 contra
3685 3839 3813 3877 mor-

2231 3925 2348 3963 sum
2371 3909 2618 3979 aspidum
2650 3910 2984 3979 provenisse,
3009 3921 3084 3976 ut,
3117 3913 3357 3981 quisquis
3400 3913 3715 3969 vulneratus
3763 3915 3811 3968 in

2230 4000 2376 4054 illam
2407 4000 2671 4069 serpentis
2699 4014 2912 4055 crucem
2944 4011 3038 4055 aut
3065 4002 3395 4072 respiceret,
3419 4012 3512 4057 aut
3557 4011 3810 4073 speraret,

2230 4093 2409 4146 statim
2440 4092 2736 4146 remedium
2759 4092 2946 4149 salutis
2967 4095 3255 4164 acciperet,
3283 4095 3436 4164 cujus
3476 4097 3602 4152 lacti
3659 4097 3810 4151 etiam

2232 4181 2490 4236 Dominus
2511 4182 2564 4235 in
2588 4181 2882 4250 Evangelio
2905 4184 3170 4248 meminit,
3201 4183 3388 4238 dicens
3420 4203 3432 4236 :
3466 4185 3618 4240 Sicut
3670 4185 3808 4253 Moy-

2231 4288 2310 4325 ses
2336 4274 2583 4326 exultavit
2612 4280 2896 4343 serpentem
2918 4273 2972 4326 in
2995 4273 3214 4338 deserto,
3242 4277 3317 4328 ita
3347 4275 3573 4328 exaltari
3621 4283 3810 4345 oportet

2230 4360 2429 4416 Filium
2457 4363 2679 4417 hominis
2709 4363 2899 4434 (Joan.
2925 4365 3033 4435 ιιι).
3063 4363 3215 4420 Unde
3269 4367 3315 4420 si
3367 4367 3561 4421 allixus
3598 4382 3810 4438 serpens

2230 4453 2376 4523 ligno
2403 4454 2523 4509 filiis
2543 4453 2709 4509 Israel
2735 4456 2964 4510 contulit
2997 4454 3017 4494 τ
3047 4457 3369 4522 sanitatem;
3401 4467 3608 4527 quanto
3650 4457 3808 4526 magis

2230 4545 2459 4600 salutem
2487 4552 2711 4614 praestat
2732 4545 2946 4615 populis
2985 4545 3245 4600 Dominus
3291 4547 3342 4600 in
3370 4547 3614 4617 patibulo
3643 4547 3808 4601 cruci-

535 4614 648 4698 sua:
676 4643 868 4696 umbra
898 4640 1155 4696 custodit.
1188 4639 1342 4705 Quod
1392 4647 1571 4693 autem
1602 4614 1732 4692 crux
1782 4637 1847 4691 ad
1894 4638 2123 4707 patriam
2155 4614 2206 4674 Ῑ)
2232 4636 2401 4691 ﬁxus?
2425 4627 2540 4693 Etsi
2563 4614 2964 4704 ﬁguraitantum
2988 4637 3208 4707 profuit,
3252 4614 3510 4708 quantum
3559 4638 3808 4709 prodesse

534 4744 658 4805 post
681 4735 878 4788 multos
905 4747 1129 4788 errones
1157 4732 1334 4786 redire
1364 4748 1463 4786 nos
1518 4731 1698 4799 faciat,
1723 4729 1980 4784 Dominus
2029 4729 2123 4784 de-

528 4825 706 4880 clarat
726 4823 910 4878 dicens
944 4821 1142 4876 latroni
1194 4821 1250 4874 in
1279 4836 1440 4876 cruce
1468 4821 1644 4890 posito
1673 4838 1684 4870 :
1712 4819 1882 4873 Hodie
1925 4835 2122 4872 mecum

526 4916 629 4967 eris
657 4914 713 4966 in
741 4912 991 4983 paradiso
1022 4909 1183 4980 (Luc.
1234 4911 1424 4980 xmt).
1456 4911 1555 4976 Qui
1611 4910 1799 4977 utique
1842 4909 1982 4962 latro
2029 4908 2122 4962 diu

525 5003 812 5064 oberrans,
841 5016 906 5056 ac
926 4999 1246 5068 naulragus,
1271 4999 1430 5052 aliter
1468 4999 1534 5052 ad
1583 4997 1808 5065 patriam
1864 4996 2116 5065 paradisi,

525 5093 725 5160 dequa
753 5091 960 5161 primus
1013 5091 1179 5144 homo
1232 5089 1459 5152 exierat,
1509 5089 1686 5143 redire
1734 5103 1838 5142 non
1883 5095 2116 5157 poterat,

525 5181 628 5234 nisi
657 5179 843 5235 fuisset
863 5179 1046 5233 arbori
1080 5178 1363 5246 religatus;
1415 5178 1576 5232 arbor
1603 5177 1743 5231 enim
1784 5178 2028 5244 quaadam
2067 5177 2119 5229 in

523 5271 649 5327 navi
672 5286 808 5328 crux
850 5278 934 5328 est
974 5271 1028 5325 in
1074 5269 1338 5336 Ecclesia,
1369 5286 1488 5340 qua:
1531 5270 1674 5324 inter
1725 5269 1892 5324 totius
1937 5271 2119 5324 smculi

595 5419 621 5449 ι
651 5409 825 5465 Codd.
850 5409 1024 5466 Vatis.
1048 5407 1206 5475 1951,
1235 5419 1290 5466 et
1312 5410 1590 5477 Urbevet.,
1614 5421 1662 5464 et
1682 5412 1750 5464 ibi
1771 5411 2107 5481 perdidimus,

521 5481 661 5555 quod
682 5491 802 5535 ante
825 5483 929 5535 vix.

593 5553 617 5592 ι’
644 5550 698 5606 In
725 5549 1052 5618 utroq.cod.
1096 5549 1150 5604 S.
1195 5549 1384 5604 Crucis
1425 5551 1474 5603 in
1521 5549 1628 5605 Jer.
1683 5550 1896 5618 legitur,
1942 5551 2106 5604 dulcis

517 5633 718 5682 cantus,
745 5621 997 5682 crudelis;
1031 5621 1082 5674 in
1103 5621 1223 5675 cod.
1251 5629 1430 5674 autem
1462 5620 1529 5673 90
1583 5621 1809 5675 habetur
1854 5623 2106 5675 suavitate

517 5709 617 5764 pro
643 5694 906 5764 uarietate.

595 5775 615 5801 ε
648 5760 779 5816 Cod.
809 5761 979 5819 Vatic.
1018 5760 1174 5828 1270,
1205 5776 1302 5827 quo
1327 5759 1551 5814 nolebat.

2230 4728 2498 4783 credimus
2525 4729 2841 4783 veritatem?
2869 4726 3104 4798 Serpens
3127 4729 3289 4797 igitur
3315 4730 3520 4798 primus
3549 4727 3805 4796 crucifigi-

2231 4829 2317 4874 tur
2342 4837 2356 4872 :
2389 4827 2536 4874 recte
2563 4819 2744 4889 plane,
2773 4827 2855 4885 ut,
2877 4819 3001 4887 quia
3023 4821 3228 4889 primus
3249 4820 3393 4889 apud
3415 4821 3587 4876 Deum
3630 4834 3806 4891 peceao

2229 4917 2379 4963 verat
2398 4908 2663 4973 diabolus,
2697 4909 2900 4978 primus
2928 4908 3106 4962 crucis
3131 4910 3401 4963 sententia
3450 4909 3727 4975 feriretur;
3756 4909 3804 4961 in

2229 5000 2375 5067 ligno
2405 5000 2547 5053 enim
2580 5008 2604 5044 ε
2634 4995 2991 5066 cruciﬁgitur;
3023 4998 3417 5054 rationabiliter
3465 4999 3694 5064 factum,
3726 5009 3800 5060 ut,

2227 5091 2353 5159 quia
2382 5090 2548 5144 homo
2579 5089 2630 5142 in
2654 5087 2898 5157 paradiso
2929 5103 3026 5156 per
3069 5089 3320 5143 arborem
3361 5088 3799 5158 concupiscentia:

2225 5183 2485 5251 deceptus
2515 5180 2706 5242 fuerat,
2738 5194 2878 5233 nunc
2907 5179 3051 5233 idem
3082 5195 3181 5249 per
3208 5180 3337 5248 ligni
3366 5182 3614 5237 arborem
3647 5180 3794 5234 salva-

2230 5280 2402 5338 retur,
2431 5282 2592 5339 atque
2612 5270 2804 5325 eadem
2832 5270 3078 5336 materia,
3102 5284 3222 5338 qua;
3249 5285 3413 5325 causa
3461 5271 3652 5327 mortis
3694 5269 3798 5323 fuc-

2288 5408 2316 5450 ἀ
2350 5410 2585 5480 Uterque
2606 5411 2728 5467 cod.
2753 5412 2811 5467 S.
2843 5413 3031 5466 Crucis
3061 5412 3114 5465 in
3141 5409 3279 5480 Jer.,
3311 5410 3644 5480 voluptatum.

2290 5493 2313 5552 ἐ
2355 5479 2592 5552 UterQUe
2619 5484 2741 5536 cod.
2767 5481 2824 5536 S.
2853 5481 3042 5538 Crucis
3073 5482 3124 5535 in
3157 5479 3291 5552 Jer.,
3315 5479 3642 5550 prtrmiserit.

2295 5551 2474 5606 ‘Cod.
2500 5548 2585 5606 'S.
2633 5552 2820 5606 Crucis
2875 5552 3030 5618 Min.,
3089 5548 3323 5604 contulit
3366 5558 3564 5603 tantum
3606 5548 3794 5603 sanita-

2510 5691 2576 5745 90
2608 5691 2662 5746 S.
2690 5690 2875 5747 Crucis
2915 5692 2969 5746 in
3015 5689 3147 5756 Jer.,
3182 5691 3508 5762 cruciﬁgitur
3554 5687 3787 5744 Christus.
