3924 6232
120 393 201 452 εει
1556 377 1834 436 ΗΟΜΗᾸΑ
1875 377 1936 434 L.

3261 381 3374 437 35‘!

112 517 200 573 rat,
222 518 244 542 ο
276 521 416 560 nunc
448 500 595 558 idem
621 507 762 556 esset
799 496 1089 553 remedium
1138 491 1406 548 sanitatis.
1465 485 1671 544 Deinde
1702 498 1747 552 Α
1779 489 1953 554 ﬁeret,
1984 504 2048 544 ac
2075 489 2212 543 liber
2239 495 2380 543 esset
2409 503 2440 542 a
2469 498 2661 543 morte.
2695 488 2964 544 [labentes
2999 468 3364 556 igitur-domi-

109 607 212 666 post
235 603 538 665 serpentem
563 593 616 645 in
637 590 916 644 Salvatore
947 588 1109 641 homo
1154 585 1267 652 ipse
1311 579 1671 648 cruci-ﬁgimr;

110 689 293 743 scilicet
323 695 381 739 ut
412 693 537 754 post
579 690 852 736 auctorem
877 678 1132 748 puniatur
1175 685 1231 731 et
1281 673 1519 737 facinus;
1577 685 1676 741 per

110 785 315 852 primam
345 779 490 834 enim
517 791 732 832 crucem
758 773 1088 827 vindicatum
1135 778 1220 825 est
1258 769 1310 823 in
1339 773 1677 836 serpentem,

112 889 195 941 per
216 869 500 924 secundam
523 868 577 920 in
607 881 811 920 venena
841 863 1139 933 serpentis;
1161 861 1267 914 hoc
1288 867 1371 913 est
1399 875 1412 910 :
1444 857 1675 926 primum

113 969 283 1014 auctor
310 961 424 1027 ipse
449 958 687 1027 punitur,
715 955 909 1009 deinde
934 952 1049 1022 ejus
1075 950 1379 1019 malignitas
1426 946 1681 1002 condem-

115 1058 271 1102 natur.
299 1046 460 1102 Virus
482 1048 646 1112 enim,
669 1045 814 1115 quod
837 1043 1185 1112 persuasione
1208 1055 1304 1095 sua
1333 1039 1386 1092 in
1405 1037 1680 1092 hominem

115 1138 475 1201 transfuderat,
502 1152 644 1190 nunc
674 1135 933 1202 rejicitur,
967 1147 1109 1187 nunc
1137 1139 1387 1194 curatur;
1420 1143 1544 1182 nam
1562 1141 1683 1182 cum

116 1233 263 1286 homo
300 1229 533 1299 passioni
581 1228 879 1290 addicitur,
910 1240 1019 1278 non
1075 1223 1239 1277 morti
1285 1221 1537 1286 traditur,
1588 1217 1684 1273 sed

117 1323 289 1376 mortis
319 1323 369 1375 in
398 1337 468 1375 eo
499 1319 705 1374 facinus
735 1317 1081 1381 emendatur;
1110 1317 1214 1368 hoc
1259 1315 1403 1368 enim
1443 1313 1552 1380 agit
1579 1312 1684 1364 Do-

117 1412 278 1464 minus
299 1426 392 1480 per
420 1411 720 1475 hominem,
741 1422 901 1476 quem
929 1406 1182 1474 suscepit,
1209 1412 1266 1458 ut
1288 1404 1414 1457 dum
1432 1404 1692 1457 innocens

122 1504 323 1570 patitur,
351 1500 810 1571 prmvaricationis
840 1498 981 1552 illius
1009 1495 1287 1550 diabolicae
1309 1495 1361 1548 in
1411 1509 1478 1548 eo
1502 1493 1689 1547 inobo-

122 1591 303 1648 dientia
324 1593 347 1631 δ
378 1594 698 1661 corrigatur,
726 1590 880 1661 153
910 1597 966 1644 et.
1007 1587 1262 1656 deinceps
1310 1585 1445 1640 liber
1473 1600 1503 1637 a
1533 1584 1689 1651 culpa

1782 596 1907 634 num
1935 579 2141 648 Jesum,
2172 581 2263 648 qui
2293 593 2390 633 nos
2418 580 2668 648 passione
2693 594 2787 634 sua
2815 579 3084 648 liberavit,
3114 581 3166 634 in
3194 580 3374 649 ipsum.

1783 673 2104 742 aspiciamus
2130 687 2364 740 semper,
2391 681 2412 708 ο
2441 679 2496 725 ει
2519 671 2687 740 ipsius
2713 671 2867 738 signo
2917 686 3213 740 speremus,
3269 687 3369 725 no-

1783 764 1908 818 stris
1928 762 2238 816 vulneribus
2255 761 2604 826 medicinam;
2627 762 2731 816 hoc
2758 770 2843 817 est
2871 761 2915 816 si
2937 760 3073 817 forte
3103 763 3259 816 nobis
3276 778 3371 816 ve-

1788 870 1985 909 nenum
2007 855 2245 908 avaritiae
2267 870 2327 909 se
2348 853 2620 921 diﬁ‘undit,
2663 855 2835 923 ipsum
2864 855 3289 920 consideremus,
3317 862 3375 908 ct

1788 955 1970 1010 sanat;
1993 946 2038 999 si
2060 944 2360 1013 scorpionis
2385 960 2484 998 nos
2511 944 2677 999 libido
2704 946 3032 1013 compungit,
3066 946 3239 1014 ipsum
3284 961 3376 1000 ro~

1788 1053 1995 1107 gemas,
2022 1046 2077 1091 et
2113 1045 2294 1102 curat;
2323 1037 2482 1110 154
2509 1036 2555 1090 si
2597 1043 2930 1090 terrenarum
2985 1037 3376 1104 cogitationum

1791 1145 1890 1183 nos
1918 1143 2130 1182 morsus
2151 1129 2408 1191 lacerant,
2433 1127 2680 1181 eumdem
2708 1142 3012 1196 precemur,
3039 1137 3094 1182 et
3123 1127 3374 1182 vivimus.

1793 1221 1854 1274 lli
1887 1220 2027 1273 enim
2056 1226 2180 1273 sunt
2208 1218 2510 1287 spirituales
2537 1227 2817 1287 serpentes
2838 1219 3136 1272 animarum
3166 1225 3378 1272 nostra-

1794 1327 1931 1373 rum,
1955 1319 2174 1379 propter
2196 1324 2332 1377 quos
2354 1309 2749 1364 conculcandos
2789 1309 3047 1364 Dominus
3090 1307 3378 1364 cruciﬁxus

1794 1410 1894 1465 est,
1919 1401 1986 1454 de
2015 1401 2209 1468 quibus
2236 1401 2350 1469 ipse
2379 1401 2457 1452 ait
2482 1418 2493 1451 :
2529 1398 2698 1469 Super
2717 1408 2978 1469 serpentes
3007 1408 3055 1453 et
3078 1401 3378 1471 scorpiones

1795 1491 2143 1558 ambulabitis,
2175 1501 2224 1545 et
2249 1491 2380 1545 nihil
2403 1477 2540 1545 vobis
2570 1491 2822 1544 nocebunt
2856 1492 2874 1560 (
2901 1490 3029 1544 Luc.
3063 1491 3131 1560 ι)
3165 1492 3176 1520 ¹

1525 1678 1867 1738 HOMILIA
1912 1674 1983 1738 L.

1425 1776 1506 1831 De
1534 1795 1682 1831 cruce
1703 1777 1913 1831 Domini
1956 1777 2043 1832 11.

1533 1869 1922 1923 ΑΒΜΟΝΙΤΙΟ.

191 1962 352 2042 llujus
375 1981 593 2042 «pioque
616 1964 851 2042 humilia:
880 1979 1001 2042 esse
1029 1971 1305 2042 auctorem
1335 1960 1795 2042 Maximumtnon
1845 1971 2027 2042 autem
2039 1964 2419 2042 Ambrosium,
2443 1963 2696 2042 monachi
2723 1967 3056 2042 Benedictini
3085 1986 3383 2041 congrega-

126 2032 281 2109 tionis
303 2032 479 2109 Sancti
505 2032 717 2109 :Mauri,
747 2035 1083 2109 Gennadium
1124 2035 1374 2109 eumdem
1421 2032 1614 2109 secuti,
1660 2032 1984 2109 iudicarunt.
2013 2035 2221 2109 _l_‘le_que
2246 2052 2376 2109 vero
2401 2039 2699 2109 gravissimi
2729 2039 2893 2109 hujus,
2929 2032 3219 2109 scriptoris
3235 2032 3386 2097 testi-

125 2108 346 2180 rnonium
376 2101 724 2180 rgejieiendum
757 2105 1034 2180 est,‘qu9d
1064 2105 1117 2157 in
1145 2104 1314 2180 tribus
1337 2101 1614 2180 codicibus
1624 2101 1820 2180 famuli
1850 2119 1941 2180 χιι,
1975 2101 2227 2180 videlicet
2250 2101 2509 2180 V_aticano
2526 2107 2695 2180 Δ1270,
2725 2101 2845 2178 pag.
2871 2108 2959 2180 27,
2986 2101 3052 2164 et.
3070 2109 3229 2175 6451,
3258 2123 3389 2180 pag.

128 2173 211 2235 18,
239 2184 357 2229 ettv
386 2170 524 2228 Plut.
561 2192 574 2226 :
607 2170 933 2234 xxxm.olim
957 2173 1168 2226 Sancta:
1191 2171 1381 2225 Crucis
1401 2171 1595 2224 Minor.
1619 2170 1906 2241 Convent.,
1931 2173 2092 2227 modo
2121 2174 2250 2227 bibl.
2285 2170 2878 2241 Laurentisnesan'cti
2901 2170 3167 2234 Ambrosii
3191 2170 3386 2235 nomen

127 2242 338 2311 legatur.
372 2245 506 2297 Nam
526 2245 681 2297 nobis
707 2243 919 2297 codices
943 2251 1149 2314 pnesth
1187 2249 1330 2314 sunt,
1376 2241 1519 2314 iique
1549 2240 1823 2314 ΡιτεεὶείινὶΔ
1855 2251 2149 2314 acveteres
2176 2245 2435 2314 quinque,
2465 2248 2517 2300 in
2545 2240 2739 2314 quibus
2769 2249 2937 2302 nostri
2966 2250 3138 2304 sancti
3173 2250 3387 2304 Maximi

127 2308 313 2366 nomen
341 2316 595 2381 scriptum
625 2313 905 2381 videmus:
941 2308 1321 2381 Sangallensis.
1359 2318 1412 2363 et
1453 2308 1520 2362 90
1545 2308 1755 2381 S_a‘ncta:
1785 2308 1971 2365 Crucis
2007 2312 2059 2364 in
2089 2308 2384 2369 Jerusalem
2415 2308 2637 2372 homilia
2676 2317 2767 2381 56,
2792 2327 2846 2371 et
2873 2318 2940 2372 99
2970 2318 3182 2373 Sancta:
3201 2318 3388 2374 Crucis

129 2384 179 2435 in
224 2378 507 2435 Jerusalem
558 2383 780 2436 homilia
823 2380 920 2444 59,
950 2390 1005 2433 et
1031 2380 1422 2434 Laurentianus
1449 2396 1514 2442 χ,
1565 2378 1704 2431 Plut.
1751 2396 1861 2443 xxv,
1899 2395 2020 2448 pag.
2054 2382 2159 2435 298
2193 2401 2205 2435 :
2240 2384 2375 2438 Item
2405 2387 2468 2440 de
2506 2404 2657 2440 cruce
2684 2378 2836 2441 et'de
2877 2391 3254 2444 resurrectione
3282 2389 3391 2444 Da-

129 2454 367 2529 miniaet
406 2451 760 2529 Iaurinensis
783 2469 796 2502 :
833 2450 966 2529 Item
988 2462 1043 2529 et
1071 2451 1134 2503 de
1163 2450 1385 2529 eadem}
1404 2465 1553 2528 cruce
1577 2448 1616 2529 ).,
1643 2451 2006 2529 etsepultura.
2029 2451 2258 2529 Domini.
2308 2455 2528 2529 Accedit
2574 2472 2780 2529 summa
2811 2457 3079 2529 editorum
3105 2460 3392 2515 consensio

127 2521 379 2597 gymnici,
411 2522 688 2597 Galesinii,
722 2521 959 2597 Cutitdii,
988 2518 1623 2597 Raynaudi,_Marga_ri_ni.
1657 2518 1765 2597 Sed
1788 2518 1832 2571 is
1859 2523 2219 2597 a'czeteris_de
2252 2526 2544 2597 epigraphe
2571 2527 2810 2581 dissidet.
2844 2528 2974 2581 Nam
3007 2529 3147 2597 apud
3178 2529 3300 2582 illos
3327 2541 3391 2583 e'a

131 2587 204 2663 sic
233 2592 381 2663 habet
406 2610 418 2642 :
439 2591 524 2663 _De
553 2608 702 2642 cruce
739 2601 787 2642 et
814 2587 1321 2663 _passione'Domir_ii.
1355 2587 1511 2663 Apud
1541 2587 1898 2663 Margarinum
1918 2605 2048 2663 vero
2078 2610 2089 2643 :
2124 2587 2369 2647 Mamilia
2413 2587 2476 2649 ΙἸ
2511 2597 2574 2652 de
2596 2613 2745 2650 cruce
2781 2607 2830 2650 et
2860 2587 3128 2663 sepultura
3157 2597 3391 2652 Domini.

132 2658 351 2713 Monitos
388 2660 454 2732 ad
483 2670 782 2714 extremum
812 2660 1044 2732 lectores
1071 2660 1215 2732 volo,
1263 2659 1312 2710 in
1343 2658 1580 2710 editione
1620 2667 1805 2732 nostra
1851 2660 2126 2715 homiliam
2156 2665 2402 2718 eamdem
2438 2667 2492 2720 in
2521 2667 2636 2721 hinc
2663 2668 2827 2721 verba
2858 2658 3106 2723 (lesinere
3138 2687 3152 2721 :
3179 2668 3392 2732 Omnes,

132 2745 255 2806 συ]ἒὲ
272 2730 515 2806 νειὶρεδαι
543 2740 805 2806 ηδονιιμρες,
827 2731 1128 2806 θωπίηξιυίι
1152 2745 1168 2793 ;
1200 2737 1486 2806 Ρΐοβῐθτεξὶ
1507 2725 1654 2806 ψιοᾴ
1676 2735 1890 2791 alitem.
1921 2745 2040 2806 {tum
2069 2733 2122 2787 in
2156 2735 2524 2804 superioribus
2552 2736 2881 2793 editionibus
2917 2739 3168 2806 leguntur
3196 2739 3264 2793 ad
3293 2725 3393 2792 ho;

133 2799 320 2853 miliam
350 2799 425 2853 De
446 2815 660 2868 corpore
683 2796 871 2852 Christi
898 2799 1222 2866 pertineant,
1257 2805 1314 2851 ut
1339 2813 1438 2851 suo
1461 2797 1582 2850 loco
1608 2796 2082 2856 demonstrabitur.

138 2890 508 2969 Asculanus.
540 2924 615 2969 —_
647 2891 867 2969 Rursum
915 2891 1120 2943 disserit
1162 2891 1224 2943 de
1255 2891 1499 2969 salutaris
1536 2889 1701 2969 crucis
1736 2908 1778 2967 Β
1808 2891 1976 2959 ﬁgura
2007 2897 2150 2949 enim
2198 2899 2518 2952 sacramenti
2557 2899 2799 2968 quaedam
2850 2908 2933 2954 est
2958 2899 3133 2955 velum
3176 2915 3394 2969 suspen-

198 2963 356 3028 signo,
412 2979 511 3032 quo
563 2964 639 3014 ait
691 2962 860 3014 scindi
892 2977 1064 3032 mare,
1127 2971 1320 3014 terram
1359 2960 1478 3022 coli,
1521 2958 1701 3012 caelum

201 3034 317 3100 rcyi,
347 3031 578 3086 homines
612 3031 925 3084 conservari.

201 3183 428 3239 Diximus
460 3186 710 3238 hesterna
757 3183 845 3237 die
887 3184 1028 3252 quod
1075 3199 1204 3238 crux
1235 3183 1446 3237 Domini
1478 3185 1706 3238 salutem

135 3276 306 3339 generi
334 3276 626 3330 c0ntuleril.
646 3276 910 3336 humano;
943 3285 998 3328 et
1015 3291 1195 3328 vennn
1219 3285 1319 3330 est.
1355 3276 1542 3330 Passio
1564 3279 1707 3330 enim

138 3365 270 3419 illius
291 3376 466 3421 nostra
499 3367 799 3434 redemptio
821 3375 922 3432 est,
948 3382 1094 3420 mors
1114 3367 1228 3433 ejus
1252 3369 1359 3420 vita
1392 3376 1574 3422 nostra
1594 3377 1705 3436 est;

135 3451 249 3508 ideo
277 3465 450 3510 autem
491 3457 633 3508 mala
677 3457 788 3509 hmc
814 3465 1005 3510 cuncta
1049 3458 1322 3518 sustinuit,
1346 3466 1404 3512 ut
1445 3474 1542 3513 nos
1570 3461 1708 3514 bona

136 3547 304 3599 omnia
329 3548 678 3610 sentiremus;
725 3546 846 3599 ideo
873 3546 1248 3600 crudelitatem
1295 3548 1346 3600 in
1385 3563 1442 3601 se
1465 3551 1709 3603 exerceri

139 3635 344 3702 maluit,
387 3645 444 3689 ut
490 3635 646 3689 nobis
685 3635 1113 3690 misericordiam
1166 3637 1480 3704 largiretur,
1535 3639 1710 3694 bonus

141 3722 252 3778 ideo
279 3727 328 3779 in
358 3741 456 3779 nos
495 3727 567 3779 ita
612 3741 733 3779 esse
765 3726 951 3789 voluit,
995 3735 1054 3780 ut
1081 3735 1207 3780 ante
1250 3728 1301 3780 in
1343 3743 1402 3782 se
1440 3737 1583 3783 esset
1611 3730 1710 3783 im-

140 3813 312 3869 initis:
351 3813 602 3868 auferens
642 3816 785 3869 enim
822 3830 919 3884 per
960 3828 1173 3870 crucem
1225 3817 1449 3871 humani
1495 3821 1710 3888 generis

140 3899 363 3970 injurias,
390 3919 583 3959 omnes
626 3919 718 3958 eas
748 3905 800 3957 in
843 3920 936 3958 sua
968 3906 1220 3973 passione
1262 3910 1619 3978 consumpsit,
1653 3919 1711 3964 ut

143 3991 349 4048 ulterius
379 4011 484 4049 non
534 4003 680 4049 esset
714 3995 742 4031 ά
790 3995 996 4048 homini
1040 3996 1186 4063 quod
1227 4007 1468 4053 noceret.
1497 3999 1710 4056 Grande

141 4094 258 4150 ergo
285 4087 456 4141 crucis
480 4095 565 4140 est
583 4094 1012 4150 sacramentum;
1045 4095 1102 4142 et
1126 4089 1171 4142 si
1201 4091 1581 4158 intelligamus,
1613 4108 1711 4162 per

145 4168 234 4226 hoc
257 4174 461 4242 signum
489 4178 653 4232 etiam
685 4181 911 4235 mundus
943 4183 1054 4252 ipse
1083 4183 1322 4236 salvatur
1357 4198 1483 4236 nam
1513 4198 1636 4237 cum
1676 4198 1706 4236 a

1813 2996 1932 3041 sum
1961 2989 2014 3042 in
2044 2990 2256 3055 arbore,
2284 2992 2438 3060 quasi
2464 2992 2711 3046 Christus
2736 2993 2808 3046 sit
2835 2993 3099 3047 exaltatus
3129 2993 3181 3046 in
3203 3009 3394 3057 cruce;

1812 3087 1974 3146 atque
2004 3079 2124 3134 ideo
2157 3081 2481 3136 conﬁdentia
2520 3082 2588 3137 de
2629 3084 2891 3154 mysterio
2921 3085 3192 3152 veniente,
3226 3084 3398 3137 homi-

1813 3185 1911 3224 nes
1953 3180 2236 3225 ventorum
2285 3173 2548 3241 procellas
2597 3175 2905 3243 negligunt,
2949 3173 3399 3243 peregrinationis

1812 3271 1937 3316 vota
1989 3265 2306 3333 suscipiunt.
2355 3264 2510 3320 Sicut
2559 3274 2739 3320 autem
2793 3265 3031 3321 Ecclesia
3082 3267 3199 3321 sine
3239 3281 3400 3320 cruce

1819 3355 1975 3425 155
2003 3363 2146 3407 stare
2200 3370 2308 3408 non
2337 3363 2543 3423 potest;
2575 3355 2646 3408 ita
2675 3363 2739 3409 et
2758 3355 2874 3410 sine
2913 3357 3106 3410 arbore
3136 3355 3288 3410 navis
3317 3358 3394 3408 in-

1814 3442 1963 3495 ﬁrma
1995 3453 2104 3507 est;
2136 3445 2320 3498 statim
2345 3446 2487 3498 enim
2524 3445 2541 3481 ί
2573 3445 2821 3500 diabolus
2859 3446 3148 3516 inquietat,
3179 3455 3235 3501 et
3257 3447 3402 3500 illam

1815 3543 2010 3589 ventus
2039 3535 2244 3603 allidit;
2276 3545 2331 3590 at
2361 3537 2450 3591 ubi
2492 3537 2703 3606 signum
2741 3539 2916 3593 crucis
2945 3538 3186 3607 erigitur,
3219 3540 3401 3592 statim

1813 3634 1869 3681 et
1888 3626 2086 3682 diaboli
2119 3627 2371 3696 iniquitas
2407 3628 2708 3698 repellitur,
2752 3637 2807 3684 et
2833 3637 3118 3684 ventorum
3164 3631 3401 3700 procella

1810 3721 2043 3788 sopitur.
2084 3719 2193 3774 Sed
2219 3728 2274 3775 et
2301 3720 2477 3776 bonus
2504 3721 2742 3789 agricola
2770 3739 2893 3779 cum
2934 3731 3093 3793 parat
3131 3731 3291 3778 terra:
3319 3739 3402 3778 so-

1814 3809 1924 3862 lum
1955 3817 2188 3873 vertere,
2240 3817 2296 3863 et
2323 3811 2445 3865 vita:
2493 3811 2748 3866 alimenta
2787 3813 3134 3883 perquirere,
3185 3815 3403 3870 nonnisi

1813 3915 1912 3968 per
1938 3899 2148 3967 signum
2173 3899 2348 3954 crucis
2376 3899 2429 3954 id
2457 3899 2634 3956 facere
2670 3910 2927 3968 conatur;
2955 3902 3080 3957 dum
3109 3904 3251 3957 enim
3283 3920 3404 3958 ara-

1814 3996 1900 4043 tro
1928 3989 2146 4043 dentale
2173 3989 2408 4058 subjicit,
2437 3989 2605 4058 alligit
2645 4006 2825 4055 aures,
2857 3993 3050 4047 stivam
3100 3994 3306 4057 inserit,
3341 3993 3404 4044 ti-

1813 4093 2002 4147 guram
2031 4081 2208 4135 crucis
2238 4081 2506 4148 imitatur;
2550 4092 2576 4130 ε
2612 4079 2916 4152 campactio
2938 4084 3080 4138 enim
3108 4086 3221 4153 ipsa
3251 4085 3405 4139 simi-

1814 4171 1983 4226 litudo
2011 4172 2256 4239 qnzedam
2286 4180 2372 4228 est
2394 4173 2681 4229 dominica:
2708 4175 2991 4245 passionis.
3026 4177 3232 4232 Caelum
3262 4193 3404 4248 quo-

144 4265 304 4318 nautis
329 4267 592 4320 scinditur
630 4283 797 4335 mare,
826 4272 974 4339 prius
1003 4274 1070 4327 ab
1112 4274 1242 4342 ipsis
1269 4273 1429 4327 arbor
1482 4272 1707 4338 erigitur
1736 4269 1782 4331 C
1811 4279 1918 4335 que
1948 4266 2122 4334 ipsum
2159 4266 2319 4335 hujus
2361 4267 2497 4334 signi
2543 4268 2710 4335 ﬁgura
2760 4268 3077 4338 dispositum
3120 4280 3222 4324 est.
3269 4271 3404 4326 Nam

141 4350 297 4405 velum
319 4355 662 4424 distenditur,
696 4368 783 4422 ut,
815 4376 976 4414 cruce
1013 4360 1225 4415 Domini
1256 4361 1416 4426 facta,
1447 4377 1710 4430 aquarum

139 4438 317 4498 ﬂuenta
347 4458 695 4517 rumpantur;
738 4459 793 4504 et
839 4453 944 4507 hoc
985 4454 1258 4508 dominico
1290 4464 1313 4490 ο
1343 4454 1518 4508 securi
1550 4453 1703 4521 signo

140 4545 334 4601 portum
379 4541 571 4594 salutis
619 4549 826 4610 petunt,
871 4545 1166 4613 periculum
1208 4546 1400 4600 mortis
1427 4546 1704 4612 evadunt;

199 4655 221 4682 ⁸
244 4651 296 4705 In
326 4663 556 4724 utroque
582 4657 766 4711 codice
789 4657 845 4711 S.
875 4657 1067 4713 Crucis
1098 4659 1148 4712 in
1177 4658 1314 4726 Jer.,
1345 4667 1403 4714 et
1426 4660 1481 4714 in
1526 4659 1702 4715 Vatic.

137 4717 309 4775 desunt
336 4717 498 4779 verba
526 4743 665 4778 nunc
687 4727 840 4780 idem.

199 4791 220 4826 δ
241 4794 568 4848 Ο‹)(Ι.·νειὶο.
608 4795 765 4861 1270,
797 4798 1094 4851 collidatur.

199 4869 220 4941 ξ
243 4861 667 4941 ροιξιικξοᾸὶι-ρςε-
682 4867 742 4941 _in
760 4866 894 4941 lem,
909 4877 964 4921 et
995 4868 1178 4941 Laur.,
1195 4877 1243 4922 et
1258 4887 1324 4923 ex
1350 4870 1515 4938 ipsius
1540 4871 1703 4941 ligno.

195 4927 217 4964 ⁸
243 4933 375 4986 Cod.
412 4934 532 4987 Vat.
565 4933 699 4987 655i
757 4927 1016 4990 hominem
1044 4927 1179 4995 σιλοᾶ
1201 4927 1426 4996 noceret.

163 5111 173 5122 .
200 5046 212 5075 ⁸
240 5045 550 5125 Sirenarum
584 5050 760 5125 tabula
791 5067 921 5125 usus
947 5059 1030 5125 est
1073 5054 1366 5125 Maximus,
1410 5060 1468 5125 ut
1499 5062 1702 5125 myste-

137 5119 256 5168 rium
277 5119 450 5172 crucis
480 5119 815 5187 explanaret.
849 5119 1098 5186 Ejusdem
1131 5123 1424 5176 Homerum
1456 5119 1702 5177 invento-

140 5196 234 5262 rem
263 5187 418 5262 fuisse
445 5203 607 5262 nemo
630 5190 822 5253 nescit,
855 5192 946 5262 qui
996 5192 1095 5246 hac
1139 5194 1399 5261 prmclara
1446 5194 1697 5261 imagine,

142 5246 318 5330 l'lyssis
345 5257 733 5330 prudentiam,
762 5246 1437 5330 sagacitatem-animique
1489 5246 1703 5316 ﬁrumita:

142 5326 304 5400 tem’in
334 5327 617 5400 eludendis
647 5327 1167 5400 oblectamentorum
1207 5326 1495 5393 illecebris,
1530 5341 1584 5386 et
1613 5347 1702 5400 pe-

142 5396 294 5471 ﬁculis
321 5396 549 5471 miriﬁce
579 5399 1002 5471 commendavit.
1020 5400 1077 5454 In
1098 5401 1419 5471 duodecimo
1443 5400 1522 5453 Od
1531 5396 1698 5471 yss'ea:

144 5455 255 5514 libro
281 5467 470 5538 legitur
490 5483 526 5538 _a
554 5483 698 5520 vers.
730 5467 798 5538 θ]
835 5469 901 5521 ad
946 5468 1032 5536 δι,
1061 5478 1118 5524 et
1149 5455 1590 5538 inl'racopiosius
1630 5472 1697 5524 ad

145 5540 259 5585 τρι-ε.
308 5536 425 5587 177.
478 5535 682 5589 Omnes
735 5536 955 5593 Homeri
1006 5535 1465 5594 commentatores
1513 5541 1580 5594 de
1634 5557 1696 5594 ea

143 5609 299 5668 agunt,
329 5615 382 5659 et
409 5621 473 5657 ex
502 5605 712 5660 Latinis
739 5610 1049 5664 auctoribus
1077 5609 1342 5664 Diodorus
1366 5610 1579 5664 Siculus
1603 5611 1694 5666 lib.

146 5682 204 5745 ψ.
234 5672 365 5745 Virg.
395 5673 617 5729 /Encid.
645 5676 737 5728 lib.
765 5691 854 5739 vn,
885 5676 1036 5732 Ovid.
1070 5679 1286 5733 Metam.
1313 5681 1404 5733 lib.
1430 5695 1536 5741 xw,
1558 5680 1696 5733 Boe-

145 5743 302 5797 Uusde
327 5746 530 5802 Consul.
565 5747 660 5800 lib.
694 5762 767 5811 tv,
801 5757 956 5802 metr.
991 5750 1041 5814 3,
1088 5760 1141 5806 ct
1171 5750 1226 5805 S.
1278 5753 1605 5817 Augustinus
1634 5752 1698 5806 de

1817 4371 1939 4410 cum
1968 4363 2201 4426 quatuor
2231 4358 2491 4427 partibus,
2516 4359 2622 4412 hoc
2643 4367 2726 4412 est
2752 4360 2986 4423 oriente,
3019 4368 3074 4414 et
3101 4361 3405 4427 occidente,

1815 4464 1880 4504 ac
1910 4449 2230 4514 meridiano,
2262 4453 2317 4504 et
2344 4451 2717 4518 septentrione
2763 4451 3128 4518 distinguitur,
3171 4463 3407 4523 quatuor

1814 4542 1970 4612 quasi
1998 4543 2175 4598 crucis
2201 4542 2410 4610 angulis
2436 4539 2459 4578 δ
2487 4544 2814 4598 continetur.
2850 4543 3021 4615 Ipsius
3051 4546 3196 4600 enim
3233 4547 3406 4602 inces-

1891 4670 1913 4734 ξ
1946 4659 2186 4734 l_lte_rq_ue
2214 4656 2382 4711 codex
2400 4657 2468 4734 _S.
2501 4655 2689 4734 Crucis
2719 4659 2770 4734 in
2797 4657 3016 4734 Jer.,‘e_t
3039 4662 3208 4734 securi
3231 4664 3406 4734 signa.

1893 4730 1911 4768 τ
1943 4729 2078 4784 Cod.
2109 4729 2257 4787 Vat.,
2287 4729 2464 4780 statim
2495 4729 2634 4780 enim
2655 4740 2702 4780 et
2733 4729 2867 4782 hanc
2899 4729 3156 4783 diabolus.

1885 4809 1908 4846 κ
1937 4798 2070 4852 Cod.
2122 4797 2191 4849 90
2238 4796 2295 4850 S.
2346 4796 2533 4852 Crucis
2572 4798 2625 4852 in
2654 4796 2790 4862 Jer.,
2842 4801 3167 4866 compositio,
3200 4810 3256 4856 et
3281 4805 3409 4861 cod.

1810 4870 1932 4924 Vat.
1965 4867 2122 4931 i270,
2147 4867 2486 4933 comparatio.

1882 4939 1908 4976 δ
1939 4936 2072 4992 Cod.
2107 4937 2250 5001 Vat.,
2281 4937 2591 4992 continetur.
2641 4937 2814 5007 Ipsius
2838 4940 2976 4993 enim
3006 4943 3258 5009 incessus,
3299 4951 3410 5000 etc.

1812 5053 1960 5107 Cirit.
1997 5051 2120 5113 Dei,
2165 5049 2257 5105 lib.
2289 5066 2584 5119 xvm,.cap.
2630 5051 2718 5104 i7.
2763 5050 2997 5106 Sanctus
3033 5051 3318 5116 Maximus,
3351 5067 3408 5109 ut

1807 5123 2124 5192 mysterium
2149 5123 2323 5176 crucis
2353 5121 2907 5192 declararet,Ulyssis
2949 5123 3289 5190 ingeniosum
3321 5128 3406 5179 in-

1808 5191 2028 5245 ventum
2053 5193 2352 5260 preposuit.
2388 5191 2518 5260 Nam
2551 5191 2595 5243 is
2624 5191 2803 5244 arbori
2833 5191 3104 5258 alligatus,
3139 5196 3410 5250 obturatis

1808 5259 2079 5316 sociorum
2111 5259 2350 5324 auribus,
2383 5259 2696 5314 Sirenarum
2749 5261 2968 5316 insidias
2997 5263 3186 5325 evasit,
3234 5274 3288 5316 et
3318 5267 3405 5329 in-

1806 5332 2034 5396 columis
2061 5347 2168 5400 quo
2192 5331 2446 5383 tendebat
2464 5332 2744 5398 pervenit;
2767 5329 3014 5385 Christus
3043 5333 3185 5386 cruci
3211 5331 3407 5390 afﬁxus

1809 5401 2057 5454 absoluto
2088 5400 2476 5467 redemptionis
2514 5414 2700 5467 opere,
2735 5400 3033 5455 diabohcas
3078 5402 3208 5454 vicit
3257 5403 3406 5457 frau-

1806 5471 1920 5531 des,
1955 5480 2007 5522 et
2027 5471 2256 5523 salutem
2289 5469 2536 5523 omnibus
2565 5470 2765 5526 attulit.
2821 5468 2865 5522 A
2905 5470 3081 5524 fabula
3122 5479 3301 5525 autem
3334 5474 3404 5526 ad

1807 5540 2099 5608 Scriptum
2126 5541 2408 5592 veritatem
2443 5541 2636 5592 transit
2675 5538 2939 5595 Maximus
2962 5582 2976 5602 ,
3011 5549 3069 5593 ut
3097 5541 3235 5593 sacri
3267 5544 3403 5595 scri-

1804 5612 1976 5680 ptoris
2005 5612 2375 5664 characterem
2408 5620 2623 5680 servet,
2657 5617 2823 5676 atque
2871 5611 3184 5680 mysterium
3224 5613 3404 5674 crucis

1809 5679 1861 5734 in
1891 5689 2138 5749 serpente
2166 5681 2543 5750 przesignatum
2568 5679 2816 5734 illustrat.
