3924 6232
544 346 652 403 345

1556 354 1613 409 S.
1655 353 1900 409 MAXIM]
1940 353 2245 411 EPISCOPl
2284 351 2747 408 TAURINENSIS

3720 353 3843 409 3H

540 472 634 513 sus
662 456 916 524 hominis,
966 474 1088 515 cum
1132 474 1323 515 manus
1364 460 1625 515 levaverit
1671 478 1886 517 crucem
1921 464 2123 532 pingit,
2158 472 2197 528 Α
2232 479 2354 516 suas
2383 462 2613 532 Moyses,
2644 460 2876 516 vincebat
2900 460 3086 526 Israel,
3122 472 3146 499 ⁸
3171 480 3283 516 cum
3305 473 3473 517 autem
3498 466 3843 534 deposuisset

540 557 705 618 atque
728 548 851 603 ideo
878 550 1034 619 156
1054 550 1280 604 elevatis
1307 551 1553 605 manibus
1574 567 1731 606 orare
1760 554 2119 623 prtccipimur,

538 648 600 694 ut
637 640 754 710 ipso
796 654 1013 709 quoque
1054 640 1419 696 membrorum
1468 651 1621 710 gestu
1668 644 1973 713 passionem
2022 645 2124 699 Do-

535 728 669 782 mini
714 726 1007 793 fateamur;
1050 736 1183 785 tunc
1216 729 1361 783 enim
1406 730 1565 785 citius
1607 741 1792 785 nostra
1833 731 2119 785 exauditur

533 820 731 882 oratio,
775 833 898 873 cum
945 817 1239 884 Christum,
1286 834 1447 888 quem
1486 834 1637 874 mens
1665 821 1919 890 loquitur,
1952 822 2115 875 etiam

530 926 729 980 corpus
757 910 1013 965 imitatur.
1040 909 1154 965 lloc
1171 910 1334 974 etiam
1362 912 1609 980 exemplo
1635 911 1848 982 Moyses
1876 922 2113 977 sanctus,

528 1016 651 1056 cum
682 1010 871 1057 contra
920 1002 1179 1056 Amalech
1220 1001 1420 1055 bellum
1468 1012 1703 1070 gereret,
1757 1019 1866 1057 non
1914 1005 2113 1069 armis,

527 1108 639 1147 non
669 1092 833 1155 ferro,
863 1092 957 1149 sed
978 1094 1202 1148 elevatis
1231 1107 1351 1147 eum
1382 1092 1451 1146 ad
1478 1091 1649 1146 Deum
1677 1094 1923 1149 manibus
1950 1110 2114 1164 supe-

526 1185 701 1249 ravit;
726 1186 805 1240 sic
832 1185 974 1239 enim
996 1183 1161 1238 habes
1183 1183 1440 1251 scriptum
1473 1200 1484 1233 :
1514 1181 1639 1235 Cum
1661 1183 1907 1236 elevasset
1928 1200 2115 1237 manus

2233 570 2418 607 manus
2438 568 2579 616 suas,
2612 551 2998 606 convalescebat
3026 552 3269 606 Amalech
3293 552 3491 622 (Exod.
3520 554 3667 619 xm).
3702 554 3839 608 ιιυο

2228 643 2391 710 igitur
2417 642 2687 697 dominico
2714 643 2870 709 signo
2910 642 3173 697 scinditur
3199 658 3364 707 mare,
3396 652 3541 697 terra
3594 645 3832 708 colitur,

2227 733 2419 788 cwlum
2449 732 2676 801 regitur,
2707 732 2955 787 homines
2973 741 3381 788 conservantur.
3409 732 3545 799 Hoc,
3573 734 3829 803 inquam,

2224 823 2498 879 dominico
2528 825 2683 891 signo
2723 823 2887 877 etiam
2938 832 3249 877 reserantur
3290 823 3528 888 inlex-na;
3580 840 3699 876 nam
3750 838 3829 876 ex

2226 930 2336 984 quo
2366 915 2529 969 homo
2562 914 2820 968 Dominus
2848 911 3025 978 Jesus,
3057 914 3148 982 qui
3187 899 3604 982 ipsam'crucem
3633 922 3828 981 gesta-

2218 1003 2332 1068 bat,
2386 1004 2625 1073 sepultus
2678 1004 2730 1057 in
2781 1014 2925 1057 terra
2974 1012 3086 1068 est;
3134 1004 3301 1058 veluti
3349 1003 3567 1072 dirupta
3618 1004 3684 1057 ab
3748 1018 3827 1056 eo

2220 1092 2247 1131 ι’
2292 1102 2515 1147 exarata
2566 1103 2729 1158 terra,
2779 1108 2968 1148 omnes
2994 1134 3011 1157 ,
3052 1107 3189 1161 quos
3230 1093 3499 1147 retinebat
3538 1101 3826 1153 mortuos,

2218 1184 2537 1252 germinavit
2570 1184 2607 1236 '.

1921 1274 2264 1335 HOMILIA
2309 1275 2409 1335 LI.

1849 1370 1927 1424 De
1952 1384 2133 1427 sancto
2162 1372 2367 1429 latrone
2394 1373 2444 1426 1.

1962 1464 2350 1520 ADMONITIO.

594 1563 785 1631 Magna
812 1568 895 1616 est
919 1560 1244 1631 scriptorum
1268 1561 1336 1615 de
1364 1570 1606 1631 auctore,
1637 1560 1704 1614 de
1734 1560 1910 1631 titulo,
1961 1560 2309 1631 dequeginitio
2330 1560 2561 1631 hujusce
2603 1560 2838 1631 humilia:
2863 1560 3148 1631 dissensio.
3174 1559 3275 1631 Qui
3307 1558 3360 1613 in
3390 1556 3617 1631 codices
3629 1558 3820 1631 Valli-

524 1627 787 1689 cellarium
830 1648 891 1697 ιι,
938 1637 1003 1699 et
1029 1627 1347 1699 Vaticanum
1402 1627 1542 1699 6452
1582 1644 1719 1699 eam
1750 1630 1980 1699 intulere
2030 1627 2373 1698 calligraphi,
2410 1627 2606 1685 sancto
2642 1629 2808 1684 Leoni
2865 1629 3059 1699 Magno
3099 1629 3506 1699 adjudieandam
3535 1628 3822 1683 existima-

523 1710 669 1757 runt.
700 1699 803 1755 Sed
838 1697 941 1754 hos
962 1698 1232 1753 Ballerinii
1272 1698 1466 1753 fratres
1506 1698 1561 1751 in
1589 1697 1788 1767 celebri
1817 1698 2055 1753 editione
2085 1697 2312 1767 operum
2340 1699 2456 1767 ejus
2492 1698 2663 1767 sancti
2688 1697 3137 1767 pontillcis'nihili
3167 1697 3461 1751 iaciendos
3491 1712 3610 1751 esse
3639 1706 3819 1767 puta-

519 1779 668 1825 runt.
701 1769 757 1822 ln
781 1768 965 1824 codice
990 1767 1251 1823 Vaticano
1292 1766 1539 1821 Palatino
1582 1765 1715 1819 4951
1750 1768 2020 1821 omittitur
2061 1765 2301 1823 auctoris
2335 1765 2554 1821 nomen.
2594 1765 2727 1820 Eam
2770 1768 2823 1821 in
2859 1770 3245 1823 Ambrosianos
3273 1781 3551 1820 sermones
3571 1765 3820 1834 coiijecit

519 1840 781 1906 Gillotitts‘
796 1838 973 1893 editor
992 1834 1311 1906 Parisieusis
1337 1852 1465 1906 opp.
1500 1837 1998 1906 Ambrosianorum,
2031 1850 2190 1905 quem
2219 1838 2390 1890 secuti
2414 1846 2539 1891 sunt
2566 1844 2846 1892 curatores
2884 1835 3139 1891 Romamn
3166 1836 3301 1906 Si_x_ti
3332 1836 3603 1890 editionis.
3634 1836 3818 1890 Nobis

518 1919 701 1964 autem
727 1895 975 1971 esu-esse
997 1905 1230 1960 Maximo
1258 1895 1627 1961 asserendam.
1660 1904 1771 1959 Cur
1799 1895 2089 1960 autem'si'c
2115 1912 2414 1960 statuamus
2442 1921 2619 1961 causa:
2647 1914 2771 1959 sunt
2817 1920 2948 1960 sane
2993 1906 3193 1960 multm.
3226 1904 3359 1957 Nam
3396 1912 3452 1958 et
3481 1919 3652 1958 nexus
3679 1921 3817 1959 cum

516 1978 741 2033 bomilia
769 1975 1047 2046 superiore
1091 1976 1244 2046 satis,
1284 1984 1341 2031 et
1386 1976 1557 2046 stylus
1586 1976 1680 2045 qui
1727 1976 1888 2044 plane
1915 1974 2281 2046 ‘Maximianus
2308 1983 2420 2046 est,
2442 1983 2498 2029 et
2543 1974 3148 2046 ratio‘adducendorum
3178 1975 3418 2046 locorum
3455 1988 3623 2046 sacra:
3653 1973 3818 2046 Scri—

563 2057 694 2103 turze
723 2041 849 2115 qua!
870 2052 1019 2115 certe
1043 2052 1126 2099 est
1155 2041 1387 2100 Maximo
1413 2041 1803 2115 peculiaris—et
1830 2043 2048 2115 codices
2073 2058 2204 2100 mss.
2233 2044 2571 2115 insigniores,
2605 2050 2663 2097 ut
2686 2042 3072 2115 Sangallensis,
3102 2052 3160 2115 ut
3186 2042 3254 2115 9_9
3282 2043 3501 2095 Sancta:
3523 2041 3723 2115 Crucis
3756 2045 3817 2097 in

563 2064 694 2103 tunc
723 2064 842 2115 qum
870 2064 1019 2101 certe
1043 2064 1126 2099 CSI
1155 2064 1387 2100 Μειχιῐιιο
1413 2064 1722 2115 ρεειιιιθτιδ,
1747 2064 1803 2099 ει
1830 2064 2045 2109 0001098
2073 2064 2204 2100 11155.
2233 2064 2571 2112 ιηδιδηιοτεδ,
2605 2064 2663 2097 ιιι
2687 2064 3072 2111 aangauensrs,
3102 2064 3160 2098 ιιι
3186 2064 3254 2095 vv
3283 2064 3501 2095 δωιειω
3529 2064 3723 2097 υΐυειῧ
3756 2064 3817 2097 111

517 2064 848 2183 ςετιιςειιωη,
871 2123 929 2169 ut
958 2114 1325 2179 Tauriuensis;
1376 2123 1437 2168 ut
1484 2113 1878 2169 Laurentianus
1906 2131 1960 2179 x,
1993 2112 2329 2183 Plutuxw,
2356 2114 2425 2183 in,
2451 2128 2573 2168 eam
2621 2128 2722 2168 nos
2766 2114 3088 2183 sententiam
3108 2182 3117 2183 ί
3137 2111 3488 2183 induxerunt;
3521 2112 3575 2165 in
3603 2126 3713 2180 qua
3740 2128 3817 2183 eo

515 2202 705 2241 sumus
733 2181 991 2254 majorem
1008 2184 1071 2254 in
1100 2185 1319 2240 modum
1348 2183 1671 2254 conﬁrmati.
1702 2198 1810 2251 quo
1854 2182 2107 2239 monachi
2152 2181 2492 2254 Benedictini
2521 2190 2832 2254 congregat.
2871 2182 3055 2254 sancti
3103 2182 3296 2254 Mauri,
3342 2195 3464 2235 eam
3510 2195 3633 2235 esse
3652 2182 3816 2254 apud

515 2250 1115 2310 Maximum'vidcndam
1143 2262 1400 2308 moneant
1418 2253 1474 2307 in
1506 2268 1602 2307 sua
1643 2250 1952 2308 sermonum
1991 2252 2166 2307 sancti
2206 2252 2477 2307 Ambrosii
2528 2252 2868 2307 collectione.
2902 2250 3138 2306 Maximo
3182 2252 3311 2305 item
3359 2265 3483 2304 eam
3523 2250 3816 2307 ascribunt

515 2324 829 2396 Gymnicus,
857 2323 1179 2396 G‘alesinius,
1211 2322 1842 2396 cumdius,_ltaynaudu_s
1869 2330 1925 2378 et
1950 2321 2312 2396 margarinus.
2337 2322 2415 2377 Ac
2434 2322 2503 2376 de
2531 2329 2753 2396 auctore
2791 2321 3008 2396 quidem
3039 2320 3208 2396 hujus
3246 2320 3481 2396 homiliie
3511 2320 3811 2396 hacte_nus.

514 2386 667 2450 Nunc
695 2395 763 2449 de
794 2386 968 2447 titulo.
998 2391 1049 2446 Is
1078 2392 1131 2446 in
1166 2386 1445 2447 codicibus
1472 2386 1848 2460 'Sau'gallensi,
1890 2400 1947 2447 et
1997 2386 2335 2460 Taurinensi,
2386 2398 2442 2445 et
2483 2389 2623 2460 apud
2650 2386 2989 2460 Gymriicum,
3029 2388 3385 2460 Galesinityn,
3422 2388 3809 2460 Rayuaudum,

514 2464 818 2534 Cinndium,
850 2461 1210 2534 ilarggrinum
1230 2469 1310 2516 est
1345 2478 1359 2513 :
1396 2462 1473 2534 ρο
1502 2456 1932 2534 sanctojatrone.
1962 2460 2020 2515 In
2049 2456 2473 2534 Laurentiano“;
2508 2456 2627 2534 z'D_e
2659 2456 2845 2534 sancta
2893 2460 3155 2534 passione.
3200 2458 3258 2534 in
3286 2456 3811 2534 Sauctzn'Crueiiin

512 2531 814 2588 Jerhsalem
843 2529 913 2584 99
946 2526 1064 2584 {De
1098 2531 1180 2584 die
1198 2539 1379 2584 sancto
1408 2529 1649 2586 Pascitur.
1688 2529 1743 2585 ln
1770 2530 2029 2585 Vaticano
2059 2529 2305 2585 Palatino
2328 2528 2460 2583 4951
2513 2546 2526 2582 :
2572 2528 2651 2582 De
2678 2529 2785 2597 ﬁde
2825 2526 2995 2583 sancti
3022 2528 3260 2593 latronis,
3291 2529 3378 2590 qui
3421 2529 3478 2581 in
3509 2544 3664 2597 cruce
3694 2526 3811 2581 Do—

512 2605 710 2656 minum
736 2604 1000 2671 confessus
1026 2608 1122 2653 est.
1162 2599 1272 2671 Nos
1299 2599 1674 2671 pervulgatum
1703 2598 2110 2671 adsciscendnm
2123 2599 2295 2671 uobis
2314 2599 2639 2671 putarimus,
2669 2596 2849 2671 quiut
2876 2598 3370 2671 animadvertimus,
3403 2606 3487 2652 est
3520 2596 3603 2671 De
3620 2607 3815 2671 sancto

514 2673 741 2726 latrone.
772 2665 960 2724 Restat
988 2668 1139 2725 locus
1162 2668 1229 2725 de
1251 2665 1691 2733 humilite'initio.
1720 2670 1777 2724 In
1818 2670 2096 2725 codicibus
2123 2665 2387 2723 Vaticano
2416 2666 2558 2722 6452
2592 2676 2649 2721 et
2676 2665 3029 2723 Valliceliano
3057 2683 3092 2721 ιι
3140 2674 3225 2723 est
3252 2665 3562 2732 huiusmodi
3598 2684 3610 2719 :
3648 2668 3814 2719 Audit

510 2742 568 2794 in
592 2740 833 2810 prwsenti
861 2740 1069 2794 dilectio
1096 2746 1285 2811 vestra,
1323 2740 1535 2811 fratres,
1563 2738 1687 2810 quid
1722 2740 1813 2811 sit,
1841 2739 1975 2811 quod
2002 2738 2100 2811 iste
2127 2736 2262 2811 latro
2289 2739 2342 2791 in
2383 2753 2532 2791 cruce
2576 2736 2793 2811 Domini
2820 2739 3107 2811 constituto
3143 2752 3247 2791 non
3268 2736 3434 2789 solum
3474 2747 3813 2811 peccatorum

509 2804 722 2879 suorum
742 2812 939 2879 veniant
967 2804 1425 2879 consequitu_r{sed
1450 2804 1607 2879 etiam
1642 2804 1875 2879 paradisi
1902 2810 2190 2863 atnaznitate
2210 2808 2456 2879 donumr,
2487 2805 2679 2879 ete._lu
2711 2807 2950 2861 editione
2974 2806 3181 2879 Sixtina
3210 2820 3436 2879 operum
3465 2804 3642 2879 sancti
3672 2804 3812 2858 Am-

509 2878 676 2932 brosii
711 2897 723 2931 :
760 2877 1018 2949 Quoniam
1045 2875 1202 2933 hodie
1228 2876 1501 2949 Evangelii
1530 2875 1680 2933 lectio
1710 2879 1773 2932 de
1795 2880 1997 2949 latrone
2023 2879 2146 2949 fecit
2164 2878 2497 2949 mentionem,
2529 2876 2813 2949 rideamus,
2845 2883 2950 2930 etc.
2976 2875 3241 2949 _Neutram
3270 2875 3462 2949 harum
3504 2875 3813 2928 lectioaum

508 2949 679 3003 secuti
709 2964 911 3004 sumus.
958 2946 1091 3003 Eam
1145 2942 1491 3019 probavir'uus
1536 2962 1655 3018 qua:
1694 2956 1750 3003 et
1796 2942 2178 3016 insignio'ribus
2216 2945 2491 3001 codicibus
2522 2946 2851 3011 continetur,
2882 2952 2940 2999 et
2970 2942 3179 2999 ﬁrmata
3226 2952 3313 2998 est
3351 2944 3625 2999 editorum
3671 2958 3811 2997 eon-

508 3019 785 3073 sensioue.

517 3107 913 3163 Aucuucuruu.
946 3138 1018 3149 —
1057 3105 1140 3159 De
1166 3108 1359 3172 causis,
1402 3106 1465 3161 ob
1497 3124 1627 3178 quas
1668 3109 1804 3164 latro
1832 3110 2104 3180 pmiitcnc,
2139 3113 2184 3173 Β
2215 3106 2363 3161 mino
2392 3105 2689 3161 constituto
2720 3120 2824 3160 non
2855 3106 3027 3160 solum
3071 3114 3414 3175 peccatorum
3455 3119 3679 3159 suorum
3708 3119 3808 3159 rev

578 3214 692 3250 cum
727 3195 933 3250 Christo
974 3196 1115 3249 cruci
1163 3197 1369 3266 amatus,
1415 3206 1521 3249 tam
1563 3198 1664 3251 cito
1690 3199 1991 3267 paradisum
2040 3197 2103 3250 ab

582 3288 763 3342 eodem
790 3296 1131 3357 promeretur.

578 3468 843 3544 Quoniam
875 3466 1132 3520 hesterno
1159 3464 1248 3519 die
1277 3464 1345 3519 de
1369 3463 1829 3543 latronefecimus
1858 3464 2097 3519 mentio-

506 3576 651 3623 nem,
683 3558 961 3612 videamus
985 3556 1105 3626 quis
1132 3555 1235 3609 iste
1265 3554 1405 3609 latro
1442 3554 1535 3619 sit,
1560 3555 1651 3623 qui
1680 3554 1735 3607 in
1773 3569 1933 3611 cruce
1978 3553 2092 3609 Do-

576 3708 599 3731 ⁸
631 3695 761 3750 Cod.
798 3694 922 3747 Vat.
973 3690 1131 3754 6451,
1172 3692 1254 3745 sin
1286 3700 1457 3745 auter:
1498 3692 1765 3760 paululum
1795 3694 2100 3759 remisisset,

508 3766 893 3821 convalescebat
924 3762 1189 3816 Amalech.

574 3972 589 4002 ¹
624 3969 721 4023 llic
742 3968 905 4023 habet
934 3967 1091 4039 linem
1108 3982 1293 4039 sermo
1320 3967 1372 4021 in
1392 3968 1513 4039 c_od.
1538 3967 1659 4021 Vat.
1684 3967 1841 4039 6151,
1872 3978 1929 4023 et
1947 3969 2093 4039 quod

501 4040 746 4109 sequitur
774 4047 986 4107 spectat
1008 4037 1073 4090 ad
1104 4038 1381 4091 bomiliam
1406 4036 1483 4090 De
1506 4054 1720 4107 corpore
1740 4036 1977 4092 Christi.‘

571 4118 592 4147 ι
628 4107 691 4161 1η
714 4124 862 4161 cruce
888 4110 1024 4160 enim
1047 4108 1242 4162 positus
1262 4105 1527 4159 Christum
1558 4107 1838 4161 Dominum
1860 4118 1977 4162 nost

571 4124 592 4147 ι
628 4124 691 4161 ιη
714 4124 862 4161 cruce
888 4124 1024 4160 enim
1046 4124 1242 4175 positus
1262 4124 1527 4159 ωιηειυηι
1558 4124 1838 4161 uonnnum
1860 4124 2095 4162 nostrum

502 4179 723 4234 credidit
751 4178 1074 4247 cruciﬁxum,
1100 4184 1148 4247 et
1175 4176 1292 4247 ideo
1314 4177 1400 4242 qui
1425 4178 1686 4247 consortio
1712 4178 1971 4245 passionis
2000 4180 2097 4231 uti-

500 4259 606 4313 tur,
656 4244 918 4301 consortio
964 4246 1198 4313 paradisi
1244 4246 1487 4300 donatur.
1522 4244 1588 4288 '—
1607 4244 1972 4302 Vindicandus
2009 4254 2094 4303 est

500 4318 767 4373 Maximus
804 4316 871 4369 ab
913 4314 1169 4383 injuriosa
1202 4316 1389 4370 critlce
1434 4315 1662 4383 Remigii
1706 4315 1970 4379 Cellierii,
2001 4317 2096 4383 qui

499 4398 633 4443 tom.
665 4385 781 4439 XIV
811 4385 1015 4443 Hister.
1048 4402 1186 4440 sacr.
1218 4385 1451 4439 homilia:
1476 4385 1637 4453 hujus
1658 4402 1921 4441 summam
1951 4385 2095 4442 refe-

500 4472 648 4522 rens,
693 4455 750 4510 S.
804 4456 1098 4510 antistitem
1128 4462 1372 4510 nostrum
1404 4455 1637 4510 traducit
1672 4457 1822 4523 quasi
1851 4456 2099 4512 docuerit

500 4527 764 4594 latronem
796 4526 847 4579 in
878 4541 1037 4594 cruce
1065 4525 1388 4594 pendentem
1417 4540 1447 4578 a
1477 4525 1591 4594 sola
1622 4524 1724 4580 (ide
1745 4526 2098 4594 justiticatum
2144 4588 2147 4589 ν

501 4588 685 4667 fuisse.
735 4596 851 4649 Alia
882 4588 1123 4667 profecto
1152 4610 1306 4667 mens
1352 4594 1452 4667 fuit
1492 4593 1707 4649 Maximi
1726 4588 1891 4661 [cum
1915 4598 2099 4667 plures

499 4665 690 4722 afferat
717 4663 927 4723 causas.
959 4664 1211 4735 quibusa
1240 4663 1456 4719 Christo
1483 4674 1829 4735 peccatorum
1858 4663 2091 4733 veniam,

498 4746 556 4793 et
590 4736 823 4807 paradisi
870 4733 1307 4807 gloriameatro
1356 4743 1439 4789 est
1482 4733 1839 4807 Consecutus:
1874 4736 2097 4807 Magna,

500 4803 692 4877 inquit,
719 4809 926 4877 fratres,
949 4813 997 4858 et
1018 4805 1287 4877 multiplex
1309 4820 1467 4877 causa
1489 4815 1583 4859 est.
1618 4803 1850 4861 Primam
1881 4803 2099 4877 adducit

504 4873 627 4931 tidei
656 4873 1037 4939 devotionem,
1068 4874 1120 4928 id
1149 4883 1231 4928 est
1259 4873 1557 4941 perfectum
1587 4877 1805 4941 mentis,
1838 4885 1892 4931 et
1917 4876 2099 4932 cordis

498 4960 800 5004 assensum.
825 4960 933 5013 quo
957 4944 1515 5016 cre.lebatChristum
1543 4960 1728 5016 secum
1759 4948 2096 5016 compatien-

500 5026 609 5072 tem
631 5016 799 5070 Deum
828 5029 948 5069 esse
986 5014 1056 5068 ab
1086 5015 1233 5069 omni
1263 5030 1486 5085 prorsus
1514 5015 1673 5085 culpa
1701 5014 2017 5081 immunem,
2042 5024 2099 5071 et

499 5086 565 5141 ad
589 5087 819 5141 salutem
855 5085 1273 5156 comparandam
1314 5085 1623 5156 hominibus
1654 5085 2010 5156 supplicium,
2043 5094 2099 5141 et

498 5164 731 5238 mortem
761 5171 859 5238 pro
878 5155 991 5237 illis
1020 5156 1200 5209 subire
1226 5155 1481 5211 voluisse.
1526 5155 1643 5211 Non
1674 5155 1741 5210 de
1770 5171 2097 5281 poenaéme-

498 5236 639 5281 sentt
660 5234 917 5281 uigilant
941 5226 1097 5281 latro.
1125 5225 1220 5280 sed
1247 5224 1315 5281 de
1344 5227 1582 5281 cavenda
1606 5224 1801 5280 futura.
1828 5226 1907 5280 Ad
1984 5226 2087 5279 hri-

490 5227 639 5283 'senti
660 5224 917 5293 cogitavit
941 5226 1097 5289 latro,
1125 5225 1220 5280 sed
1247 5224 1315 5281 de
1344 5227 1582 5281 cavenda
1606 5224 1801 5280 futura.
1828 5226 1907 5280 Ad
1938 5224 2087 5281 Chri-

499 5306 642 5353 stum
672 5311 821 5365 ergo,
850 5310 1157 5365 quanquam
1187 5295 1317 5349 illud
1339 5296 1527 5350 eodem
1558 5296 1819 5365 supplicio
1845 5295 2097 5351 allectum

499 5364 1104 5433 videret,suas’preces
1144 5380 1350 5433 suaque
1374 5366 1500 5419 vota
1549 5364 1846 5430 convertit,
1878 5375 1932 5421 et
1962 5381 2099 5435 prae-

501 5447 583 5494 ter
609 5436 766 5491 fidem
798 5437 852 5490 in
882 5437 1217 5504 majestatem
1276 5443 1706 5506 potestatemque
1733 5435 1869 5503 ejus,
1903 5450 2095 5503 magna

499 5524 599 5577 spe
645 5522 704 5561 se
748 5507 927 5561 eﬂ‘erri
975 5506 1211 5577 ostendit
1226 5504 1292 5577 _a
1322 5504 1538 5577 Christo
1579 5504 1693 5577 fore
1735 5506 2091 5560 salvandum:

502 5574 633 5631 Plus
657 5576 840 5645 incipit
870 5592 1020 5629 avere
1043 5616 1057 5639 ,
1091 5576 1165 5629 alt
1193 5574 1457 5645 Maximus
1482 5614 1495 5635 ,
1549 5575 1684 5644 quod
1713 5586 1914 5645 sperat,
1946 5588 2099 5645 quam

503 5648 696 5700 sentire
743 5644 877 5716 quod
919 5646 1133 5714 patitur.
1193 5644 1421 5700 Crucem
1468 5661 1653 5699 revera
1712 5644 1929 5705 Christi,
1961 5644 2096 5711 qua:

502 5717 623 5773 aliis
654 5717 764 5773 visa
794 5725 878 5773 est
911 5716 1243 5783 scandalum,
1284 5716 1398 5785 ipse
1429 5716 1564 5770 latro
1590 5717 1791 5784 putavit
1822 5716 2090 5777 Virtutem,

2209 3196 2353 3250 niam
2401 3196 2783 3265 consequitur,
2838 3194 2935 3250 sed
2983 3196 3146 3250 etiam
3194 3194 3432 3264 paradisi
3485 3194 3808 3249 amoenitate

2206 3286 2479 3340 donatur:
2514 3294 2574 3339 ut
2596 3286 2687 3355 qui
2714 3295 2937 3355 propter
2961 3287 3165 3341 scelera
3195 3285 3481 3340 damnatus
3512 3285 3693 3340 fuerat
3735 3285 3807 3340 ad

2203 3391 2439 3446 poenam,
2471 3385 2696 3446 propter
2746 3376 2905 3431 Iidem
2952 3375 3335 3430 transferretur
3366 3387 3388 3413 ο
3421 3374 3489 3429 ad
3536 3377 3768 3443 gloriam
3788 3416 3806 3440 ,

2201 3464 2469 3535 fueritque
2497 3467 2572 3520 illi
2601 3482 2755 3533 crux,
2786 3481 2946 3536 quam
2973 3466 3217 3536 pertulit,
3249 3482 3355 3520 non
3408 3474 3519 3520 tam
3550 3466 3806 3536 supplicii

2198 3557 2494 3619 damnatio,
2512 3573 2671 3627 quam
2696 3557 2886 3612 salutis
2914 3558 3151 3612 occasio.
3170 3558 3259 3613 ’1η
3288 3572 3447 3612 cruce
3475 3560 3622 3613 enim
3653 3557 3806 3628 posi-

2283 3695 2310 3733 δ
2342 3694 2581 3764 Uterque
2610 3695 2666 3749 S.
2719 3694 2905 3749 Crucis
2932 3695 2983 3748 in
3010 3694 3143 3752 Jer..
3175 3705 3223 3749 ct
3249 3705 3470 3749 exarata
3497 3706 3660 3749 terra.

2289 3776 2309 3803 τ
2342 3764 2476 3819 Cod.
2513 3765 2631 3819 Vat.
2663 3764 2818 3827 4951,
2852 3766 2904 3817 in
2943 3766 3184 3837 gloriam.

2237 3986 2335 4035 ua,
2386 3971 2564 4027 deleta
2610 3972 2764 4040 culpa
2792 4013 2806 4035 ,
2860 3972 2951 4026 Dei
2982 3987 3202 4037 regnum
3234 3979 3631 4026 restauz-aturus
3660 3979 3800 4025 erat.

2237 3986 2335 4035 ua,
2386 3986 2564 4027 deleta
2610 3986 2764 4040 cutpa
2792 4013 2806 4035 ,
2860 3986 2951 4026 uel
2982 3987 3202 4037 regnum
3234 3986 3631 4026 resmumturus
3660 3986 3800 4025 erat.

2197 3986 2377 4107 auare
2405 4041 2492 4096 his
2521 4041 2767 4109 perfusus
2801 4043 3090 4097 luminibus
3127 4044 3264 4095 latro
3306 4043 3620 4109 pncclaram
3654 4040 3804 4093 illam

2199 4111 2367 4180 edidit
2412 4109 2834 4172 confessionem,
2884 4128 3018 4180 qua,
3061 4120 3119 4164 ut
3187 4111 3359 4179 inquit
3428 4120 3651 4180 sanctus
3691 4109 3805 4163 Leo

2199 4179 2455 4249 Magnus,
2501 4197 2607 4236 non
2650 4189 2758 4235 tam
2799 4182 2867 4236 de
2898 4178 3041 4249 ligno
3069 4178 3273 4242 crucis,
3312 4195 3473 4248 quam
3502 4178 3766 4249 detbron

2199 4247 2583 4307 misericordia:
2613 4247 3020 4321 meruitaudlre
3044 4267 3103 4305 se
3127 4247 3782 4321 Christiglorimluturim

2201 4334 2321 4376 esse
2346 4330 2674 4376 consortem.
2729 4318 2901 4375 Hodie
2932 4336 3128 4374 mecum
3155 4321 3259 4374 eris
3286 4321 3342 4373 in
3360 4314 3640 4389 paradiso.
3692 4314 3803 4370 Sed

2124 4415 2171 4478 c
2203 4390 2341 4478 ἔλθετε
2372 4390 2591 4478 Situs
2626 4390 2844 4478 rigatis
2872 4387 3379 4478 _§‘.’.'.‘.",~T?F‘_i:'"“_!‘_".'_‘
3418 4387 3805 4478 9194.08-33

2200 4474 2325 4529 spes
2372 4460 2596 4515 latronis
2628 4458 2739 4515 isibi
2787 4460 3164 4524 eonciliarunt,
3210 4474 3373 4525 quam
3427 4458 3647 4529 caritas,
3690 4469 3804 4529 qua

2198 4525 2328 4585 suos
2350 4532 2492 4583 inter
2520 4529 2792 4585 cruciatus
2820 4531 3022 4583 exarsit
3058 4544 3182 4597 erga
3214 4529 3496 4583 Dominum
3526 4546 3539 4580 :
3574 4525 3804 4579 Intelle-

2197 4600 2461 4698 xitren'im,
2492 4602 2838 4698 p'rosequitur
2867 4598 3159 4698 Maximus,
3184 4599 3321 4698 quod
3339 4616 3433 4667 pro
3455 4597 3643 4698 ciliciis
3675 4611 3805 4698 aec-

2198 4671 2330 4723 catis
2352 4670 2446 4724 has
2473 4664 2657 4739 plagas
2673 4664 2985 4740 susciperet,
3026 4686 3135 4740 pro,
3158 4664 3349 4740 alienis
3382 4668 3660 4721 sceleribus
3690 4664 3806 4740 hate

2199 4742 2408 4795 vulnera
2436 4736 2737 4793 sustineret.
2762 4736 2842 4793 ..ζ
2890 4736 3042 4811 atque
3081 4738 3197 4793 ideo
3242 4738 3358 4808 plus
3406 4753 3587 4790 amare
3626 4736 3804 4857 “erit.

2200 4819 2471 4857 naslmmm
2510 4810 2565 4857 in
2602 4825 2816 4857 camare
2849 4808 2960 4857 eius
2988 4825 3083 4857 sua
3114 4810 3323 4857 vulnera
3349 4808 3667 4857 recoanorit.
3716 4812 3804 4857 te-

2200 4819 2471 4888 postquam
2510 4810 2565 4863 in
2602 4825 2816 4888 corpore
2849 4808 2967 4878 ejus
2988 4825 3088 4888 sua
3114 4810 3323 4888 vulnera
3349 4808 3667 4888 recognovit.
3690 4808 3805 4858 lle.

2199 4878 2358 4934 rum:
2392 4878 2521 4933 Plus
2553 4895 2675 4949 ergo
2693 4878 2766 4933 in
2801 4894 2951 4949 cruce
2977 4882 3173 4949 positus
3201 4878 3413 4931 livorem
3443 4878 3556 4947 ejus
3584 4890 3805 4949 cernens

2198 4949 2333 5002 latro
2375 4949 2546 5020 diligit
2580 4944 2780 5020 penus;
2822 4944 3192 5020 infra'etiam:
3237 4949 3373 5020 mir_a
3412 4944 3495 5020 res
3520 4944 3703 5020 :__plu_s
3745 4944 3804 5020 in

2198 5034 2348 5072 cruce
2386 5013 2536 5089 latro
2568 5016 2835 5089 Christum
2874 5018 3077 5089 diligit,
3122 5033 3282 5089 gua_n_t
3315 5015 3483 5089 ludas
3748 5013 3805 5066 in

2200 5104 2364 5142 caena.
2450 5087 2654 5141 Deinde
2700 5088 2864 5141 etiam
2908 5085 3069 5141 do'cet
3115 5085 3173 5141 S.
3225 5086 3488 5140 Maximus
3528 5085 3802 5138 latronem

2200 5158 2485 5226 agnovisse
2528 5171 2751 5212 omnem
2801 5156 3010 5210 Domini
3054 5157 3361 5226 passionem
3386 5171 3461 5225 ex
3492 5150 3777 5226 ipsius_iler

2202 5222 2509 5291 voluntate,
2559 5242 2682 5295 qute
2724 5226 2961 5295 cognitio
3002 5222 3153 5280 tanto
3184 5227 3354 5293 magis
3386 5222 3614 5295 eum—ad
3641 5222 3771 5278 Chr?

2200 5307 2340 5351 stum
2358 5294 2698 5366 diligendum
2726 5296 2982 5351 incendit.
3022 5295 3154 5351 Cum
3182 5296 3342 5363 igitur
3368 5310 3399 5366 ξι
3428 5294 3665 5366 Maximo
3690 5306 3755 5347 nc

2199 5368 2311 5421 sola
2343 5364 2495 5430 fides,
2526 5364 2621 5422 sed
2660 5367 2822 5419 etiam
2854 5380 3011 5435 spes,
3050 5373 3105 5419 et
3143 5366 3353 5435 caritas
3376 5364 3603 5419 latronis
3648 5377 3750 5417 con

2200 5437 2504 5501 mendetur,
2556 5435 2812 5505 iujuriose
2859 5434 2981 5490 cum
3026 5436 3143 5505 ipso
3171 5436 3255 5502 agi
3283 5434 3631 5505 arbitramur,
3662 5447 3754 5501 qut

2202 5507 2302 5560 ties
2331 5522 2363 5559 a
2404 5506 2721 5575 prmstantia
2752 5504 2896 5570 fidei,
2934 5514 2987 5575 et
3011 5504 3118 5559 non
3166 5520 3196 5558 a
3229 5505 3332 5575 llde
3374 5504 3685 5575 simulcum
3715 5517 3777 5555 ca

2202 5578 2359 5630 ritate
2388 5573 2650 5645 operante
2678 5576 2907 5641 dicatur,
2939 5574 3227 5629 Maximum
3256 5573 3508 5631 docuisse
3538 5574 3798 5628 latrones.

2196 5647 2568 5714 justilicatum.
