3924 6232
102 408 211 461 εις

1555 398 1835 456 llOMlLIA
1875 398 1957 452 Li.

3279 403 3387 457 5M

107 534 193 577 ius
212 516 478 571 Christum
497 525 518 551 τι
538 514 828 570 Dominum
851 522 1087 569 nostrum
1113 511 1337 577 credidit
1352 510 1705 575 cruciﬁxum;
1740 516 1782 571 Α
1812 526 1991 579 quam,
2022 526 2108 565 res
2134 529 2145 563 :
2179 511 2316 564 latro
2344 511 2661 566 lionorillcat
2681 514 3000 582 patientem,
3032 529 3191 582 quem
3226 511 3392 569 Judas

108 608 271 677 157
290 615 342 661 et
363 606 481 659 ideo
503 606 594 673 qui
612 604 892 660 consortio
919 602 1181 672 passionis
1214 602 1403 665 utitur,
1428 598 1707 653 consdrtio

105 698 337 768 paradisi
360 694 720 749 condonatur.
750 693 947 747 Beatus
974 692 1116 746 enim
1145 690 1314 753 latro,
1346 688 1472 743 dum
1508 687 1710 757 suppli-

108 787 251 840 cium
276 785 492 854 patitur,
524 797 749 852 regnum
776 782 997 837 caeleste
1030 780 1395 839 consequitur.
1429 777 1569 833 Ecce
1586 791 1711 831 reus

108 875 321 939 dicitur,
337 874 362 911 δ
376 875 515 927 sicut
534 873 619 927 cui
636 871 909 925 damnari°
926 870 993 924 ad
1019 880 1231 940 tempus
1258 867 1550 939 expedivit.
1586 867 1707 920 Non

110 964 253 1017 enim
267 963 576 1032 perveniret
585 961 656 1015 ad
668 961 915 1029 gloriam,
931 961 977 1015 si
989 976 1098 1014 non
1112 959 1475 1015 contradictus
1487 968 1630 1014 esset
1642 957 1709 1011 ad

106 1067 348 1120 pmnam.
406 1052 715 1115 Videamus,
744 1051 979 1120 inquam,
1004 1066 1100 1106 cur
1122 1058 1400 1105 tantorum
1427 1049 1711 1105 criminum

110 1158 254 1205 reus,
273 1152 381 1195 tam
404 1143 515 1198 cito
538 1157 570 1196 a
589 1140 870 1197 Salvatore
889 1142 1196 1211 paradisum
1208 1148 1565 1211 promeretur;
1589 1155 1712 1194 cum

112 1234 203 1287 alii
263 1234 557 1287 multorum
596 1242 901 1302 temporum
940 1232 1189 1303 lacrymis
1234 1230 1714 1301 frequentibusque

112 1322 345 1392 iejuniis,
371 1323 462 1377 vix
492 1322 815 1377 delictorum
829 1337 1048 1389 suorum
1061 1322 1273 1377 veniam
1289 1330 1711 1389 consequantur.

114 1412 328 1482 Magna,
359 1412 573 1478 fratres,
591 1420 646 1467 et
672 1412 1124 1481 multiplexcausa
1154 1404 1270 1466 est:
1298 1410 1550 1481 primum,
1569 1409 1715 1478 quod

117 1504 219 1558 iste
247 1504 391 1558 latro
419 1502 713 1558 devotione
740 1501 863 1557 ﬁdei
884 1510 994 1556 tam
1014 1510 1239 1572 repente
1260 1508 1498 1555 mutatus
1523 1508 1625 1565 est,
1658 1508 1717 1554 ut

117 1604 445 1665 praesentem
497 1609 714 1664 pmnam
756 1594 1075 1663 despiceret,
1104 1608 1168 1648 ac
1206 1593 1275 1648 de
1302 1591 1481 1672 futura
1502 1591 1717 1646 veniam

119 1696 457 1757 precaretur,
500 1694 557 1741 et
583 1686 754 1754 magis
775 1686 1019 1741 crederet
1038 1685 1170 1740 utile
1196 1684 1297 1740 sibi
1322 1698 1441 1739 esse
1460 1683 1529 1738 de
1554 1689 1714 1737 reter-

122 1794 191 1833 no
233 1777 445 1847 judicio
490 1778 719 1847 petere,
764 1790 925 1844 quam
952 1773 979 1813 ἀ
1009 1774 1077 1830 de
1124 1772 1410 1844 temporali
1451 1772 1714 1843 supplicio

1814 600 2047 670 prodidit
2074 601 2403 655 osCulanlcm
2433 619 2444 653 :
2477 602 2632 673 158
2652 603 2717 656 ab
2738 603 2843 657 hoc
2863 604 3010 671 pacis
3032 603 3391 657 blandimenta

1816 691 2135 755 ventluntur,
2188 691 2253 745 ab
2307 692 2397 743 illo
2441 692 2615 745 crucis
2640 692 2860 747 vulnera
2896 693 3288 762 praedicantur;
3318 694 3394 748 ait

1813 782 1956 835 enim
1983 798 1995 834 :
2025 778 2280 835 Memento
2308 783 2406 835 mei
2424 823 2438 845 ,
2475 780 2712 846 Domine,
2737 799 2853 836 cum
2873 785 3069 837 veneris
3095 784 3150 837 in
3179 800 3392 854 regnum

1815 878 1955 923 tuum
1998 868 2147 937 (Luc.
2180 870 2351 939 χχιιι).
2385 870 2395 907 ¹
2443 870 2569 926 Haec
2613 879 2698 927 est
2726 870 2845 926 ﬁdei
2875 875 3033 942 plena
3064 874 3302 935 devotio,
3335 882 3394 927 ut

1815 976 1935 1014 cum
1964 962 2031 1014 de
2060 962 2369 1015 vulneribus
2396 962 2607 1016 Domini
2636 961 2876 1032 proﬂuus
2901 965 3119 1031 sanguis
3134 966 3394 1031 cernitur,

1817 1059 1942 1106 tunc
1965 1051 2032 1105 de
2060 1060 2326 1121 potestate
2354 1053 2471 1122 ejus
2485 1053 2639 1109 venia
2669 1056 3001 1125 postuletur;
3032 1072 3155 1111 cum
3187 1058 3400 1112 videtur

1814 1130 1931 1208 ejus
1956 1141 2248 1207 humilitas,
2277 1152 2404 1197 tunc
2429 1144 2598 1212 magis
2626 1154 2663 1180 ιιι
2696 1152 2946 1200 teneatur
2978 1146 3096 1215 ejus
3115 1147 3403 1214 divinitas;

1816 1246 1937 1285 cum
1986 1232 2145 1285 morti
2182 1232 2429 1287 addictus
2455 1242 2695 1302 putatur,
2739 1242 2868 1291 tunc
2893 1244 2920 1271 ³³
2950 1236 3093 1304 regis
3122 1237 3198 1291 illi
3228 1237 3404 1291 hono-

1814 1321 2076 1376 riﬁcentia
2104 1321 2394 1377 deferatur.
2436 1325 2453 1355 ¹
2482 1323 2587 1379 Iste
2615 1324 2756 1379 enim
2781 1323 2951 1383 ﬁdelis
2977 1326 3115 1381 latro
3144 1342 3252 1380 non
3281 1342 3402 1381 crc-

1814 1413 1949 1469 didit
1975 1414 2293 1467 moriturum
2316 1457 2332 1481 ,
2358 1429 2518 1483 quem
2562 1415 2856 1470 annuntiat
2872 1425 3249 1484 regnaturum;
3293 1433 3400 1470 non

1792 1511 1966 1572 ‘putat
1993 1502 2330 1557 subdendum
2359 1504 2541 1559 inferis
2561 1546 2578 1573 ,
2626 1519 2785 1573 quem
2809 1504 3211 1560 dominatumm
3242 1506 3409 1561 conli-

1817 1602 1963 1648 tetur
1993 1594 2045 1648 in
2068 1603 2092 1631 ο
2123 1594 2291 1661 omlo;
2343 1611 2450 1649 non
2494 1595 2788 1649 arbitratur
2815 1610 2940 1650 eum
2969 1596 3111 1665 apud
3139 1604 3402 1651 tartarum

1816 1684 2083 1749 detineri,
2128 1700 2158 1739 a
2196 1700 2305 1754 quo
2351 1685 2515 1739 etiam
2562 1700 2623 1741 se
2660 1685 2897 1755 postulat
2928 1686 3165 1750 liberari,
3204 1685 3407 1741 Cernat

1817 1777 1943 1833 licet
1976 1776 2091 1846 ejus
2127 1777 2329 1831 hiantia
2369 1778 2621 1843 vulnera;
2653 1784 2861 1847 spectet
2898 1778 3063 1848 ipsius
3089 1778 3406 1846 sanguinem

122 1867 430 1937 ροεειιῑπθς
473 1866 828 1920 reminiscens
870 1864 1014 1919 enim
1061 1864 1328 1919 80818111!!!
1375 1878 1596 1918 8110mm
1617 1901 1633 1927 ν
1661 1869 1718 1917 ει
1752 1863 1794 1922 Β
1822 1867 2204 1939 proﬂuentem,
2239 1878 2263 1915 Ρ
2292 1866 2462 1921 Deum
2495 1876 2673 1922 tamen
2703 1867 2912 1933 credit,
2942 1884 3103 1938 quem
3133 1883 3283 1923 reum
3314 1883 3409 1922 ne-

124 1958 515 2027 pmnitudinem
555 1970 768 2024 gerens,
798 1956 921 2027 plus
962 1956 1150 2025 incipit
1181 1966 1203 1994 ε
1231 1971 1393 2011 avere
1420 1956 1561 2025 quod
1590 1970 1718 2025 spe—

124 2058 222 2116 rat,
254 2064 420 2119 quam
446 2032 649 2103 sentire
675 2048 820 2117 quod
849 2048 1075 2119 patitur.
1108 2046 1127 2085 ί
1161 2046 1339 2103 Potuit
1365 2047 1531 2115 enim,
1564 2057 1588 2095 κ
1619 2048 1722 2103 nisi

126 2138 190 2194 de
218 2138 415 2194 futuris
440 2139 674 2208 amplius
699 2139 1023 2207 cogitasset,
1052 2138 1144 2208 qui
1171 2138 1226 2192 in
1255 2138 1526 2193 Christum
1556 2140 1723 2194 semel

127 2230 434 2285 crediderat
456 2269 472 2293 ,
517 2228 586 2285 de
612 2230 866 2299 praesenti
904 2230 1077 2299 magis
1111 2230 1375 2300 supplicio
1422 2229 1722 2299 deprecari,

128 2316 156 2359 ¹ι
182 2320 391 2376 Deinde
438 2321 572 2375 illud
616 2320 681 2374 ad
710 2320 939 2389 gratiam
987 2319 1104 2388 ejus
1150 2319 1371 2389 majoris
1408 2328 1491 2374 est
1525 2320 1721 2385 meriti,

128 2411 274 2481 quod
308 2410 584 2467 Christum
621 2410 673 2464 in
703 2425 863 2465 cruce
889 2410 1128 2479 positum
1149 2410 1409 2476 credidit,
1439 2418 1497 2465 et
1523 2411 1723 2481 passio,

129 2516 249 2571 qua:
296 2502 416 2556 aliis
466 2500 780 2557 scandalum
817 2498 834 2537 ί
870 2498 1029 2564 fecit,
1079 2500 1156 2554 illi
1184 2499 1253 2554 ad
1282 2499 1439 2557 ﬁdem
1468 2499 1724 2569 profecit;

131 2593 311 2647 crucis
338 2592 484 2647 enim
520 2591 702 2662 passio
739 2591 924 2646 multis
950 2591 1260 2646 scandalum
1282 2590 1401 2658 fuit,
1432 2592 1571 2647 sicut
1600 2592 1730 2645 dicit

134 2680 428 2750 Apostolus
468 2698 481 2733 :
516 2679 641 2735 Non
683 2690 855 2736 autem
892 2682 1238 2751 prtedicamus
1275 2680 1536 2736 Christum
1564 2683 1732 2735 cruci-

138 2772 324 2841 ﬁxum,
346 2770 548 2827 Judteis
570 2761 780 2842 quidem
807 2772 1129 2837 scandalum,
1153 2771 1386 2842 gentibus
1404 2783 1575 2827 autent
1603 2772 1733 2827 stul-

136 2863 303 2916 titiam
332 2861 387 2933 (Ι
416 2860 538 2917 Cor.
570 2862 632 2931 l).
675 2860 842 2917 Recte
864 2876 995 2931 ergo
1024 2870 1264 2917 meretur
1285 2862 1611 2932 paradisum,
1642 2863 1733 2933 qui

143 2969 359 3009 crucem
387 2952 590 3009 Christi
615 2968 723 3007 non
751 2953 1105 3023 putavit'esse
1130 2952 1439 3008 scandalum
1456 2994 1472 3018 ,
1504 2952 1600 3008 sed
1628 2955 1736 3006 vir-

140 3051 338 3109 tutem;
374 3042 389 3094 l
428 3042 561 3097 dicit
587 3042 730 3113 enim
762 3041 901 3097 idem
927 3043 1248 3112 Apostolus:
1274 3041 1413 3113 Ipsis
1440 3044 1629 3096 vocatis
1646 3041 1739 3096 Ju-

140 3134 266 3189 dteis
294 3133 555 3189 Christum
576 3133 677 3187 Dei
698 3135 950 3199 virtutem,
981 3142 1032 3187 et
1060 3132 1157 3192 Dei
1185 3134 1493 3204 sapientiam
1522 3132 1735 3205 (Ibid.).

1821 1958 1960 2022 scit;
2004 1958 2207 2026 justum
2258 1956 2472 2022 fatetur,
2522 1954 2682 2024 quem
2728 1973 2836 2013 non
2882 1958 3127 2012 meminit
3154 1952 3408 2027 peccato-

1823 2063 1935 2103 rem
1967 2064 1979 2099 :
2032 2047 2108 2100 ait
2155 2047 2298 2100 enim
2344 2046 2417 2099 illi
2448 2045 2603 2099 alteri
2631 2046 2983 2115 exprobranti
3029 2046 3221 2100 latroni
3249 2064 3261 2097 :
3295 2044 3410 2098 Nos

1823 2138 2028 2209 quidem
2072 2146 2208 2191 recte
2251 2138 2410 2206 digna
2455 2138 2607 2207 factis
2637 2137 2949 2206 recipimus;
2980 2136 3062 2189 hic
3082 2146 3254 2189 autem
3284 2136 3414 2188 nihil

1826 2230 1948 2283 muli
1971 2229 2130 2300 gessit
2157 2226 2370 2298 (Ibid).
2414 2227 2687 2281 lntcllexit
2713 2221 2858 2281 extim
2876 2268 2890 2294 ,
2931 2228 3077 2295 quod
3098 2243 3197 2297 pro
3225 2226 3417 2280 alienis

1826 2320 2063 2390 peccatis
2090 2310 2189 2373 bis
2215 2318 2400 2387 plagas
2438 2318 2755 2387 susciperet,
2790 2332 2887 2387 pro
2910 2318 3100 2372 alienis
3128 2316 3420 2372 sceleribus

1828 2412 1944 2466 inec
1970 2411 2193 2465 vulnera
2222 2419 2249 2458 ει
2278 2410 2597 2475 sustineret;
2626 2417 2681 2463 et
2708 2409 2885 2473 scivit,
2916 2408 3062 2477 quod
3092 2407 3179 2461 illa
3210 2408 3263 2460 in
3297 2422 3424 2461 cor-

1829 2520 1964 2575 pore
1991 2502 2187 2575 Christi
2214 2502 2455 2567 vulnera,
2488 2517 2595 2556 non
2624 2509 2807 2556 essent
2827 2500 3025 2555 Christi
3051 2499 3293 2563 vulnera,
3325 2498 3423 2552 sed

1833 2574 2089 2659 latronis;
2115 2574 2279 2663 atque
2308 2592 2430 2646 ideo
2458 2591 2579 2661 plus
2606 2604 2789 2643 amare
2814 2588 3008 2657 coepit,
3047 2595 3337 2657 postquam
3369 2587 3425 2639 in

1834 2699 2063 2753 corpore
2092 2682 2210 2752 ejus
2236 2698 2333 2737 sua
2362 2682 2587 2736 vulnera
2624 2679 2968 2748 recognovit.
3011 2678 3101 2732 Ait
3126 2677 3270 2732 enim
3301 2692 3427 2746 pro-

1834 2776 2035 2845 pheta:
2084 2771 2339 2837 Quoniam
2386 2773 2496 2839 ipse
2522 2769 2853 2848 inﬁrmitates
2903 2780 3113 2823 nostras
3138 2775 3339 2837 portat,
3380 2775 3430 2820 et

1836 2883 1933 2939 pro
1963 2866 2108 2920 nobis
2135 2864 2301 2928 dolet;
2329 2879 2422 2917 nos
2450 2872 2619 2915 autem
2647 2859 3076 2915 existimwamus
3096 2875 3213 2912 eum
3241 2873 3353 2911 esse
3375 2857 3431 2910 in

1838 2957 2035 3020 dolore,
2070 2965 2092 2992 ι’
2125 2956 2283 3009 livore
2322 2954 2435 3023 ejus
2483 2951 2657 3005 sanati
2704 2965 2882 3003 sumus
2921 2946 3086 3019 (Isai.
3126 2948 3266 3017 uti).
3307 2944 3433 2999 Plus

1838 3058 1968 3113 ergo
2015 3044 2068 3096 in
2109 3056 2269 3097 cruce
2314 3040 2519 3110 positus
2547 3047 2568 3075 ·
2603 3037 2829 3092 livorem
2859 3034 2978 3103 ejus
3016 3048 3266 3098 cernens,
3292 3032 3433 3086 latro

1845 3138 1863 3172 ι
1900 3134 2075 3202 diligit
2102 3134 2309 3187 Deum:
2361 3130 2493 3184 mira
2534 3144 2656 3183 res:
2688 3127 2809 3196 plus
2832 3126 2888 3179 in
2918 3116 3085 3181 cruce
3108 3124 3249 3178 latro
3276 3123 3433 3178 Chri-

145 3224 311 3280 Becte
335 3225 497 3295 plane
524 3232 580 3279 et
604 3223 864 3278 Dominus
894 3224 1017 3279 huic
1048 3223 1216 3278 donat
1240 3223 1583 3293 paradisum,
1609 3224 1733 3294 quia
1762 3221 1808 3282 C
1840 3236 1981 3284 stum
2028 3224 2202 3292 diligit
2224 3264 2240 3288 ,
2289 3235 2450 3290 quam
2480 3218 2643 3272 Iudas
2672 3217 2861 3271 dilexit
2901 3216 2955 3269 in
2995 3230 3148 3270 coena
3177 3214 3308 3268 :-ille
3337 3228 3435 3285 per

143 3332 300 3386 quem
325 3316 491 3372 Judas
514 3315 764 3371 Scarioth
792 3316 846 3369 in
882 3314 1099 3370 hortulo
1127 3314 1363 3385 paradisi
1388 3314 1730 3379 distraxerat,

145 3407 229 3464 hic
256 3410 309 3463 in
337 3408 515 3465 crucis
560 3407 803 3478 patibulo
845 3404 1153 3462 conﬁtetur.
1188 3405 1211 3443 ¹τ
1243 3405 1377 3460 Mira
1408 3421 1535 3462 res:
1568 3406 1736 3462 conli-

148 3505 286 3554 tetur
328 3500 468 3553 latro
535 3513 697 3569 quem
743 3497 1040 3567 discipulus
1076 3497 1391 3565 abnegavit;
1436 3498 1611 3567 mira,
1655 3500 1735 3554 in-

215 3664 242 3693 ι
292 3657 351 3711 In
400 3658 523 3714 cod.
578 3656 755 3712 Vatic.
795 3656 937 3711 645?.
997 3656 1192 3713 desunt
1240 3672 1401 3714 voces
1448 3656 1731 3713 Dominum

150 3736 396 3781 nostrum.

218 3795 245 3834 δ
280 3795 417 3851 Cod.
449 3796 576 3852 Vat.
610 3796 771 3863 6452,
801 3796 939 3850 Ecce
967 3814 1083 3851 reus
1112 3796 1321 3862 dicitur,
1362 3798 1445 3851 cui
1493 3798 1736 3853 damnari

150 3864 203 3938 id
230 3868 471 3938 temporis
490 3867 781 3938 expedivit;
804 3883 909 3920 non
930 3869 1069 3938 enim
1090 3868 1383 3938 perveniret
1394 3868 1465 3938 ad
1491 3867 1734 3938 gloriam,

152 3935 491 4005 traditus
512 3935 644 3990 esset
673 3936 741 3989 ad
775 3952 996 4005 poenam.
1044 3935 1177 3989 Item
1208 3937 1327 3990 cod.
1365 3935 1649 3989 Vat."951
1684 3948 1741 3993 et

153 4002 281 4058 Cod.
316 4006 389 4060 90
416 4004 475 4059 8.
508 4006 696 4060 Crucis
723 4002 784 4059 in
806 4004 919 4059 Jer.

222 4083 246 4113 ο
283 4075 431 4129 Idem
459 4076 579 4129 cod.
615 4075 672 4130 8.
706 4075 922 4138 Crucis,
953 4075 1008 4127 id
1032 4075 1275 4144 temporis
1305 4076 1578 4143 expedivit!
1614 4074 1738 4144 Non

152 4144 280 4196 enim
314 4146 604 4214 perveniret
636 4145 706 4199 ad
739 4144 986 4215 gloriam,
1037 4146 1081 4199 si
1120 4160 1224 4198 non
1255 4145 1475 4198 traditus
1510 4152 1641 4199 esset
1672 4146 1742 4199 ad

448 4281 937 4365 νὲἓκϐρδᾉῃαπι
958 4284 1021 4337 (ιε
1050 4283 1140 4365 ςαζὶ
1170 4284 1739 4365 suppliciopostulare;

154 4350 265 4405 cod.
303 4354 475 4409 Vatic.
507 4351 678 4407 Palat.
712 4350 885 4417 4951,
936 4350 1311 4407 reminiscendo
1358 4350 1495 4407 enim
1532 4370 1743 4409 suorum

154 4422 416 4494 scelerum,
447 4432 497 4477 et
521 4423 893 4494 paenitudinem
912 4423 1136 4494 gerendo
1164 4426 1279 4492 plus
1304 4424 1506 4494 incipit.

223 4500 248 4529 ⁸
284 4491 530 4547 Latinius
558 4493 793 4547 editores
839 4491 1029 4547 omnes
1071 4491 1292 4561 corrigit
1318 4491 1419 4560 qui
1439 4493 1613 4547 dolere
1639 4492 1742 4547 ha-

156 4558 306 4625 bent;
337 4576 454 4617 non
480 4563 629 4617 enim
649 4562 915 4630 dolorem,
946 4561 1043 4617 sed
1071 4558 1315 4616 amorem
1336 4558 1564 4629 excitat,
1597 4563 1742 4633 quod

455 4701 579 4773 Vat.
609 4700 783 4773 Palat.
823 4700 1005 4773 £951,
1036 4700 1217 4773 Potuit
1248 4702 1386 4755 enim
1416 4703 1479 4757 de
1499 4704 1744 4773 praesenti

157 4772 311 4842 magis
334 4772 595 4842 supplicio
615 4771 921 4842 deprecari,
953 4772 1056 4825 nisi
1086 4772 1151 4824 de
1181 4773 1370 4842 futuris
1402 4771 1624 4842 amplius
1655 4791 1744 4827 co-

160 4838 381 4907 gitdsset,
401 4838 496 4911 qui
514 4838 569 4911 in
598 4838 801 4911 Chritto
824 4842 981 4895 semel
1013 4838 1247 4894 credidit.
1280 4838 1501 4907 Deinde,
1534 4851 1640 4897 etc.

222 4917 247 4993 3
448 4910 569 4966 Vat.
599 4909 759 4977 6452,
787 4912 889 4965 nisi
916 4911 979 4964 de
996 4912 1190 4982 futuris
1216 4912 1485 4981 suppiiciis
1512 4914 1739 4984 cogitas-

157 4987 419 5123 κίἶῗέὲι.
469 5050 593 5105 Vat.
626 5049 815 5123 #6452,
845 5049 1049 5123 Deinde
1076 5049 1237 5123 aliud
1259 5049 1330 5103 ad
1369 5051 1593 5121 gratiam
1631 5054 1743 5123 ejus

158 5120 363 5193 majoris
391 5129 469 5175 est
506 5122 696 5193 meriti,
736 5120 872 5193 quod
908 5118 1175 5193 Christum
1222 5122 1280 5173 in
1327 5118 1477 5175 cruce
1521 5118 1745 5178 nocitum

159 5183 430 5244 Dominum
458 5183 700 5257 credidit,
725 5183 776 5244 et
802 5192 1001 5261 passio.

222 5308 240 5340 ι
278 5301 406 5374 Ipse
444 5304 585 5357 enim
629 5303 802 5373 ﬁdelis
849 5303 986 5357 latro
1014 5319 1119 5357 non
1146 5301 1371 5374 credidit
1404 5304 1732 5369 moriturum,

161 5372 635 5443 M‘annuntiat"
654 5382 989 5443 regnaturum
1012 5410 1029 5436 ,
1072 5380 1178 5427 etc.
1200 5372 1423 5443 —Cum
1466 5381 1611 5428 totus
1656 5375 1743 5429 hic

164 5450 290 5513 esset
314 5441 580 5513 Maximus
621 5444 675 5498 in
705 5441 1042 5513 praxlicanda
1074 5442 1321 5497 conversi
1351 5442 1575 5513 latronis
1614 5442 1734 5507 fide,

164 5511 457 5567 conﬁtentis
500 5510 776 5568 Christum
815 5527 997 5567 secum
1044 5513 1335 5582 patientem
1371 5510 1560 5575 Deum,
1592 5521 1647 5566 et
1673 5514 1741 5568 ab

164 5591 222 5632 eo
246 5590 583 5649 peccatorum
612 5584 862 5645 veniam,
895 5597 959 5636 ac
987 5582 1292 5650 paradisum
1320 5583 1622 5650 poscentis,
1655 5583 1739 5635 in-

167 5653 238 5700 ter
261 5660 450 5705 cetera
490 5654 684 5721 quibus
712 5668 837 5721 eum
862 5651 1285 5713 commendavit,
1318 5651 1453 5705 dixit
1472 5651 1537 5721 iS_.
1572 5652 1740 5705 latro-

166 5728 273 5772 nem
315 5738 421 5776 non
469 5719 761 5777 credidisse
787 5720 1056 5776 Christum
1087 5732 1422 5774 moriturum.
1471 5719 1588 5775 lloc
1608 5736 1740 5775 sane

168 5787 315 5844 voluit
343 5793 562 5864 intelligi
577 5793 646 5849 de
667 5792 993 5847 ncCEssitatc
1014 5791 1299 5853 moriendi,
1331 5806 1360 5844 a
1388 5806 1491 5859 qua
1517 5799 1573 5844 ut
1598 5790 1739 5845 Deus

1840 3321 2020 3375 cibum
2048 3315 2356 3385 supplantat
2391 3310 2731 3377 Magistrum;
2772 3308 2862 3361 hic
2889 3306 3119 3361 credidit
3148 3306 3435 3359 Dominum

1842 3424 1941 3479 per
1979 3406 2261 3467 dolorem,
2303 3402 2441 3456 sicut
2480 3403 2557 3453 ait
2600 3398 2905 3467 propheta:
2947 3394 3049 3460 Qui
3073 3397 3255 3450 edebat
3277 3413 3435 3465 panes

1842 3516 1984 3556 meos
2030 3508 2063 3536 α
2107 3494 2444 3563 αάαηιριὶαυὶι
2504 3490 2776 3545 adversum
2832 3507 2913 3545 me
2962 3489 3436 3561 supplantationem

1913 3658 1931 3697 ί
1975 3658 2108 3715 Cod.
2138 3660 2197 3714 S.
2232 3658 2419 3713 Crucis
2448 3658 2500 3711 in
2529 3655 2663 3721 Jer.,
2699 3658 2845 3727 facit.

1912 3728 2110 3806 l_Cod.
2139 3730 2316 3806 yatie.
2345 3727 2503 3791 6l52,
2538 3722 2841 3806 (ἐξελε-ἐπίῃ
2891 3722 3213 3806 Apostolus,
3246 3736 3439 3806 vacans

1837 3796 2097 3852 Christum
2131 3798 2225 3851 Dei
2247 3800 2503 3867 virtutem,
2526 3807 2574 3867 et
2588 3796 2691 3867 Dei
2716 3790 3051 3867 sapientiam.
3087 3791 3242 3867 flecte
3262 3790 3438 3867 plane.

1913 3867 1937 3905 ¹ι
1979 3868 2112 3942 Cod.
2144 3866 2413 3942 Va}._Pal.
2447 3866 2607 3931 4951,
2641 3860 2789 3942 Μὶν-ρ’
2819 3880 2901 3942 res
2928 3879 2944 3915 :
2976 3863 3252 3942 conﬁtetur
3280 3860 3439 3942 latro,

1840 3938 2153 4007 honori/ient
2184 3931 2459 4007 patientem
2480 3976 2492 3997 ,
2520 3953 2682 4007 quem
2729 3935 2897 4007 .litdas
2937 3931 3441 4007 perdidituoscnlan-

1841 4016 1942 4061 tem
1967 4024 1984 4060 :
2009 4000 2069 4060 ab
2092 4000 2193 4061 isto
2211 4008 2279 4059 ad
2299 4000 2612 4074 perdendum
2632 4007 2809 4060 oscula
2829 4000 3038 4074 dantur,
3068 4000 3133 4053 ab
3154 4001 3244 4053 illo
3274 4000 3443 4054 crucis

1850 4077 2064 4148 vulnera
2091 4073 2479 4148 praedicantur:
2510 4076 2635 4148 dicit
2665 4078 2800 4148 enim
2822 4091 2839 4126 :
2868 4073 3293 4148 Memento._e_t(_‘..

1920 4145 1937 4184 ί
1980 4140 2115 4202 Cod.
2145 4146 2202 4201 S.
2235 4145 2420 4201 Crucis
2450 4148 2501 4200 in
2537 4144 2644 4199 Jer.
2665 4187 2678 4205 ,
2713 4144 2843 4198 Ilaec
2872 4153 2949 4197 est
2977 4158 3111 4196 verte
3138 4140 3285 4209 ﬁdei.
3308 4146 3441 4203 etc.,

1843 4217 1997 4286 plena
2027 4217 2226 4271 devotio
2253 4225 2309 4269 ut
2346 4216 2563 4286 cum-fide
2593 4214 2915 4286 vulneribus,
2938 4220 3043 4267 etc.
3062 4229 3088 4286 ;_
3108 4207 3437 4286 cod._Palat.

1847 4279 1981 4340 395l
2017 4295 2073 4342 et
2094 4287 2213 4342 cod.
2248 4286 2375 4341 Vat;
2403 4285 2577 4350 6452,
2623 4285 2755 4341 Ilaec
2784 4300 2902 4339 vero
2929 4291 3005 4337 est
3035 4283 3192 4353 plena
3222 4279 3441 4346 det-otio,

1846 4363 1958 4462 cui.“
1997 4425 2133 4497 βοά.
2160 4424 2226 4497 AS.
2251 4424 2441 4497 crucis
2464 4425 2516 4497 in
2539 4423 2970 4497 Jer.,timeatur.

1918 4504 1943 4531 ιι
1983 4494 2123 4568 Cod,
2152 4490 2271 4568 Vat.
2302 4495 2460 4568 esse,
2484 4490 2603 4568 regi
2627 4496 2725 4568 sua.

1919 4573 1944 4600 ο
1982 4565 2126 4620 Idem
2148 4567 2269 4621 cod.
2301 4565 2445 4630 Vat:,
2477 4566 2532 4619 in
2555 4565 2723 4621 caelis.

1921 4646 1947 4685 P
1986 4636 2119 4690 Cod.
2156 4637 2275 4689 Vat.
2310 4635 2469 4699 6452,
2498 4635 2779 4691 Dominum
2808 4643 3002 4688 tamen.

1918 4716 1946 4756 ει
1985 4706 2117 4761 Cod.
2155 4706 2274 4760 Vat.
2308 4704 2475 4769 6452,
2509 4708 2803 4761 sustineret.
2849 4703 3048 4767 Scivit,
3073 4701 3313 4774 quodque
3343 4718 3449 4754 non

1847 4786 2019 4831 essent
2040 4793 2135 4830 sua
2160 4778 2389 4836 uulnera.
2423 4776 2530 4830 sed.
2558 4781 2575 4793 ‘

1922 4856 1943 4884 τ
1985 4844 2120 4901 Cod.
2156 4846 2274 4900 Vat.
2321 4844 2495 4900 6452.
2543 4856 2593 4900 et
2618 4846 2798 4899 livore.
2821 4842 2957 4899 Cod.
2984 4845 3108 4900 Vat.
3134 4842 3249 4901 Pal.
3283 4838 3447 4901 4931,

1847 4916 1937 4970 sed
1962 4917 2140 4971 livore.

1750 4958 1825 5027 -θ
2243 4984 2430 5040 Crucis
2459 4985 2512 5038 in
2540 4982 2673 5045 Jer.,
2706 4985 2913 5037 livores.

1931 5058 1949 5092 ί
1992 5055 2160 5111 Codd.
2187 5055 2305 5109 Vat.
2331 5054 2474 5108 6452
2491 5063 2546 5108 et
2567 5053 2727 5117 Vall.,
2753 5052 2914 5106 Latro
2936 5052 3115 5106 dilexit
3142 5050 3443 5103 Dominum.

1924 5134 1953 5164 υ
1991 5125 2122 5181 Cod.
2157 5125 2280 5180 Vat.
2312 5123 2426 5178 Pal.
2459 5123 2619 5190 495i,
2642 5123 2999 5197 amplificavit.

1847 5307 1986 5363 liber
2011 5316 2165 5374 erat,
2195 5316 2251 5363 et
2276 5308 2380 5363 nisi
2406 5306 2685 5373 voluisset,
2724 5314 2970 5361 mortuus
2998 5319 3107 5359 non
3133 5310 3299 5358 esset.
3332 5303 3445 5357 No-

1847 5386 1999 5432 verat
2027 5379 2172 5432 enim
2201 5379 2357 5443 latro,
2387 5386 2445 5431 ut
2480 5376 2615 5431 infra
2645 5378 2721 5432 ait
2741 5384 2959 5431 sanctus
2982 5375 3192 5438 doctor,
3224 5388 3444 5427 omnem

1847 5447 1942 5503 Dei
1962 5448 2267 5517 passionem
2288 5464 2355 5519 ex
2378 5448 2544 5519 ipsius
2568 5447 2681 5501 fieri
2706 5446 3000 5519 voluntate,
3021 5443 3285 5519 perdnam
3317 5444 3445 5495 Adio

1847 5513 2159 5588 progeniem
2204 5513 2713 5588 cominiserantem,
2776 5516 3000 5583 ejusque
3043 5513 3271 5588 salutem
3323 5528 3444 5565 esse

1849 5582 2065 5642 causam
2092 5628 2106 5653 ,
2157 5604 2255 5642 cur
2301 5594 2594 5655 pateretur.
2660 5582 2999 5655 Quapropter
3042 5582 3111 5655 in_
3144 5596 3269 5655 eum
3325 5596 3443 5655 ores

1848 5658 2001 5723 dens,
2034 5650 2151 5725 ejus
2178 5650 2433 5723 sanguine
2462 5656 2638 5723 ablui,
2674 5650 2915 5723 tantique
2940 5650 3187 5707 beneficii
3218 5650 3442 5718 partici-

1846 5743 1969 5797 pem
2001 5728 2113 5782 lieri
2144 5726 2395 5797 postulat.
