  <div class='ocr_page' id='page_1' title='image "/cluster/home/n/w/nwhite01/storage/ocr_20150623/57/uva.x000827099/177.png"; bbox 0 0 3924 6232; ppageno 0'>
   <div class='ocr_carea' id='block_1_1' title="bbox 486 380 3784 467">
    <p class='ocr_par' dir='ltr' id='par_1_1' title="bbox 486 380 3784 467">
     <span class='ocr_line' id='line_1_1' title="bbox 486 380 3784 467; baseline 0.004 -29"><span class='ocrx_word' id='word_1_1' title='bbox 486 382 599 438; x_wconf 66' lang='lat' dir='ltr'><strong>an</strong></span> <span class='ocrx_word' id='word_1_2' title='bbox 1521 386 1578 440; x_wconf 90' lang='lat' dir='ltr'><strong>s.</strong></span> <span class='ocrx_word' id='word_1_3' title='bbox 1621 384 1864 439; x_wconf 77' lang='lat' dir='ltr'><strong>MAXIMI</strong></span> <span class='ocrx_word' id='word_1_4' title='bbox 1908 380 2211 438; x_wconf 79' lang='lat' dir='ltr'><strong>EPISCOPI</strong></span> <span class='ocrx_word' id='word_1_5' title='bbox 2252 381 2704 444; x_wconf 81' lang='lat' dir='ltr'><strong>TAURlNENSlS</strong></span> <span class='ocrx_word' id='word_1_6' title='bbox 3664 394 3784 467; x_wconf 65' lang='lat' dir='ltr'><strong>sis</strong></span> 
     </span>
    </p>
   </div>
   <div class='ocr_carea' id='block_1_2' title="bbox 488 497 3777 578">
    <p class='ocr_par' dir='ltr' id='par_1_2' title="bbox 488 497 3777 578">
     <span class='ocr_line' id='line_1_2' title="bbox 488 497 3777 578; baseline 0.004 -29"><span class='ocrx_word' id='word_1_7' title='bbox 488 498 664 556; x_wconf 76' lang='lat' dir='ltr'><strong>ll’sal.</strong></span> <span class='ocrx_word' id='word_1_8' title='bbox 726 497 836 565; x_wconf 73' lang='grc' dir='ltr'>ιι).</span> <span class='ocrx_word' id='word_1_9' title='bbox 896 497 1156 565; x_wconf 91' lang='lat' dir='ltr'><strong>Cognovit</strong></span> <span class='ocrx_word' id='word_1_10' title='bbox 1202 499 1362 566; x_wconf 88' lang='lat' dir='ltr'><strong>igitur</strong></span> <span class='ocrx_word' id='word_1_11' title='bbox 1403 501 1487 554; x_wconf 84' lang='lat' dir='ltr'><strong>hic</strong></span> <span class='ocrx_word' id='word_1_12' title='bbox 1536 500 1675 554; x_wconf 91' lang='lat' dir='ltr'><strong>latro</strong></span> <span class='ocrx_word' id='word_1_13' title='bbox 1721 515 1936 555; x_wconf 90' lang='lat' dir='ltr'><strong>omnem</strong></span> <span class='ocrx_word' id='word_1_14' title='bbox 1981 499 2082 554; x_wconf 89' lang='lat' dir='ltr'><strong>Do-</strong></span> <span class='ocrx_word' id='word_1_15' title='bbox 2105 516 2152 570; x_wconf 72' lang='grc' dir='ltr'><strong>Α</strong></span> <span class='ocrx_word' id='word_1_16' title='bbox 2186 499 2502 555; x_wconf 79' lang='lat' dir='ltr'><strong>Potestatem</strong></span> <span class='ocrx_word' id='word_1_17' title='bbox 2531 503 2693 558; x_wconf 86' lang='lat' dir='ltr'><strong>habeo</strong></span> <span class='ocrx_word' id='word_1_18' title='bbox 2723 506 2945 573; x_wconf 89' lang='lat' dir='ltr'><strong>ponendi</strong></span> <span class='ocrx_word' id='word_1_19' title='bbox 2980 509 3208 561; x_wconf 82' lang='lat' dir='ltr'><strong>animum</strong></span> <span class='ocrx_word' id='word_1_20' title='bbox 3239 525 3406 561; x_wconf 88' lang='lat' dir='ltr'><strong>meam</strong></span> <span class='ocrx_word' id='word_1_21' title='bbox 3431 549 3443 571; x_wconf 95' lang='lat'><strong>,</strong></span> <span class='ocrx_word' id='word_1_22' title='bbox 3474 518 3522 561; x_wconf 88' lang='lat' dir='ltr'><strong>et</strong></span> <span class='ocrx_word' id='word_1_23' title='bbox 3548 520 3777 578; x_wconf 81' lang='lat' dir='ltr'><strong>potesta-</strong></span> 
     </span>
    </p>
   </div>
   <div class='ocr_carea' id='block_1_3' title="bbox 487 586 3782 664">
    <p class='ocr_par' dir='ltr' id='par_1_3' title="bbox 487 586 3782 664">
     <span class='ocr_line' id='line_1_3' title="bbox 487 586 3782 664; baseline 0.005 -29"><span class='ocrx_word' id='word_1_24' title='bbox 487 586 618 637; x_wconf 84' lang='lat' dir='ltr'><strong>mini</strong></span> <span class='ocrx_word' id='word_1_25' title='bbox 650 589 955 654; x_wconf 80' lang='lat' dir='ltr'><strong>passionem</strong></span> <span class='ocrx_word' id='word_1_26' title='bbox 983 603 1051 643; x_wconf 79' lang='lat' dir='ltr'><strong>ex</strong></span> <span class='ocrx_word' id='word_1_27' title='bbox 1088 589 1256 659; x_wconf 86' lang='lat' dir='ltr'><strong>ipsius</strong></span> <span class='ocrx_word' id='word_1_28' title='bbox 1278 588 1391 642; x_wconf 87' lang='lat' dir='ltr'><strong>fieri</strong></span> <span class='ocrx_word' id='word_1_29' title='bbox 1423 591 1726 654; x_wconf 73' lang='lat' dir='ltr'><strong>voluntate,</strong></span> <span class='ocrx_word' id='word_1_30' title='bbox 1760 599 1815 644; x_wconf 91' lang='lat' dir='ltr'><strong>et</strong></span> <span class='ocrx_word' id='word_1_31' title='bbox 1837 591 1889 644; x_wconf 89' lang='lat' dir='ltr'><strong>in</strong></span> <span class='ocrx_word' id='word_1_32' title='bbox 1918 598 2075 658; x_wconf 81' lang='lat' dir='ltr'><strong>pote-</strong></span> <span class='ocrx_word' id='word_1_33' title='bbox 2184 599 2283 642; x_wconf 90' lang='lat' dir='ltr'><strong>tem</strong></span> <span class='ocrx_word' id='word_1_34' title='bbox 2312 590 2474 643; x_wconf 81' lang='lat' dir='ltr'><strong><em>habeo</em></strong></span> <span class='ocrx_word' id='word_1_35' title='bbox 2502 593 2658 660; x_wconf 72' lang='grc'><strong>160</strong></span> <span class='ocrx_word' id='word_1_36' title='bbox 2674 594 2858 646; x_wconf 84' lang='lat' dir='ltr'><strong>iterum</strong></span> <span class='ocrx_word' id='word_1_37' title='bbox 2882 595 3114 648; x_wconf 86' lang='lat' dir='ltr'><strong>sumendi</strong></span> <span class='ocrx_word' id='word_1_38' title='bbox 3135 612 3249 649; x_wconf 88' lang='lat' dir='ltr'><strong>eam</strong></span> <span class='ocrx_word' id='word_1_39' title='bbox 3273 595 3452 664; x_wconf 80' lang='lat' dir='ltr'><strong>(Joan.</strong></span> <span class='ocrx_word' id='word_1_40' title='bbox 3487 598 3559 662; x_wconf 77' lang='grc' dir='ltr'><strong>χ).</strong></span> <span class='ocrx_word' id='word_1_41' title='bbox 3592 595 3782 664; x_wconf 78' lang='lat' dir='ltr'><strong>Usque</strong></span> 
     </span>
    </p>
   </div>
   <div class='ocr_carea' id='block_1_4' title="bbox 484 677 3773 753">
    <p class='ocr_par' dir='ltr' id='par_1_4' title="bbox 484 677 3773 753">
     <span class='ocr_line' id='line_1_4' title="bbox 484 677 3773 753; baseline 0.002 -23"><span class='ocrx_word' id='word_1_42' title='bbox 484 685 627 730; x_wconf 89' lang='lat' dir='ltr'><strong>state</strong></span> <span class='ocrx_word' id='word_1_43' title='bbox 655 677 772 745; x_wconf 88' lang='lat' dir='ltr'><strong>ejus</strong></span> <span class='ocrx_word' id='word_1_44' title='bbox 795 694 914 733; x_wconf 89' lang='lat' dir='ltr'><strong>esse</strong></span> <span class='ocrx_word' id='word_1_45' title='bbox 935 680 1020 734; x_wconf 85' lang='lat' dir='ltr'><strong>vel</strong></span> <span class='ocrx_word' id='word_1_46' title='bbox 1047 689 1070 717; x_wconf 76' lang='grc' dir='ltr'><strong>ι</strong></span> <span class='ocrx_word' id='word_1_47' title='bbox 1099 681 1257 734; x_wconf 82' lang='lat' dir='ltr'><strong>morti</strong></span> <span class='ocrx_word' id='word_1_48' title='bbox 1286 681 1442 750; x_wconf 79' lang='lat'><strong>159</strong></span> <span class='ocrx_word' id='word_1_49' title='bbox 1469 681 1701 734; x_wconf 91' lang='lat' dir='ltr'><strong>animam</strong></span> <span class='ocrx_word' id='word_1_50' title='bbox 1733 681 1968 746; x_wconf 80' lang='lat' dir='ltr'><strong>tradere,</strong></span> <span class='ocrx_word' id='word_1_51' title='bbox 1992 681 2076 734; x_wconf 88' lang='lat' dir='ltr'><strong>vel</strong></span> <span class='ocrx_word' id='word_1_52' title='bbox 2183 678 2320 733; x_wconf 85' lang='lat' dir='ltr'><strong>adeo</strong></span> <span class='ocrx_word' id='word_1_53' title='bbox 2347 687 2528 734; x_wconf 88' lang='lat' dir='ltr'><strong>autem</strong></span> <span class='ocrx_word' id='word_1_54' title='bbox 2566 680 2716 734; x_wconf 90' lang='lat' dir='ltr'><strong>illum</strong></span> <span class='ocrx_word' id='word_1_55' title='bbox 2747 681 2975 737; x_wconf 83' lang='lat' dir='ltr'><strong>liberum</strong></span> <span class='ocrx_word' id='word_1_56' title='bbox 3011 685 3078 738; x_wconf 93' lang='lat' dir='ltr'><strong>ab</strong></span> <span class='ocrx_word' id='word_1_57' title='bbox 3110 683 3302 738; x_wconf 87' lang='lat' dir='ltr'><strong>inferni</strong></span> <span class='ocrx_word' id='word_1_58' title='bbox 3335 685 3542 752; x_wconf 77' lang='lat' dir='ltr'><strong>legibus</strong></span> <span class='ocrx_word' id='word_1_59' title='bbox 3565 684 3773 753; x_wconf 82' lang='lat' dir='ltr'><strong>judica-</strong></span> 
     </span>
    </p>
   </div>
   <div class='ocr_carea' id='block_1_5' title="bbox 484 768 3369 844">
    <p class='ocr_par' dir='ltr' id='par_1_5' title="bbox 484 768 3369 844">
     <span class='ocr_line' id='line_1_5' title="bbox 484 768 3369 844; baseline 0.002 -24"><span class='ocrx_word' id='word_1_60' title='bbox 484 768 555 821; x_wconf 87' lang='lat' dir='ltr'><strong>ad</strong></span> <span class='ocrx_word' id='word_1_61' title='bbox 577 770 742 825; x_wconf 90' lang='lat' dir='ltr'><strong>vitam</strong></span> <span class='ocrx_word' id='word_1_62' title='bbox 795 771 989 826; x_wconf 87' lang='lat' dir='ltr'><strong>iterum</strong></span> <span class='ocrx_word' id='word_1_63' title='bbox 1039 787 1282 827; x_wconf 86' lang='lat' dir='ltr'><strong>remeare</strong></span> <span class='ocrx_word' id='word_1_64' title='bbox 1300 813 1316 838; x_wconf 96' lang='lat'><strong>,</strong></span> <span class='ocrx_word' id='word_1_65' title='bbox 1363 776 1500 827; x_wconf 85' lang='lat' dir='ltr'><strong>sicut</strong></span> <span class='ocrx_word' id='word_1_66' title='bbox 1528 773 1644 841; x_wconf 87' lang='lat' dir='ltr'><strong>ipse</strong></span> <span class='ocrx_word' id='word_1_67' title='bbox 1674 771 1931 826; x_wconf 92' lang='lat' dir='ltr'><strong>Dominus</strong></span> <span class='ocrx_word' id='word_1_68' title='bbox 1959 772 2035 825; x_wconf 90' lang='lat' dir='ltr'><strong>ait</strong></span> <span class='ocrx_word' id='word_1_69' title='bbox 2059 789 2072 823; x_wconf 89' lang='lat'><strong>:</strong></span> <span class='ocrx_word' id='word_1_70' title='bbox 2182 770 2278 835; x_wconf 86' lang='lat' dir='ltr'><strong>vit,</strong></span> <span class='ocrx_word' id='word_1_71' title='bbox 2304 776 2360 824; x_wconf 93' lang='lat' dir='ltr'><strong>ut</strong></span> <span class='ocrx_word' id='word_1_72' title='bbox 2388 770 2553 825; x_wconf 88' lang='lat' dir='ltr'><strong>etiam</strong></span> <span class='ocrx_word' id='word_1_73' title='bbox 2581 786 2642 827; x_wconf 87' lang='lat' dir='ltr'><strong>se</strong></span> <span class='ocrx_word' id='word_1_74' title='bbox 2665 772 2734 828; x_wconf 89' lang='lat' dir='ltr'><strong>ab</strong></span> <span class='ocrx_word' id='word_1_75' title='bbox 2761 773 2828 827; x_wconf 93' lang='lat' dir='ltr'><strong>iis</strong></span> <span class='ocrx_word' id='word_1_76' title='bbox 2858 781 3106 844; x_wconf 85' lang='lat' dir='ltr'><strong>posceret</strong></span> <span class='ocrx_word' id='word_1_77' title='bbox 3134 774 3369 830; x_wconf 75' lang='lat' dir='ltr'><strong>liberari.</strong></span> 
     </span>
    </p>
   </div>
   <div class='ocr_carea' id='block_1_6' title="bbox 1858 880 2383 940">
    <p class='ocr_par' dir='ltr' id='par_1_6' title="bbox 1858 880 2383 940">
     <span class='ocr_line' id='line_1_6' title="bbox 1858 880 2383 940; baseline -0.002 0"><span class='ocrx_word' id='word_1_78' title='bbox 1858 880 2201 940; x_wconf 80' lang='lat' dir='ltr'><strong>HOMILIA</strong></span> <span class='ocrx_word' id='word_1_79' title='bbox 2251 881 2383 940; x_wconf 86' lang='lat' dir='ltr'><strong>LII.</strong></span> 
     </span>
    </p>
   </div>
   <div class='ocr_carea' id='block_1_7' title="bbox 1767 980 2484 1036">
    <p class='ocr_par' dir='ltr' id='par_1_7' title="bbox 1767 980 2484 1036">
     <span class='ocr_line' id='line_1_7' title="bbox 1767 980 2484 1036; baseline -0.003 0"><span class='ocrx_word' id='word_1_80' title='bbox 1767 983 1843 1036; x_wconf 87' lang='lat' dir='ltr'><strong>De</strong></span> <span class='ocrx_word' id='word_1_81' title='bbox 1874 983 2052 1034; x_wconf 86' lang='lat' dir='ltr'><strong>eodem</strong></span> <span class='ocrx_word' id='word_1_82' title='bbox 2075 981 2136 1036; x_wconf 92' lang='lat' dir='ltr'><strong>S.</strong></span> <span class='ocrx_word' id='word_1_83' title='bbox 2165 982 2368 1034; x_wconf 94' lang='lat' dir='ltr'><strong>latrone</strong></span> <span class='ocrx_word' id='word_1_84' title='bbox 2399 980 2484 1034; x_wconf 87' lang='lat' dir='ltr'><strong>II.</strong></span> 
     </span>
    </p>
   </div>
   <div class='ocr_carea' id='block_1_8' title="bbox 1923 1072 2316 1127">
    <p class='ocr_par' dir='ltr' id='par_1_8' title="bbox 1923 1072 2316 1127">
     <span class='ocr_line' id='line_1_8' title="bbox 1923 1072 2316 1127; baseline -0.003 0"><span class='ocrx_word' id='word_1_85' title='bbox 1923 1072 2316 1127; x_wconf 82' lang='lat' dir='ltr'><strong>ADMONITIO.</strong></span> 
     </span>
    </p>
   </div>
   <div class='ocr_carea' id='block_1_9' title="bbox 557 1168 3772 1252">
    <p class='ocr_par' dir='ltr' id='par_1_9' title="bbox 557 1168 3772 1252">
     <span class='ocr_line' id='line_1_9' title="bbox 557 1168 3772 1252; baseline -0.001 -27"><span class='ocrx_word' id='word_1_86' title='bbox 557 1171 708 1241; x_wconf 78' lang='lat'><strong>161</strong></span> <span class='ocrx_word' id='word_1_87' title='bbox 751 1171 982 1252; x_wconf 81' lang='lat' dir='ltr'><strong>_A_flinem</strong></span> <span class='ocrx_word' id='word_1_88' title='bbox 1024 1187 1144 1252; x_wconf 79' lang='lat' dir='ltr'><strong>esse</strong></span> <span class='ocrx_word' id='word_1_89' title='bbox 1189 1170 1450 1252; x_wconf 76' lang='lat' dir='ltr'><strong>superiori</strong></span> <span class='ocrx_word' id='word_1_90' title='bbox 1496 1171 1653 1252; x_wconf 61' lang='lat' dir='ltr'><strong>hanc</strong></span> <span class='ocrx_word' id='word_1_91' title='bbox 1674 1168 1952 1252; x_wconf 37' lang='lat' dir='ltr'><strong>horai-liam</strong></span> <span class='ocrx_word' id='word_1_92' title='bbox 1981 1168 2155 1252; x_wconf 69' lang='lat' dir='ltr'><strong>primo</strong></span> <span class='ocrx_word' id='word_1_93' title='bbox 2182 1169 2632 1252; x_wconf 35' lang='lat' dir='ltr'><strong>quisqueninntuitu</strong></span> <span class='ocrx_word' id='word_1_94' title='bbox 2659 1177 2936 1252; x_wconf 62' lang='lat' dir='ltr'><strong>agnoscet,</strong></span> <span class='ocrx_word' id='word_1_95' title='bbox 2966 1169 3357 1252; x_wconf 63' lang='lat' dir='ltr'><strong>cumejusdem</strong></span> <span class='ocrx_word' id='word_1_96' title='bbox 3387 1170 3608 1252; x_wconf 73' lang='lat' dir='ltr'><strong>latronis</strong></span> <span class='ocrx_word' id='word_1_97' title='bbox 3637 1170 3772 1252; x_wconf 72' lang='lat' dir='ltr'><strong>fiths</strong></span> 
     </span>
    </p>
   </div>
   <div class='ocr_carea' id='block_1_10' title="bbox 478 1238 3773 1309">
    <p class='ocr_par' dir='ltr' id='par_1_10' title="bbox 478 1238 3773 1309">
     <span class='ocr_line' id='line_1_10' title="bbox 478 1238 3773 1309; baseline -0 -15"><span class='ocrx_word' id='word_1_98' title='bbox 478 1238 908 1303; x_wconf 60' lang='lat' dir='ltr'><strong>eamme—ndetur,</strong></span> <span class='ocrx_word' id='word_1_99' title='bbox 940 1243 1199 1309; x_wconf 87' lang='lat' dir='ltr'><strong>novisque</strong></span> <span class='ocrx_word' id='word_1_100' title='bbox 1227 1238 1344 1308; x_wconf 83' lang='lat' dir='ltr'><strong>ejus</strong></span> <span class='ocrx_word' id='word_1_101' title='bbox 1372 1240 1690 1295; x_wconf 81' lang='lat' dir='ltr'><strong>excellentia</strong></span> <span class='ocrx_word' id='word_1_102' title='bbox 1730 1239 2030 1309; x_wconf 79' lang='lat' dir='ltr'><strong>rationibus</strong></span> <span class='ocrx_word' id='word_1_103' title='bbox 2056 1238 2371 1309; x_wconf 73' lang='lat' dir='ltr'><strong>illustratur.</strong></span> <span class='ocrx_word' id='word_1_104' title='bbox 2403 1238 2495 1291; x_wconf 93' lang='lat' dir='ltr'><strong>Illa</strong></span> <span class='ocrx_word' id='word_1_105' title='bbox 2527 1239 2689 1309; x_wconf 82' lang='lat' dir='ltr'><strong>igitur</strong></span> <span class='ocrx_word' id='word_1_106' title='bbox 2736 1239 2968 1292; x_wconf 89' lang='lat' dir='ltr'><strong>indubiis</strong></span> <span class='ocrx_word' id='word_1_107' title='bbox 2995 1240 3243 1309; x_wconf 86' lang='lat' dir='ltr'><strong>codicum</strong></span> <span class='ocrx_word' id='word_1_108' title='bbox 3270 1249 3324 1292; x_wconf 92' lang='lat' dir='ltr'><strong>et</strong></span> <span class='ocrx_word' id='word_1_109' title='bbox 3361 1241 3623 1293; x_wconf 71' lang='lat' dir='ltr'><strong>editorum</strong></span> <span class='ocrx_word' id='word_1_110' title='bbox 3656 1242 3773 1294; x_wconf 87' lang='lat' dir='ltr'><strong>suf-</strong></span> 
     </span>
    </p>
   </div>
   <div class='ocr_carea' id='block_1_11' title="bbox 478 1306 3774 1378">
    <p class='ocr_par' dir='ltr' id='par_1_11' title="bbox 478 1306 3774 1378">
     <span class='ocr_line' id='line_1_11' title="bbox 478 1306 3774 1378; baseline -0 -17"><span class='ocrx_word' id='word_1_111' title='bbox 478 1310 662 1376; x_wconf 77' lang='lat' dir='ltr'><strong>fragiis</strong></span> <span class='ocrx_word' id='word_1_112' title='bbox 690 1310 746 1364; x_wconf 90' lang='lat' dir='ltr'><strong>S.</strong></span> <span class='ocrx_word' id='word_1_113' title='bbox 781 1310 1012 1365; x_wconf 78' lang='lat' dir='ltr'><strong>Maximo</strong></span> <span class='ocrx_word' id='word_1_114' title='bbox 1034 1306 1322 1374; x_wconf 79' lang='lat' dir='ltr'><strong>vindicata,</strong></span> <span class='ocrx_word' id='word_1_115' title='bbox 1353 1311 1492 1364; x_wconf 90' lang='lat' dir='ltr'><strong>hanc</strong></span> <span class='ocrx_word' id='word_1_116' title='bbox 1530 1310 1629 1362; x_wconf 90' lang='lat' dir='ltr'><strong>sibi</strong></span> <span class='ocrx_word' id='word_1_117' title='bbox 1658 1309 1858 1362; x_wconf 85' lang='lat' dir='ltr'><strong>sociam</strong></span> <span class='ocrx_word' id='word_1_118' title='bbox 1889 1307 2156 1378; x_wconf 77' lang='lat' dir='ltr'><strong>adsciscit.</strong></span> <span class='ocrx_word' id='word_1_119' title='bbox 2188 1306 2372 1378; x_wconf 73' lang='lat' dir='ltr'><strong>Neque</strong></span> <span class='ocrx_word' id='word_1_120' title='bbox 2396 1324 2525 1378; x_wconf 80' lang='lat' dir='ltr'><strong>vero</strong></span> <span class='ocrx_word' id='word_1_121' title='bbox 2554 1308 2618 1360; x_wconf 92' lang='lat' dir='ltr'><strong>ad</strong></span> <span class='ocrx_word' id='word_1_122' title='bbox 2659 1309 2710 1361; x_wconf 92' lang='lat' dir='ltr'><strong>id</strong></span> <span class='ocrx_word' id='word_1_123' title='bbox 2742 1308 3131 1362; x_wconf 88' lang='lat' dir='ltr'><strong>ostendendum</strong></span> <span class='ocrx_word' id='word_1_124' title='bbox 3163 1309 3467 1375; x_wconf 88' lang='lat' dir='ltr'><strong>peculiares</strong></span> <span class='ocrx_word' id='word_1_125' title='bbox 3496 1312 3774 1378; x_wconf 84' lang='lat' dir='ltr'><strong>probatio-</strong></span> 
     </span>
    </p>
   </div>
   <div class='ocr_carea' id='block_1_12' title="bbox 430 1375 3773 1446">
    <p class='ocr_par' dir='ltr' id='par_1_12' title="bbox 430 1375 3773 1446">
     <span class='ocr_line' id='line_1_12' title="bbox 430 1375 3773 1446; baseline 0 -14"><span class='ocrx_word' id='word_1_126' title='bbox 430 1424 432 1427; x_wconf 48' lang='grc' dir='ltr'><strong><em>τ</em></strong></span> <span class='ocrx_word' id='word_1_127' title='bbox 478 1375 581 1432; x_wconf 64' lang='grc' dir='ltr'><strong>υθέ</strong></span> <span class='ocrx_word' id='word_1_128' title='bbox 605 1384 899 1446; x_wconf 79' lang='lat' dir='ltr'><strong>congerere</strong></span> <span class='ocrx_word' id='word_1_129' title='bbox 920 1382 1075 1434; x_wconf 90' lang='lat' dir='ltr'><strong>nobis</strong></span> <span class='ocrx_word' id='word_1_130' title='bbox 1096 1397 1229 1446; x_wconf 89' lang='lat' dir='ltr'><strong>opus</strong></span> <span class='ocrx_word' id='word_1_131' title='bbox 1254 1388 1418 1444; x_wconf 84' lang='lat' dir='ltr'><strong>esset,</strong></span> <span class='ocrx_word' id='word_1_132' title='bbox 1449 1379 1550 1433; x_wconf 88' lang='lat' dir='ltr'><strong>nisi</strong></span> <span class='ocrx_word' id='word_1_133' title='bbox 1579 1378 1752 1446; x_wconf 87' lang='lat' dir='ltr'><strong>majus</strong></span> <span class='ocrx_word' id='word_1_134' title='bbox 1774 1383 2027 1446; x_wconf 86' lang='lat' dir='ltr'><strong>astruere</strong></span> <span class='ocrx_word' id='word_1_135' title='bbox 2043 1377 2286 1446; x_wconf 71' lang='lat' dir='ltr'><strong>veritatis</strong></span> <span class='ocrx_word' id='word_1_136' title='bbox 2314 1375 2717 1430; x_wconf 79' lang='lat' dir='ltr'><strong>fundamentum</strong></span> <span class='ocrx_word' id='word_1_137' title='bbox 2747 1378 3103 1446; x_wconf 82' lang='lat' dir='ltr'><strong>studeremus.</strong></span> <span class='ocrx_word' id='word_1_138' title='bbox 3128 1378 3371 1443; x_wconf 85' lang='lat' dir='ltr'><strong>Quatuor</strong></span> <span class='ocrx_word' id='word_1_139' title='bbox 3399 1375 3527 1445; x_wconf 78' lang='lat' dir='ltr'><strong>ergo</strong></span> <span class='ocrx_word' id='word_1_140' title='bbox 3557 1380 3773 1432; x_wconf 87' lang='lat' dir='ltr'><strong>codices</strong></span> 
     </span>
    </p>
   </div>
   <div class='ocr_carea' id='block_1_13' title="bbox 477 1443 3767 1517">
    <p class='ocr_par' dir='ltr' id='par_1_13' title="bbox 477 1443 3767 1517">
     <span class='ocr_line' id='line_1_13' title="bbox 477 1443 3767 1517; baseline -0 -16"><span class='ocrx_word' id='word_1_141' title='bbox 477 1443 767 1510; x_wconf 74' lang='lat' dir='ltr'><strong>all‘erimus,</strong></span> <span class='ocrx_word' id='word_1_142' title='bbox 800 1465 994 1517; x_wconf 85' lang='lat' dir='ltr'><strong>nempe</strong></span> <span class='ocrx_word' id='word_1_143' title='bbox 1021 1449 1075 1503; x_wconf 89' lang='lat' dir='ltr'><strong>S.</strong></span> <span class='ocrx_word' id='word_1_144' title='bbox 1112 1443 1298 1504; x_wconf 89' lang='lat' dir='ltr'><strong>Crucis</strong></span> <span class='ocrx_word' id='word_1_145' title='bbox 1327 1451 1379 1502; x_wconf 92' lang='lat' dir='ltr'><strong>in</strong></span> <span class='ocrx_word' id='word_1_146' title='bbox 1405 1443 1699 1503; x_wconf 75' lang='lat' dir='ltr'><strong>Jerusalem</strong></span> <span class='ocrx_word' id='word_1_147' title='bbox 1729 1445 1815 1509; x_wconf 86' lang='lat'><strong>99,</strong></span> <span class='ocrx_word' id='word_1_148' title='bbox 1849 1445 2066 1517; x_wconf 81' lang='lat' dir='ltr'><strong>homilia</strong></span> <span class='ocrx_word' id='word_1_149' title='bbox 2097 1444 2193 1517; x_wconf 71' lang='lat'><strong>48_,</strong></span> <span class='ocrx_word' id='word_1_150' title='bbox 2215 1443 2646 1517; x_wconf 69' lang='lat' dir='ltr'><strong>Sat_igalle‘nsem,_</strong></span> <span class='ocrx_word' id='word_1_151' title='bbox 2665 1447 2850 1499; x_wconf 92' lang='lat' dir='ltr'><strong>homil.</strong></span> <span class='ocrx_word' id='word_1_152' title='bbox 2880 1445 2966 1510; x_wconf 83' lang='lat'><strong>65,</strong></span> <span class='ocrx_word' id='word_1_153' title='bbox 3001 1455 3056 1500; x_wconf 91' lang='lat' dir='ltr'><strong>et</strong></span> <span class='ocrx_word' id='word_1_154' title='bbox 3087 1443 3505 1517; x_wconf 82' lang='lat' dir='ltr'><strong>Laurentianum</strong></span> <span class='ocrx_word' id='word_1_155' title='bbox 3536 1466 3586 1508; x_wconf 81' lang='grc' dir='ltr'>ιι,</span> <span class='ocrx_word' id='word_1_156' title='bbox 3623 1448 3767 1501; x_wconf 80' lang='lat' dir='ltr'><strong>Plut.</strong></span> 
     </span>
    </p>
   </div>
   <div class='ocr_carea' id='block_1_14' title="bbox 477 1513 3771 1589">
    <p class='ocr_par' dir='ltr' id='par_1_14' title="bbox 477 1513 3771 1589">
     <span class='ocr_line' id='line_1_14' title="bbox 477 1513 3771 1589; baseline -0.001 -19"><span class='ocrx_word' id='word_1_157' title='bbox 477 1533 587 1582; x_wconf 71' lang='lat' dir='ltr'><strong>xsv,</strong></span> <span class='ocrx_word' id='word_1_158' title='bbox 619 1517 897 1589; x_wconf 60' lang='lat' dir='ltr'><strong>pag.285,</strong></span> <span class='ocrx_word' id='word_1_159' title='bbox 929 1513 1049 1572; x_wconf 77' lang='lat' dir='ltr'><strong>cum</strong></span> <span class='ocrx_word' id='word_1_160' title='bbox 1079 1520 1235 1573; x_wconf 86' lang='lat' dir='ltr'><strong>titulo</strong></span> <span class='ocrx_word' id='word_1_161' title='bbox 1267 1537 1279 1572; x_wconf 90' lang='lat'><strong>:</strong></span> <span class='ocrx_word' id='word_1_162' title='bbox 1316 1518 1447 1571; x_wconf 84' lang='lat' dir='ltr'><strong>Item</strong></span> <span class='ocrx_word' id='word_1_163' title='bbox 1473 1518 1756 1589; x_wconf 73' lang='lat' dir='ltr'><strong>sequentia,</strong></span> <span class='ocrx_word' id='word_1_164' title='bbox 1789 1524 1845 1589; x_wconf 83' lang='lat' dir='ltr'><strong>et</strong></span> <span class='ocrx_word' id='word_1_165' title='bbox 1871 1515 2111 1589; x_wconf 79' lang='lat' dir='ltr'><strong>codicem</strong></span> <span class='ocrx_word' id='word_1_166' title='bbox 2153 1513 2538 1589; x_wconf 74' lang='lat' dir='ltr'><strong>Taurinensern</strong></span> <span class='ocrx_word' id='word_1_167' title='bbox 2569 1533 2580 1566; x_wconf 95' lang='lat'>:</span> <span class='ocrx_word' id='word_1_168' title='bbox 2618 1514 2752 1589; x_wconf 81' lang='lat' dir='ltr'><strong>Item</strong></span> <span class='ocrx_word' id='word_1_169' title='bbox 2791 1517 2856 1568; x_wconf 87' lang='lat' dir='ltr'><strong>de</strong></span> <span class='ocrx_word' id='word_1_170' title='bbox 2882 1518 3080 1589; x_wconf 54' lang='lat' dir='ltr'><strong>eodem,</strong></span> <span class='ocrx_word' id='word_1_171' title='bbox 3117 1517 3180 1589; x_wconf 84' lang='lat' dir='ltr'><strong>de</strong></span> <span class='ocrx_word' id='word_1_172' title='bbox 3221 1516 3370 1589; x_wconf 61' lang='lat' dir='ltr'><strong>beato</strong></span> <span class='ocrx_word' id='word_1_173' title='bbox 3416 1516 3570 1589; x_wconf 66' lang='lat' dir='ltr'><strong>Petra</strong></span> <span class='ocrx_word' id='word_1_174' title='bbox 3596 1527 3644 1569; x_wconf 89' lang='lat' dir='ltr'><strong>et</strong></span> <span class='ocrx_word' id='word_1_175' title='bbox 3672 1534 3771 1569; x_wconf 82' lang='lat' dir='ltr'><strong>an-</strong></span> 
     </span>
    </p>
   </div>
   <div class='ocr_carea' id='block_1_15' title="bbox 475 1583 3768 1656">
    <p class='ocr_par' dir='ltr' id='par_1_15' title="bbox 475 1583 3768 1656">
     <span class='ocr_line' id='line_1_15' title="bbox 475 1583 3768 1656; baseline -0.001 -16"><span class='ocrx_word' id='word_1_176' title='bbox 475 1583 632 1640; x_wconf 51' lang='lat' dir='ltr'><strong>cilla;</strong></span> <span class='ocrx_word' id='word_1_177' title='bbox 663 1583 910 1656; x_wconf 80' lang='lat' dir='ltr'><strong>Editores</strong></span> <span class='ocrx_word' id='word_1_178' title='bbox 947 1604 1107 1656; x_wconf 85' lang='lat' dir='ltr'><strong>supra</strong></span> <span class='ocrx_word' id='word_1_179' title='bbox 1137 1590 1291 1643; x_wconf 87' lang='lat' dir='ltr'><strong>relati</strong></span> <span class='ocrx_word' id='word_1_180' title='bbox 1321 1583 1552 1642; x_wconf 82' lang='lat' dir='ltr'><strong>similem</strong></span> <span class='ocrx_word' id='word_1_181' title='bbox 1595 1587 1718 1639; x_wconf 88' lang='lat' dir='ltr'><strong>huic</strong></span> <span class='ocrx_word' id='word_1_182' title='bbox 1759 1584 2104 1656; x_wconf 74' lang='lat' dir='ltr'><strong>epigraphem</strong></span> <span class='ocrx_word' id='word_1_183' title='bbox 2147 1593 2459 1656; x_wconf 78' lang='lat' dir='ltr'><strong>posuerunt.</strong></span> <span class='ocrx_word' id='word_1_184' title='bbox 2501 1583 2792 1656; x_wconf 84' lang='lat' dir='ltr'><strong>Gymnicus</strong></span> <span class='ocrx_word' id='word_1_185' title='bbox 2822 1599 2951 1656; x_wconf 68' lang='lat' dir='ltr'><strong>pag.</strong></span> <span class='ocrx_word' id='word_1_186' title='bbox 2975 1585 3205 1656; x_wconf 68' lang='lat' dir='ltr'><strong>j29,_ita</strong></span> <span class='ocrx_word' id='word_1_187' title='bbox 3236 1585 3401 1656; x_wconf 80' lang='lat' dir='ltr'><strong>habet</strong></span> <span class='ocrx_word' id='word_1_188' title='bbox 3433 1604 3445 1636; x_wconf 88' lang='lat'><strong>:</strong></span> <span class='ocrx_word' id='word_1_189' title='bbox 3473 1585 3551 1637; x_wconf 80' lang='lat' dir='ltr'><strong>De</strong></span> <span class='ocrx_word' id='word_1_190' title='bbox 3587 1589 3768 1639; x_wconf 85' lang='lat' dir='ltr'><strong>eodem</strong></span> 
     </span>
    </p>
   </div>
   <div class='ocr_carea' id='block_1_16' title="bbox 457 1650 3767 1726">
    <p class='ocr_par' dir='ltr' id='par_1_16' title="bbox 457 1650 3767 1726">
     <span class='ocr_line' id='line_1_16' title="bbox 457 1650 3767 1726; baseline 0 -19"><span class='ocrx_word' id='word_1_191' title='bbox 457 1657 480 1707; x_wconf 91' lang='grc' dir='ltr'><strong>ι</strong></span> <span class='ocrx_word' id='word_1_192' title='bbox 491 1666 698 1726; x_wconf 70' lang='lat' dir='ltr'><strong>atrone,</strong></span> <span class='ocrx_word' id='word_1_193' title='bbox 730 1666 780 1709; x_wconf 88' lang='lat' dir='ltr'><strong>et</strong></span> <span class='ocrx_word' id='word_1_194' title='bbox 812 1650 966 1710; x_wconf 82' lang='lat' dir='ltr'><strong>Petro</strong></span> <span class='ocrx_word' id='word_1_195' title='bbox 995 1650 1248 1726; x_wconf 79' lang='lat' dir='ltr'><strong>apostolo,</strong></span> <span class='ocrx_word' id='word_1_196' title='bbox 1279 1667 1328 1710; x_wconf 91' lang='lat' dir='ltr'><strong>et</strong></span> <span class='ocrx_word' id='word_1_197' title='bbox 1357 1657 1550 1710; x_wconf 78' lang='lat' dir='ltr'><strong>ancilla</strong></span> <span class='ocrx_word' id='word_1_198' title='bbox 1577 1650 1814 1726; x_wconf 65' lang='lat' dir='ltr'><strong>ostiaria,</strong></span> <span class='ocrx_word' id='word_1_199' title='bbox 1849 1650 2128 1726; x_wconf 50' lang='lat' dir='ltr'><strong>homil.}.</strong></span> <span class='ocrx_word' id='word_1_200' title='bbox 2149 1650 2472 1726; x_wconf 40' lang='lat' dir='ltr'><strong>&#39;Galesinius</strong></span> <span class='ocrx_word' id='word_1_201' title='bbox 2514 1650 2722 1726; x_wconf 59' lang='lat' dir='ltr'><strong>pariter:</strong></span> <span class='ocrx_word' id='word_1_202' title='bbox 2758 1650 3055 1726; x_wconf 50' lang='lat' dir='ltr'><strong>pag.:f%6,</strong></span> <span class='ocrx_word' id='word_1_203' title='bbox 3101 1654 3425 1726; x_wconf 84' lang='lat' dir='ltr'><strong>Raynaudus</strong></span> <span class='ocrx_word' id='word_1_204' title='bbox 3474 1669 3592 1726; x_wconf 89' lang='lat' dir='ltr'><strong>pag.</strong></span> <span class='ocrx_word' id='word_1_205' title='bbox 3636 1656 3767 1716; x_wconf 76' lang='grc'><strong>215,</strong></span> 
     </span>
    </p>
   </div>
   <div class='ocr_carea' id='block_1_17' title="bbox 473 1720 3772 1796">
    <p class='ocr_par' dir='ltr' id='par_1_17' title="bbox 473 1720 3772 1796">
     <span class='ocr_line' id='line_1_17' title="bbox 473 1720 3772 1796; baseline -0 -18"><span class='ocrx_word' id='word_1_206' title='bbox 473 1725 733 1796; x_wconf 76' lang='lat' dir='ltr'><strong>cumdius</strong></span> <span class='ocrx_word' id='word_1_207' title='bbox 762 1734 905 1796; x_wconf 73' lang='lat' dir='ltr'><strong>.tom.</strong></span> <span class='ocrx_word' id='word_1_208' title='bbox 951 1720 1175 1796; x_wconf 55' lang='lat' dir='ltr'><strong>ll,&#39;pag.</strong></span> <span class='ocrx_word' id='word_1_209' title='bbox 1211 1720 1368 1790; x_wconf 77' lang='grc'>1355,</span> <span class='ocrx_word' id='word_1_210' title='bbox 1413 1726 1745 1794; x_wconf 82' lang='lat' dir='ltr'><strong>Margariuus</strong></span> <span class='ocrx_word' id='word_1_211' title='bbox 1776 1721 1998 1796; x_wconf 26' lang='lat' dir='ltr'><strong>in‘Bibl.</strong></span> <span class='ocrx_word' id='word_1_212' title='bbox 2043 1720 2183 1796; x_wconf 54' lang='lat' dir='ltr'><strong>Max.</strong></span> <span class='ocrx_word' id='word_1_213' title='bbox 2217 1729 2348 1776; x_wconf 92' lang='lat' dir='ltr'><strong>tom.</strong></span> <span class='ocrx_word' id='word_1_214' title='bbox 2384 1722 2467 1796; x_wconf 80' lang='lat' dir='ltr'><strong>Vl,</strong></span> <span class='ocrx_word' id='word_1_215' title='bbox 2501 1720 2624 1790; x_wconf 83' lang='lat' dir='ltr'><strong>pag.</strong></span> <span class='ocrx_word' id='word_1_216' title='bbox 2654 1720 2872 1796; x_wconf 34' lang='lat' dir='ltr'><strong>$5.:His</strong></span> <span class='ocrx_word' id='word_1_217' title='bbox 2903 1723 3063 1796; x_wconf 82' lang='lat' dir='ltr'><strong>igitur</strong></span> <span class='ocrx_word' id='word_1_218' title='bbox 3089 1720 3278 1796; x_wconf 83' lang='lat' dir='ltr'><strong>muniti</strong></span> <span class='ocrx_word' id='word_1_219' title='bbox 3318 1720 3581 1796; x_wconf 60' lang='lat' dir='ltr'><strong>praesidiis</strong></span> <span class='ocrx_word' id='word_1_220' title='bbox 3611 1726 3772 1777; x_wconf 80' lang='lat' dir='ltr'><strong>facile</strong></span> 
     </span>
    </p>
   </div>
   <div class='ocr_carea' id='block_1_18' title="bbox 475 1791 3772 1862">
    <p class='ocr_par' dir='ltr' id='par_1_18' title="bbox 475 1791 3772 1862">
     <span class='ocr_line' id='line_1_18' title="bbox 475 1791 3772 1862; baseline -0 -14"><span class='ocrx_word' id='word_1_221' title='bbox 475 1794 738 1848; x_wconf 89' lang='lat' dir='ltr'><strong>editorem</strong></span> <span class='ocrx_word' id='word_1_222' title='bbox 773 1791 1210 1851; x_wconf 45' lang='lat' dir='ltr'><strong>Parisiensem—et</strong></span> <span class='ocrx_word' id='word_1_223' title='bbox 1241 1796 1513 1850; x_wconf 80' lang='lat' dir='ltr'><strong>Romanos</strong></span> <span class='ocrx_word' id='word_1_224' title='bbox 1535 1791 1608 1850; x_wconf 79' lang='lat' dir='ltr'><strong>de</strong></span> <span class='ocrx_word' id='word_1_225' title='bbox 1637 1791 2318 1862; x_wconf 75' lang='lat' dir='ltr'><strong>suppositionearguimus,</strong></span> <span class='ocrx_word' id='word_1_226' title='bbox 2340 1792 2432 1860; x_wconf 89' lang='lat' dir='ltr'><strong>qui</strong></span> <span class='ocrx_word' id='word_1_227' title='bbox 2455 1807 2576 1862; x_wconf 86' lang='lat' dir='ltr'><strong>eam</strong></span> <span class='ocrx_word' id='word_1_228' title='bbox 2603 1792 2702 1845; x_wconf 87' lang='lat' dir='ltr'><strong>sub</strong></span> <span class='ocrx_word' id='word_1_229' title='bbox 2732 1792 2998 1862; x_wconf 85' lang='lat' dir='ltr'><strong>Ambrosii</strong></span> <span class='ocrx_word' id='word_1_230' title='bbox 3029 1793 3266 1862; x_wconf 75' lang='lat' dir='ltr'><strong>nomine,</strong></span> <span class='ocrx_word' id='word_1_231' title='bbox 3290 1802 3346 1845; x_wconf 89' lang='lat' dir='ltr'><strong>ut</strong></span> <span class='ocrx_word' id='word_1_232' title='bbox 3373 1795 3772 1860; x_wconf 63' lang='lat' dir='ltr'><strong>praecedentes,</strong></span> 
     </span>
    </p>
   </div>
   <div class='ocr_carea' id='block_1_19' title="bbox 474 1859 3772 1927">
    <p class='ocr_par' dir='ltr' id='par_1_19' title="bbox 474 1859 3772 1927">
     <span class='ocr_line' id='line_1_19' title="bbox 474 1859 3772 1927; baseline -0 -11"><span class='ocrx_word' id='word_1_233' title='bbox 474 1865 834 1927; x_wconf 83' lang='lat' dir='ltr'><strong>recudemnt;</strong></span> <span class='ocrx_word' id='word_1_234' title='bbox 865 1866 1021 1919; x_wconf 88' lang='lat' dir='ltr'><strong>sicuti</strong></span> <span class='ocrx_word' id='word_1_235' title='bbox 1053 1867 1266 1920; x_wconf 81' lang='lat' dir='ltr'><strong>codices</strong></span> <span class='ocrx_word' id='word_1_236' title='bbox 1294 1865 1610 1919; x_wconf 85' lang='lat' dir='ltr'><strong>Vaticanum</strong></span> <span class='ocrx_word' id='word_1_237' title='bbox 1651 1859 1812 1925; x_wconf 64' lang='lat'><strong>6452,</strong></span> <span class='ocrx_word' id='word_1_238' title='bbox 1838 1868 1894 1915; x_wconf 91' lang='lat' dir='ltr'><strong>et</strong></span> <span class='ocrx_word' id='word_1_239' title='bbox 1920 1859 2325 1914; x_wconf 89' lang='lat' dir='ltr'><strong>Vallicellanum</strong></span> <span class='ocrx_word' id='word_1_240' title='bbox 2367 1859 2424 1924; x_wconf 86' lang='grc' dir='ltr'>ιι,</span> <span class='ocrx_word' id='word_1_241' title='bbox 2466 1861 2603 1914; x_wconf 88' lang='lat' dir='ltr'><strong>idem</strong></span> <span class='ocrx_word' id='word_1_242' title='bbox 2651 1876 2848 1914; x_wconf 90' lang='lat' dir='ltr'><strong>nomen</strong></span> <span class='ocrx_word' id='word_1_243' title='bbox 2900 1860 3152 1916; x_wconf 86' lang='lat' dir='ltr'><strong>ferentes.</strong></span> <span class='ocrx_word' id='word_1_244' title='bbox 3203 1861 3310 1915; x_wconf 88' lang='lat' dir='ltr'><strong>Sed</strong></span> <span class='ocrx_word' id='word_1_245' title='bbox 3356 1859 3641 1927; x_wconf 80' lang='lat' dir='ltr'><strong>singularis</strong></span> <span class='ocrx_word' id='word_1_246' title='bbox 3685 1873 3772 1916; x_wconf 86' lang='lat' dir='ltr'><strong>est</strong></span> 
     </span>
    </p>
   </div>
   <div class='ocr_carea' id='block_1_20' title="bbox 476 1928 3769 2002">
    <p class='ocr_par' dir='ltr' id='par_1_20' title="bbox 476 1928 3769 2002">
     <span class='ocr_line' id='line_1_20' title="bbox 476 1928 3769 2002; baseline 0 -18"><span class='ocrx_word' id='word_1_247' title='bbox 476 1933 662 2002; x_wconf 69' lang='lat' dir='ltr'><strong>titulus</strong></span> <span class='ocrx_word' id='word_1_248' title='bbox 696 1933 930 1987; x_wconf 70' lang='lat' dir='ltr'><strong>homilim</strong></span> <span class='ocrx_word' id='word_1_249' title='bbox 971 1935 1126 2002; x_wconf 88' lang='lat' dir='ltr'><strong>hujus</strong></span> <span class='ocrx_word' id='word_1_250' title='bbox 1156 1936 1210 1988; x_wconf 92' lang='lat' dir='ltr'><strong>in</strong></span> <span class='ocrx_word' id='word_1_251' title='bbox 1239 1935 1448 1988; x_wconf 80' lang='lat' dir='ltr'><strong>Sixtina</strong></span> <span class='ocrx_word' id='word_1_252' title='bbox 1478 1934 1718 1988; x_wconf 89' lang='lat' dir='ltr'><strong>editione</strong></span> <span class='ocrx_word' id='word_1_253' title='bbox 1753 1953 1764 1986; x_wconf 91' lang='lat'>:</span> <span class='ocrx_word' id='word_1_254' title='bbox 1792 1931 2040 1994; x_wconf 89' lang='lat' dir='ltr'><strong>Collecta,</strong></span> <span class='ocrx_word' id='word_1_255' title='bbox 2070 1945 2226 1999; x_wconf 86' lang='lat' dir='ltr'><strong>quam</strong></span> <span class='ocrx_word' id='word_1_256' title='bbox 2266 1931 2419 1985; x_wconf 89' lang='lat' dir='ltr'><strong>hodie</strong></span> <span class='ocrx_word' id='word_1_257' title='bbox 2459 1930 2585 2002; x_wconf 83' lang='lat' dir='ltr'><strong>legit</strong></span> <span class='ocrx_word' id='word_1_258' title='bbox 2618 1928 2876 1997; x_wconf 74' lang='lat' dir='ltr'><strong>Ecclesia,</strong></span> <span class='ocrx_word' id='word_1_259' title='bbox 2909 1933 3103 2001; x_wconf 82' lang='lat' dir='ltr'><strong>fratres</strong></span> <span class='ocrx_word' id='word_1_260' title='bbox 3132 1932 3407 1996; x_wconf 70' lang='lat' dir='ltr'><strong>carissimi,</strong></span> <span class='ocrx_word' id='word_1_261' title='bbox 3451 1933 3526 1984; x_wconf 87' lang='lat' dir='ltr'><strong>sic</strong></span> <span class='ocrx_word' id='word_1_262' title='bbox 3565 1931 3719 1986; x_wconf 80' lang='lat' dir='ltr'><strong>habet</strong></span> <span class='ocrx_word' id='word_1_263' title='bbox 3750 1949 3769 1984; x_wconf 85' lang='grc'><strong>.-</strong></span> 
     </span>
    </p>
   </div>
   <div class='ocr_carea' id='block_1_21' title="bbox 475 1997 1797 2074">
    <p class='ocr_par' dir='ltr' id='par_1_21' title="bbox 475 1997 1797 2074">
     <span class='ocr_line' id='line_1_21' title="bbox 475 1997 1797 2074; baseline 0.003 -21"><span class='ocrx_word' id='word_1_264' title='bbox 475 1997 637 2066; x_wconf 88' lang='lat' dir='ltr'><strong>Deus,</strong></span> <span class='ocrx_word' id='word_1_265' title='bbox 671 2019 704 2054; x_wconf 91' lang='lat' dir='ltr'><strong>a</strong></span> <span class='ocrx_word' id='word_1_266' title='bbox 731 2021 828 2074; x_wconf 84' lang='lat' dir='ltr'><strong>quo</strong></span> <span class='ocrx_word' id='word_1_267' title='bbox 854 2012 902 2057; x_wconf 83' lang='lat' dir='ltr'><strong>et</strong></span> <span class='ocrx_word' id='word_1_268' title='bbox 929 1997 1098 2058; x_wconf 68' lang='lat' dir='ltr'><strong>ludas</strong></span> <span class='ocrx_word' id='word_1_269' title='bbox 1128 2013 1302 2057; x_wconf 80' lang='lat' dir='ltr'><strong>reatus</strong></span> <span class='ocrx_word' id='word_1_270' title='bbox 1331 2005 1410 2058; x_wconf 89' lang='lat' dir='ltr'><strong>sui</strong></span> <span class='ocrx_word' id='word_1_271' title='bbox 1435 2020 1659 2074; x_wconf 75' lang='lat' dir='ltr'><strong>pernam,</strong></span> <span class='ocrx_word' id='word_1_272' title='bbox 1691 2012 1797 2057; x_wconf 89' lang='lat' dir='ltr'><strong>etc.</strong></span> 
     </span>
    </p>
   </div>
   <div class='ocr_carea' id='block_1_22' title="bbox 474 2109 3768 2184">
    <p class='ocr_par' dir='ltr' id='par_1_22' title="bbox 474 2109 3768 2184">
     <span class='ocr_line' id='line_1_22' title="bbox 474 2109 3768 2184; baseline 0 -20"><span class='ocrx_word' id='word_1_273' title='bbox 474 2111 867 2168; x_wconf 68' lang='lat' dir='ltr'><strong>Anco-usum.</strong></span> <span class='ocrx_word' id='word_1_274' title='bbox 888 2115 1210 2168; x_wconf 88' lang='lat' dir='ltr'><strong>—Primum</strong></span> <span class='ocrx_word' id='word_1_275' title='bbox 1232 2116 1295 2168; x_wconf 85' lang='lat' dir='ltr'><strong>de</strong></span> <span class='ocrx_word' id='word_1_276' title='bbox 1319 2116 1621 2184; x_wconf 70' lang='lat' dir='ltr'><strong>prarstantia</strong></span> <span class='ocrx_word' id='word_1_277' title='bbox 1642 2111 1765 2184; x_wconf 77' lang='lat' dir='ltr'><strong>ﬁdei</strong></span> <span class='ocrx_word' id='word_1_278' title='bbox 1783 2111 2065 2182; x_wconf 83' lang='lat' dir='ltr'><strong>generatim</strong></span> <span class='ocrx_word' id='word_1_279' title='bbox 2096 2113 2143 2172; x_wconf 90' lang='lat' dir='ltr'><strong>B</strong></span> <span class='ocrx_word' id='word_1_280' title='bbox 2169 2111 2364 2164; x_wconf 86' lang='lat' dir='ltr'><strong>radiso.</strong></span> <span class='ocrx_word' id='word_1_281' title='bbox 2417 2109 2536 2165; x_wconf 84' lang='lat' dir='ltr'><strong>Non</strong></span> <span class='ocrx_word' id='word_1_282' title='bbox 2581 2111 2633 2165; x_wconf 93' lang='lat' dir='ltr'><strong>in</strong></span> <span class='ocrx_word' id='word_1_283' title='bbox 2676 2110 2821 2165; x_wconf 88' lang='lat' dir='ltr'><strong>aliud</strong></span> <span class='ocrx_word' id='word_1_284' title='bbox 2861 2109 3104 2165; x_wconf 88' lang='lat' dir='ltr'><strong>differtur</strong></span> <span class='ocrx_word' id='word_1_285' title='bbox 3137 2117 3370 2179; x_wconf 82' lang='lat' dir='ltr'><strong>tempus,</strong></span> <span class='ocrx_word' id='word_1_286' title='bbox 3402 2125 3508 2164; x_wconf 93' lang='lat' dir='ltr'><strong>non</strong></span> <span class='ocrx_word' id='word_1_287' title='bbox 3539 2109 3592 2164; x_wconf 93' lang='lat' dir='ltr'><strong>in</strong></span> <span class='ocrx_word' id='word_1_288' title='bbox 3622 2110 3768 2165; x_wconf 89' lang='lat' dir='ltr'><strong>diem</strong></span> 
     </span>
    </p>
   </div>
   <div class='ocr_carea' id='block_1_23' title="bbox 543 2185 2062 2254">
    <p class='ocr_par' dir='ltr' id='par_1_23' title="bbox 543 2185 2062 2254">
     <span class='ocr_line' id='line_1_23' title="bbox 543 2185 2062 2254; baseline -0.001 -20"><span class='ocrx_word' id='word_1_289' title='bbox 543 2185 737 2254; x_wconf 80' lang='lat' dir='ltr'><strong>agitur;</strong></span> <span class='ocrx_word' id='word_1_290' title='bbox 761 2185 946 2238; x_wconf 88' lang='lat' dir='ltr'><strong>deinde</strong></span> <span class='ocrx_word' id='word_1_291' title='bbox 966 2187 1028 2236; x_wconf 91' lang='lat' dir='ltr'><strong>de</strong></span> <span class='ocrx_word' id='word_1_292' title='bbox 1048 2186 1151 2253; x_wconf 82' lang='lat' dir='ltr'><strong>ﬁde</strong></span> <span class='ocrx_word' id='word_1_293' title='bbox 1174 2185 1233 2237; x_wconf 85' lang='lat' dir='ltr'><strong>S.</strong></span> <span class='ocrx_word' id='word_1_294' title='bbox 1259 2187 1496 2246; x_wconf 80' lang='lat' dir='ltr'><strong>latronis,</strong></span> <span class='ocrx_word' id='word_1_295' title='bbox 1521 2186 1606 2254; x_wconf 85' lang='lat' dir='ltr'><strong>qui</strong></span> <span class='ocrx_word' id='word_1_296' title='bbox 1621 2185 1937 2254; x_wconf 68' lang='lat' dir='ltr'><strong>justiﬁcatus</strong></span> <span class='ocrx_word' id='word_1_297' title='bbox 1967 2191 2062 2244; x_wconf 91' lang='lat' dir='ltr'><strong>est,</strong></span> 
     </span>
    </p>
   </div>
   <div class='ocr_carea' id='block_1_24' title="bbox 544 2251 2068 2323">
    <p class='ocr_par' dir='ltr' id='par_1_24' title="bbox 544 2251 2068 2323">
     <span class='ocr_line' id='line_1_24' title="bbox 544 2251 2068 2323; baseline 0.003 -23"><span class='ocrx_word' id='word_1_298' title='bbox 544 2251 663 2322; x_wconf 81' lang='lat' dir='ltr'><strong>quia</strong></span> <span class='ocrx_word' id='word_1_299' title='bbox 680 2265 845 2306; x_wconf 88' lang='lat' dir='ltr'><strong>certus</strong></span> <span class='ocrx_word' id='word_1_300' title='bbox 868 2255 929 2306; x_wconf 91' lang='lat' dir='ltr'><strong>de</strong></span> <span class='ocrx_word' id='word_1_301' title='bbox 945 2251 1209 2306; x_wconf 80' lang='lat' dir='ltr'><strong>divinitate</strong></span> <span class='ocrx_word' id='word_1_302' title='bbox 1223 2255 1381 2323; x_wconf 74' lang='lat' dir='ltr'><strong>deque</strong></span> <span class='ocrx_word' id='word_1_303' title='bbox 1394 2251 1654 2307; x_wconf 82' lang='lat' dir='ltr'><strong>voluntate</strong></span> <span class='ocrx_word' id='word_1_304' title='bbox 1666 2251 1873 2314; x_wconf 86' lang='lat' dir='ltr'><strong>Christi,</strong></span> <span class='ocrx_word' id='word_1_305' title='bbox 1894 2269 1946 2305; x_wconf 88' lang='lat' dir='ltr'><strong>se</strong></span> <span class='ocrx_word' id='word_1_306' title='bbox 1961 2268 2068 2308; x_wconf 89' lang='lat' dir='ltr'><strong>ma-</strong></span> 
     </span>
    </p>
   </div>
   <div class='ocr_carea' id='block_1_25' title="bbox 543 2323 2068 2394">
    <p class='ocr_par' dir='ltr' id='par_1_25' title="bbox 543 2323 2068 2394">
     <span class='ocr_line' id='line_1_25' title="bbox 543 2323 2068 2394; baseline 0.003 -21"><span class='ocrx_word' id='word_1_307' title='bbox 543 2323 919 2394; x_wconf 79' lang='lat' dir='ltr'><strong>gispostulavit</strong></span> <span class='ocrx_word' id='word_1_308' title='bbox 949 2323 1155 2376; x_wconf 83' lang='lat' dir='ltr'><strong>liberari</strong></span> <span class='ocrx_word' id='word_1_309' title='bbox 1171 2333 1467 2394; x_wconf 33' lang='lat' dir='ltr'><strong>{postremo</strong></span> <span class='ocrx_word' id='word_1_310' title='bbox 1496 2325 1560 2375; x_wconf 90' lang='lat' dir='ltr'><strong>de</strong></span> <span class='ocrx_word' id='word_1_311' title='bbox 1583 2323 1927 2394; x_wconf 82' lang='lat' dir='ltr'><strong>trepidatione</strong></span> <span class='ocrx_word' id='word_1_312' title='bbox 1947 2341 2068 2394; x_wconf 85' lang='lat' dir='ltr'><strong>apo-</strong></span> 
     </span>
    </p>
   </div>
   <div class='ocr_carea' id='block_1_26' title="bbox 538 2391 2062 2462">
    <p class='ocr_par' dir='ltr' id='par_1_26' title="bbox 538 2391 2062 2462">
     <span class='ocr_line' id='line_1_26' title="bbox 538 2391 2062 2462; baseline 0.001 -19"><span class='ocrx_word' id='word_1_313' title='bbox 538 2391 787 2443; x_wconf 86' lang='lat' dir='ltr'><strong>stolorum</strong></span> <span class='ocrx_word' id='word_1_314' title='bbox 815 2394 869 2444; x_wconf 90' lang='lat' dir='ltr'><strong>in</strong></span> <span class='ocrx_word' id='word_1_315' title='bbox 899 2394 1143 2461; x_wconf 82' lang='lat' dir='ltr'><strong>passione</strong></span> <span class='ocrx_word' id='word_1_316' title='bbox 1171 2393 1382 2456; x_wconf 79' lang='lat' dir='ltr'><strong>Christi,</strong></span> <span class='ocrx_word' id='word_1_317' title='bbox 1408 2394 1569 2462; x_wconf 87' lang='lat' dir='ltr'><strong>deque</strong></span> <span class='ocrx_word' id='word_1_318' title='bbox 1601 2393 1793 2444; x_wconf 78' lang='lat' dir='ltr'><strong>ancilla</strong></span> <span class='ocrx_word' id='word_1_319' title='bbox 1821 2391 2062 2447; x_wconf 72' lang='lat' dir='ltr'><strong>ostiaria.</strong></span> 
     </span>
    </p>
   </div>
   <div class='ocr_carea' id='block_1_27' title="bbox 543 2565 2063 2632">
    <p class='ocr_par' dir='ltr' id='par_1_27' title="bbox 543 2565 2063 2632">
     <span class='ocr_line' id='line_1_27' title="bbox 543 2565 2063 2632; baseline 0.004 -14"><span class='ocrx_word' id='word_1_320' title='bbox 543 2565 804 2629; x_wconf 76' lang='lat' dir='ltr'><strong>Meininit,</strong></span> <span class='ocrx_word' id='word_1_321' title='bbox 839 2566 1047 2632; x_wconf 79' lang='lat' dir='ltr'><strong>fratres,</strong></span> <span class='ocrx_word' id='word_1_322' title='bbox 1080 2576 1259 2622; x_wconf 89' lang='lat' dir='ltr'><strong>vestra</strong></span> <span class='ocrx_word' id='word_1_323' title='bbox 1292 2567 1509 2622; x_wconf 90' lang='lat' dir='ltr'><strong>dilectio</strong></span> <span class='ocrx_word' id='word_1_324' title='bbox 1544 2583 1631 2622; x_wconf 89' lang='lat' dir='ltr'><strong>me</strong></span> <span class='ocrx_word' id='word_1_325' title='bbox 1654 2568 1867 2624; x_wconf 90' lang='lat' dir='ltr'><strong>dedisse</strong></span> <span class='ocrx_word' id='word_1_326' title='bbox 1895 2570 2063 2624; x_wconf 89' lang='lat' dir='ltr'><strong>ratio-</strong></span> 
     </span>
    </p>
   </div>
   <div class='ocr_carea' id='block_1_28' title="bbox 472 2655 2066 2723">
    <p class='ocr_par' dir='ltr' id='par_1_28' title="bbox 472 2655 2066 2723">
     <span class='ocr_line' id='line_1_28' title="bbox 472 2655 2066 2723; baseline 0.003 -15"><span class='ocrx_word' id='word_1_327' title='bbox 472 2671 596 2708; x_wconf 84' lang='lat' dir='ltr'><strong>nem</strong></span> <span class='ocrx_word' id='word_1_328' title='bbox 640 2655 664 2691; x_wconf 72' lang='grc' dir='ltr'>ιι</span> <span class='ocrx_word' id='word_1_329' title='bbox 703 2672 798 2708; x_wconf 84' lang='lat' dir='ltr'><strong>cur</strong></span> <span class='ocrx_word' id='word_1_330' title='bbox 829 2665 1101 2709; x_wconf 85' lang='lat' dir='ltr'><strong>tantorum</strong></span> <span class='ocrx_word' id='word_1_331' title='bbox 1143 2657 1424 2710; x_wconf 81' lang='lat' dir='ltr'><strong>criminum</strong></span> <span class='ocrx_word' id='word_1_332' title='bbox 1465 2657 1794 2713; x_wconf 87' lang='lat' dir='ltr'><strong>inveteratus</strong></span> <span class='ocrx_word' id='word_1_333' title='bbox 1824 2658 1980 2723; x_wconf 87' lang='lat' dir='ltr'><strong>latro,</strong></span> <span class='ocrx_word' id='word_1_334' title='bbox 2009 2666 2066 2712; x_wconf 89' lang='lat' dir='ltr'><strong>ct</strong></span> 
     </span>
    </p>
   </div>
   <div class='ocr_carea' id='block_1_29' title="bbox 467 2743 2062 2816">
    <p class='ocr_par' dir='ltr' id='par_1_29' title="bbox 467 2743 2062 2816">
     <span class='ocr_line' id='line_1_29' title="bbox 467 2743 2062 2816; baseline 0.004 -20"><span class='ocrx_word' id='word_1_335' title='bbox 467 2743 732 2796; x_wconf 85' lang='lat' dir='ltr'><strong>scelerum</strong></span> <span class='ocrx_word' id='word_1_336' title='bbox 773 2757 993 2797; x_wconf 91' lang='lat' dir='ltr'><strong>suorum</strong></span> <span class='ocrx_word' id='word_1_337' title='bbox 1039 2747 1378 2799; x_wconf 84' lang='lat' dir='ltr'><strong>confessione</strong></span> <span class='ocrx_word' id='word_1_338' title='bbox 1417 2747 1723 2812; x_wconf 89' lang='lat' dir='ltr'><strong>damnatus,</strong></span> <span class='ocrx_word' id='word_1_339' title='bbox 1755 2748 2062 2816; x_wconf 85' lang='lat' dir='ltr'><strong>paradisum</strong></span> 
     </span>
    </p>
   </div>
   <div class='ocr_carea' id='block_1_30' title="bbox 468 2833 2062 2904">
    <p class='ocr_par' dir='ltr' id='par_1_30' title="bbox 468 2833 2062 2904">
     <span class='ocr_line' id='line_1_30' title="bbox 468 2833 2062 2904; baseline 0.003 -17"><span class='ocrx_word' id='word_1_340' title='bbox 468 2833 522 2887; x_wconf 91' lang='lat' dir='ltr'><strong>in</strong></span> <span class='ocrx_word' id='word_1_341' title='bbox 548 2834 664 2902; x_wconf 86' lang='lat' dir='ltr'><strong>ipso</strong></span> <span class='ocrx_word' id='word_1_342' title='bbox 689 2834 938 2901; x_wconf 83' lang='lat' dir='ltr'><strong>supplicii</strong></span> <span class='ocrx_word' id='word_1_343' title='bbox 961 2835 1200 2902; x_wconf 88' lang='lat' dir='ltr'><strong>patibulo</strong></span> <span class='ocrx_word' id='word_1_344' title='bbox 1228 2838 1465 2903; x_wconf 87' lang='lat' dir='ltr'><strong>potuerit</strong></span> <span class='ocrx_word' id='word_1_345' title='bbox 1498 2839 1816 2904; x_wconf 89' lang='lat' dir='ltr'><strong>promereri,</strong></span> <span class='ocrx_word' id='word_1_346' title='bbox 1841 2845 1895 2890; x_wconf 92' lang='lat' dir='ltr'><strong>et</strong></span> <span class='ocrx_word' id='word_1_347' title='bbox 1917 2845 2062 2892; x_wconf 88' lang='lat' dir='ltr'><strong>tanta</strong></span> 
     </span>
    </p>
   </div>
   <div class='ocr_carea' id='block_1_31' title="bbox 467 2920 2062 2992">
    <p class='ocr_par' dir='ltr' id='par_1_31' title="bbox 467 2920 2062 2992">
     <span class='ocr_line' id='line_1_31' title="bbox 467 2920 2062 2992; baseline 0.004 -20"><span class='ocrx_word' id='word_1_348' title='bbox 467 2920 630 2973; x_wconf 73' lang='lat' dir='ltr'><strong>[inerit</strong></span> <span class='ocrx_word' id='word_1_349' title='bbox 657 2921 935 2974; x_wconf 88' lang='lat' dir='ltr'><strong>celeritate</strong></span> <span class='ocrx_word' id='word_1_350' title='bbox 957 2922 1210 2986; x_wconf 85' lang='lat' dir='ltr'><strong>salvatus,</strong></span> <span class='ocrx_word' id='word_1_351' title='bbox 1240 2931 1296 2976; x_wconf 90' lang='lat' dir='ltr'><strong>ut</strong></span> <span class='ocrx_word' id='word_1_352' title='bbox 1325 2933 1544 2991; x_wconf 88' lang='lat' dir='ltr'><strong>peccata</strong></span> <span class='ocrx_word' id='word_1_353' title='bbox 1575 2924 1692 2992; x_wconf 90' lang='lat' dir='ltr'><strong>ejus</strong></span> <span class='ocrx_word' id='word_1_354' title='bbox 1723 2925 1893 2992; x_wconf 90' lang='lat' dir='ltr'><strong>gratia</strong></span> <span class='ocrx_word' id='word_1_355' title='bbox 1923 2941 2062 2992; x_wconf 77' lang='lat' dir='ltr'><strong>pra:-</strong></span> 
     </span>
    </p>
   </div>
   <div class='ocr_carea' id='block_1_32' title="bbox 467 3012 2060 3084">
    <p class='ocr_par' dir='ltr' id='par_1_32' title="bbox 467 3012 2060 3084">
     <span class='ocr_line' id='line_1_32' title="bbox 467 3012 2060 3084; baseline 0.004 -20"><span class='ocrx_word' id='word_1_356' title='bbox 467 3012 676 3065; x_wconf 88' lang='lat' dir='ltr'><strong>venerit</strong></span> <span class='ocrx_word' id='word_1_357' title='bbox 724 3021 1013 3079; x_wconf 86' lang='lat' dir='ltr'><strong>antequam</strong></span> <span class='ocrx_word' id='word_1_358' title='bbox 1061 3028 1236 3081; x_wconf 71' lang='lat' dir='ltr'><strong>pinna,</strong></span> <span class='ocrx_word' id='word_1_359' title='bbox 1269 3022 1324 3067; x_wconf 91' lang='lat' dir='ltr'><strong>ct</strong></span> <span class='ocrx_word' id='word_1_360' title='bbox 1365 3015 1510 3082; x_wconf 90' lang='lat' dir='ltr'><strong>prius</strong></span> <span class='ocrx_word' id='word_1_361' title='bbox 1542 3017 1592 3068; x_wconf 90' lang='lat' dir='ltr'><strong>in</strong></span> <span class='ocrx_word' id='word_1_362' title='bbox 1623 3016 1778 3069; x_wconf 89' lang='lat' dir='ltr'><strong>malis</strong></span> <span class='ocrx_word' id='word_1_363' title='bbox 1806 3018 1915 3071; x_wconf 89' lang='lat' dir='ltr'><strong>suis</strong></span> <span class='ocrx_word' id='word_1_364' title='bbox 1940 3018 2060 3084; x_wconf 81' lang='lat' dir='ltr'><strong>glo-</strong></span> 
     </span>
    </p>
   </div>
   <div class='ocr_carea' id='block_1_33' title="bbox 466 3101 2062 3174">
    <p class='ocr_par' dir='ltr' id='par_1_33' title="bbox 466 3101 2062 3174">
     <span class='ocr_line' id='line_1_33' title="bbox 466 3101 2062 3174; baseline 0.005 -21"><span class='ocrx_word' id='word_1_365' title='bbox 466 3101 595 3153; x_wconf 85' lang='lat' dir='ltr'><strong>riari</strong></span> <span class='ocrx_word' id='word_1_366' title='bbox 643 3102 870 3168; x_wconf 55' lang='lat' dir='ltr'><strong>coeperit</strong></span> <span class='ocrx_word' id='word_1_367' title='bbox 914 3117 1075 3168; x_wconf 90' lang='lat' dir='ltr'><strong>quam</strong></span> <span class='ocrx_word' id='word_1_368' title='bbox 1124 3103 1328 3169; x_wconf 85' lang='lat' dir='ltr'><strong>puniri;</strong></span> <span class='ocrx_word' id='word_1_369' title='bbox 1376 3120 1481 3157; x_wconf 90' lang='lat' dir='ltr'><strong>non</strong></span> <span class='ocrx_word' id='word_1_370' title='bbox 1527 3105 1668 3159; x_wconf 89' lang='lat' dir='ltr'><strong>enim</strong></span> <span class='ocrx_word' id='word_1_371' title='bbox 1708 3107 1908 3174; x_wconf 88' lang='lat' dir='ltr'><strong>patitur</strong></span> <span class='ocrx_word' id='word_1_372' title='bbox 1936 3123 2062 3174; x_wconf 90' lang='lat' dir='ltr'><strong>sup-</strong></span> 
     </span>
    </p>
   </div>
   <div class='ocr_carea' id='block_1_34' title="bbox 467 3189 2059 3259">
    <p class='ocr_par' dir='ltr' id='par_1_34' title="bbox 467 3189 2059 3259">
     <span class='ocr_line' id='line_1_34' title="bbox 467 3189 2059 3259; baseline 0.004 -17"><span class='ocrx_word' id='word_1_373' title='bbox 467 3189 706 3259; x_wconf 72' lang='lat' dir='ltr'><strong>plicium,</strong></span> <span class='ocrx_word' id='word_1_374' title='bbox 738 3189 866 3242; x_wconf 89' lang='lat' dir='ltr'><strong>dum</strong></span> <span class='ocrx_word' id='word_1_375' title='bbox 896 3189 1203 3258; x_wconf 88' lang='lat' dir='ltr'><strong>paradisum</strong></span> <span class='ocrx_word' id='word_1_376' title='bbox 1234 3203 1588 3258; x_wconf 84' lang='lat' dir='ltr'><strong>promeretur.</strong></span> <span class='ocrx_word' id='word_1_377' title='bbox 1620 3192 1779 3247; x_wconf 84' lang='lat' dir='ltr'><strong>Petro</strong></span> <span class='ocrx_word' id='word_1_378' title='bbox 1808 3195 2001 3248; x_wconf 89' lang='lat' dir='ltr'><strong>dicitur</strong></span> <span class='ocrx_word' id='word_1_379' title='bbox 2029 3213 2059 3248; x_wconf 86' lang='lat' dir='ltr'><strong>a</strong></span> 
     </span>
    </p>
   </div>
   <div class='ocr_carea' id='block_1_35' title="bbox 466 3278 2060 3354">
    <p class='ocr_par' dir='ltr' id='par_1_35' title="bbox 466 3278 2060 3354">
     <span class='ocr_line' id='line_1_35' title="bbox 466 3278 2060 3354; baseline 0.003 -22"><span class='ocrx_word' id='word_1_380' title='bbox 466 3280 684 3334; x_wconf 77' lang='lat' dir='ltr'><strong>Christo</strong></span> <span class='ocrx_word' id='word_1_381' title='bbox 715 3298 728 3332; x_wconf 90' lang='lat'>:</span> <span class='ocrx_word' id='word_1_382' title='bbox 758 3278 882 3333; x_wconf 83' lang='lat' dir='ltr'><strong>Non</strong></span> <span class='ocrx_word' id='word_1_383' title='bbox 911 3289 1054 3349; x_wconf 84' lang='lat' dir='ltr'><strong>potes</strong></span> <span class='ocrx_word' id='word_1_384' title='bbox 1101 3297 1180 3333; x_wconf 88' lang='lat' dir='ltr'><strong>me</strong></span> <span class='ocrx_word' id='word_1_385' title='bbox 1225 3282 1375 3333; x_wconf 88' lang='lat' dir='ltr'><strong>modo</strong></span> <span class='ocrx_word' id='word_1_386' title='bbox 1425 3283 1585 3350; x_wconf 85' lang='lat' dir='ltr'><strong>sequi,</strong></span> <span class='ocrx_word' id='word_1_387' title='bbox 1617 3286 1840 3353; x_wconf 86' lang='lat' dir='ltr'><strong>sequeris</strong></span> <span class='ocrx_word' id='word_1_388' title='bbox 1882 3294 2060 3354; x_wconf 85' lang='lat' dir='ltr'><strong>postea</strong></span> 
     </span>
    </p>
   </div>
   <div class='ocr_carea' id='block_1_36' title="bbox 465 3370 2060 3438">
    <p class='ocr_par' dir='ltr' id='par_1_36' title="bbox 465 3370 2060 3438">
     <span class='ocr_line' id='line_1_36' title="bbox 465 3370 2060 3438; baseline 0.002 -16"><span class='ocrx_word' id='word_1_389' title='bbox 465 3370 650 3438; x_wconf 85' lang='lat' dir='ltr'><strong>(Joan.</strong></span> <span class='ocrx_word' id='word_1_390' title='bbox 696 3371 832 3438; x_wconf 83' lang='lat' dir='ltr'><strong>xm).</strong></span> <span class='ocrx_word' id='word_1_391' title='bbox 883 3370 952 3424; x_wconf 84' lang='lat' dir='ltr'><strong>Et</strong></span> <span class='ocrx_word' id='word_1_392' title='bbox 995 3371 1120 3424; x_wconf 90' lang='lat' dir='ltr'><strong>huic</strong></span> <span class='ocrx_word' id='word_1_393' title='bbox 1147 3371 1339 3424; x_wconf 88' lang='lat' dir='ltr'><strong>dicitur</strong></span> <span class='ocrx_word' id='word_1_394' title='bbox 1371 3388 1384 3421; x_wconf 90' lang='lat'><strong>:</strong></span> <span class='ocrx_word' id='word_1_395' title='bbox 1419 3370 1588 3424; x_wconf 86' lang='lat' dir='ltr'><strong>Hodie</strong></span> <span class='ocrx_word' id='word_1_396' title='bbox 1632 3390 1828 3425; x_wconf 84' lang='lat' dir='ltr'><strong>mecum</strong></span> <span class='ocrx_word' id='word_1_397' title='bbox 1868 3377 1970 3427; x_wconf 86' lang='lat' dir='ltr'><strong>eris</strong></span> <span class='ocrx_word' id='word_1_398' title='bbox 2006 3376 2060 3426; x_wconf 87' lang='lat' dir='ltr'><strong>in</strong></span> 
     </span>
    </p>
   </div>
   <div class='ocr_carea' id='block_1_37' title="bbox 2172 2199 3768 2270">
    <p class='ocr_par' dir='ltr' id='par_1_37' title="bbox 2172 2199 3768 2270">
     <span class='ocr_line' id='line_1_37' title="bbox 2172 2199 3768 2270; baseline -0.001 -15"><span class='ocrx_word' id='word_1_399' title='bbox 2172 2203 2397 2256; x_wconf 80' lang='lat' dir='ltr'><strong>alteram</strong></span> <span class='ocrx_word' id='word_1_400' title='bbox 2438 2211 2776 2266; x_wconf 87' lang='lat' dir='ltr'><strong>reservatur;</strong></span> <span class='ocrx_word' id='word_1_401' title='bbox 2809 2203 2925 2270; x_wconf 86' lang='lat' dir='ltr'><strong>ipsa</strong></span> <span class='ocrx_word' id='word_1_402' title='bbox 2955 2201 3112 2266; x_wconf 90' lang='lat' dir='ltr'><strong>hora,</strong></span> <span class='ocrx_word' id='word_1_403' title='bbox 3141 2215 3248 2268; x_wconf 89' lang='lat' dir='ltr'><strong>qua</strong></span> <span class='ocrx_word' id='word_1_404' title='bbox 3286 2201 3567 2270; x_wconf 88' lang='lat' dir='ltr'><strong>paradisus</strong></span> <span class='ocrx_word' id='word_1_405' title='bbox 3598 2211 3622 2247; x_wconf 74' lang='grc' dir='ltr'><em>ε</em></span> <span class='ocrx_word' id='word_1_406' title='bbox 3654 2199 3768 2254; x_wconf 85' lang='lat' dir='ltr'><strong>Do-</strong></span> 
     </span>
    </p>
   </div>
   <div class='ocr_carea' id='block_1_38' title="bbox 2174 2293 3784 2363">
    <p class='ocr_par' dir='ltr' id='par_1_38' title="bbox 2174 2293 3784 2363">
     <span class='ocr_line' id='line_1_38' title="bbox 2174 2293 3784 2363; baseline 0.001 -17"><span class='ocrx_word' id='word_1_407' title='bbox 2174 2294 2378 2346; x_wconf 89' lang='lat' dir='ltr'><strong>minum</strong></span> <span class='ocrx_word' id='word_1_408' title='bbox 2407 2293 2652 2362; x_wconf 87' lang='lat' dir='ltr'><strong>suscipit,</strong></span> <span class='ocrx_word' id='word_1_409' title='bbox 2685 2293 2907 2362; x_wconf 89' lang='lat' dir='ltr'><strong>suscipit</strong></span> <span class='ocrx_word' id='word_1_410' title='bbox 2948 2300 3005 2346; x_wconf 92' lang='lat' dir='ltr'><strong>et</strong></span> <span class='ocrx_word' id='word_1_411' title='bbox 3051 2293 3316 2346; x_wconf 90' lang='lat' dir='ltr'><strong>latronem</strong></span> <span class='ocrx_word' id='word_1_412' title='bbox 3349 2310 3363 2344; x_wconf 90' lang='lat'><strong>:</strong></span> <span class='ocrx_word' id='word_1_413' title='bbox 3408 2307 3546 2346; x_wconf 92' lang='lat' dir='ltr'><strong>unus</strong></span> <span class='ocrx_word' id='word_1_414' title='bbox 3575 2302 3784 2363; x_wconf 73' lang='lat' dir='ltr'><strong>passus</strong></span> 
     </span>
    </p>
   </div>
   <div class='ocr_carea' id='block_1_39' title="bbox 2171 2381 3768 2452">
    <p class='ocr_par' dir='ltr' id='par_1_39' title="bbox 2171 2381 3768 2452">
     <span class='ocr_line' id='line_1_39' title="bbox 2171 2381 3768 2452; baseline -0.002 -14"><span class='ocrx_word' id='word_1_415' title='bbox 2171 2392 2254 2438; x_wconf 90' lang='lat' dir='ltr'><strong>est</strong></span> <span class='ocrx_word' id='word_1_416' title='bbox 2283 2399 2381 2452; x_wconf 93' lang='lat' dir='ltr'><strong>pro</strong></span> <span class='ocrx_word' id='word_1_417' title='bbox 2410 2383 2585 2437; x_wconf 90' lang='lat' dir='ltr'><strong>salute</strong></span> <span class='ocrx_word' id='word_1_418' title='bbox 2613 2392 2950 2446; x_wconf 89' lang='lat' dir='ltr'><strong>cunctorum,</strong></span> <span class='ocrx_word' id='word_1_419' title='bbox 2985 2391 3039 2435; x_wconf 90' lang='lat' dir='ltr'><strong>et</strong></span> <span class='ocrx_word' id='word_1_420' title='bbox 3069 2381 3278 2436; x_wconf 90' lang='lat' dir='ltr'><strong>duobus</strong></span> <span class='ocrx_word' id='word_1_421' title='bbox 3311 2381 3514 2450; x_wconf 89' lang='lat' dir='ltr'><strong>pariter</strong></span> <span class='ocrx_word' id='word_1_422' title='bbox 3544 2382 3768 2435; x_wconf 83' lang='lat' dir='ltr'><strong>immor-</strong></span> 
     </span>
    </p>
   </div>
   <div class='ocr_carea' id='block_1_40' title="bbox 2171 2471 3767 2542">
    <p class='ocr_par' dir='ltr' id='par_1_40' title="bbox 2171 2471 3767 2542">
     <span class='ocr_line' id='line_1_40' title="bbox 2171 2471 3767 2542; baseline -0.002 -13"><span class='ocrx_word' id='word_1_423' title='bbox 2171 2475 2394 2530; x_wconf 89' lang='lat' dir='ltr'><strong>talitatis</strong></span> <span class='ocrx_word' id='word_1_424' title='bbox 2415 2474 2582 2542; x_wconf 90' lang='lat' dir='ltr'><strong>janua</strong></span> <span class='ocrx_word' id='word_1_425' title='bbox 2611 2482 2904 2529; x_wconf 89' lang='lat' dir='ltr'><strong>reseratur.</strong></span> <span class='ocrx_word' id='word_1_426' title='bbox 2951 2473 3055 2528; x_wconf 87' lang='lat' dir='ltr'><strong>Sed</strong></span> <span class='ocrx_word' id='word_1_427' title='bbox 3105 2475 3244 2527; x_wconf 90' lang='lat' dir='ltr'><strong>hanc</strong></span> <span class='ocrx_word' id='word_1_428' title='bbox 3273 2471 3298 2508; x_wconf 69' lang='grc' dir='ltr'>δ</span> <span class='ocrx_word' id='word_1_429' title='bbox 3327 2480 3496 2527; x_wconf 90' lang='lat' dir='ltr'><strong>totam</strong></span> <span class='ocrx_word' id='word_1_430' title='bbox 3535 2474 3767 2540; x_wconf 83' lang='lat' dir='ltr'><strong>gloriam</strong></span> 
     </span>
    </p>
   </div>
   <div class='ocr_carea' id='block_1_41' title="bbox 2171 2563 3766 2633">
    <p class='ocr_par' dir='ltr' id='par_1_41' title="bbox 2171 2563 3766 2633">
     <span class='ocr_line' id='line_1_41' title="bbox 2171 2563 3766 2633; baseline 0.001 -17"><span class='ocrx_word' id='word_1_431' title='bbox 2171 2565 2367 2618; x_wconf 87' lang='lat' dir='ltr'><strong>latroni</strong></span> <span class='ocrx_word' id='word_1_432' title='bbox 2406 2563 2538 2618; x_wconf 84' lang='lat' dir='ltr'><strong>fides</strong></span> <span class='ocrx_word' id='word_1_433' title='bbox 2574 2564 2842 2633; x_wconf 59' lang='lat' dir='ltr'><strong>praestitit.</strong></span> <span class='ocrx_word' id='word_1_434' title='bbox 2885 2563 3044 2619; x_wconf 89' lang='lat' dir='ltr'><strong>Fides</strong></span> <span class='ocrx_word' id='word_1_435' title='bbox 3083 2564 3226 2617; x_wconf 91' lang='lat' dir='ltr'><strong>enim</strong></span> <span class='ocrx_word' id='word_1_436' title='bbox 3255 2572 3358 2626; x_wconf 89' lang='lat' dir='ltr'><strong>est,</strong></span> <span class='ocrx_word' id='word_1_437' title='bbox 3387 2578 3506 2632; x_wconf 66' lang='lat' dir='ltr'><strong>qua:</strong></span> <span class='ocrx_word' id='word_1_438' title='bbox 3543 2573 3766 2632; x_wconf 81' lang='lat' dir='ltr'><strong>peccata</strong></span> 
     </span>
    </p>
   </div>
   <div class='ocr_carea' id='block_1_42' title="bbox 2175 2651 3768 2722">
    <p class='ocr_par' dir='ltr' id='par_1_42' title="bbox 2175 2651 3768 2722">
     <span class='ocr_line' id='line_1_42' title="bbox 2175 2651 3768 2722; baseline -0.001 -15"><span class='ocrx_word' id='word_1_439' title='bbox 2175 2651 2191 2691; x_wconf 81' lang='grc' dir='ltr'>ί</span> <span class='ocrx_word' id='word_1_440' title='bbox 2227 2653 2488 2721; x_wconf 89' lang='lat' dir='ltr'><strong>cooperit,</strong></span> <span class='ocrx_word' id='word_1_441' title='bbox 2522 2668 2644 2722; x_wconf 73' lang='lat' dir='ltr'><strong>qua:</strong></span> <span class='ocrx_word' id='word_1_442' title='bbox 2674 2652 2840 2706; x_wconf 91' lang='lat' dir='ltr'><strong>vincit</strong></span> <span class='ocrx_word' id='word_1_443' title='bbox 2867 2653 3111 2715; x_wconf 89' lang='lat' dir='ltr'><strong>crimina,</strong></span> <span class='ocrx_word' id='word_1_444' title='bbox 3143 2666 3262 2719; x_wconf 70' lang='lat' dir='ltr'><strong>qua:</strong></span> <span class='ocrx_word' id='word_1_445' title='bbox 3289 2651 3413 2706; x_wconf 85' lang='lat' dir='ltr'><strong>facit</strong></span> <span class='ocrx_word' id='word_1_446' title='bbox 3441 2651 3510 2706; x_wconf 89' lang='lat' dir='ltr'><strong>de</strong></span> <span class='ocrx_word' id='word_1_447' title='bbox 3540 2652 3768 2707; x_wconf 87' lang='lat' dir='ltr'><strong>latroni-</strong></span> 
     </span>
    </p>
   </div>
   <div class='ocr_carea' id='block_1_43' title="bbox 2167 2743 3764 2812">
    <p class='ocr_par' dir='ltr' id='par_1_43' title="bbox 2167 2743 3764 2812">
     <span class='ocr_line' id='line_1_43' title="bbox 2167 2743 3764 2812; baseline -0.003 -13"><span class='ocrx_word' id='word_1_448' title='bbox 2167 2743 2268 2799; x_wconf 90' lang='lat' dir='ltr'><strong>bus</strong></span> <span class='ocrx_word' id='word_1_449' title='bbox 2299 2746 2614 2800; x_wconf 89' lang='lat' dir='ltr'><strong>innocentes</strong></span> <span class='ocrx_word' id='word_1_450' title='bbox 2640 2761 2652 2796; x_wconf 88' lang='lat'>:</span> <span class='ocrx_word' id='word_1_451' title='bbox 2679 2745 2923 2812; x_wconf 89' lang='lat' dir='ltr'><strong>quamvis</strong></span> <span class='ocrx_word' id='word_1_452' title='bbox 2953 2743 3094 2797; x_wconf 89' lang='lat' dir='ltr'><strong>enim</strong></span> <span class='ocrx_word' id='word_1_453' title='bbox 3121 2743 3548 2811; x_wconf 90' lang='lat' dir='ltr'><strong>delinquentium</strong></span> <span class='ocrx_word' id='word_1_454' title='bbox 3587 2748 3600 2793; x_wconf 78' lang='grc' dir='ltr'><strong>ι</strong></span> <span class='ocrx_word' id='word_1_455' title='bbox 3640 2757 3764 2812; x_wconf 63' lang='lat' dir='ltr'><strong>gra-</strong></span> 
     </span>
    </p>
   </div>
   <div class='ocr_carea' id='block_1_44' title="bbox 2169 2833 3764 2904">
    <p class='ocr_par' dir='ltr' id='par_1_44' title="bbox 2169 2833 3764 2904">
     <span class='ocr_line' id='line_1_44' title="bbox 2169 2833 3764 2904; baseline 0.001 -18"><span class='ocrx_word' id='word_1_456' title='bbox 2169 2835 2249 2889; x_wconf 92' lang='lat' dir='ltr'><strong>vis</strong></span> <span class='ocrx_word' id='word_1_457' title='bbox 2269 2835 2426 2904; x_wconf 90' lang='lat' dir='ltr'><strong>culpa</strong></span> <span class='ocrx_word' id='word_1_458' title='bbox 2453 2836 2542 2901; x_wconf 89' lang='lat' dir='ltr'><strong>sit,</strong></span> <span class='ocrx_word' id='word_1_459' title='bbox 2571 2835 2693 2889; x_wconf 85' lang='lat' dir='ltr'><strong>fidei</strong></span> <span class='ocrx_word' id='word_1_460' title='bbox 2721 2843 2898 2889; x_wconf 89' lang='lat' dir='ltr'><strong>tamen</strong></span> <span class='ocrx_word' id='word_1_461' title='bbox 2924 2833 3098 2901; x_wconf 91' lang='lat' dir='ltr'><strong>major</strong></span> <span class='ocrx_word' id='word_1_462' title='bbox 3119 2843 3203 2888; x_wconf 89' lang='lat' dir='ltr'><strong>est</strong></span> <span class='ocrx_word' id='word_1_463' title='bbox 3220 2834 3389 2902; x_wconf 90' lang='lat' dir='ltr'><strong>gratia</strong></span> <span class='ocrx_word' id='word_1_464' title='bbox 3417 2851 3430 2886; x_wconf 87' lang='lat'><strong>:</strong></span> <span class='ocrx_word' id='word_1_465' title='bbox 3455 2834 3576 2904; x_wconf 88' lang='lat' dir='ltr'><strong>plus</strong></span> <span class='ocrx_word' id='word_1_466' title='bbox 3597 2835 3764 2900; x_wconf 91' lang='lat' dir='ltr'><strong>enim,</strong></span> 
     </span>
    </p>
   </div>
   <div class='ocr_carea' id='block_1_45' title="bbox 2167 2923 3763 2993">
    <p class='ocr_par' dir='ltr' id='par_1_45' title="bbox 2167 2923 3763 2993">
     <span class='ocr_line' id='line_1_45' title="bbox 2167 2923 3763 2993; baseline 0 -14"><span class='ocrx_word' id='word_1_467' title='bbox 2167 2924 2462 2979; x_wconf 88' lang='lat' dir='ltr'><strong>credidisse</strong></span> <span class='ocrx_word' id='word_1_468' title='bbox 2489 2924 2726 2990; x_wconf 84' lang='lat' dir='ltr'><strong>Christo,</strong></span> <span class='ocrx_word' id='word_1_469' title='bbox 2759 2939 2920 2993; x_wconf 91' lang='lat' dir='ltr'><strong>quam</strong></span> <span class='ocrx_word' id='word_1_470' title='bbox 2970 2924 3168 2978; x_wconf 73' lang='lat' dir='ltr'><strong>szeculo</strong></span> <span class='ocrx_word' id='word_1_471' title='bbox 3194 2923 3480 2991; x_wconf 89' lang='lat' dir='ltr'><strong>deliquisse</strong></span> <span class='ocrx_word' id='word_1_472' title='bbox 3515 2943 3527 2976; x_wconf 93' lang='lat'>:</span> <span class='ocrx_word' id='word_1_473' title='bbox 3562 2933 3618 2979; x_wconf 93' lang='lat' dir='ltr'><strong>et</strong></span> <span class='ocrx_word' id='word_1_474' title='bbox 3645 2925 3763 2993; x_wconf 89' lang='lat' dir='ltr'><strong>ple-</strong></span> 
     </span>
    </p>
   </div>
   <div class='ocr_carea' id='block_1_46' title="bbox 2170 3014 3763 3083">
    <p class='ocr_par' dir='ltr' id='par_1_46' title="bbox 2170 3014 3763 3083">
     <span class='ocr_line' id='line_1_46' title="bbox 2170 3014 3763 3083; baseline 0.001 -16"><span class='ocrx_word' id='word_1_475' title='bbox 2170 3015 2336 3068; x_wconf 89' lang='lat' dir='ltr'><strong>nioris</strong></span> <span class='ocrx_word' id='word_1_476' title='bbox 2363 3025 2447 3069; x_wconf 90' lang='lat' dir='ltr'><strong>est</strong></span> <span class='ocrx_word' id='word_1_477' title='bbox 2475 3015 2674 3078; x_wconf 91' lang='lat' dir='ltr'><strong>meriti,</strong></span> <span class='ocrx_word' id='word_1_478' title='bbox 2708 3015 2921 3068; x_wconf 87' lang='lat' dir='ltr'><strong>veniam</strong></span> <span class='ocrx_word' id='word_1_479' title='bbox 2950 3029 3200 3083; x_wconf 86' lang='lat' dir='ltr'><strong>sperasse</strong></span> <span class='ocrx_word' id='word_1_480' title='bbox 3225 3014 3294 3068; x_wconf 90' lang='lat' dir='ltr'><strong>de</strong></span> <span class='ocrx_word' id='word_1_481' title='bbox 3323 3015 3572 3076; x_wconf 87' lang='lat' dir='ltr'><strong>Domino,</strong></span> <span class='ocrx_word' id='word_1_482' title='bbox 3598 3030 3763 3083; x_wconf 90' lang='lat' dir='ltr'><strong>quam</strong></span> 
     </span>
    </p>
   </div>
   <div class='ocr_carea' id='block_1_47' title="bbox 2167 3102 3762 3172">
    <p class='ocr_par' dir='ltr' id='par_1_47' title="bbox 2167 3102 3762 3172">
     <span class='ocr_line' id='line_1_47' title="bbox 2167 3102 3762 3172; baseline 0 -15"><span class='ocrx_word' id='word_1_483' title='bbox 2167 3103 2378 3172; x_wconf 88' lang='lat' dir='ltr'><strong>culpam</strong></span> <span class='ocrx_word' id='word_1_484' title='bbox 2411 3105 2745 3158; x_wconf 80' lang='lat' dir='ltr'><strong>contraxisse</strong></span> <span class='ocrx_word' id='word_1_485' title='bbox 2774 3102 2841 3157; x_wconf 92' lang='lat' dir='ltr'><strong>de</strong></span> <span class='ocrx_word' id='word_1_486' title='bbox 2889 3102 3122 3166; x_wconf 89' lang='lat' dir='ltr'><strong>mundo;</strong></span> <span class='ocrx_word' id='word_1_487' title='bbox 3162 3103 3301 3156; x_wconf 89' lang='lat' dir='ltr'><strong>sicut</strong></span> <span class='ocrx_word' id='word_1_488' title='bbox 3347 3104 3488 3157; x_wconf 91' lang='lat' dir='ltr'><strong>enim</strong></span> <span class='ocrx_word' id='word_1_489' title='bbox 3540 3103 3762 3172; x_wconf 85' lang='lat' dir='ltr'><strong>perfidia</strong></span> 
     </span>
    </p>
   </div>
   <div class='ocr_carea' id='block_1_48' title="bbox 2165 3192 3760 3261">
    <p class='ocr_par' dir='ltr' id='par_1_48' title="bbox 2165 3192 3760 3261">
     <span class='ocr_line' id='line_1_48' title="bbox 2165 3192 3760 3261; baseline 0 -15"><span class='ocrx_word' id='word_1_490' title='bbox 2165 3195 2510 3247; x_wconf 89' lang='lat' dir='ltr'><strong>criminosum</strong></span> <span class='ocrx_word' id='word_1_491' title='bbox 2543 3193 2687 3253; x_wconf 90' lang='lat' dir='ltr'><strong>facit,</strong></span> <span class='ocrx_word' id='word_1_492' title='bbox 2718 3195 2791 3246; x_wconf 92' lang='lat' dir='ltr'><strong>ita</strong></span> <span class='ocrx_word' id='word_1_493' title='bbox 2819 3193 2948 3246; x_wconf 88' lang='lat' dir='ltr'><strong>fides</strong></span> <span class='ocrx_word' id='word_1_494' title='bbox 2970 3192 3192 3261; x_wconf 88' lang='lat' dir='ltr'><strong>perfecit</strong></span> <span class='ocrx_word' id='word_1_495' title='bbox 3215 3193 3578 3246; x_wconf 86' lang='lat' dir='ltr'><strong>innocentem.</strong></span> <span class='ocrx_word' id='word_1_496' title='bbox 3601 3195 3760 3247; x_wconf 88' lang='lat' dir='ltr'><strong>Deni-</strong></span> 
     </span>
    </p>
   </div>
   <div class='ocr_carea' id='block_1_49' title="bbox 2166 3281 3762 3351">
    <p class='ocr_par' dir='ltr' id='par_1_49' title="bbox 2166 3281 3762 3351">
     <span class='ocr_line' id='line_1_49' title="bbox 2166 3281 3762 3351; baseline 0 -16"><span class='ocrx_word' id='word_1_497' title='bbox 2166 3297 2271 3350; x_wconf 92' lang='lat' dir='ltr'><strong>que</strong></span> <span class='ocrx_word' id='word_1_498' title='bbox 2311 3281 2476 3336; x_wconf 83' lang='lat' dir='ltr'><strong>Judas</strong></span> <span class='ocrx_word' id='word_1_499' title='bbox 2513 3291 2862 3351; x_wconf 79' lang='lat' dir='ltr'><strong>posteaquam</strong></span> <span class='ocrx_word' id='word_1_500' title='bbox 2912 3281 3067 3334; x_wconf 82' lang='lat' dir='ltr'><strong>fidem</strong></span> <span class='ocrx_word' id='word_1_501' title='bbox 3116 3281 3364 3350; x_wconf 88' lang='lat' dir='ltr'><strong>perdidit,</strong></span> <span class='ocrx_word' id='word_1_502' title='bbox 3397 3283 3762 3336; x_wconf 87' lang='lat' dir='ltr'><strong>innocentiam</strong></span> 
     </span>
    </p>
   </div>
   <div class='ocr_carea' id='block_1_50' title="bbox 2166 3372 3762 3440">
    <p class='ocr_par' dir='ltr' id='par_1_50' title="bbox 2166 3372 3762 3440">
     <span class='ocr_line' id='line_1_50' title="bbox 2166 3372 3762 3440; baseline 0.002 -15"><span class='ocrx_word' id='word_1_503' title='bbox 2166 3376 2501 3440; x_wconf 81' lang='lat' dir='ltr'><strong>apostolatus</strong></span> <span class='ocrx_word' id='word_1_504' title='bbox 2547 3372 2724 3426; x_wconf 83' lang='lat' dir='ltr'><strong>amisit</strong></span> <span class='ocrx_word' id='word_1_505' title='bbox 2766 3392 2778 3425; x_wconf 90' lang='lat'>:</span> <span class='ocrx_word' id='word_1_506' title='bbox 2823 3373 3064 3426; x_wconf 88' lang='lat' dir='ltr'><strong>omnium</strong></span> <span class='ocrx_word' id='word_1_507' title='bbox 3111 3373 3253 3425; x_wconf 89' lang='lat' dir='ltr'><strong>enim</strong></span> <span class='ocrx_word' id='word_1_508' title='bbox 3303 3374 3587 3426; x_wconf 89' lang='lat' dir='ltr'><strong>criminum</strong></span> <span class='ocrx_word' id='word_1_509' title='bbox 3638 3390 3762 3428; x_wconf 89' lang='lat' dir='ltr'><strong>reus</strong></span> 
     </span>
    </p>
   </div>
   <div class='ocr_carea' id='block_1_51' title="bbox 463 3459 3762 3535">
    <p class='ocr_par' dir='ltr' id='par_1_51' title="bbox 463 3459 3762 3535">
     <span class='ocr_line' id='line_1_51' title="bbox 463 3459 3762 3535; baseline 0.002 -23"><span class='ocrx_word' id='word_1_510' title='bbox 463 3461 713 3530; x_wconf 85' lang='lat' dir='ltr'><strong>paradiso</strong></span> <span class='ocrx_word' id='word_1_511' title='bbox 742 3459 894 3529; x_wconf 87' lang='lat' dir='ltr'><strong>(Luc.</strong></span> <span class='ocrx_word' id='word_1_512' title='bbox 933 3462 1104 3529; x_wconf 69' lang='grc' dir='ltr'>χχιιι).</span> <span class='ocrx_word' id='word_1_513' title='bbox 1136 3471 1157 3498; x_wconf 76' lang='grc' dir='ltr'><strong>ε</strong></span> <span class='ocrx_word' id='word_1_514' title='bbox 1188 3462 1201 3490; x_wconf 94' lang='grc'>¹</span> <span class='ocrx_word' id='word_1_515' title='bbox 1235 3459 1510 3528; x_wconf 87' lang='lat' dir='ltr'><strong>Tanquam</strong></span> <span class='ocrx_word' id='word_1_516' title='bbox 1530 3461 1818 3530; x_wconf 88' lang='lat' dir='ltr'><strong>discipulus</strong></span> <span class='ocrx_word' id='word_1_517' title='bbox 1848 3464 1935 3518; x_wconf 93' lang='lat' dir='ltr'><strong>ille</strong></span> <span class='ocrx_word' id='word_1_518' title='bbox 1958 3463 2060 3517; x_wconf 84' lang='lat' dir='ltr'><strong>dif-</strong></span> <span class='ocrx_word' id='word_1_519' title='bbox 2086 3473 2132 3535; x_wconf 73' lang='grc' dir='ltr'>ο</span> <span class='ocrx_word' id='word_1_520' title='bbox 2163 3463 2335 3516; x_wconf 85' lang='lat' dir='ltr'><strong>factus</strong></span> <span class='ocrx_word' id='word_1_521' title='bbox 2364 3470 2464 3526; x_wconf 89' lang='lat' dir='ltr'><strong>est,</strong></span> <span class='ocrx_word' id='word_1_522' title='bbox 2496 3471 2847 3530; x_wconf 88' lang='lat' dir='ltr'><strong>posteaquam</strong></span> <span class='ocrx_word' id='word_1_523' title='bbox 2881 3463 3137 3515; x_wconf 90' lang='lat' dir='ltr'><strong>virtutum</strong></span> <span class='ocrx_word' id='word_1_524' title='bbox 3185 3462 3425 3516; x_wconf 89' lang='lat' dir='ltr'><strong>omnium</strong></span> <span class='ocrx_word' id='word_1_525' title='bbox 3474 3463 3762 3517; x_wconf 89' lang='lat' dir='ltr'><strong>Dominum</strong></span> 
     </span>
    </p>
   </div>
   <div class='ocr_carea' id='block_1_52' title="bbox 465 3552 2058 3618">
    <p class='ocr_par' dir='ltr' id='par_1_52' title="bbox 465 3552 2058 3618">
     <span class='ocr_line' id='line_1_52' title="bbox 465 3552 2058 3618; baseline 0.004 -15"><span class='ocrx_word' id='word_1_526' title='bbox 465 3552 655 3616; x_wconf 79' lang='lat' dir='ltr'><strong>fertur,</strong></span> <span class='ocrx_word' id='word_1_527' title='bbox 701 3561 756 3605; x_wconf 90' lang='lat' dir='ltr'><strong>et</strong></span> <span class='ocrx_word' id='word_1_528' title='bbox 797 3553 883 3606; x_wconf 92' lang='lat' dir='ltr'><strong>hic</strong></span> <span class='ocrx_word' id='word_1_529' title='bbox 928 3561 1182 3618; x_wconf 92' lang='lat' dir='ltr'><strong>tanquam</strong></span> <span class='ocrx_word' id='word_1_530' title='bbox 1228 3552 1407 3606; x_wconf 87' lang='lat' dir='ltr'><strong>socius</strong></span> <span class='ocrx_word' id='word_1_531' title='bbox 1448 3553 1732 3615; x_wconf 73' lang='lat' dir='ltr'><strong>invitatur;</strong></span> <span class='ocrx_word' id='word_1_532' title='bbox 1767 3553 1853 3606; x_wconf 74' lang='lat' dir='ltr'><strong>lle</strong></span> <span class='ocrx_word' id='word_1_533' title='bbox 1881 3553 2058 3609; x_wconf 86' lang='lat' dir='ltr'><strong>adhuc</strong></span> 
     </span>
    </p>
   </div>
   <div class='ocr_carea' id='block_1_53' title="bbox 463 3639 2057 3710">
    <p class='ocr_par' dir='ltr' id='par_1_53' title="bbox 463 3639 2057 3710">
     <span class='ocr_line' id='line_1_53' title="bbox 463 3639 2057 3710; baseline 0.001 -14"><span class='ocrx_word' id='word_1_534' title='bbox 463 3651 775 3696; x_wconf 86' lang='lat' dir='ltr'><strong>reservatur</strong></span> <span class='ocrx_word' id='word_1_535' title='bbox 803 3641 868 3694; x_wconf 90' lang='lat' dir='ltr'><strong>ad</strong></span> <span class='ocrx_word' id='word_1_536' title='bbox 898 3643 1173 3710; x_wconf 70' lang='lat' dir='ltr'><strong>prmniium</strong></span> <span class='ocrx_word' id='word_1_537' title='bbox 1206 3659 1216 3693; x_wconf 93' lang='lat'>:</span> <span class='ocrx_word' id='word_1_538' title='bbox 1251 3639 1275 3677; x_wconf 71' lang='grc' dir='ltr'><em>ά</em></span> <span class='ocrx_word' id='word_1_539' title='bbox 1307 3642 1469 3695; x_wconf 82' lang='lat' dir='ltr'><strong>etiam</strong></span> <span class='ocrx_word' id='word_1_540' title='bbox 1498 3641 1565 3694; x_wconf 87' lang='lat' dir='ltr'><strong>ad</strong></span> <span class='ocrx_word' id='word_1_541' title='bbox 1594 3643 1925 3695; x_wconf 84' lang='lat' dir='ltr'><strong>consortium</strong></span> <span class='ocrx_word' id='word_1_542' title='bbox 1955 3643 2057 3698; x_wconf 89' lang='lat' dir='ltr'><strong>iste</strong></span> 
     </span>
    </p>
   </div>
   <div class='ocr_carea' id='block_1_54' title="bbox 463 3730 2054 3801">
    <p class='ocr_par' dir='ltr' id='par_1_54' title="bbox 463 3730 2054 3801">
     <span class='ocr_line' id='line_1_54' title="bbox 463 3730 2054 3801; baseline 0.002 -18"><span class='ocrx_word' id='word_1_543' title='bbox 463 3731 722 3799; x_wconf 80' lang='lat' dir='ltr'><strong>diligitur.</strong></span> <span class='ocrx_word' id='word_1_544' title='bbox 752 3730 876 3784; x_wconf 87' lang='lat' dir='ltr'><strong>Non</strong></span> <span class='ocrx_word' id='word_1_545' title='bbox 905 3739 1069 3798; x_wconf 88' lang='lat' dir='ltr'><strong>potes,</strong></span> <span class='ocrx_word' id='word_1_546' title='bbox 1103 3731 1294 3798; x_wconf 91' lang='lat' dir='ltr'><strong>inquit,</strong></span> <span class='ocrx_word' id='word_1_547' title='bbox 1325 3747 1402 3784; x_wconf 89' lang='lat' dir='ltr'><strong>me</strong></span> <span class='ocrx_word' id='word_1_548' title='bbox 1431 3732 1582 3784; x_wconf 90' lang='lat' dir='ltr'><strong>modo</strong></span> <span class='ocrx_word' id='word_1_549' title='bbox 1607 3733 1767 3800; x_wconf 80' lang='lat' dir='ltr'><strong>sequi.</strong></span> <span class='ocrx_word' id='word_1_550' title='bbox 1800 3731 2054 3801; x_wconf 88' lang='lat' dir='ltr'><strong>lmpossi-</strong></span> 
     </span>
    </p>
   </div>
   <div class='ocr_carea' id='block_1_55' title="bbox 466 3820 2056 3889">
    <p class='ocr_par' dir='ltr' id='par_1_55' title="bbox 466 3820 2056 3889">
     <span class='ocr_line' id='line_1_55' title="bbox 466 3820 2056 3889; baseline 0 -13"><span class='ocrx_word' id='word_1_551' title='bbox 466 3822 576 3876; x_wconf 88' lang='lat' dir='ltr'><strong>bile</strong></span> <span class='ocrx_word' id='word_1_552' title='bbox 605 3829 690 3878; x_wconf 82' lang='lat' dir='ltr'><strong>est</strong></span> <span class='ocrx_word' id='word_1_553' title='bbox 719 3821 881 3874; x_wconf 89' lang='lat' dir='ltr'><strong>Petro</strong></span> <span class='ocrx_word' id='word_1_554' title='bbox 909 3821 1060 3889; x_wconf 88' lang='lat' dir='ltr'><strong>sequi</strong></span> <span class='ocrx_word' id='word_1_555' title='bbox 1084 3821 1367 3875; x_wconf 88' lang='lat' dir='ltr'><strong>Dominum</strong></span> <span class='ocrx_word' id='word_1_556' title='bbox 1396 3839 1407 3872; x_wconf 92' lang='lat'>:</span> <span class='ocrx_word' id='word_1_557' title='bbox 1434 3822 1594 3874; x_wconf 90' lang='lat' dir='ltr'><strong>etiam</strong></span> <span class='ocrx_word' id='word_1_558' title='bbox 1626 3820 1780 3874; x_wconf 80' lang='lat' dir='ltr'><strong>facile</strong></span> <span class='ocrx_word' id='word_1_559' title='bbox 1806 3832 1828 3858; x_wconf 76' lang='grc' dir='ltr'>ε</span> <span class='ocrx_word' id='word_1_560' title='bbox 1862 3823 2056 3877; x_wconf 89' lang='lat' dir='ltr'><strong>latroni</strong></span> 
     </span>
    </p>
   </div>
   <div class='ocr_carea' id='block_1_56' title="bbox 462 3908 2061 3982">
    <p class='ocr_par' dir='ltr' id='par_1_56' title="bbox 462 3908 2061 3982">
     <span class='ocr_line' id='line_1_56' title="bbox 462 3908 2061 3982; baseline -0.001 -16"><span class='ocrx_word' id='word_1_561' title='bbox 462 3919 690 3966; x_wconf 83' lang='lat' dir='ltr'><strong>estesse</strong></span> <span class='ocrx_word' id='word_1_562' title='bbox 710 3927 831 3965; x_wconf 93' lang='lat' dir='ltr'><strong>cum</strong></span> <span class='ocrx_word' id='word_1_563' title='bbox 862 3914 1016 3980; x_wconf 65' lang='lat'><strong>162</strong></span> <span class='ocrx_word' id='word_1_564' title='bbox 1046 3909 1290 3963; x_wconf 89' lang='lat' dir='ltr'><strong>Domino.</strong></span> <span class='ocrx_word' id='word_1_565' title='bbox 1318 3908 1490 3962; x_wconf 81' lang='lat' dir='ltr'><strong>Hodie</strong></span> <span class='ocrx_word' id='word_1_566' title='bbox 1517 3909 1532 3945; x_wconf 72' lang='grc' dir='ltr'>ί</span> <span class='ocrx_word' id='word_1_567' title='bbox 1561 3926 1756 3962; x_wconf 88' lang='lat' dir='ltr'><strong>mecum</strong></span> <span class='ocrx_word' id='word_1_568' title='bbox 1773 3913 1872 3964; x_wconf 87' lang='lat' dir='ltr'><strong>eris</strong></span> <span class='ocrx_word' id='word_1_569' title='bbox 1895 3913 1947 3964; x_wconf 92' lang='lat' dir='ltr'><strong>in</strong></span> <span class='ocrx_word' id='word_1_570' title='bbox 1971 3929 2061 3982; x_wconf 83' lang='lat' dir='ltr'><strong>pa-</strong></span> 
     </span>
    </p>
   </div>
   <div class='ocr_carea' id='block_1_57' title="bbox 541 4018 1674 4082">
    <p class='ocr_par' dir='ltr' id='par_1_57' title="bbox 541 4018 1674 4082">
     <span class='ocr_line' id='line_1_57' title="bbox 541 4018 1674 4082; baseline -0.003 -7"><span class='ocrx_word' id='word_1_571' title='bbox 541 4032 566 4058; x_wconf 84' lang='grc'>⁶</span> <span class='ocrx_word' id='word_1_572' title='bbox 605 4019 740 4075; x_wconf 86' lang='lat' dir='ltr'><strong>Cod.</strong></span> <span class='ocrx_word' id='word_1_573' title='bbox 766 4020 888 4073; x_wconf 88' lang='lat' dir='ltr'><strong>Vat.</strong></span> <span class='ocrx_word' id='word_1_574' title='bbox 922 4019 1035 4072; x_wconf 87' lang='lat' dir='ltr'><strong>Pal.</strong></span> <span class='ocrx_word' id='word_1_575' title='bbox 1070 4018 1228 4082; x_wconf 71' lang='grc'><strong>4951,</strong></span> <span class='ocrx_word' id='word_1_576' title='bbox 1260 4019 1335 4072; x_wconf 83' lang='lat' dir='ltr'><strong>vel</strong></span> <span class='ocrx_word' id='word_1_577' title='bbox 1364 4021 1417 4070; x_wconf 89' lang='lat' dir='ltr'><strong>in</strong></span> <span class='ocrx_word' id='word_1_578' title='bbox 1440 4027 1674 4072; x_wconf 81' lang='lat' dir='ltr'><strong>mortem.</strong></span> 
     </span>
    </p>
   </div>
   <div class='ocr_carea' id='block_1_58' title="bbox 537 4088 2055 4160">
    <p class='ocr_par' dir='ltr' id='par_1_58' title="bbox 537 4088 2055 4160">
     <span class='ocr_line' id='line_1_58' title="bbox 537 4088 2055 4160; baseline -0.002 -15"><span class='ocrx_word' id='word_1_579' title='bbox 537 4089 565 4128; x_wconf 72' lang='grc' dir='ltr'><strong>ι’</strong></span> <span class='ocrx_word' id='word_1_580' title='bbox 595 4091 726 4145; x_wconf 86' lang='lat' dir='ltr'><strong>Cod.</strong></span> <span class='ocrx_word' id='word_1_581' title='bbox 759 4089 880 4142; x_wconf 89' lang='lat' dir='ltr'><strong>Vat.</strong></span> <span class='ocrx_word' id='word_1_582' title='bbox 913 4089 1070 4152; x_wconf 68' lang='grc'><strong>6452,</strong></span> <span class='ocrx_word' id='word_1_583' title='bbox 1117 4106 1207 4160; x_wconf 77' lang='lat' dir='ltr'><strong>cur</strong></span> <span class='ocrx_word' id='word_1_584' title='bbox 1255 4099 1510 4160; x_wconf 88' lang='lat' dir='ltr'><strong>tantorum</strong></span> <span class='ocrx_word' id='word_1_585' title='bbox 1554 4088 1825 4141; x_wconf 86' lang='lat' dir='ltr'><strong>criminum</strong></span> <span class='ocrx_word' id='word_1_586' title='bbox 1855 4091 2055 4143; x_wconf 85' lang='lat' dir='ltr'><strong>malitia</strong></span> 
     </span>
    </p>
   </div>
   <div class='ocr_carea' id='block_1_59' title="bbox 459 4159 2055 4227">
    <p class='ocr_par' dir='ltr' id='par_1_59' title="bbox 459 4159 2055 4227">
     <span class='ocr_line' id='line_1_59' title="bbox 459 4159 2055 4227; baseline -0.002 -12"><span class='ocrx_word' id='word_1_587' title='bbox 459 4165 776 4216; x_wconf 84' lang='lat' dir='ltr'><strong>inveteratus</strong></span> <span class='ocrx_word' id='word_1_588' title='bbox 805 4160 939 4211; x_wconf 88' lang='lat' dir='ltr'><strong>latro</strong></span> <span class='ocrx_word' id='word_1_589' title='bbox 971 4161 1133 4211; x_wconf 84' lang='lat' dir='ltr'><strong>crucis</strong></span> <span class='ocrx_word' id='word_1_590' title='bbox 1162 4160 1455 4227; x_wconf 61' lang='lat' dir='ltr'><strong>conlisione</strong></span> <span class='ocrx_word' id='word_1_591' title='bbox 1477 4159 1773 4216; x_wconf 87' lang='lat' dir='ltr'><strong>damnatus,</strong></span> <span class='ocrx_word' id='word_1_592' title='bbox 1800 4159 1910 4211; x_wconf 87' lang='lat' dir='ltr'><strong>sola</strong></span> <span class='ocrx_word' id='word_1_593' title='bbox 1932 4176 2055 4212; x_wconf 89' lang='lat' dir='ltr'><strong>con-</strong></span> 
     </span>
    </p>
   </div>
   <div class='ocr_carea' id='block_1_60' title="bbox 463 4227 2057 4310">
    <p class='ocr_par' dir='ltr' id='par_1_60' title="bbox 463 4227 2057 4310">
     <span class='ocr_line' id='line_1_60' title="bbox 463 4227 2057 4310; baseline -0.002 -26"><span class='ocrx_word' id='word_1_594' title='bbox 463 4233 689 4304; x_wconf 75' lang='lat' dir='ltr'><strong>fessione</strong></span> <span class='ocrx_word' id='word_1_595' title='bbox 736 4229 1040 4310; x_wconf 84' lang='lat' dir='ltr'><strong>paradisum</strong></span> <span class='ocrx_word' id='word_1_596' title='bbox 1089 4230 1307 4310; x_wconf 31' lang='lat' dir='ltr'><strong>inhipsol</strong></span> <span class='ocrx_word' id='word_1_597' title='bbox 1341 4228 1578 4310; x_wconf 70' lang='lat' dir='ltr'><strong>supplicii</strong></span> <span class='ocrx_word' id='word_1_598' title='bbox 1609 4227 2057 4310; x_wconf 18' lang='lat' dir='ltr'><strong>&#39;patibulo‘potuit</strong></span> 
     </span>
    </p>
   </div>
   <div class='ocr_carea' id='block_1_61' title="bbox 461 4298 2056 4370">
    <p class='ocr_par' dir='ltr' id='par_1_61' title="bbox 461 4298 2056 4370">
     <span class='ocr_line' id='line_1_61' title="bbox 461 4298 2056 4370; baseline 0 -18"><span class='ocrx_word' id='word_1_599' title='bbox 461 4298 766 4370; x_wconf 72' lang='lat' dir='ltr'><strong>promereri,</strong></span> <span class='ocrx_word' id='word_1_600' title='bbox 799 4306 847 4350; x_wconf 84' lang='lat' dir='ltr'><strong>et</strong></span> <span class='ocrx_word' id='word_1_601' title='bbox 891 4307 1041 4350; x_wconf 88' lang='lat' dir='ltr'><strong>tanta</strong></span> <span class='ocrx_word' id='word_1_602' title='bbox 1090 4299 1184 4370; x_wconf 73' lang='lat' dir='ltr'><strong>fuit</strong></span> <span class='ocrx_word' id='word_1_603' title='bbox 1232 4298 1491 4350; x_wconf 75' lang='lat' dir='ltr'><strong>celeritate</strong></span> <span class='ocrx_word' id='word_1_604' title='bbox 1539 4298 1786 4358; x_wconf 85' lang='lat' dir='ltr'><strong>salvatus,</strong></span> <span class='ocrx_word' id='word_1_605' title='bbox 1817 4307 1872 4348; x_wconf 91' lang='lat' dir='ltr'><strong>ut</strong></span> <span class='ocrx_word' id='word_1_606' title='bbox 1899 4314 2056 4366; x_wconf 75' lang='lat' dir='ltr'><strong>expe-</strong></span> 
     </span>
    </p>
   </div>
   <div class='ocr_carea' id='block_1_62' title="bbox 458 4369 2054 4438">
    <p class='ocr_par' dir='ltr' id='par_1_62' title="bbox 458 4369 2054 4438">
     <span class='ocr_line' id='line_1_62' title="bbox 458 4369 2054 4438; baseline -0.001 -16"><span class='ocrx_word' id='word_1_607' title='bbox 458 4369 601 4422; x_wconf 80' lang='lat' dir='ltr'><strong>ctata</strong></span> <span class='ocrx_word' id='word_1_608' title='bbox 625 4371 734 4438; x_wconf 86' lang='lat' dir='ltr'><strong>ejus</strong></span> <span class='ocrx_word' id='word_1_609' title='bbox 764 4369 932 4437; x_wconf 86' lang='lat' dir='ltr'><strong>gratia</strong></span> <span class='ocrx_word' id='word_1_610' title='bbox 954 4369 1254 4436; x_wconf 66' lang='lat' dir='ltr'><strong>prameniret</strong></span> <span class='ocrx_word' id='word_1_611' title='bbox 1285 4375 1558 4435; x_wconf 84' lang='lat' dir='ltr'><strong>antequam</strong></span> <span class='ocrx_word' id='word_1_612' title='bbox 1587 4379 1808 4438; x_wconf 67' lang='lat' dir='ltr'><strong>plenam,</strong></span> <span class='ocrx_word' id='word_1_613' title='bbox 1839 4375 1887 4418; x_wconf 89' lang='lat' dir='ltr'><strong>et</strong></span> <span class='ocrx_word' id='word_1_614' title='bbox 1911 4370 2054 4434; x_wconf 90' lang='lat' dir='ltr'><strong>prius</strong></span> 
     </span>
    </p>
   </div>
   <div class='ocr_carea' id='block_1_63' title="bbox 461 4437 2055 4509">
    <p class='ocr_par' dir='ltr' id='par_1_63' title="bbox 461 4437 2055 4509">
     <span class='ocr_line' id='line_1_63' title="bbox 461 4437 2055 4509; baseline -0.002 -17"><span class='ocrx_word' id='word_1_615' title='bbox 461 4442 519 4493; x_wconf 83' lang='lat' dir='ltr'><strong>in</strong></span> <span class='ocrx_word' id='word_1_616' title='bbox 562 4437 715 4492; x_wconf 84' lang='lat' dir='ltr'><strong>malis</strong></span> <span class='ocrx_word' id='word_1_617' title='bbox 755 4439 861 4490; x_wconf 85' lang='lat' dir='ltr'><strong>suis</strong></span> <span class='ocrx_word' id='word_1_618' title='bbox 899 4439 1120 4509; x_wconf 88' lang='lat' dir='ltr'><strong>gloriam</strong></span> <span class='ocrx_word' id='word_1_619' title='bbox 1163 4438 1369 4509; x_wconf 80' lang='lat' dir='ltr'><strong>recepit,</strong></span> <span class='ocrx_word' id='word_1_620' title='bbox 1398 4453 1550 4509; x_wconf 77' lang='lat' dir='ltr'><strong>quam</strong></span> <span class='ocrx_word' id='word_1_621' title='bbox 1588 4437 1747 4504; x_wconf 84' lang='lat' dir='ltr'><strong>possit</strong></span> <span class='ocrx_word' id='word_1_622' title='bbox 1778 4438 1968 4504; x_wconf 86' lang='lat' dir='ltr'><strong>putari,</strong></span> <span class='ocrx_word' id='word_1_623' title='bbox 1999 4447 2055 4489; x_wconf 92' lang='lat' dir='ltr'><strong>ut</strong></span> 
     </span>
    </p>
   </div>
   <div class='ocr_carea' id='block_1_64' title="bbox 460 4506 2017 4576">
    <p class='ocr_par' dir='ltr' id='par_1_64' title="bbox 460 4506 2017 4576">
     <span class='ocr_line' id='line_1_64' title="bbox 460 4506 2017 4576; baseline -0.003 -14"><span class='ocrx_word' id='word_1_624' title='bbox 460 4525 566 4562; x_wconf 84' lang='lat' dir='ltr'><strong>non</strong></span> <span class='ocrx_word' id='word_1_625' title='bbox 595 4509 826 4576; x_wconf 80' lang='lat' dir='ltr'><strong>patiatur</strong></span> <span class='ocrx_word' id='word_1_626' title='bbox 855 4506 1180 4576; x_wconf 77' lang='lat' dir='ltr'><strong>supplicium,</strong></span> <span class='ocrx_word' id='word_1_627' title='bbox 1211 4507 1328 4576; x_wconf 80' lang='lat' dir='ltr'><strong>dum</strong></span> <span class='ocrx_word' id='word_1_628' title='bbox 1353 4506 1660 4576; x_wconf 63' lang='lat' dir='ltr'><strong>paradisum</strong></span> <span class='ocrx_word' id='word_1_629' title='bbox 1682 4516 2017 4573; x_wconf 85' lang='lat' dir='ltr'><strong>promeretur.</strong></span> 
     </span>
    </p>
   </div>
   <div class='ocr_carea' id='block_1_65' title="bbox 539 4573 2053 4642">
    <p class='ocr_par' dir='ltr' id='par_1_65' title="bbox 539 4573 2053 4642">
     <span class='ocr_line' id='line_1_65' title="bbox 539 4573 2053 4642; baseline -0.003 -10"><span class='ocrx_word' id='word_1_630' title='bbox 539 4589 562 4616; x_wconf 70' lang='grc' dir='ltr'>ε</span> <span class='ocrx_word' id='word_1_631' title='bbox 594 4573 728 4632; x_wconf 85' lang='lat' dir='ltr'><strong>Cod.</strong></span> <span class='ocrx_word' id='word_1_632' title='bbox 770 4575 838 4627; x_wconf 87' lang='lat'>99</span> <span class='ocrx_word' id='word_1_633' title='bbox 874 4573 930 4628; x_wconf 61' lang='lat' dir='ltr'><strong>SL</strong></span> <span class='ocrx_word' id='word_1_634' title='bbox 952 4573 1150 4630; x_wconf 45' lang='lat' dir='ltr'><strong>&#39;Crucis</strong></span> <span class='ocrx_word' id='word_1_635' title='bbox 1192 4576 1242 4627; x_wconf 88' lang='lat' dir='ltr'><strong>io</strong></span> <span class='ocrx_word' id='word_1_636' title='bbox 1282 4573 1390 4627; x_wconf 79' lang='lat' dir='ltr'><strong>Jer.</strong></span> <span class='ocrx_word' id='word_1_637' title='bbox 1426 4575 1591 4642; x_wconf 85' lang='lat' dir='ltr'><strong>legit:</strong></span> <span class='ocrx_word' id='word_1_638' title='bbox 1623 4574 1886 4642; x_wconf 84' lang='lat' dir='ltr'><strong>Tanquam</strong></span> <span class='ocrx_word' id='word_1_639' title='bbox 1915 4592 2053 4642; x_wconf 73' lang='lat' dir='ltr'><strong>pra:-</strong></span> 
     </span>
    </p>
   </div>
   <div class='ocr_carea' id='block_1_66' title="bbox 462 4644 2052 4719">
    <p class='ocr_par' dir='ltr' id='par_1_66' title="bbox 462 4644 2052 4719">
     <span class='ocr_line' id='line_1_66' title="bbox 462 4644 2052 4719; baseline -0.003 -19"><span class='ocrx_word' id='word_1_640' title='bbox 462 4664 710 4719; x_wconf 86' lang='lat' dir='ltr'><strong>properus</strong></span> <span class='ocrx_word' id='word_1_641' title='bbox 733 4647 820 4699; x_wconf 84' lang='lat' dir='ltr'><strong>ille</strong></span> <span class='ocrx_word' id='word_1_642' title='bbox 845 4646 1100 4713; x_wconf 72' lang='lat' dir='ltr'><strong>diﬂ&#39;ertur,</strong></span> <span class='ocrx_word' id='word_1_643' title='bbox 1135 4654 1184 4698; x_wconf 85' lang='lat' dir='ltr'><strong>et</strong></span> <span class='ocrx_word' id='word_1_644' title='bbox 1210 4646 1310 4709; x_wconf 89' lang='lat' dir='ltr'><strong>hic,</strong></span> <span class='ocrx_word' id='word_1_645' title='bbox 1344 4653 1473 4708; x_wconf 89' lang='lat' dir='ltr'><strong>etc.;</strong></span> <span class='ocrx_word' id='word_1_646' title='bbox 1503 4652 1558 4698; x_wconf 89' lang='lat' dir='ltr'><strong>et</strong></span> <span class='ocrx_word' id='word_1_647' title='bbox 1584 4644 1704 4698; x_wconf 90' lang='lat' dir='ltr'><strong>cod.</strong></span> <span class='ocrx_word' id='word_1_648' title='bbox 1737 4644 1860 4698; x_wconf 87' lang='lat' dir='ltr'><strong>Vat.</strong></span> <span class='ocrx_word' id='word_1_649' title='bbox 1895 4644 2052 4711; x_wconf 71' lang='grc'>6452,</span> 
     </span>
    </p>
   </div>
   <div class='ocr_carea' id='block_1_67' title="bbox 525 4732 732 4770">
    <p class='ocr_par' dir='ltr' id='par_1_67' title="bbox 525 4732 732 4770">
     <span class='ocr_line' id='line_1_67' title="bbox 525 4732 732 4770; baseline -0.01 0"><span class='ocrx_word' id='word_1_650' title='bbox 525 4732 732 4770; x_wconf 81' lang='lat' dir='ltr'><strong>oneras.</strong></span> 
     </span>
    </p>
   </div>
   <div class='ocr_carea' id='block_1_68' title="bbox 459 4734 2054 4851">
    <p class='ocr_par' dir='ltr' id='par_1_68' title="bbox 459 4734 2054 4851">
     <span class='ocr_line' id='line_1_68' title="bbox 459 4734 2054 4851; baseline 0.001 -15"><span class='ocrx_word' id='word_1_651' title='bbox 459 4734 735 4839; x_wconf 58' lang='grc' dir='ltr'><strong>ν’ἷρῗιῖἕῖιί</strong></span> <span class='ocrx_word' id='word_1_652' title='bbox 765 4785 885 4838; x_wconf 85' lang='lat' dir='ltr'><strong>cod.</strong></span> <span class='ocrx_word' id='word_1_653' title='bbox 936 4784 994 4836; x_wconf 87' lang='lat' dir='ltr'><strong>S.</strong></span> <span class='ocrx_word' id='word_1_654' title='bbox 1045 4783 1232 4837; x_wconf 88' lang='lat' dir='ltr'><strong>Crucis</strong></span> <span class='ocrx_word' id='word_1_655' title='bbox 1275 4784 1328 4837; x_wconf 93' lang='lat' dir='ltr'><strong>in</strong></span> <span class='ocrx_word' id='word_1_656' title='bbox 1375 4782 1510 4851; x_wconf 85' lang='lat' dir='ltr'><strong>Jer.,</strong></span> <span class='ocrx_word' id='word_1_657' title='bbox 1541 4792 1596 4839; x_wconf 91' lang='lat' dir='ltr'><strong>et</strong></span> <span class='ocrx_word' id='word_1_658' title='bbox 1623 4783 1746 4838; x_wconf 92' lang='lat' dir='ltr'><strong>Vat.</strong></span> <span class='ocrx_word' id='word_1_659' title='bbox 1791 4781 1950 4848; x_wconf 71' lang='grc'>6452,</span> <span class='ocrx_word' id='word_1_660' title='bbox 1983 4783 2054 4837; x_wconf 90' lang='lat' dir='ltr'><strong>ad</strong></span> 
     </span>
    </p>
   </div>
   <div class='ocr_carea' id='block_1_69' title="bbox 458 4854 1190 4921">
    <p class='ocr_par' dir='ltr' id='par_1_69' title="bbox 458 4854 1190 4921">
     <span class='ocr_line' id='line_1_69' title="bbox 458 4854 1190 4921; baseline -0.008 -11"><span class='ocrx_word' id='word_1_661' title='bbox 458 4857 777 4910; x_wconf 83' lang='lat' dir='ltr'><strong>consortium</strong></span> <span class='ocrx_word' id='word_1_662' title='bbox 807 4856 902 4906; x_wconf 79' lang='lat' dir='ltr'><strong>iste</strong></span> <span class='ocrx_word' id='word_1_663' title='bbox 939 4854 1190 4921; x_wconf 85' lang='lat' dir='ltr'><strong>diligitur.</strong></span> 
     </span>
    </p>
   </div>
   <div class='ocr_carea' id='block_1_70' title="bbox 2159 3550 3759 3618">
    <p class='ocr_par' dir='ltr' id='par_1_70' title="bbox 2159 3550 3759 3618">
     <span class='ocr_line' id='line_1_70' title="bbox 2159 3550 3759 3618; baseline 0 -13"><span class='ocrx_word' id='word_1_664' title='bbox 2159 3553 2464 3618; x_wconf 87' lang='lat' dir='ltr'><strong>denegavit.</strong></span> <span class='ocrx_word' id='word_1_665' title='bbox 2507 3551 2656 3604; x_wconf 84' lang='lat' dir='ltr'><strong>Sicut</strong></span> <span class='ocrx_word' id='word_1_666' title='bbox 2699 3565 2828 3618; x_wconf 89' lang='lat' dir='ltr'><strong>ergo</strong></span> <span class='ocrx_word' id='word_1_667' title='bbox 2869 3550 3064 3604; x_wconf 85' lang='lat' dir='ltr'><strong>suflicit</strong></span> <span class='ocrx_word' id='word_1_668' title='bbox 3104 3550 3190 3603; x_wconf 90' lang='lat' dir='ltr'><strong>isti</strong></span> <span class='ocrx_word' id='word_1_669' title='bbox 3233 3551 3300 3603; x_wconf 89' lang='lat' dir='ltr'><strong>ad</strong></span> <span class='ocrx_word' id='word_1_670' title='bbox 3329 3551 3558 3615; x_wconf 87' lang='lat' dir='ltr'><strong>scelera,</strong></span> <span class='ocrx_word' id='word_1_671' title='bbox 3597 3553 3759 3606; x_wconf 83' lang='lat' dir='ltr'><strong>dese-</strong></span> 
     </span>
    </p>
   </div>
   <div class='ocr_carea' id='block_1_71' title="bbox 2160 3639 3760 3706">
    <p class='ocr_par' dir='ltr' id='par_1_71' title="bbox 2160 3639 3760 3706">
     <span class='ocr_line' id='line_1_71' title="bbox 2160 3639 3760 3706; baseline 0 -10"><span class='ocrx_word' id='word_1_672' title='bbox 2160 3645 2332 3697; x_wconf 87' lang='lat' dir='ltr'><strong>ruisse</strong></span> <span class='ocrx_word' id='word_1_673' title='bbox 2359 3642 2664 3706; x_wconf 81' lang='lat' dir='ltr'><strong>Christum;</strong></span> <span class='ocrx_word' id='word_1_674' title='bbox 2700 3641 2771 3694; x_wconf 89' lang='lat' dir='ltr'><strong>ita</strong></span> <span class='ocrx_word' id='word_1_675' title='bbox 2805 3640 2878 3694; x_wconf 92' lang='lat' dir='ltr'><strong>illi</strong></span> <span class='ocrx_word' id='word_1_676' title='bbox 2903 3639 3101 3695; x_wconf 80' lang='lat' dir='ltr'><strong>suﬂicit</strong></span> <span class='ocrx_word' id='word_1_677' title='bbox 3127 3641 3194 3693; x_wconf 89' lang='lat' dir='ltr'><strong>ad</strong></span> <span class='ocrx_word' id='word_1_678' title='bbox 3227 3641 3615 3704; x_wconf 87' lang='lat' dir='ltr'><strong>innocentiam,</strong></span> <span class='ocrx_word' id='word_1_679' title='bbox 3651 3642 3760 3696; x_wconf 89' lang='lat' dir='ltr'><strong>Do-</strong></span> 
     </span>
    </p>
   </div>
   <div class='ocr_carea' id='block_1_72' title="bbox 2161 3731 3757 3799">
    <p class='ocr_par' dir='ltr' id='par_1_72' title="bbox 2161 3731 3757 3799">
     <span class='ocr_line' id='line_1_72' title="bbox 2161 3731 3757 3799; baseline 0.001 -14"><span class='ocrx_word' id='word_1_680' title='bbox 2161 3733 2309 3786; x_wconf 88' lang='lat' dir='ltr'><strong>mino</strong></span> <span class='ocrx_word' id='word_1_681' title='bbox 2339 3732 2651 3785; x_wconf 86' lang='lat' dir='ltr'><strong>credidisse.</strong></span> <span class='ocrx_word' id='word_1_682' title='bbox 2686 3731 2834 3784; x_wconf 85' lang='lat' dir='ltr'><strong>Facit</strong></span> <span class='ocrx_word' id='word_1_683' title='bbox 2877 3732 3040 3799; x_wconf 92' lang='lat' dir='ltr'><strong>igitur</strong></span> <span class='ocrx_word' id='word_1_684' title='bbox 3077 3738 3132 3785; x_wconf 92' lang='lat' dir='ltr'><strong>et</strong></span> <span class='ocrx_word' id='word_1_685' title='bbox 3173 3731 3302 3785; x_wconf 88' lang='lat' dir='ltr'><strong>fides</strong></span> <span class='ocrx_word' id='word_1_686' title='bbox 3331 3732 3650 3786; x_wconf 88' lang='lat' dir='ltr'><strong>innocentes</strong></span> <span class='ocrx_word' id='word_1_687' title='bbox 3678 3733 3757 3786; x_wconf 86' lang='lat' dir='ltr'><strong>la-</strong></span> 
     </span>
    </p>
   </div>
   <div class='ocr_carea' id='block_1_73' title="bbox 2160 3820 3757 3890">
    <p class='ocr_par' dir='ltr' id='par_1_73' title="bbox 2160 3820 3757 3890">
     <span class='ocr_line' id='line_1_73' title="bbox 2160 3820 3757 3890; baseline -0.001 -15"><span class='ocrx_word' id='word_1_688' title='bbox 2160 3831 2363 3886; x_wconf 90' lang='lat' dir='ltr'><strong>trones,</strong></span> <span class='ocrx_word' id='word_1_689' title='bbox 2405 3829 2460 3875; x_wconf 90' lang='lat' dir='ltr'><strong>et</strong></span> <span class='ocrx_word' id='word_1_690' title='bbox 2509 3820 2529 3856; x_wconf 72' lang='grc' dir='ltr'>ιλ</span> <span class='ocrx_word' id='word_1_691' title='bbox 2576 3821 2798 3890; x_wconf 83' lang='lat' dir='ltr'><strong>perfidia</strong></span> <span class='ocrx_word' id='word_1_692' title='bbox 2847 3821 3123 3889; x_wconf 86' lang='lat' dir='ltr'><strong>apostolos</strong></span> <span class='ocrx_word' id='word_1_693' title='bbox 3171 3820 3511 3874; x_wconf 81' lang='lat' dir='ltr'><strong>criminosas.</strong></span> <span class='ocrx_word' id='word_1_694' title='bbox 3565 3821 3757 3889; x_wconf 75' lang='lat' dir='ltr'><strong>Magna</strong></span> 
     </span>
    </p>
   </div>
   <div class='ocr_carea' id='block_1_74' title="bbox 2162 3908 3755 3981">
    <p class='ocr_par' dir='ltr' id='par_1_74' title="bbox 2162 3908 3755 3981">
     <span class='ocr_line' id='line_1_74' title="bbox 2162 3908 3755 3981; baseline -0.001 -15"><span class='ocrx_word' id='word_1_695' title='bbox 2162 3913 2324 3981; x_wconf 87' lang='lat' dir='ltr'><strong>igitur</strong></span> <span class='ocrx_word' id='word_1_696' title='bbox 2352 3919 2407 3966; x_wconf 92' lang='lat' dir='ltr'><strong>et</strong></span> <span class='ocrx_word' id='word_1_697' title='bbox 2435 3910 2674 3981; x_wconf 87' lang='lat' dir='ltr'><strong>perfecta</strong></span> <span class='ocrx_word' id='word_1_698' title='bbox 2706 3911 2838 3965; x_wconf 86' lang='lat' dir='ltr'><strong>fides</strong></span> <span class='ocrx_word' id='word_1_699' title='bbox 2878 3910 2932 3963; x_wconf 94' lang='lat' dir='ltr'><strong>in</strong></span> <span class='ocrx_word' id='word_1_700' title='bbox 2974 3910 3066 3964; x_wconf 91' lang='lat' dir='ltr'><strong>illo</strong></span> <span class='ocrx_word' id='word_1_701' title='bbox 3107 3909 3317 3964; x_wconf 89' lang='lat' dir='ltr'><strong>latrone</strong></span> <span class='ocrx_word' id='word_1_702' title='bbox 3355 3908 3475 3976; x_wconf 87' lang='lat' dir='ltr'><strong>fuit,</strong></span> <span class='ocrx_word' id='word_1_703' title='bbox 3511 3908 3531 3947; x_wconf 82' lang='grc' dir='ltr'>ι</span> <span class='ocrx_word' id='word_1_704' title='bbox 3563 3924 3755 3980; x_wconf 88' lang='lat' dir='ltr'><strong>magna</strong></span> 
     </span>
    </p>
   </div>
   <div class='ocr_carea' id='block_1_75' title="bbox 2236 4019 3465 4090">
    <p class='ocr_par' dir='ltr' id='par_1_75' title="bbox 2236 4019 3465 4090">
     <span class='ocr_line' id='line_1_75' title="bbox 2236 4019 3465 4090; baseline -0.001 -16"><span class='ocrx_word' id='word_1_705' title='bbox 2236 4025 2252 4061; x_wconf 70' lang='grc' dir='ltr'><strong>ι</strong></span> <span class='ocrx_word' id='word_1_706' title='bbox 2283 4021 2338 4076; x_wconf 90' lang='lat' dir='ltr'><strong>ln</strong></span> <span class='ocrx_word' id='word_1_707' title='bbox 2361 4022 2482 4077; x_wconf 87' lang='lat' dir='ltr'><strong>cod.</strong></span> <span class='ocrx_word' id='word_1_708' title='bbox 2515 4021 2574 4076; x_wconf 85' lang='lat' dir='ltr'><strong>S.</strong></span> <span class='ocrx_word' id='word_1_709' title='bbox 2607 4021 2793 4083; x_wconf 86' lang='lat' dir='ltr'><strong>Crucis</strong></span> <span class='ocrx_word' id='word_1_710' title='bbox 2822 4021 2874 4074; x_wconf 89' lang='lat' dir='ltr'><strong>in</strong></span> <span class='ocrx_word' id='word_1_711' title='bbox 2903 4019 3010 4075; x_wconf 83' lang='lat' dir='ltr'><strong>Jer.</strong></span> <span class='ocrx_word' id='word_1_712' title='bbox 3041 4019 3258 4074; x_wconf 86' lang='lat' dir='ltr'><strong>additur</strong></span> <span class='ocrx_word' id='word_1_713' title='bbox 3281 4022 3465 4090; x_wconf 79' lang='lat' dir='ltr'><strong>inquit.</strong></span> 
     </span>
    </p>
   </div>
   <div class='ocr_carea' id='block_1_76' title="bbox 2232 4091 3750 4160">
    <p class='ocr_par' dir='ltr' id='par_1_76' title="bbox 2232 4091 3750 4160">
     <span class='ocr_line' id='line_1_76' title="bbox 2232 4091 3750 4160; baseline 0.001 -15"><span class='ocrx_word' id='word_1_714' title='bbox 2232 4103 2256 4137; x_wconf 74' lang='grc' dir='ltr'><strong>κ</strong></span> <span class='ocrx_word' id='word_1_715' title='bbox 2288 4091 2536 4146; x_wconf 84' lang='lat' dir='ltr'><strong>Editores</strong></span> <span class='ocrx_word' id='word_1_716' title='bbox 2582 4093 2784 4146; x_wconf 90' lang='lat' dir='ltr'><strong>habent</strong></span> <span class='ocrx_word' id='word_1_717' title='bbox 2818 4091 3116 4160; x_wconf 32' lang='lat' dir='ltr'><strong>ipsaﬂhortt</strong></span> <span class='ocrx_word' id='word_1_718' title='bbox 3145 4107 3246 4160; x_wconf 82' lang='lat' dir='ltr'><strong>qua</strong></span> <span class='ocrx_word' id='word_1_719' title='bbox 3277 4092 3561 4158; x_wconf 83' lang='lat' dir='ltr'><strong>paradisus</strong></span> <span class='ocrx_word' id='word_1_720' title='bbox 3591 4091 3750 4146; x_wconf 71' lang='lat' dir='ltr'><strong>Deum</strong></span> 
     </span>
    </p>
   </div>
   <div class='ocr_carea' id='block_1_77' title="bbox 2159 4159 3679 4225">
    <p class='ocr_par' dir='ltr' id='par_1_77' title="bbox 2159 4159 3679 4225">
     <span class='ocr_line' id='line_1_77' title="bbox 2159 4159 3679 4225; baseline 0.001 -10"><span class='ocrx_word' id='word_1_721' title='bbox 2159 4163 2415 4225; x_wconf 82' lang='lat' dir='ltr'><strong>suscepit;</strong></span> <span class='ocrx_word' id='word_1_722' title='bbox 2447 4161 2538 4214; x_wconf 90' lang='lat' dir='ltr'><strong>sed</strong></span> <span class='ocrx_word' id='word_1_723' title='bbox 2569 4161 2777 4214; x_wconf 90' lang='lat' dir='ltr'><strong>meliori</strong></span> <span class='ocrx_word' id='word_1_724' title='bbox 2802 4159 2922 4214; x_wconf 81' lang='lat' dir='ltr'><strong>ced.</strong></span> <span class='ocrx_word' id='word_1_725' title='bbox 2952 4159 3071 4212; x_wconf 90' lang='lat' dir='ltr'><strong>Vat.</strong></span> <span class='ocrx_word' id='word_1_726' title='bbox 3106 4159 3336 4214; x_wconf 86' lang='lat' dir='ltr'><strong>lectione</strong></span> <span class='ocrx_word' id='word_1_727' title='bbox 3365 4161 3442 4213; x_wconf 90' lang='lat' dir='ltr'><strong>usi</strong></span> <span class='ocrx_word' id='word_1_728' title='bbox 3471 4177 3679 4216; x_wconf 88' lang='lat' dir='ltr'><strong>sumus.</strong></span> 
     </span>
    </p>
   </div>
   <div class='ocr_carea' id='block_1_78' title="bbox 2235 4228 3746 4296">
    <p class='ocr_par' dir='ltr' id='par_1_78' title="bbox 2235 4228 3746 4296">
     <span class='ocr_line' id='line_1_78' title="bbox 2235 4228 3746 4296; baseline -0.001 -11"><span class='ocrx_word' id='word_1_729' title='bbox 2235 4232 2259 4268; x_wconf 71' lang='grc' dir='ltr'>δ</span> <span class='ocrx_word' id='word_1_730' title='bbox 2291 4228 2464 4285; x_wconf 89' lang='lat' dir='ltr'><strong>Codd.</strong></span> <span class='ocrx_word' id='word_1_731' title='bbox 2511 4231 2570 4285; x_wconf 88' lang='lat' dir='ltr'><strong>S.</strong></span> <span class='ocrx_word' id='word_1_732' title='bbox 2614 4231 2802 4286; x_wconf 90' lang='lat' dir='ltr'><strong>Crucis</strong></span> <span class='ocrx_word' id='word_1_733' title='bbox 2835 4231 2888 4284; x_wconf 89' lang='lat' dir='ltr'><strong>in</strong></span> <span class='ocrx_word' id='word_1_734' title='bbox 2925 4228 3058 4295; x_wconf 84' lang='lat' dir='ltr'><strong>Jer.,</strong></span> <span class='ocrx_word' id='word_1_735' title='bbox 3091 4228 3264 4283; x_wconf 90' lang='lat' dir='ltr'><strong>Vatic.</strong></span> <span class='ocrx_word' id='word_1_736' title='bbox 3297 4238 3351 4284; x_wconf 92' lang='lat' dir='ltr'><strong>et</strong></span> <span class='ocrx_word' id='word_1_737' title='bbox 3381 4229 3645 4286; x_wconf 86' lang='lat' dir='ltr'><strong>Vallicell.</strong></span> <span class='ocrx_word' id='word_1_738' title='bbox 3678 4247 3746 4296; x_wconf 77' lang='grc' dir='ltr'>ιι,</span> 
     </span>
    </p>
   </div>
   <div class='ocr_carea' id='block_1_79' title="bbox 2164 4311 2381 4354">
    <p class='ocr_par' dir='ltr' id='par_1_79' title="bbox 2164 4311 2381 4354">
     <span class='ocr_line' id='line_1_79' title="bbox 2164 4311 2381 4354; baseline -0.005 0"><span class='ocrx_word' id='word_1_739' title='bbox 2164 4311 2381 4354; x_wconf 90' lang='lat' dir='ltr'><strong>tantam.</strong></span> 
     </span>
    </p>
   </div>
   <div class='ocr_carea' id='block_1_80' title="bbox 2239 4369 3339 4440">
    <p class='ocr_par' dir='ltr' id='par_1_80' title="bbox 2239 4369 3339 4440">
     <span class='ocr_line' id='line_1_80' title="bbox 2239 4369 3339 4440; baseline -0.004 -16"><span class='ocrx_word' id='word_1_740' title='bbox 2239 4373 2250 4408; x_wconf 65' lang='grc' dir='ltr'>ί</span> <span class='ocrx_word' id='word_1_741' title='bbox 2287 4371 2432 4424; x_wconf 86' lang='lat' dir='ltr'><strong>Idem</strong></span> <span class='ocrx_word' id='word_1_742' title='bbox 2462 4370 2583 4424; x_wconf 91' lang='lat' dir='ltr'><strong>cod.</strong></span> <span class='ocrx_word' id='word_1_743' title='bbox 2611 4370 2758 4440; x_wconf 86' lang='lat' dir='ltr'><strong>Vat.,</strong></span> <span class='ocrx_word' id='word_1_744' title='bbox 2788 4386 2901 4440; x_wconf 71' lang='lat' dir='ltr'><strong>quae</strong></span> <span class='ocrx_word' id='word_1_745' title='bbox 2920 4376 3128 4440; x_wconf 77' lang='lat' dir='ltr'><strong>peccata</strong></span> <span class='ocrx_word' id='word_1_746' title='bbox 3157 4369 3339 4440; x_wconf 76' lang='lat' dir='ltr'><strong>operit.</strong></span> 
     </span>
    </p>
   </div>
   <div class='ocr_carea' id='block_1_81' title="bbox 2239 4437 3749 4508">
    <p class='ocr_par' dir='ltr' id='par_1_81' title="bbox 2239 4437 3749 4508">
     <span class='ocr_line' id='line_1_81' title="bbox 2239 4437 3749 4508; baseline 0.001 -17"><span class='ocrx_word' id='word_1_747' title='bbox 2239 4441 2251 4490; x_wconf 88' lang='lat' dir='ltr'><strong>i</strong></span> <span class='ocrx_word' id='word_1_748' title='bbox 2292 4440 2433 4494; x_wconf 91' lang='lat' dir='ltr'><strong>ldem</strong></span> <span class='ocrx_word' id='word_1_749' title='bbox 2463 4440 2620 4494; x_wconf 91' lang='lat' dir='ltr'><strong>codd.</strong></span> <span class='ocrx_word' id='word_1_750' title='bbox 2665 4439 2723 4494; x_wconf 94' lang='lat' dir='ltr'><strong>S.</strong></span> <span class='ocrx_word' id='word_1_751' title='bbox 2768 4437 2953 4494; x_wconf 87' lang='lat' dir='ltr'><strong>Crucis</strong></span> <span class='ocrx_word' id='word_1_752' title='bbox 2977 4437 3085 4492; x_wconf 79' lang='lat' dir='ltr'><strong>Jer.</strong></span> <span class='ocrx_word' id='word_1_753' title='bbox 3120 4446 3176 4490; x_wconf 93' lang='lat' dir='ltr'><strong>et</strong></span> <span class='ocrx_word' id='word_1_754' title='bbox 3205 4437 3402 4504; x_wconf 89' lang='lat' dir='ltr'><strong>Vatic.,</strong></span> <span class='ocrx_word' id='word_1_755' title='bbox 3438 4439 3657 4508; x_wconf 83' lang='lat' dir='ltr'><strong>grandis</strong></span> <span class='ocrx_word' id='word_1_756' title='bbox 3685 4441 3749 4494; x_wconf 88' lang='lat' dir='ltr'><strong>sit</strong></span> 
     </span>
    </p>
   </div>
   <div class='ocr_carea' id='block_1_82' title="bbox 2165 4511 3745 4658">
    <p class='ocr_par' dir='ltr' id='par_1_82' title="bbox 2165 4511 3745 4658">
     <span class='ocr_line' id='line_1_82' title="bbox 2165 4511 3745 4658; baseline 0.002 -28"><span class='ocrx_word' id='word_1_757' title='bbox 2165 4511 2431 4658; x_wconf 47' lang='lat' dir='ltr'><strong>w_l&#39;tptlldem</strong></span> <span class='ocrx_word' id='word_1_758' title='bbox 2459 4578 2577 4658; x_wconf 67' lang='lat' dir='ltr'><strong>cod.</strong></span> <span class='ocrx_word' id='word_1_759' title='bbox 2603 4577 2885 4658; x_wconf 42' lang='lat' dir='ltr'><strong>Vat..6451</strong></span> <span class='ocrx_word' id='word_1_760' title='bbox 2922 4577 3629 4658; x_wconf 34' lang='lat' dir='ltr'><strong>legi‘t,‘perﬁdia‘apost‘olnum</strong></span> <span class='ocrx_word' id='word_1_761' title='bbox 3645 4580 3745 4632; x_wconf 84' lang='lat' dir='ltr'><strong>cri-</strong></span> 
     </span>
    </p>
   </div>
   <div class='ocr_carea' id='block_1_83' title="bbox 2162 4645 3744 4728">
    <p class='ocr_par' dir='ltr' id='par_1_83' title="bbox 2162 4645 3744 4728">
     <span class='ocr_line' id='line_1_83' title="bbox 2162 4645 3744 4728; baseline 0 -28"><span class='ocrx_word' id='word_1_762' title='bbox 2162 4651 2436 4728; x_wconf 69' lang='lat' dir='ltr'><strong>minosum.</strong></span> <span class='ocrx_word' id='word_1_763' title='bbox 2469 4647 2665 4728; x_wconf 71' lang='lat' dir='ltr'><strong>Magna</strong></span> <span class='ocrx_word' id='word_1_764' title='bbox 2693 4649 2846 4718; x_wconf 89' lang='lat' dir='ltr'><strong>plane</strong></span> <span class='ocrx_word' id='word_1_765' title='bbox 2888 4657 2965 4728; x_wconf 77' lang='lat' dir='ltr'><strong>est</strong></span> <span class='ocrx_word' id='word_1_766' title='bbox 3005 4645 3226 4728; x_wconf 46' lang='lat' dir='ltr'><strong>ﬁdesnet</strong></span> <span class='ocrx_word' id='word_1_767' title='bbox 3259 4646 3744 4728; x_wconf 15' lang='lat' dir='ltr'><strong>admirabilis,rqu_te</strong></span> 
     </span>
    </p>
   </div>
   <div class='ocr_carea' id='block_1_84' title="bbox 2160 4715 3741 4787">
    <p class='ocr_par' dir='ltr' id='par_1_84' title="bbox 2160 4715 3741 4787">
     <span class='ocr_line' id='line_1_84' title="bbox 2160 4715 3741 4787; baseline -0.001 -17"><span class='ocrx_word' id='word_1_768' title='bbox 2160 4718 2421 4772; x_wconf 85' lang='lat' dir='ltr'><strong>Christum</strong></span> <span class='ocrx_word' id='word_1_769' title='bbox 2443 4715 2745 4785; x_wconf 75' lang='lat' dir='ltr'><strong>crucifixum</strong></span> <span class='ocrx_word' id='word_1_770' title='bbox 2767 4719 2934 4787; x_wconf 88' lang='lat' dir='ltr'><strong>magis</strong></span> <span class='ocrx_word' id='word_1_771' title='bbox 2963 4715 3204 4787; x_wconf 70' lang='lat' dir='ltr'><strong>credidit,</strong></span> <span class='ocrx_word' id='word_1_772' title='bbox 3233 4731 3386 4786; x_wconf 88' lang='lat' dir='ltr'><strong>quam</strong></span> <span class='ocrx_word' id='word_1_773' title='bbox 3423 4715 3656 4782; x_wconf 48' lang='lat' dir='ltr'><strong>puniret;</strong></span> <span class='ocrx_word' id='word_1_774' title='bbox 3680 4716 3741 4768; x_wconf 72' lang='lat' dir='ltr'><strong>In</strong></span> 
     </span>
    </p>
   </div>
   <div class='ocr_carea' id='block_1_85' title="bbox 2162 4784 3739 4856">
    <p class='ocr_par' dir='ltr' id='par_1_85' title="bbox 2162 4784 3739 4856">
     <span class='ocr_line' id='line_1_85' title="bbox 2162 4784 3739 4856; baseline 0.001 -19"><span class='ocrx_word' id='word_1_775' title='bbox 2162 4788 2256 4840; x_wconf 91' lang='lat' dir='ltr'><strong>hoc</strong></span> <span class='ocrx_word' id='word_1_776' title='bbox 2285 4789 2420 4856; x_wconf 83' lang='lat' dir='ltr'><strong>enim</strong></span> <span class='ocrx_word' id='word_1_777' title='bbox 2449 4787 2601 4839; x_wconf 88' lang='lat' dir='ltr'><strong>totius</strong></span> <span class='ocrx_word' id='word_1_778' title='bbox 2633 4789 2800 4856; x_wconf 78' lang='lat' dir='ltr'><strong>{arma</strong></span> <span class='ocrx_word' id='word_1_779' title='bbox 2827 4784 3012 4838; x_wconf 84' lang='lat' dir='ltr'><strong>salutis</strong></span> <span class='ocrx_word' id='word_1_780' title='bbox 3038 4793 3132 4848; x_wconf 88' lang='lat' dir='ltr'><strong>est,</strong></span> <span class='ocrx_word' id='word_1_781' title='bbox 3167 4784 3488 4856; x_wconf 82' lang='lat' dir='ltr'><strong>Salvatorem</strong></span> <span class='ocrx_word' id='word_1_782' title='bbox 3517 4797 3624 4839; x_wconf 81' lang='lat' dir='ltr'><strong>tum</strong></span> 
     </span>
    </p>
   </div>
   <div class='ocr_carea' id='block_1_86' title="bbox 2152 4849 3733 4935">
    <p class='ocr_par' dir='ltr' id='par_1_86' title="bbox 2152 4849 3733 4935">
     <span class='ocr_line' id='line_1_86' title="bbox 2152 4849 3733 4935; baseline -0.001 -27"><span class='ocrx_word' id='word_1_783' title='bbox 2152 4849 2684 4935; x_wconf 45' lang='lat' dir='ltr'><strong>jestatis_Dorniitum.</strong></span> <span class='ocrx_word' id='word_1_784' title='bbox 2705 4855 2983 4935; x_wconf 78' lang='lat' dir='ltr'><strong>cognoscit,</strong></span> <span class='ocrx_word' id='word_1_785' title='bbox 3015 4870 3132 4906; x_wconf 87' lang='lat' dir='ltr'><strong>cum</strong></span> <span class='ocrx_word' id='word_1_786' title='bbox 3159 4854 3356 4907; x_wconf 89' lang='lat' dir='ltr'><strong>videtur</strong></span> <span class='ocrx_word' id='word_1_787' title='bbox 3389 4855 3502 4922; x_wconf 78' lang='lat' dir='ltr'><strong>ejus</strong></span> <span class='ocrx_word' id='word_1_788' title='bbox 3545 4849 3733 4908; x_wconf 77' lang='lat' dir='ltr'><strong>humili-</strong></span> 
     </span>
    </p>
   </div>
   <div class='ocr_carea' id='block_1_87' title="bbox 537 4915 2789 4995">
    <p class='ocr_par' dir='ltr' id='par_1_87' title="bbox 537 4915 2789 4995">
     <span class='ocr_line' id='line_1_87' title="bbox 537 4915 2789 4995; baseline -0 -18"><span class='ocrx_word' id='word_1_789' title='bbox 537 4935 562 4963; x_wconf 83' lang='grc'>⁶</span> <span class='ocrx_word' id='word_1_790' title='bbox 602 4924 746 4977; x_wconf 84' lang='lat' dir='ltr'><strong>Idem</strong></span> <span class='ocrx_word' id='word_1_791' title='bbox 764 4924 916 4995; x_wconf 46' lang='lat' dir='ltr'><strong>“cod.</strong></span> <span class='ocrx_word' id='word_1_792' title='bbox 970 4915 1112 4986; x_wconf 56' lang='grc' dir='ltr'>νηὶ,</span> <span class='ocrx_word' id='word_1_793' title='bbox 1149 4923 1305 4975; x_wconf 89' lang='lat' dir='ltr'><strong>etiam</strong></span> <span class='ocrx_word' id='word_1_794' title='bbox 1336 4924 1489 4993; x_wconf 80' lang='lat' dir='ltr'><strong>facile</strong></span> <span class='ocrx_word' id='word_1_795' title='bbox 1515 4936 1593 4976; x_wconf 88' lang='lat' dir='ltr'><strong>est</strong></span> <span class='ocrx_word' id='word_1_796' title='bbox 1619 4925 1774 4977; x_wconf 88' lang='lat' dir='ltr'><strong>istum</strong></span> <span class='ocrx_word' id='word_1_797' title='bbox 1803 4940 1914 4976; x_wconf 89' lang='lat' dir='ltr'><strong>esse</strong></span> <span class='ocrx_word' id='word_1_798' title='bbox 1935 4939 2052 4995; x_wconf 80' lang='lat' dir='ltr'><strong>_c_tmt</strong></span> <span class='ocrx_word' id='word_1_799' title='bbox 2083 4915 2130 4975; x_wconf 85' lang='lat' dir='ltr'>D</span> <span class='ocrx_word' id='word_1_800' title='bbox 2152 4915 2243 4995; x_wconf 55' lang='lat' dir='ltr'><strong>&#39;tas</strong></span> <span class='ocrx_word' id='word_1_801' title='bbox 2267 4928 2517 4995; x_wconf 79' lang='lat' dir='ltr'><strong>patientia</strong></span> <span class='ocrx_word' id='word_1_802' title='bbox 2546 4915 2789 4995; x_wconf 55' lang='lat' dir='ltr'><strong>cruciari:</strong></span> 
     </span>
    </p>
   </div>
   <div class='ocr_carea' id='block_1_88' title="bbox 460 4991 2051 5062">
    <p class='ocr_par' dir='ltr' id='par_1_88' title="bbox 460 4991 2051 5062">
     <span class='ocr_line' id='line_1_88' title="bbox 460 4991 2051 5062; baseline -0.003 -13"><span class='ocrx_word' id='word_1_803' title='bbox 460 4994 703 5049; x_wconf 79' lang='lat' dir='ltr'><strong>Domino.</strong></span> <span class='ocrx_word' id='word_1_804' title='bbox 755 4992 946 5055; x_wconf 87' lang='lat' dir='ltr'><strong>Hodie,</strong></span> <span class='ocrx_word' id='word_1_805' title='bbox 975 4995 1157 5061; x_wconf 87' lang='lat' dir='ltr'><strong>inquit,</strong></span> <span class='ocrx_word' id='word_1_806' title='bbox 1191 4991 1388 5045; x_wconf 84' lang='lat' dir='ltr'><strong>mecum</strong></span> <span class='ocrx_word' id='word_1_807' title='bbox 1415 4996 1512 5046; x_wconf 88' lang='lat' dir='ltr'><strong>erit</strong></span> <span class='ocrx_word' id='word_1_808' title='bbox 1540 4996 1593 5046; x_wconf 89' lang='lat' dir='ltr'><strong>in</strong></span> <span class='ocrx_word' id='word_1_809' title='bbox 1626 4995 1889 5062; x_wconf 84' lang='lat' dir='ltr'><strong>paradiso.</strong></span> <span class='ocrx_word' id='word_1_810' title='bbox 1925 4991 2051 5047; x_wconf 85' lang='lat' dir='ltr'><strong>Non</strong></span> 
     </span>
    </p>
   </div>
   <div class='ocr_carea' id='block_1_89' title="bbox 459 5063 2050 5132">
    <p class='ocr_par' dir='ltr' id='par_1_89' title="bbox 459 5063 2050 5132">
     <span class='ocr_line' id='line_1_89' title="bbox 459 5063 2050 5132; baseline -0.004 -11"><span class='ocrx_word' id='word_1_811' title='bbox 459 5069 517 5122; x_wconf 88' lang='lat' dir='ltr'><strong>in</strong></span> <span class='ocrx_word' id='word_1_812' title='bbox 545 5067 649 5118; x_wconf 88' lang='lat' dir='ltr'><strong>alio</strong></span> <span class='ocrx_word' id='word_1_813' title='bbox 693 5063 931 5131; x_wconf 79' lang='lat' dir='ltr'><strong>diﬂ&#39;ertur</strong></span> <span class='ocrx_word' id='word_1_814' title='bbox 972 5073 1227 5132; x_wconf 64' lang='lat' dir='ltr'><strong>tempore,</strong></span> <span class='ocrx_word' id='word_1_815' title='bbox 1252 5076 1357 5115; x_wconf 85' lang='lat' dir='ltr'><strong>non</strong></span> <span class='ocrx_word' id='word_1_816' title='bbox 1395 5063 1478 5115; x_wconf 90' lang='lat' dir='ltr'><strong>die</strong></span> <span class='ocrx_word' id='word_1_817' title='bbox 1526 5064 1688 5116; x_wconf 83' lang='lat' dir='ltr'><strong>altero</strong></span> <span class='ocrx_word' id='word_1_818' title='bbox 1733 5073 2050 5126; x_wconf 83' lang='lat' dir='ltr'><strong>reservatur;</strong></span> 
     </span>
    </p>
   </div>
   <div class='ocr_carea' id='block_1_90' title="bbox 458 5131 1735 5208">
    <p class='ocr_par' dir='ltr' id='par_1_90' title="bbox 458 5131 1735 5208">
     <span class='ocr_line' id='line_1_90' title="bbox 458 5131 1735 5208; baseline -0.006 -17"><span class='ocrx_word' id='word_1_819' title='bbox 458 5139 576 5208; x_wconf 86' lang='lat' dir='ltr'><strong>ipsa</strong></span> <span class='ocrx_word' id='word_1_820' title='bbox 606 5135 734 5188; x_wconf 88' lang='lat' dir='ltr'><strong>hora</strong></span> <span class='ocrx_word' id='word_1_821' title='bbox 761 5148 864 5202; x_wconf 89' lang='lat' dir='ltr'><strong>qua</strong></span> <span class='ocrx_word' id='word_1_822' title='bbox 893 5131 1168 5200; x_wconf 87' lang='lat' dir='ltr'><strong>paradisus</strong></span> <span class='ocrx_word' id='word_1_823' title='bbox 1198 5131 1475 5184; x_wconf 89' lang='lat' dir='ltr'><strong>Dominum</strong></span> <span class='ocrx_word' id='word_1_824' title='bbox 1495 5134 1735 5201; x_wconf 84' lang='lat' dir='ltr'><strong>suscepit.</strong></span> 
     </span>
    </p>
   </div>
   <div class='ocr_carea' id='block_1_91' title="bbox 536 5223 2050 5297">
    <p class='ocr_par' dir='ltr' id='par_1_91' title="bbox 536 5223 2050 5297">
     <span class='ocr_line' id='line_1_91' title="bbox 536 5223 2050 5297; baseline -0.003 -17"><span class='ocrx_word' id='word_1_825' title='bbox 536 5231 552 5261; x_wconf 78' lang='grc'><strong><em>³</em></strong></span> <span class='ocrx_word' id='word_1_826' title='bbox 585 5228 853 5297; x_wconf 79' lang='lat' dir='ltr'><strong>Tanquam</strong></span> <span class='ocrx_word' id='word_1_827' title='bbox 893 5225 1288 5297; x_wconf 78' lang='lat' dir='ltr'><strong>discipulusiue</strong></span> <span class='ocrx_word' id='word_1_828' title='bbox 1315 5224 1567 5294; x_wconf 87' lang='lat' dir='ltr'><strong>diligitur,</strong></span> <span class='ocrx_word' id='word_1_829' title='bbox 1608 5233 1656 5276; x_wconf 91' lang='lat' dir='ltr'><strong>et</strong></span> <span class='ocrx_word' id='word_1_830' title='bbox 1693 5223 1774 5297; x_wconf 83' lang='lat' dir='ltr'><strong>hic</strong></span> <span class='ocrx_word' id='word_1_831' title='bbox 1802 5231 2050 5297; x_wconf 83' lang='lat' dir='ltr'><strong>tanquam</strong></span> 
     </span>
    </p>
   </div>
   <div class='ocr_carea' id='block_1_92' title="bbox 459 5293 2046 5361">
    <p class='ocr_par' dir='ltr' id='par_1_92' title="bbox 459 5293 2046 5361">
     <span class='ocr_line' id='line_1_92' title="bbox 459 5293 2046 5361; baseline -0.007 -6"><span class='ocrx_word' id='word_1_832' title='bbox 459 5299 632 5357; x_wconf 84' lang='lat' dir='ltr'><strong>socius</strong></span> <span class='ocrx_word' id='word_1_833' title='bbox 673 5293 950 5358; x_wconf 79' lang='lat' dir='ltr'><strong>invitatur;</strong></span> <span class='ocrx_word' id='word_1_834' title='bbox 996 5297 1084 5348; x_wconf 89' lang='lat' dir='ltr'><strong>ifle</strong></span> <span class='ocrx_word' id='word_1_835' title='bbox 1119 5295 1286 5347; x_wconf 87' lang='lat' dir='ltr'><strong>adhuc</strong></span> <span class='ocrx_word' id='word_1_836' title='bbox 1325 5293 1611 5346; x_wconf 80' lang='lat' dir='ltr'><strong>reservatur</strong></span> <span class='ocrx_word' id='word_1_837' title='bbox 1645 5293 1714 5344; x_wconf 92' lang='lat' dir='ltr'><strong>ad</strong></span> <span class='ocrx_word' id='word_1_838' title='bbox 1755 5295 2046 5361; x_wconf 70' lang='lat' dir='ltr'><strong>prazmium,</strong></span> 
     </span>
    </p>
   </div>
   <div class='ocr_carea' id='block_1_93' title="bbox 456 5361 2050 5432">
    <p class='ocr_par' dir='ltr' id='par_1_93' title="bbox 456 5361 2050 5432">
     <span class='ocr_line' id='line_1_93' title="bbox 456 5361 2050 5432; baseline -0.009 -5"><span class='ocrx_word' id='word_1_839' title='bbox 456 5373 620 5427; x_wconf 85' lang='lat' dir='ltr'><strong>etiam</strong></span> <span class='ocrx_word' id='word_1_840' title='bbox 649 5368 718 5420; x_wconf 87' lang='lat' dir='ltr'><strong>ad</strong></span> <span class='ocrx_word' id='word_1_841' title='bbox 747 5367 1060 5420; x_wconf 89' lang='lat' dir='ltr'><strong>consortium</strong></span> <span class='ocrx_word' id='word_1_842' title='bbox 1086 5367 1180 5417; x_wconf 87' lang='lat' dir='ltr'><strong>iste</strong></span> <span class='ocrx_word' id='word_1_843' title='bbox 1208 5365 1460 5432; x_wconf 85' lang='lat' dir='ltr'><strong>diligitur.</strong></span> <span class='ocrx_word' id='word_1_844' title='bbox 1493 5391 1564 5401; x_wconf 87' lang='lat'><strong>—-</strong></span> <span class='ocrx_word' id='word_1_845' title='bbox 1590 5361 1838 5430; x_wconf 84' lang='lat' dir='ltr'><strong>Appellat</strong></span> <span class='ocrx_word' id='word_1_846' title='bbox 1879 5362 2050 5416; x_wconf 80' lang='lat' dir='ltr'><strong>Maxi-</strong></span> 
     </span>
    </p>
   </div>
   <div class='ocr_carea' id='block_1_94' title="bbox 461 5431 2046 5504">
    <p class='ocr_par' dir='ltr' id='par_1_94' title="bbox 461 5431 2046 5504">
     <span class='ocr_line' id='line_1_94' title="bbox 461 5431 2046 5504; baseline -0.008 -7"><span class='ocrx_word' id='word_1_847' title='bbox 461 5458 582 5497; x_wconf 90' lang='lat' dir='ltr'><strong>mus</strong></span> <span class='ocrx_word' id='word_1_848' title='bbox 604 5438 670 5492; x_wconf 91' lang='lat' dir='ltr'><strong>ad</strong></span> <span class='ocrx_word' id='word_1_849' title='bbox 699 5445 897 5490; x_wconf 87' lang='lat' dir='ltr'><strong>statum</strong></span> <span class='ocrx_word' id='word_1_850' title='bbox 928 5444 1247 5504; x_wconf 78' lang='lat' dir='ltr'><strong>przesentem</strong></span> <span class='ocrx_word' id='word_1_851' title='bbox 1277 5431 1440 5496; x_wconf 86' lang='lat' dir='ltr'><strong>Petri,</strong></span> <span class='ocrx_word' id='word_1_852' title='bbox 1472 5433 1560 5498; x_wconf 90' lang='lat' dir='ltr'><strong>qui</strong></span> <span class='ocrx_word' id='word_1_853' title='bbox 1591 5433 1904 5504; x_wconf 83' lang='lat' dir='ltr'><strong>probandus</strong></span> <span class='ocrx_word' id='word_1_854' title='bbox 1932 5441 2046 5504; x_wconf 86' lang='lat' dir='ltr'><strong>erat</strong></span> 
     </span>
    </p>
   </div>
   <div class='ocr_carea' id='block_1_95' title="bbox 460 5502 2052 5573">
    <p class='ocr_par' dir='ltr' id='par_1_95' title="bbox 460 5502 2052 5573">
     <span class='ocr_line' id='line_1_95' title="bbox 460 5502 2052 5573; baseline -0.007 -7"><span class='ocrx_word' id='word_1_855' title='bbox 460 5514 517 5567; x_wconf 89' lang='lat' dir='ltr'><strong>in</strong></span> <span class='ocrx_word' id='word_1_856' title='bbox 547 5508 848 5563; x_wconf 89' lang='lat' dir='ltr'><strong>ministerio</strong></span> <span class='ocrx_word' id='word_1_857' title='bbox 879 5502 1131 5560; x_wconf 64' lang='lat' dir='ltr'><strong>Ecclesia:</strong></span> <span class='ocrx_word' id='word_1_858' title='bbox 1170 5505 1272 5573; x_wconf 89' lang='lat' dir='ltr'><strong>ipsi</strong></span> <span class='ocrx_word' id='word_1_859' title='bbox 1318 5505 1622 5573; x_wconf 83' lang='lat' dir='ltr'><strong>commisso,</strong></span> <span class='ocrx_word' id='word_1_860' title='bbox 1655 5511 1710 5556; x_wconf 91' lang='lat' dir='ltr'><strong>et</strong></span> <span class='ocrx_word' id='word_1_861' title='bbox 1737 5503 1804 5556; x_wconf 90' lang='lat' dir='ltr'><strong>ad</strong></span> <span class='ocrx_word' id='word_1_862' title='bbox 1832 5502 2052 5573; x_wconf 69' lang='lat' dir='ltr'><strong>confes-</strong></span> 
     </span>
    </p>
   </div>
   <div class='ocr_carea' id='block_1_96' title="bbox 460 5571 2050 5644">
    <p class='ocr_par' dir='ltr' id='par_1_96' title="bbox 460 5571 2050 5644">
     <span class='ocr_line' id='line_1_96' title="bbox 460 5571 2050 5644; baseline -0.007 -8"><span class='ocrx_word' id='word_1_863' title='bbox 460 5583 672 5636; x_wconf 86' lang='lat' dir='ltr'><strong>sionem</strong></span> <span class='ocrx_word' id='word_1_864' title='bbox 737 5577 962 5631; x_wconf 87' lang='lat' dir='ltr'><strong>latronis</strong></span> <span class='ocrx_word' id='word_1_865' title='bbox 1010 5571 1224 5644; x_wconf 80' lang='lat' dir='ltr'><strong>plenam</strong></span> <span class='ocrx_word' id='word_1_866' title='bbox 1279 5572 1490 5644; x_wconf 89' lang='lat' dir='ltr'><strong>fide_et</strong></span> <span class='ocrx_word' id='word_1_867' title='bbox 1537 5573 1781 5627; x_wconf 85' lang='lat' dir='ltr'><strong>caritate.</strong></span> <span class='ocrx_word' id='word_1_868' title='bbox 1830 5571 2050 5644; x_wconf 84' lang='lat' dir='ltr'><strong>Dixerat</strong></span> 
     </span>
    </p>
   </div>
   <div class='ocr_carea' id='block_1_97' title="bbox 461 5642 2046 5718">
    <p class='ocr_par' dir='ltr' id='par_1_97' title="bbox 461 5642 2046 5718">
     <span class='ocr_line' id='line_1_97' title="bbox 461 5642 2046 5718; baseline -0.007 -13"><span class='ocrx_word' id='word_1_869' title='bbox 461 5651 606 5705; x_wconf 85' lang='lat' dir='ltr'><strong>enim</strong></span> <span class='ocrx_word' id='word_1_870' title='bbox 635 5667 648 5701; x_wconf 87' lang='lat'><strong>:</strong></span> <span class='ocrx_word' id='word_1_871' title='bbox 684 5648 796 5703; x_wconf 83' lang='lat' dir='ltr'><strong>Nos</strong></span> <span class='ocrx_word' id='word_1_872' title='bbox 821 5642 1028 5718; x_wconf 75' lang='lat' dir='ltr'><strong>quidem</strong></span> <span class='ocrx_word' id='word_1_873' title='bbox 1047 5647 1206 5718; x_wconf 85' lang='lat' dir='ltr'><strong>juste,</strong></span> <span class='ocrx_word' id='word_1_874' title='bbox 1231 5659 1370 5718; x_wconf 42' lang='lat' dir='ltr'><strong>non:</strong></span> <span class='ocrx_word' id='word_1_875' title='bbox 1381 5642 1538 5712; x_wconf 88' lang='lat' dir='ltr'><strong>digna</strong></span> <span class='ocrx_word' id='word_1_876' title='bbox 1567 5643 1716 5712; x_wconf 74' lang='lat' dir='ltr'><strong>[actis</strong></span> <span class='ocrx_word' id='word_1_877' title='bbox 1746 5643 2046 5718; x_wconf 76' lang='lat' dir='ltr'><strong>recipimus;</strong></span> 
     </span>
    </p>
   </div>
   <div class='ocr_carea' id='block_1_98' title="bbox 463 5710 2043 5783">
    <p class='ocr_par' dir='ltr' id='par_1_98' title="bbox 463 5710 2043 5783">
     <span class='ocr_line' id='line_1_98' title="bbox 463 5710 2043 5783; baseline -0.008 -10"><span class='ocrx_word' id='word_1_878' title='bbox 463 5722 546 5774; x_wconf 85' lang='lat' dir='ltr'><strong>hic</strong></span> <span class='ocrx_word' id='word_1_879' title='bbox 581 5731 750 5773; x_wconf 85' lang='lat' dir='ltr'><strong>autem</strong></span> <span class='ocrx_word' id='word_1_880' title='bbox 793 5710 921 5772; x_wconf 84' lang='lat' dir='ltr'><strong>nihil</strong></span> <span class='ocrx_word' id='word_1_881' title='bbox 964 5710 1088 5768; x_wconf 81' lang='lat' dir='ltr'><strong>mali</strong></span> <span class='ocrx_word' id='word_1_882' title='bbox 1123 5716 1296 5783; x_wconf 87' lang='lat' dir='ltr'><strong>gessit.</strong></span> <span class='ocrx_word' id='word_1_883' title='bbox 1331 5711 1394 5764; x_wconf 86' lang='lat' dir='ltr'><strong>Et</strong></span> <span class='ocrx_word' id='word_1_884' title='bbox 1423 5710 1717 5783; x_wconf 81' lang='lat' dir='ltr'><strong>conversus</strong></span> <span class='ocrx_word' id='word_1_885' title='bbox 1749 5710 1813 5763; x_wconf 91' lang='lat' dir='ltr'><strong>ad</strong></span> <span class='ocrx_word' id='word_1_886' title='bbox 1843 5711 2043 5783; x_wconf 78' lang='lat' dir='ltr'><strong>Jesum,</strong></span> 
     </span>
    </p>
   </div>
   <div class='ocr_carea' id='block_1_99' title="bbox 466 5779 2046 5857">
    <p class='ocr_par' dir='ltr' id='par_1_99' title="bbox 466 5779 2046 5857">
     <span class='ocr_line' id='line_1_99' title="bbox 466 5779 2046 5857; baseline -0.009 -12"><span class='ocrx_word' id='word_1_887' title='bbox 466 5790 784 5857; x_wconf 78' lang='lat' dir='ltr'><strong>deprecatus</strong></span> <span class='ocrx_word' id='word_1_888' title='bbox 813 5798 894 5843; x_wconf 91' lang='lat' dir='ltr'><strong>est</strong></span> <span class='ocrx_word' id='word_1_889' title='bbox 922 5796 978 5839; x_wconf 87' lang='lat' dir='ltr'><strong>ut</strong></span> <span class='ocrx_word' id='word_1_890' title='bbox 1016 5779 1352 5840; x_wconf 55' lang='lat' dir='ltr'><strong>sibi&#39;veniam</strong></span> <span class='ocrx_word' id='word_1_891' title='bbox 1383 5783 1532 5838; x_wconf 79' lang='lat' dir='ltr'><strong>daret</strong></span> <span class='ocrx_word' id='word_1_892' title='bbox 1563 5791 1615 5837; x_wconf 90' lang='lat' dir='ltr'><strong>et</strong></span> <span class='ocrx_word' id='word_1_893' title='bbox 1646 5781 1870 5838; x_wconf 81' lang='lat' dir='ltr'><strong>salutem</strong></span> <span class='ocrx_word' id='word_1_894' title='bbox 1895 5799 1906 5833; x_wconf 90' lang='lat'><strong>:</strong></span> <span class='ocrx_word' id='word_1_895' title='bbox 1934 5779 2046 5833; x_wconf 76' lang='lat' dir='ltr'><strong>Mc-</strong></span> 
     </span>
    </p>
   </div>
   <div class='ocr_carea' id='block_1_100' title="bbox 2236 4992 3738 5063">
    <p class='ocr_par' dir='ltr' id='par_1_100' title="bbox 2236 4992 3738 5063">
     <span class='ocr_line' id='line_1_100' title="bbox 2236 4992 3738 5063; baseline -0.002 -15"><span class='ocrx_word' id='word_1_896' title='bbox 2236 4992 2422 5048; x_wconf 26' lang='lat' dir='ltr'><strong>l‘Cod.</strong></span> <span class='ocrx_word' id='word_1_897' title='bbox 2447 4993 2514 5045; x_wconf 82' lang='lat'><strong>99</strong></span> <span class='ocrx_word' id='word_1_898' title='bbox 2543 4993 2598 5045; x_wconf 91' lang='lat' dir='ltr'><strong>S.</strong></span> <span class='ocrx_word' id='word_1_899' title='bbox 2625 4993 2885 5063; x_wconf 76' lang='lat' dir='ltr'><strong>Crucisin</strong></span> <span class='ocrx_word' id='word_1_900' title='bbox 2907 4992 3042 5056; x_wconf 76' lang='lat' dir='ltr'><strong>Jer.,</strong></span> <span class='ocrx_word' id='word_1_901' title='bbox 3070 5009 3260 5063; x_wconf 88' lang='lat' dir='ltr'><strong>magna</strong></span> <span class='ocrx_word' id='word_1_902' title='bbox 3291 4992 3444 5062; x_wconf 86' lang='lat' dir='ltr'><strong>plane</strong></span> <span class='ocrx_word' id='word_1_903' title='bbox 3470 5005 3552 5047; x_wconf 92' lang='lat' dir='ltr'><strong>est</strong></span> <span class='ocrx_word' id='word_1_904' title='bbox 3580 5003 3628 5048; x_wconf 90' lang='lat' dir='ltr'><strong>et</strong></span> <span class='ocrx_word' id='word_1_905' title='bbox 3648 4994 3738 5063; x_wconf 46' lang='lat' dir='ltr'><strong>adf</strong></span> 
     </span>
    </p>
   </div>
   <div class='ocr_carea' id='block_1_101' title="bbox 2157 5061 3736 5204">
    <p class='ocr_par' dir='ltr' id='par_1_101' title="bbox 2157 5061 3736 5204">
     <span class='ocr_line' id='line_1_101' title="bbox 2157 5061 3736 5185; baseline -0.002 -67"><span class='ocrx_word' id='word_1_906' title='bbox 2157 5064 2432 5185; x_wconf 68' lang='lat' dir='ltr'><strong>mirabilist</strong></span> <span class='ocrx_word' id='word_1_907' title='bbox 2451 5063 2612 5131; x_wconf 78' lang='lat' dir='ltr'><strong>fides,</strong></span> <span class='ocrx_word' id='word_1_908' title='bbox 2653 5079 2767 5133; x_wconf 78' lang='lat' dir='ltr'><strong>qua:</strong></span> <span class='ocrx_word' id='word_1_909' title='bbox 2807 5061 3065 5116; x_wconf 86' lang='lat' dir='ltr'><strong>Christum</strong></span> <span class='ocrx_word' id='word_1_910' title='bbox 3112 5061 3416 5132; x_wconf 64' lang='lat' dir='ltr'><strong>cruciﬁxum</strong></span> <span class='ocrx_word' id='word_1_911' title='bbox 3461 5061 3736 5134; x_wconf 72' lang='lat' dir='ltr'><strong>glorificari</strong></span> 
     </span>
     <span class='ocr_line' id='line_1_102' title="bbox 2158 5149 2483 5204; baseline -0.015 -16"><span class='ocrx_word' id='word_1_912' title='bbox 2158 5151 2346 5204; x_wconf 78' lang='lat' dir='ltr'><strong>magis,</strong></span> <span class='ocrx_word' id='word_1_913' title='bbox 2379 5149 2408 5188; x_wconf 90' lang='lat' dir='ltr'><strong>e</strong></span> <span class='ocrx_word' id='word_1_914' title='bbox 2435 5149 2483 5186; x_wconf 90' lang='lat' dir='ltr'><strong>c.</strong></span> 
     </span>
    </p>
   </div>
   <div class='ocr_carea' id='block_1_102' title="bbox 2154 5222 3732 5294">
    <p class='ocr_par' dir='ltr' id='par_1_102' title="bbox 2154 5222 3732 5294">
     <span class='ocr_line' id='line_1_103' title="bbox 2154 5222 3732 5294; baseline -0.001 -16"><span class='ocrx_word' id='word_1_915' title='bbox 2154 5235 2325 5278; x_wconf 89' lang='lat' dir='ltr'><strong>mento</strong></span> <span class='ocrx_word' id='word_1_916' title='bbox 2364 5226 2464 5278; x_wconf 82' lang='lat' dir='ltr'><strong>mei</strong></span> <span class='ocrx_word' id='word_1_917' title='bbox 2497 5224 2621 5276; x_wconf 88' lang='lat' dir='ltr'><strong>dum</strong></span> <span class='ocrx_word' id='word_1_918' title='bbox 2655 5226 2852 5278; x_wconf 84' lang='lat' dir='ltr'><strong>veneris</strong></span> <span class='ocrx_word' id='word_1_919' title='bbox 2891 5225 2944 5277; x_wconf 88' lang='lat' dir='ltr'><strong>in</strong></span> <span class='ocrx_word' id='word_1_920' title='bbox 2985 5241 3196 5294; x_wconf 89' lang='lat' dir='ltr'><strong>regnum</strong></span> <span class='ocrx_word' id='word_1_921' title='bbox 3220 5233 3359 5276; x_wconf 89' lang='lat' dir='ltr'><strong>tuum</strong></span> <span class='ocrx_word' id='word_1_922' title='bbox 3389 5223 3541 5291; x_wconf 88' lang='lat' dir='ltr'><strong>(Luc.</strong></span> <span class='ocrx_word' id='word_1_923' title='bbox 3573 5222 3732 5289; x_wconf 75' lang='lat' dir='ltr'><strong>nm).</strong></span> 
     </span>
    </p>
   </div>
   <div class='ocr_carea' id='block_1_103' title="bbox 2153 5294 3733 5362">
    <p class='ocr_par' dir='ltr' id='par_1_103' title="bbox 2153 5294 3733 5362">
     <span class='ocr_line' id='line_1_104' title="bbox 2153 5294 3733 5362; baseline -0.003 -13"><span class='ocrx_word' id='word_1_924' title='bbox 2153 5295 2287 5349; x_wconf 92' lang='lat' dir='ltr'><strong>Cum</strong></span> <span class='ocrx_word' id='word_1_925' title='bbox 2317 5309 2448 5362; x_wconf 86' lang='lat' dir='ltr'><strong>ergo</strong></span> <span class='ocrx_word' id='word_1_926' title='bbox 2479 5296 2616 5347; x_wconf 88' lang='lat' dir='ltr'><strong>latro</strong></span> <span class='ocrx_word' id='word_1_927' title='bbox 2643 5302 2750 5346; x_wconf 92' lang='lat' dir='ltr'><strong>tam</strong></span> <span class='ocrx_word' id='word_1_928' title='bbox 2782 5297 3097 5361; x_wconf 69' lang='lat' dir='ltr'><strong>prteclarum</strong></span> <span class='ocrx_word' id='word_1_929' title='bbox 3129 5294 3420 5361; x_wconf 74' lang='lat' dir='ltr'><strong>pnebuerit</strong></span> <span class='ocrx_word' id='word_1_930' title='bbox 3444 5295 3512 5347; x_wconf 90' lang='lat' dir='ltr'><strong>de</strong></span> <span class='ocrx_word' id='word_1_931' title='bbox 3555 5294 3733 5348; x_wconf 88' lang='lat' dir='ltr'><strong>Salva-</strong></span> 
     </span>
    </p>
   </div>
   <div class='ocr_carea' id='block_1_104' title="bbox 2155 5363 3732 5430">
    <p class='ocr_par' dir='ltr' id='par_1_104' title="bbox 2155 5363 3732 5430">
     <span class='ocr_line' id='line_1_105' title="bbox 2155 5363 3732 5430; baseline -0.001 -14"><span class='ocrx_word' id='word_1_932' title='bbox 2155 5367 2288 5418; x_wconf 91' lang='lat' dir='ltr'><strong>toris</strong></span> <span class='ocrx_word' id='word_1_933' title='bbox 2326 5365 2606 5419; x_wconf 82' lang='lat' dir='ltr'><strong>divinitate</strong></span> <span class='ocrx_word' id='word_1_934' title='bbox 2637 5364 3022 5425; x_wconf 85' lang='lat' dir='ltr'><strong>testimonium,</strong></span> <span class='ocrx_word' id='word_1_935' title='bbox 3062 5363 3288 5430; x_wconf 83' lang='lat' dir='ltr'><strong>ejusque</strong></span> <span class='ocrx_word' id='word_1_936' title='bbox 3330 5378 3516 5417; x_wconf 92' lang='lat' dir='ltr'><strong>amore</strong></span> <span class='ocrx_word' id='word_1_937' title='bbox 3551 5363 3732 5430; x_wconf 82' lang='lat' dir='ltr'><strong>ﬂagra-</strong></span> 
     </span>
    </p>
   </div>
   <div class='ocr_carea' id='block_1_105' title="bbox 2155 5432 3732 5501">
    <p class='ocr_par' dir='ltr' id='par_1_105' title="bbox 2155 5432 3732 5501">
     <span class='ocr_line' id='line_1_106' title="bbox 2155 5432 3732 5501; baseline -0.004 -14"><span class='ocrx_word' id='word_1_938' title='bbox 2155 5436 2323 5498; x_wconf 89' lang='lat' dir='ltr'><strong>verit,</strong></span> <span class='ocrx_word' id='word_1_939' title='bbox 2374 5435 2571 5488; x_wconf 86' lang='lat' dir='ltr'><strong>meruit</strong></span> <span class='ocrx_word' id='word_1_940' title='bbox 2623 5433 2837 5486; x_wconf 88' lang='lat' dir='ltr'><strong>invitari</strong></span> <span class='ocrx_word' id='word_1_941' title='bbox 2886 5433 2952 5486; x_wconf 90' lang='lat' dir='ltr'><strong>ad</strong></span> <span class='ocrx_word' id='word_1_942' title='bbox 3001 5434 3311 5501; x_wconf 75' lang='lat' dir='ltr'><strong>pnemium,</strong></span> <span class='ocrx_word' id='word_1_943' title='bbox 3353 5440 3408 5485; x_wconf 90' lang='lat' dir='ltr'><strong>et</strong></span> <span class='ocrx_word' id='word_1_944' title='bbox 3453 5447 3483 5483; x_wconf 89' lang='lat' dir='ltr'><strong>a</strong></span> <span class='ocrx_word' id='word_1_945' title='bbox 3530 5432 3732 5501; x_wconf 83' lang='lat' dir='ltr'><strong>Christo</strong></span> 
     </span>
    </p>
   </div>
   <div class='ocr_carea' id='block_1_106' title="bbox 2153 5499 3732 5569">
    <p class='ocr_par' dir='ltr' id='par_1_106' title="bbox 2153 5499 3732 5569">
     <span class='ocr_line' id='line_1_107' title="bbox 2153 5499 3732 5569; baseline -0.006 -11"><span class='ocrx_word' id='word_1_946' title='bbox 2153 5512 2458 5558; x_wconf 85' lang='lat' dir='ltr'><strong>consortem</strong></span> <span class='ocrx_word' id='word_1_947' title='bbox 2484 5503 2596 5558; x_wconf 85' lang='lat' dir='ltr'><strong>fieri</strong></span> <span class='ocrx_word' id='word_1_948' title='bbox 2627 5503 2860 5557; x_wconf 70' lang='lat' dir='ltr'><strong>cmlestis</strong></span> <span class='ocrx_word' id='word_1_949' title='bbox 2888 5499 3088 5569; x_wconf 77' lang='lat' dir='ltr'><strong>glorim.</strong></span> <span class='ocrx_word' id='word_1_950' title='bbox 3134 5501 3305 5555; x_wconf 87' lang='lat' dir='ltr'><strong>Hodie</strong></span> <span class='ocrx_word' id='word_1_951' title='bbox 3334 5517 3535 5553; x_wconf 88' lang='lat' dir='ltr'><strong>mecum</strong></span> <span class='ocrx_word' id='word_1_952' title='bbox 3564 5502 3658 5554; x_wconf 84' lang='lat' dir='ltr'><strong>eris</strong></span> <span class='ocrx_word' id='word_1_953' title='bbox 3684 5499 3732 5569; x_wconf 80' lang='lat' dir='ltr'><strong>in</strong></span> 
     </span>
    </p>
   </div>
   <div class='ocr_carea' id='block_1_107' title="bbox 2155 5565 3733 5642">
    <p class='ocr_par' dir='ltr' id='par_1_107' title="bbox 2155 5565 3733 5642">
     <span class='ocr_line' id='line_1_108' title="bbox 2155 5565 3733 5642; baseline -0.004 -17"><span class='ocrx_word' id='word_1_954' title='bbox 2155 5575 2421 5642; x_wconf 85' lang='lat' dir='ltr'><strong>paradiso.</strong></span> <span class='ocrx_word' id='word_1_955' title='bbox 2467 5573 2628 5627; x_wconf 86' lang='lat' dir='ltr'><strong>Petro</strong></span> <span class='ocrx_word' id='word_1_956' title='bbox 2667 5582 2845 5626; x_wconf 90' lang='lat' dir='ltr'><strong>autem</strong></span> <span class='ocrx_word' id='word_1_957' title='bbox 2885 5565 3233 5626; x_wconf 78' lang='lat' dir='ltr'><strong>differebatur</strong></span> <span class='ocrx_word' id='word_1_958' title='bbox 3268 5586 3492 5642; x_wconf 74' lang='lat' dir='ltr'><strong>corona,</strong></span> <span class='ocrx_word' id='word_1_959' title='bbox 3526 5571 3646 5638; x_wconf 90' lang='lat' dir='ltr'><strong>quia</strong></span> <span class='ocrx_word' id='word_1_960' title='bbox 3673 5565 3733 5618; x_wconf 86' lang='lat' dir='ltr'><strong>ab</strong></span> 
     </span>
    </p>
   </div>
   <div class='ocr_carea' id='block_1_108' title="bbox 2157 5640 3731 5768">
    <p class='ocr_par' dir='ltr' id='par_1_108' title="bbox 2157 5640 3731 5768">
     <span class='ocr_line' id='line_1_109' title="bbox 2157 5640 3731 5768; baseline -0.003 -73"><span class='ocrx_word' id='word_1_961' title='bbox 2157 5640 2273 5768; x_wconf 54' lang='lat' dir='ltr'><strong>iqfo</strong></span> <span class='ocrx_word' id='word_1_962' title='bbox 2302 5643 2571 5767; x_wconf 49' lang='lat' dir='ltr'><strong>{laudanda</strong></span> <span class='ocrx_word' id='word_1_963' title='bbox 2600 5653 2717 5698; x_wconf 86' lang='lat' dir='ltr'><strong>crat</strong></span> <span class='ocrx_word' id='word_1_964' title='bbox 2747 5642 2989 5700; x_wconf 87' lang='lat' dir='ltr'><strong>Ecclesia</strong></span> <span class='ocrx_word' id='word_1_965' title='bbox 3009 5651 3172 5711; x_wconf 86' lang='lat' dir='ltr'><strong>atque</strong></span> <span class='ocrx_word' id='word_1_966' title='bbox 3199 5640 3441 5710; x_wconf 85' lang='lat' dir='ltr'><strong>martyrii</strong></span> <span class='ocrx_word' id='word_1_967' title='bbox 3471 5647 3731 5695; x_wconf 84' lang='lat' dir='ltr'><strong>certamen</strong></span> 
     </span>
     <span class='ocr_line' id='line_1_110' title="bbox 2157 5727 2480 5767; baseline -0.003 0"><span class='ocrx_word' id='word_1_968' title='bbox 2157 5730 2188 5767; x_wconf 93' lang='grc' dir='ltr'>ο</span> <span class='ocrx_word' id='word_1_969' title='bbox 2227 5727 2330 5767; x_wconf 90' lang='lat' dir='ltr'><strong>cun</strong></span> <span class='ocrx_word' id='word_1_970' title='bbox 2374 5729 2480 5767; x_wconf 54' lang='lat' dir='ltr'><strong>una</strong></span> 
     </span>
    </p>
   </div>
   <div class='ocr_carea' id='block_1_109' title="bbox 2156 5727 2480 5767">
    <p class='ocr_par' dir='ltr' id='par_1_109' title="bbox 2156 5727 2480 5767">
     <span class='ocr_line' id='line_1_111' title="bbox 2156 5727 2480 5767; baseline -0.003 0"><span class='ocrx_word' id='word_1_971' title='bbox 2156 5727 2480 5767; x_wconf 82' lang='lat' dir='ltr'><strong>oncunuum.</strong></span> 
     </span>
    </p>
   </div>
  </div>
