3924 6232
161 400 281 457 540

1624 401 1902 462 llOMlLLA
1942 399 2070 454 Llll.

3371 393 3476 452 ’550

165 522 259 566 est
313 520 372 567 et
412 511 750 569 admirabilis
793 513 940 579 ﬁdes,
989 527 1107 583 qua}
1151 514 1423 570 Christum
1465 515 1777 570 crucifixum
1809 519 1856 574 Α
1889 514 2044 583 164.
2063 527 2184 568 eum
2207 527 2364 582 pene,
2389 528 2510 567 cum
2541 513 2861 576 traderetur,
2886 512 3248 580 reliquerunt;
3280 509 3481 562 factum

171 603 349 674 163
384 603 612 671 gloriari
652 605 824 672 magis
859 603 1104 668 credidit,
1147 619 1308 671 quam
1354 604 1562 674 puniri;
1595 605 1647 658 in
1675 605 1783 658 hoc

163 694 332 748 enim
356 696 522 749 totius
567 694 744 750 forma
783 695 973 750 salutis
1000 704 1098 757 est,
1140 693 1476 750 Salvatorem
1508 704 1635 749 tunc
1663 709 1782 749 ma-

163 784 398 853 iestatis
423 786 715 841 Dominum
745 795 769 822 ι
796 787 1153 855 recognoscit,
1183 800 1304 840 cum
1336 786 1544 840 videtur
1572 785 1785 839 humili-

166 878 313 929 tatis
347 877 612 944 patientia
653 876 915 939 cruciari;
948 875 1090 930 unde
1131 876 1205 928 ait
1247 876 1538 944 Apostolus
1566 893 1578 926 :
1609 875 1670 930 Si
1693 892 1784 929 co-

167 967 508 1033 gnovissent,
530 981 793 1038 nunquam
812 964 1086 1019 Dominum
1100 966 1391 1034 majestatis
1411 966 1785 1041 cruciﬁgissen:

169 1052 232 1120 (1
260 1053 394 1106 Cor.
428 1054 529 1123 xl).
567 1053 714 1117 Haec,
747 1055 986 1123 inquam,
1017 1055 1249 1124 perfecta
1281 1053 1413 1109 ﬁdes
1448 1064 1550 1117 est,
1574 1056 1601 1093 δ
1628 1055 1787 1109 Chri-

167 1152 330 1196 stum
384 1143 438 1196 in
480 1157 642 1198 cruce
681 1159 789 1199 non
829 1159 982 1198 reum
1023 1145 1263 1200 credere.
1325 1143 1475 1200 Unde
1516 1146 1604 1199 ille
1650 1145 1787 1201 latro

1888 613 1990 668 est,
2033 605 2172 658 sicut
2200 605 2455 672 scriptum
2491 612 2572 658 est
2603 622 2617 656 :
2664 603 2960 657 Percutiam
3006 612 3283 673 pastorem,
3315 609 3364 652 et
3393 600 3478 651 di-

1886 703 2191 764 spergentur
2217 709 2331 746 ores
2367 695 2536 763 gregis
2568 693 2778 764 (Zacclt.
2820 693 2935 761 xm)
2970 695 3005 744 ι.
3049 692 3291 758 Denique
3320 688 3480 742 ﬁdem

1889 785 2109 839 Petrum
2136 800 2237 838 nec
2265 785 2571 839 admonitus
2620 785 2796 853 potuit
2842 782 3116 837 custodire
3149 799 3161 833 :
3196 781 3358 834 toties
3396 781 3478 831 la-

1888 890 2018 944 psus
2047 881 2149 938 est,
2175 873 2387 942 quoties
2431 889 2501 927 ne
2553 874 2829 927 laberetur
2875 872 3182 926 admonitus
3227 888 3238 922 :
3282 878 3338 924 et
3379 868 3482 922 nisi

1889 965 2108 1020 modum
2139 964 2428 1034 quemdam
2459 965 2618 1018 tertio
2648 963 2941 1031 denegandi
2988 964 3038 1015 ei
3086 961 3345 1015 Dominus
3371 968 3488 1012 sta-

1890 1059 2107 1122 tuisset,
2160 1056 2383 1111 forsitan
2422 1057 2615 1125 smpius
2653 1056 3042 1123 interrogatus,
3073 1054 3266 1122 smpius
3311 1054 3482 1106 abne-

1890 1154 2088 1216 gasset.
2123 1146 2348 1200 Tantam
2377 1147 2520 1199 enim
2555 1146 2966 1215 trepidationem
2994 1143 3266 1211 discipulis
3308 1142 3487 1195 intulit

164 1231 512 1298 justiﬁeatus
542 1242 644 1297 est,
669 1234 795 1301 quia
814 1232 1098 1289 Salvatore
1126 1236 1178 1288 in
1206 1235 1446 1303 patibulo
1474 1236 1785 1300 constituto,

168 1320 390 1375 ludatis
440 1321 846 1387 insultantibus,
885 1325 909 1354 °
959 1324 1051 1377 vel‘
1092 1324 1383 1378 criminosa
1429 1324 1729 1378 dicentibus
1773 1342 1785 1375 :
1892 1329 2235 1398 praedixerat,
2267 1329 2459 1389 ancilla
2500 1328 2823 1390 destrueret,
2856 1335 2910 1380 et
2955 1327 3125 1394 magis
3169 1326 3488 1394 prrcvalcret

171 1408 380 1462 Libera
411 1419 460 1464 te
486 1412 739 1482 ipsum,si
759 1420 902 1478 potes
917 1411 1134 1483 (Matth.
1167 1413 1332 1482 xxvu)
1357 1431 1374 1465 τ
1402 1414 1492 1467 ille
1519 1421 1698 1468 certus
1722 1412 1791 1466 de
1894 1419 2114 1474 ostiaria
2157 1416 2223 1470 ad
2265 1417 2564 1484 perﬁdiam,
2596 1431 2756 1484 quam
2787 1417 3066 1485 apostolus
3094 1416 3160 1468 ad
3197 1416 3484 1470 cautelam.

170 1500 477 1556 divinitate
524 1501 663 1570 eius.
704 1512 760 1556 et
805 1518 1029 1558 securus
1069 1503 1137 1558 de
1185 1504 1480 1566 voluntate,
1522 1519 1581 1558 se
1617 1505 1792 1572 magis
1893 1511 2010 1565 Non
2039 1511 2182 1564 bona
2211 1508 2450 1572 ostiaria,
2483 1522 2602 1575 qua:
2641 1507 2862 1560 Petrum
2906 1507 3029 1561 ideo
3069 1507 3120 1559 in
3153 1505 3370 1559 domum
3400 1520 3487 1557 sa-

172 1591 434 1658 postulat
461 1590 702 1644 liberari.
734 1589 944 1659 Magna,
978 1592 1216 1661 inquam,
1259 1592 1392 1647 ﬁdes
1421 1594 1473 1646 in
1505 1593 1599 1647 illo
1622 1593 1792 1648 latro-
1894 1600 2128 1657 cerdotis
2156 1598 2398 1661 includit,
2432 1606 2488 1650 ut
2517 1613 2545 1650 a
2579 1597 2681 1650 ﬁde
2712 1596 3007 1650 Salvatoris
3044 1595 3311 1648 excludat.
3348 1594 3488 1647 Male

175 1696 251 1735 ιιθ
275 1680 326 1745 δι
361 1690 417 1735 ει
446 1683 649 1736 saliuis
679 1683 938 1752 ³ροίῑῑοίίῖδ
971 1684 1333 1752 comparanda
1367 1702 1380 1736 ε
1413 1686 1513 1739 nisi
1553 1687 1699 1753 (1υοίί
1739 1694 1795 1740 ει
1896 1694 2065 1748 Adam
2093 1690 2300 1745 induxit
2339 1688 2472 1750 Eva,
2514 1689 2654 1741 male
2685 1687 2903 1742 Petrum
2926 1685 3232 1740 introduxit
3260 1686 3486 1747 ancilla;

175 1771 329 1827 Ῑοηε
374 1774 713 1842 {incesserit
754 1791 767 1825 τ
807 1775 1082 1839 [incessu
1123 1777 1323 1829 etenim
1361 1775 1671 1840 devotione,
1700 1777 1792 1844 qui
1897 1783 1989 1838 illa
2024 1781 2251 1835 exclusit
2278 1795 2307 1832 a
2335 1779 2605 1846 paradiso,
2639 1778 2750 1831 haec
2783 1777 3010 1830 exclusit
3043 1792 3072 1828 a
3106 1775 3352 1836 Christo;
3399 1775 3489 1826 illa

175 1863 471 1931 prtecessit
489 1869 544 1916 et
572 1863 822 1932 pnemio;
854 1865 1003 1934 prior
1030 1865 1174 1919 enim
1203 1866 1343 1920 latro
1372 1865 1439 1920 ad
1462 1868 1787 1936 paradisum,
1822 1859 1870 1918 Β
1894 1871 2244 1942 persuasione
2272 1884 2368 1923 sua
2407 1868 2581 1921 virum
2621 1865 2855 1934 decepit,
2906 1865 3022 1920 hzec
3068 1863 3492 1931 interrogatione

176 1965 356 2020 ειυειιη
384 1952 618 2019 εβοδίοη
659 1962 1043 2021 Ρθΐνθηθτιιηῑ·
1091 1954 1332 2022 Denique
1370 1954 1562 2010 Petrus
1599 1957 1785 2011 Domi-
1892 1977 1990 2017 sua
2012 1961 2316 2028 apostolum
2339 1955 2789 2025 circumscripsit;
2819 1955 2906 2009 illa
2939 1955 3006 2008 ad
3032 1953 3489 2023 przcvaricandum

176 2057 317 2095 num
347 2043 610 2110 sequitur,
636 2051 692 2097 et
717 2044 820 2097 iste
857 2045 1164 2098 comitatur.
1201 2043 1460 2101 Dominus
1497 2055 1677 2102 autem
1700 2062 1788 2102 se-
1893 2054 2065 2107 Adam
2110 2050 2339 2119 impulit,
2371 2049 2485 2102 inec
2514 2047 2732 2101 Petrum
2758 2056 2782 2083 ο
2813 2047 2880 2100 ad
2910 2046 3230 2114 negandum,
3262 2052 3318 2097 et
3346 2044 3488 2097 idem

176 2131 430 2183 cundum
471 2129 626 2185 ﬁdem
657 2141 712 2186 et
739 2133 990 2186 meritum
1026 2133 1213 2188 tribuit
1251 2144 1306 2189 et
1337 2139 1787 2195 remunerationis
1893 2157 2053 2198 sexus
2081 2141 2137 2194 in
2158 2147 2385 2206 utraque
2408 2137 2643 2192 ostiaria:
2663 2136 2900 2190 oflicium
2924 2150 3117 2205 gerens
3143 2143 3235 2188 aut
3257 2132 3490 2188 excludit

177 2223 532 2289 obsequium.
556 2222 757 2278 Omnes
777 2225 941 2292 enim,
965 2227 1106 2279 sicut
1126 2225 1353 2294 legimus
1376 2228 1590 2298 (Matth.
1614 2231 1783 2301 xxvi),
1893 2250 1925 2287 a
1946 2233 2072 2298 vita,
2096 2238 2190 2285 aut
2218 2227 2440 2285 includit
2464 2226 2530 2282 ad
2560 2234 2818 2281 mortem.

179 2311 239 2366 in
285 2313 543 2382 passione
581 2312 878 2369 Salvatoris
923 2314 1171 2385 discipuli
1213 2317 1568 2386 trepidamnt,
1597 2336 1788 2378 omnes

1566 2458 1914 2520 HOMILIA
1961 2457 2132 2542 ιλιι.

1271 2598 1346 2653 De
1370 2600 1672 2669 paenitentia
1691 2599 1853 2666 Petri,
1868 2609 1917 2654 et
1944 2598 2162 2653 ostiaria
2189 2595 2402 2649 ancilla.

1651 2729 2044 2786 ADMONITIO.

265 2848 432 2959 16?
459 2843 594 2928 Octo
632 2853 758 2928 sunt
784 2845 1000 2927 codices
1039 2845 1095 2900 in
1122 2845 1318 2959 tatibus
1337 2846 1479 2901 hanc
1499 2845 1776 2928 homiliam
1805 2844 1862 2899 S.
1894 2843 2128 2924 Maximo
2150 2840 2345 2895 ascribi
2365 2838 2611 2920 legimus,
2635 2848 2865 2959 quorum
2893 2833 3170 2915 antiquior
3209 2845 3293 2917 est
3321 2835 3494 2893 codex

270 2919 394 2959 ngnl
419 2933 560 2959 pnus
580 2917 764 2959 hnmnl-
799 2915 885 2959 G6-
917 2915 1110 2959 deinde.
1189 2923 1547 2959 atmnnnnnqic
1573 2916 1628 2959 ἓ-
1658 2916 1982 2959 Εηιηιρηιηιι
2012 2925 2136 2959 nan-
2166 2911 2255 2959 25.
2287 2909 2627 2959 Martmensns
2673 2906 2841 2959 ιοιηιι.
2887 2903 2973 2959 54.
3008 2904 3399 2959 Laurentianus
3428 2923 3480 2959 Χ.

182 2903 560 2986 δαῖτεῖπθιιεὶε
580 2917 765 2986 ιιοιῐιὶι.
799 2915 886 2986 OQ,
917 2915 1110 2970 deinde
1140 2903 1547 2984 Ratisponensis
1573 2916 1630 2986 8.
1658 2915 1985 2986 Emmerami
2012 2925 2136 2986 pag.
2166 2903 2627 2986 23,.Martinensis
2653 2903 2841 2986 liomil.
3008 2904 3480 2986 Lanrentiannsx,

184 2974 344 3042 mur-
397 3000 677 3064 xw.-pas-
706 2984 798 3064 ιθ..
1212 2974 1520 3064 cum.“qu
1552 3004 1564 3038 =
1600 2985 1731 3038 ιιεηι
1755 2985 1888 3064 αμα
1913 2974 2212 3064 ponimus:
2246 2979 2422 3064 ιέεειέίε.
2441 2987 2489 3064 es
2510 2974 3326 3064 se_azteﬁiirslittéiﬂal’g'ﬂ
3359 2975 3496 3064 ea:

183 3049 697 3128 “quatiemus;
716 3049 1035 3128 casinepsis
1052 3070 1157 3128 cxi,
1187 3069 1312 3128 pag.
1338 3055 1486 3128 li,_a
1509 3063 1681 3128 tergo,
1713 3062 1770 3108 et
1793 3049 2075 3128 Augjensis
2095 3067 2162 3103 xv
2156 3049 2533 3128 _inscriptione
2553 3060 2661 3125 non
2685 3049 3044 3128 convenipnt;
3077 3049 3327 3128 inprim'o
3350 3049 3495 3128 enim

184 3111 395 3194 legitur
421 3143 434 3177 :
467 3125 544 3177 De
564 3126 862 3191 ρωηίιεηιὶα
895 3123 1071 3188 Petri;
1103 3111 1154 3177 in
1186 3111 1357 3179 altEro
1383 3111 1508 3178 z'De
1538 3111 1622 3177 die
1667 3111 1848 3177 sancto
1877 3111 2128 3194 TPasclue.
2153 3111 2580 3194 Exstat'qugque
2607 3114 2660 3166 in
2689 3111 3254 3194 codice‘Ambrosia‘no
3283 3112 3325 3194 ll
3359 3113 3486 3175 146,

184 3181 530 3264 οὲἱίηεεηιίε
564 3181 621 3247 et
649 3194 788 3264 ultra
837 3194 1032 3248 abhinc
1047 3181 1202 3247 annis
1220 3195 1443 3262 scripto,
1474 3209 1636 3264 quem
1664 3203 1858 3264 octavo
1887 3192 2009 3264 locp
2035 3181 2397 3264 nominamus:
2410 3181 2614 3264 podex
2638 3195 2768 3264 erg?
2799 3181 3090 3264 Vaticanus
3119 3181 3277 3264 leid,
3303 3184 3357 3236 in
3385 3198 3497 3264 quo

184 3281 309 3319 uno
336 3251 394 3336 8.
421 3263 706 3336 Ambrosio
725 3271 1056 3336 nuncupato,
1081 3271 1242 3336 atque
1272 3251 1509 3318 editores
1535 3263 1851 3317 Parisiensis
1880 3268 1935 3315 et
1964 3259 2192 3313 Romani
2213 3255 2387 3336 eidem
2495 3253 2704 3336 doctori
2735 3252 2874 3336 hanc
2894 3251 3169 3336 humilitati]
3192 3253 3496 3336 tribuentes

185 3349 319 3389 eam
348 3335 454 3387 vim
484 3348 592 3386 non
624 3319 842 3395 habent,
873 3319 934 3386 ut
962 3319 1314 3401 plurimorum
1343 3348 1473 3386 mss.
1505 3347 1828 3401 consensum
1874 3336 2152 3401 evertant;
2202 3321 2885 3401 cpnttladicentibusctiam
2902 3320 3044 3401 ipsis
3068 3319 3336 3401 _G_ymn_ico
3364 3335 3490 3401 pag.

182 3404 326 3465 {53,
355 3401 628 3472 Galesinio
653 3414 777 3472 pag.
810 3389 930 3472 {27,
950 3389 1246 3472 Raynaudo
1266 3416 1392 3472 pag.
1421 3400 1799 3472 216,7Cumdio
1830 3398 2057 3472 tom._ll,
2082 3389 2205 3472 pag.
2233 3391 2387 3472 1355,
2414 3403 2470 3472 et
2490 3390 2793 3472 Margarino
2823 3390 2877 3442 in
2898 3389 3039 3468 βίω.
3068 3389 3210 3472 Max:
3245 3399 3377 3472 tom:
3402 3389 3498 3472 γι.

183 3460 324 3544 ρης.
357 3471 445 3544 25.
462 3471 555 3525 His
579 3460 941 3544 scribentibus
969 3460 1203 3544 ho'miliaz
1239 3460 1453 3544 titulum
1480 3490 1492 3524 :
1527 3460 1607 3525 De
1635 3460 2135 3544 p_wnitentia_Petri,
2156 3460 2216 3518 'et
2243 3466 2462 3544 ostiaria
2487 3461 2680 3544 ancilla
2706 3460 2912 3544 assensi
2933 3473 3147 3544 sumus.-
3164 3460 3499 3544 Depedictini

186 3528 450 3596 induachi
478 3553 731 3610 congreg.
765 3538 820 3594 8.
851 3539 1023 3593 Mauri
1052 3540 1276 3610 inistepe
1302 3541 1519 3610 laudata
1541 3528 1856 3610 praifatione
1885 3538 1953 3610 ad
1981 3528 2270 3610 sequentes
2289 3532 2349 3588 8.
2392 3531 2661 3610 Ambrosii
2683 3529 3186 3610 admonent‘omnia
3209 3528 3500 3610 niaximum

187 3611 433 3666 bomilia:
460 3597 619 3678 hujus
664 3597 944 3665 auctorem
969 3597 1329 3676 conclamare,
1361 3597 1611 3680 idemque
1639 3625 1700 3665 se
1737 3610 1805 3664 de
1826 3606 2048 3675 reliquis
2068 3604 2324 3668 homiliis,
2355 3617 2475 3672 quae
2504 3603 2645 3655 inter
2667 3613 2726 3653 se
2747 3598 3089 3665 colligantur,
3113 3599 3316 3653 sentire
3338 3597 3501 3666 proﬁ-

1892 1239 2071 1308 passio
2117 1238 2435 1300 Salvatoris,
2478 1245 2554 1301 ut,
2603 1237 2747 1304 quod
2786 1236 3034 1304 apostolo
3072 1234 3315 1288 Christus
3360 1240 3492 1286 ante

188 3688 404 3735 tentur.

185 3774 596 3826 Ancuusuruu.
628 3766 794 3819 —De
819 3766 1284 3836 muliebri-ugitato
1332 3766 1401 3818 ad
1429 3766 1789 3836 decipiendum
1818 3766 1860 3825 C
1892 3762 2031 3818 sicut
2052 3760 2399 3827 intelligimus
2428 3758 2480 3811 in
2511 3758 2767 3825 prmtorio
2790 3754 3125 3809 Judaaorum.
3149 3753 3226 3808 lbi
3259 3754 3483 3807 immine

263 3854 432 3900 sexu;
461 3839 525 3889 de
545 3838 746 3890 Artamo
774 3839 838 3888 ab
870 3836 1001 3896 Eva,
1020 3828 1102 3890 ~de
1129 3835 1288 3889 Petro
1316 3839 1380 3887 ab
1402 3828 1620 3888 ostiaria
1641 3837 1790 3888 dece-

267 3915 388 3977 pto;
420 3909 482 3959 de
501 3909 763 3977 utriusque
781 3906 1170 3977 resipiscentia;
1194 3907 1353 3975 deque
1379 3907 1689 3972 praestantia
1709 3907 1793 3958 la-

270 3974 590 4044 erymarum.
615 3974 870 4044 Exemplo
902 3975 1048 4028 Petri
1076 3974 1498 4044 nostra'peccata
1526 3991 1794 4040 curemus;

259 4047 348 4117 qui
376 4056 488 4126 post
515 4047 774 4115 lacrymas
803 4053 982 4115 pastor
1025 4054 1319 4114 assumptus
1367 4046 1499 4098 alios
1544 4045 1796 4116 regendos

268 4127 492 4183 accepit.

268 4206 536 4271 Diximus,
588 4206 799 4271 fratres,
832 4206 976 4274 quod
999 4205 1066 4260 ad
1094 4205 1498 4260 similitudinem
1523 4206 1665 4271 Evm,
1694 4205 1797 4261 Pe-

197 4305 345 4351 trum
367 4297 586 4350 ostiaria
609 4297 803 4350 mulier
822 4310 1039 4365 quoque
1059 4295 1332 4364 deceperit
1358 4313 1370 4347 :
1402 4302 1457 4349 et
1472 4297 1608 4349 sicut
1630 4295 1800 4349 Adam

192 4388 401 4442 femina
447 4387 949 4455 circumscripserit,
1002 4387 1076 4440 ita
1123 4394 1179 4441 et
1203 4387 1509 4455 apostolum
1548 4386 1564 4423 ί
1598 4387 1797 4441 femina

192 4478 637 4533 circumvenerit.
688 4476 927 4533 Usitatus
967 4479 1112 4532 enim
1139 4478 1205 4532 ad
1233 4478 1610 4548 decipiendum
1635 4495 1797 4534 sexus

187 4573 321 4623 est:
356 4566 558 4622 fraudis
579 4581 688 4621 sua:
713 4568 986 4621 vasculum
1009 4567 1062 4622 in
1089 4569 1308 4622 ostiaria
1338 4569 1586 4623 diabolus
1639 4585 1765 4624 reco
1783 4601 1796 4612 -

191 4658 428 4726 gnoscit,
463 4666 489 4704 ε
510 4658 634 4730 quia
663 4656 848 4712 ﬁdeles
870 4659 1015 4714 viros
1036 4660 1245 4713 nonnisi
1275 4675 1373 4729 per
1395 4661 1676 4716 mulierem
1698 4677 1797 4731 op-

191 4762 439 4820 pugnare
467 4750 767 4803 censuevit.
815 4748 892 4803 lbi
921 4749 1090 4804 Adam
1115 4764 1214 4818 per
1240 4749 1408 4804 Evam
1435 4750 1584 4818 fugat
1639 4751 1795 4821 (Gen.

191 4838 314 4907 tu);
343 4839 433 4893 hic
462 4837 680 4893 Petrum
709 4839 876 4894 vincit
895 4853 994 4908 per
1015 4840 1323 4904 ostiariam;
1350 4839 1450 4894 fuit
1471 4841 1636 4905 enim,
1660 4842 1800 4897 sicut

194 4928 448 4996 legimus,
477 4928 528 4982 in
558 4928 810 4997 paradiso
832 4928 1148 4984 deliciarum
1169 4930 1450 4996 diabolus;
1483 4945 1581 4986 nec
1607 4931 1796 5002 defuit,

269 5105 454 5177 9Cod.
486 5104 545 5160 S.
580 5104 766 5177 Crucis
788 5105 839 5177 i_n
868 5105 1003 5177 Jer.,
1036 5110 1356 5177 recognosci.

265 5174 296 5214 δ
325 5175 472 5230 [dem
521 5176 642 5230 cod.
685 5173 743 5230 8.
789 5173 980 5230 Crucis
1006 5177 1060 5230 in
1088 5173 1223 5242 lein,
1255 5177 1516 5234 Christum
1556 5179 1611 5233 in
1644 5197 1795 5236 cruce

193 5243 381 5305 Deum,
411 5261 515 5299 non
539 5261 681 5298 reum
702 5246 931 5298 credere.

191 5386 225 5438 ἢ
269 5326 293 5354 ο
323 5314 470 5439 ωειιὲ
498 5314 619 5370 cod.
653 5313 711 5369 S.
737 5314 924 5371 Crucis
953 5315 1005 5368 in
1032 5313 1353 5383 Jerusalem,
1377 5328 1430 5373 et
1456 5317 1590 5371 velut
1617 5321 1794 5375 crimi-

232 5401 345 5439 οεα.
373 5400 404 5438 Θ
465 5425 480 5437 .

232 5401 345 5443 osa,
373 5400 480 5439 etc.
888 5449 890 5452 _

263 5454 287 5490 ά
318 5453 376 5526 In
407 5454 529 5526 cod.
564 5452 622 5526 S_.
655 5453 845 5526 Crucis
874 5454 928 5526 i_n
957 5453 1095 5522 Jer.,
1125 5458 1241 5526 fuit.

264 5534 289 5562 ε
319 5522 455 5599 God.
480 5524 538 5579 S.
571 5524 762 5579 Crucis
789 5525 842 5577 in
870 5522 1007 5588 Jer.,
1049 5522 1158 5580 [nec
1196 5527 1410 5582 Petrum
1449 5529 1696 5599 compulit
1722 5531 1791 5584 ad

191 5594 509 5665 negandum.

1818 5117 1870 5176 D

1905 3854 1996 3908 bat
2023 3851 2255 3906 Satanas
2282 3864 2506 3920 serpens
2531 3868 2543 3901 :
2577 3849 2662 3903 hic
2686 3849 2852 3903 ludas
2882 3848 3103 3904 coluber
3155 3847 3503 3916 perurgebat.

1902 3942 2000 3997 Est
2048 3955 2178 4008 ergo
2207 3940 2395 3994 eadem
2422 3938 2716 3993 similitudo
2746 3938 3082 4007 deceptionis
3107 3937 3160 3990 in
3192 3935 3355 3990 Petro
3384 3950 3505 4004 qum

1902 4033 1956 4086 in
1988 4029 2161 4085 Adam
2201 4030 2320 4094 fuit,
2341 4029 2599 4097 quoniam
2627 4029 2815 4083 eadem
2844 4035 2927 4082 est
2954 4034 3010 4080 et
3029 4026 3323 4080 similitudo
3349 4034 3505 4078 man-

1903 4122 2034 4176 dati.
2080 4120 2302 4189 Accepit
2349 4119 2494 4173 enim
2551 4133 2580 4172 a
2631 4119 2859 4179 Domino
2899 4126 3127 4185 uterque
3174 4115 3501 4179 mandatum,

1907 4211 2076 4266 Adam
2106 4226 2174 4265 ne
2199 4219 2461 4278 tangeret,
2496 4207 2521 4246 ιι
2544 4217 2598 4262 et
2623 4209 2903 4278 apostolus
2929 4223 2996 4262 ne
3037 4213 3289 4274 negaret;
3322 4207 3410 4261 ille
3441 4222 3506 4260 nc

1903 4303 2106 4369 lignum
2128 4301 2368 4356 scientize
2387 4308 2758 4368 prursumeret.
2789 4299 2878 4353 hic
2907 4313 2974 4352 ne
3001 4298 3159 4368 166
3185 4311 3404 4351 crucem
3429 4311 3506 4349 sa.

1899 4396 2116 4466 pientia:
2145 4394 2476 4464 praeteriret;
2526 4393 2621 4447 sed
2653 4391 3053 4459 transgrediens
3093 4398 3320 4457 uterque
3365 4403 3505 4457 ιιι-αξη

1900 4496 2136 4555 ceptum,
2165 4485 2285 4555 pari
2312 4484 2475 4539 mo'do
2503 4483 2855 4552 delinquunt;
2882 4489 3063 4551 gustat
3086 4481 3173 4536 ille
3219 4479 3362 4549 quod
3393 4496 3503 4534 non

1902 4578 2050 4643 licet,
2083 4577 2322 4645 loquitur
2351 4576 2454 4630 iste
2481 4575 2628 4644 quod
2659 4591 2767 4630 non
2788 4575 2975 4639 decet;
2999 4581 3054 4628 et
3084 4581 3266 4626 tamen
3294 4570 3505 4626 facilior

1906 4665 1921 4704 ί
1958 4666 2176 4734 negatio
2203 4664 2372 4734 Petri,
2395 4680 2556 4735 quam
2579 4665 2705 4718 Ada:
2726 4664 3134 4733 praevaricatio;
3167 4663 3327 4717 citius
3356 4663 3504 4716 enim

1901 4758 2169 4827 apostolo,
2212 4772 2374 4826 quam
2423 4758 2766 4826 protoplasto
2795 4756 3131 4814 subvenitur.
3180 4754 3333 4809 Hunc
3361 4755 3506 4811 enim

1901 4848 2044 4904 Deus
2065 4849 2132 4903 ad
2161 4863 2443 4919 vesperam
2473 4849 2702 4918 requirit
2729 4857 3024 4913 errantem,
3058 4846 3208 4900 illum
3246 4845 3503 4900 Dominus

1901 4941 2172 5010 pullorum
2215 4949 2378 4996 cantu
2425 4939 2806 5008 denegantem.
2833 4939 2999 4993 Adam
3021 4954 3146 4994 reus
3175 4937 3302 4993 facti
3325 4937 3503 4995 nudus

1973 5119 1992 5156 ί
2025 5119 2160 5188 Cod.
2189 5120 2409 5188 Martin.
2433 5122 2634 5172 omittit
2663 5121 2877 5188 femina.

1975 5197 1999 5234 tt
2023 5187 2079 5242 ln
2137 5189 2264 5244 cod.
2320 5183 2680 5242 Ambrosiano
2709 5188 2859 5240 deest
2888 5183 3042 5256 quia;
3071 5192 3227 5256 deest
3250 5185 3415 5240 etiam
3450 5186 3505 5243 in

1898 5258 1991 5312 cit.
2024 5259 2184 5312 codd.
2217 5257 2276 5312 8.
2299 5258 2484 5312 Crucis
2506 5259 2556 5311 in
2580 5257 2714 5323 Jer.,
2749 5257 2799 5309 in
2825 5254 3006 5318 Mart.,
3030 5264 3086 5309 et
3109 5256 3161 5307 in
3189 5254 3310 5308 Vat.
3339 5257 3498 5324 19.70,

1897 5341 2020 5396 pag.
2049 5328 2158 5410 .28,
2207 5344 2236 5381 a
2286 5335 2457 5396 tergo,
2488 5328 2580 5397 qui
2619 5327 2803 5393 habet,
2833 5326 3125 5396 recognovit
3157 5324 3339 5393 ﬁdeles
3362 5327 3500 5381 viros

1896 5413 2106 5466 nonnisi
2127 5415 2236 5466 per.

1972 5465 1993 5501 ι’
2026 5467 2082 5520 In
2112 5469 2262 5534 cod.,
2285 5467 2498 5521 Martin.
2528 5465 2682 5521 deest
2707 5465 2971 5535 particula
2999 5472 3070 5518 et.

1978 5535 1991 5572 ί
2025 5536 2158 5592 Cod.
2187 5537 2400 5592 Martin.
2433 5537 2579 5591 addit
2599 5544 2696 5590 est.

261 5706 276 5736 ⁸
309 5705 430 5783 Vid.
457 5707 710 5783 Angu_st.,
734 5707 799 5760 de
837 5707 1026 5783 Anima
1051 5715 1100 5760 et
1139 5710 1250 5783 ejus
1283 5710 1432 5783 Orig.
1469 5712 1561 5769 lib.
1596 5729 1644 5780 ι,
1678 5727 1796 5782 cap.
1833 5709 1895 5777 9,
1946 5714 2034 5771 ubi
2077 5715 2301 5772 latronis
2339 5713 2589 5772 eximiam
2631 5713 2790 5770 ﬁdem
2825 5721 2880 5768 et
2921 5708 3317 5767 confessionem
3365 5725 3487 5769 cum

188 5777 556 5845 apostolorum
587 5779 786 5834 timore
817 5785 872 5832 et
900 5776 1022 5844 fuga
1057 5776 1285 5834 confert.
