3924 6232
185 436 299 491 353

1610 383 1891 461 nemus
1934 405 2065 460 Liv.

3364 405 3471 463 554

196 544 344 614 ιεθ
363 540 751 593 Anconem-run.
782 558 855 570 -—
882 527 1084 614 Petrae
1116 529 1311 603 pastor-
1338 520 1535 589 gregis,
1592 514 1775 614 Ec'cle-
1804 502 1851 574 Ᾱ
1883 516 1999 568 nire
2016 516 2295 583 vestigium
2333 534 2344 568 :
2375 520 2387 565 Ι
2418 516 2652 585 jactatur
2675 518 2798 573 licet
2819 517 3068 572 ﬂuctibus
3094 532 3269 580 mare,
3294 522 3471 574 ventis

260 588 596 675 adﬂent:
608 604 766 655 totius
774 598 946 675 operis
963 588 1243 675 Christiani
1255 588 1553 675 cornpagent

265 654 666 749 EJéIb'Jiiiiéhs,
697 654 844 749 cujus
868 666 1056 749 operis.
1077 654 1388 749 cortsortigm
1429 654 1542 749 cum
1571 654 1777 749 Christo

260 723 426 801 7.35.2}?
439 723 690 797 "DienPetri
719 723 777 793 oi
796 723 930 791 mari
952 731 1265 787 ambulantis
1293 723 1414 798 ﬁde,
1438 737 1590 789 atque
1610 726 1774 778 dilec-

264 821 408 871 tione.

261 990 588 1045 Astruximus
626 994 649 1022 ι
697 980 978 1052 superiore
1024 974 1327 1039 dominica,
1361 972 1419 1027 S.
1450 970 1669 1026 Petrum
1721 970 1777 1025 in

188 1082 474 1139 Salvatoris
494 1079 747 1151 passione
769 1076 881 1129 suis
908 1070 1184 1125 erroribus
1209 1066 1520 1137 profecisse,
1547 1073 1602 1118 et
1624 1072 1776 1133 post-

188 1189 408 1243 eaquam
439 1171 654 1240 negavit
685 1156 970 1221 Dominum
1000 1160 1024 1199 δ
1064 1160 1251 1221 Deum,
1294 1156 1455 1211 fuisse
1494 1157 1773 1211 meliorem

192 1267 419 1320 Fidelior
438 1265 583 1317 enim
616 1260 787 1314 factus
815 1264 916 1321 est,
964 1261 1252 1324 postquam
1285 1247 1445 1302 ﬁdem
1493 1246 1775 1323 se'perdi-

190 1356 327 1409 disse
353 1351 596 1415 deﬂevit;
629 1357 793 1416 atque
828 1346 948 1399 ideo
992 1341 1256 1409 majorem
1300 1338 1529 1407 gratiam
1574 1335 1779 1404 reperit

188 1460 346 1513 quam
374 1442 583 1506 amisit;
610 1447 866 1507 tanquam
893 1436 1065 1488 bonus
1114 1424 1257 1484 enim
1296 1435 1481 1497 pastor
1520 1424 1776 1478 tuendum

190 1549 399 1603 gregem
428 1531 651 1599 accepit,
680 1535 737 1581 ut
758 1526 850 1594 qui
878 1524 977 1578 sibi
1007 1529 1131 1575 ante
1154 1519 1397 1573 inﬁrmus
1419 1515 1779 1578 fuerat,lieret

195 1637 216 1663 ε
249 1624 491 1679 omnibus
519 1619 945 1680 ﬁrmamentum;
968 1610 993 1649 ά
1016 1620 1071 1667 et
1092 1612 1183 1681 qui
1206 1611 1318 1680 ipse
1340 1604 1777 1672 interrogationis

185 1717 481 1771 teotatione
512 1716 816 1772 notaverat,
842 1715 1069 1761 cmteros
1110 1702 1231 1755 ﬁdei
1262 1700 1553 1753 stabilitate
1584 1696 1776 1760 tunda-

189 1818 291 1863 ret.
346 1808 574 1875 Denique
602 1820 703 1873 pro
752 1799 1021 1856 soliditate
1070 1794 1370 1850 devotionis
1411 1791 1774 1844 Ecclesiarum

1880 605 2119 675 pelagus,
2152 606 2502 661 conﬁrmetur
2529 624 2633 662 non
2660 618 2841 662 tamen
2871 607 2895 646 ι
2928 612 3173 661 turbatur
3202 608 3350 663 Petri
3376 624 3465 662 se-

1878 697 2028 760 mita,
2059 713 2176 767 qua:
2215 698 2363 753 ducit
2389 700 2454 754 ad
2486 700 2791 754 Dominum.
2823 698 3073 754 Ambutat
3114 699 3278 767 igitur
3306 714 3471 767 super

1880 803 2048 857 aquas
2086 787 2296 854 Petrus,
2329 800 2384 845 et
2421 791 2517 845 sub
2555 792 2781 860 pedibus
2804 791 2918 858 ejus
2946 791 3122 846 mollis
3168 791 3309 844 unda
3358 806 3463 842 non

1880 879 2046 933 cedit.
2099 878 2347 947 Legimus
2391 882 2445 935 in
2491 882 2673 936 Veteri
2726 881 3071 936 Testamento
3102 881 3299 951 (Exod.
3350 882 3463 949 xw)

1879 966 2018 1024 ﬁlios
2039 968 2203 1025 Israel
2231 987 2326 1041 per
2353 988 2502 1027 mare
2532 972 2770 1027 Rubrum
2792 961 3254 1027 siccis'itineribus
3283 973 3465 1025 ambu-

1880 1059 2039 1124 lasse,
2072 1070 2126 1116 et
2163 1060 2230 1116 ad
2274 1062 2617 1117 securitatem
2665 1062 3048 1131 gradientium,
3091 1078 3158 1117 ne
3190 1063 3462 1116 laberetur

1881 1150 2042 1214 unda,
2077 1151 2129 1204 in
2158 1152 2482 1221 soliditatem
2522 1154 2803 1221 quamdam
2836 1167 2953 1205 eam
2983 1152 3147 1207 fuisse
3175 1160 3457 1205 mutatam.

1885 1239 1901 1276 ι
1937 1239 2150 1306 Quanto
2179 1242 2283 1296 hoc
2310 1244 2517 1307 melius,
2551 1244 2660 1306 ubi,
2688 1235 3204 1307 ambulante‘Petro,
3229 1257 3331 1295 nec
3355 1258 3465 1295 mn-

1877 1338 2028 1387 tatur
2050 1333 2209 1399 unda,
2255 1351 2355 1399 nec
2374 1336 2598 1400 labitur,
2628 1350 2731 1390 nec
2761 1336 3024 1389 solidatur
3042 1331 3210 1403 aqua,
3244 1350 3344 1388 nec
3374 1350 3463 1387 re-

1880 1424 2035 1494 fugit.
2062 1426 2268 1489 Melius,
2297 1428 2535 1495 inquam,
2566 1437 2667 1493 est,
2700 1429 2789 1482 ubi
2821 1428 3009 1483 eadem
3030 1428 3193 1492 unda,
3219 1442 3337 1494 qua:
3364 1426 3463 1478 ﬂu-

1879 1524 2029 1569 ctuat
2057 1526 2112 1570 et
2139 1526 2424 1583 sustentat,
2450 1518 2539 1571 ubi
2578 1518 2716 1573 idem
2747 1533 2959 1586 gurges,
2990 1520 3082 1587 qui
3112 1519 3372 1584 mergitur
3410 1525 3465 1570 et

1879 1606 2186 1662 famulatur.
2202 1607 2314 1662 Illic
2342 1616 2402 1661 ut
2422 1616 2730 1676 portaretur
2749 1625 2846 1677 per
2867 1625 3015 1665 mare
3030 1609 3256 1678 p0pulus
3278 1608 3461 1671 Israel,

1880 1705 2113 1750 meatum
2150 1713 2306 1751 suum
2354 1706 2545 1751 natura
2591 1698 2896 1767 perdiderat
2939 1716 2951 1751 :
2996 1699 3087 1753 hic
3127 1707 3372 1767 portatur
3410 1699 3463 1751 in

1881 1788 2032 1855 aquis
2064 1786 2285 1851 Petrus,
2318 1797 2356 1823 ιη
2384 1803 2612 1843 cursum
2642 1804 2796 1842 suum
2826 1788 3027 1842 ﬂuenta
3058 1805 3164 1841 non
3206 1789 3462 1856 perdunt.

188 1909 340 1968 petra
380 1898 585 1959 dicitur,
620 1897 760 1949 sicut
809 1893 884 1944 ait
938 1889 1195 1943 Dominus
1214 1904 1240 1938 ’ἶ
1277 1886 1351 1937 Tu
1381 1901 1434 1937 es
1483 1882 1693 1947 Petrus,
1720 1891 1767 1932 et
1801 1879 1842 1935 Β
1873 1876 2211 1931 Temerarius
2240 1890 2368 1944 ergo
2394 1879 2567 1932 viator
2595 1879 2889 1946 apostolus,
2917 1880 3040 1932 novi
3071 1879 3278 1931 itineris
3316 1878 3457 1931 viam

191 2006 343 2058 super
371 1989 497 2040 hanc
520 1996 718 2055 petram
749 1978 1017 2051 cedi/icabo
1050 1977 1337 2030 Ecclesium
1360 1990 1528 2027 meam
1554 1971 1769 2043 (Matth.

192 2080 325 2145 xvi).
364 2077 509 2131 Petra
544 2076 687 2129 enim
718 2074 931 2132 dicitur,
963 2085 1029 2123 eo
1058 2068 1201 2136 Quod
1224 2067 1427 2136 primus
1457 2065 1507 2117 in
1540 2063 1776 2116 nationi-

190 2170 287 2223 bus
312 2168 427 2222 ﬁdei
451 2168 791 2221 fundamenta
821 2162 1082 2232 posuerit,
1109 2167 1162 2213 et
1192 2169 1442 2225 tanquam
1466 2171 1653 2210 saxum
1684 2155 1777 2207 im-

188 2260 387 2313 mobile
410 2260 564 2312 totius
585 2256 764 2324 operis
787 2252 1073 2308 Christiani
1104 2264 1437 2317 compagem,
1469 2247 1775 2313 molemque

191 2349 477 2403 contineat.
509 2346 666 2401 Petra
698 2355 721 2381 ι’
746 2354 927 2397 autem
970 2357 1068 2412 pro
1097 2341 1386 2394 devotione
1417 2336 1607 2392 Petrus
1636 2338 1772 2391 dici-

196 2447 297 2501 tur,
335 2449 387 2492 et
408 2446 556 2507 petra
586 2452 686 2505 pro
711 2436 907 2487 virtute
939 2432 1199 2488 Dominus
1239 2438 1601 2498 nuncupatur,
1635 2429 1774 2481 sicut

191 2530 264 2583 ait
305 2529 588 2599 Apostolus
615 2544 627 2579 :
674 2524 923 2579 Bibebant
947 2533 1118 2576 autem
1163 2523 1228 2575 de
1261 2522 1277 2558 τ
1308 2512 1565 2589 spirituali
1590 2536 1771 2572 conse—

191 2631 363 2691 quente
382 2618 638 2690 eos'petra
662 2634 678 2681 ;
703 2626 849 2687 petra
878 2602 1048 2668 autem
1069 2622 1181 2666 erat
1209 2611 1443 2665 Christus
1467 2609 1520 2681 (1
1543 2608 1662 2663 Cor.
1692 2610 1769 2679 χ).

199 2709 360 2765 Recte
396 2709 724 2764 consortium
756 2714 994 2759 meretur
1029 2704 1286 2766 nominis,
1316 2704 1405 2770 qui
1436 2702 1772 2758 consorti‘um

193 2810 421 2855 meretur
443 2809 497 2855 et
534 2799 746 2868 operis;
788 2797 841 2851 in
868 2795 1055 2850 eadem
1081 2796 1222 2848 enim
1246 2794 1407 2847 domo
1439 2794 1630 2848 Petrus
1652 2793 1773 2847 fun-

195 2890 487 2945 damentum
512 2890 710 2960 posuit,
736 2886 929 2942 Petrus
944 2887 1165 2955 plantat,
1188 2884 1446 2938 Dominus
1468 2885 1773 2938 incremen-

193 2990 300 3036 tum
327 2982 433 3046 dat,
459 2982 715 3036 Dominus
745 2979 1001 3046 irriguum
1030 2976 1403 3031 subministrat
1429 2974 1641 3043 (Matth.
1666 2977 1766 3045 ιν).

193 3069 372 3126 Petrus
398 3072 535 3125 enim
587 3069 972 3129 tentationibus
1000 3067 1109 3121 suis
1144 3063 1375 3135 proﬁcit,
1405 3065 1616 3118 lletibus
1656 3064 1769 3118 suis

190 3164 394 3230 gaudet,
423 3162 675 3232 periculis
703 3160 814 3215 suis
836 3159 1050 3213 crescit.
1086 3167 1109 3203 8
1141 3155 1229 3211 Sic
1261 3171 1492 3225 namque
1524 3155 1577 3209 in
1608 3154 1762 3220 mari,

190 3252 305 3305 dum
336 3269 492 3322 super
520 3252 689 3307 undas
720 3249 1039 3304 temerarius
1068 3248 1243 3302 viator
1264 3245 1577 3315 ingreditur,
1612 3253 1768 3299 nutat

192 3344 341 3399 iaces
358 3362 412 3411 u,
435 3346 527 3400 sed
552 3341 879 3399 convalescit
906 3340 1124 3405 aﬂ‘cctu;
1150 3340 1485 3409 periclitatur
1513 3352 1764 3407 corpore,

193 3435 279 3489 sed
332 3436 620 3490 devotione
670 3449 780 3487 non
831 3432 1053 3495 labitur;
1081 3432 1342 3498 mergitur
1385 3430 1637 3500 pedibus,
1670 3427 1767 3484 sed

194 3522 377 3580 Christi
410 3526 631 3580 dextera
657 3522 681 3559 ιι
708 3530 1071 3586 sustentatur;
1110 3529 1376 3575 sustentat
1409 3520 1555 3584 trdes,
1601 3534 1766 3588 quem

193 3615 322 3669 unda
346 3616 652 3683 mergebat;
677 3623 731 3669 et
754 3628 913 3681 quem
956 3610 1208 3665 ﬂuctuum
1234 3610 1471 3690 procella
1495 3610 1761 3673 turbabat,

190 3704 469 3761 Salvatoris
490 3706 708 3760 dilectio
745 3701 1121 3760 conﬁrmabat.
1153 3701 1168 3739 ί
1210 3702 1515 3755 Ambulavit
1538 3702 1681 3755 enim
1710 3701 1763 3754 in

189 3798 314 3850 mari
337 3796 525 3851 Petrus
544 3797 716 3863 magis
735 3794 1031 3861 dilectione,
1044 3808 1204 3862 quam
1223 3793 1473 3861 pedibus;
1495 3808 1602 3845 non
1619 3793 1763 3845 enim

194 3887 391 3942 videbat
420 3887 512 3941 ubi
538 3887 734 3955 pedum
758 3884 1039 3952 vestigium
1060 3892 1320 3953 poneret;
1350 3883 1563 3937 videbat
1582 3892 1764 3937 autem

190 3975 271 4029 ubi
301 3973 482 4044 ﬁgeret
514 3976 797 4042 vestigium
824 3974 1087 4029 caritatis.
1121 3973 1177 4027 ln
1223 3974 1357 4027 mari
1384 3974 1527 4028 enim
1557 3976 1763 4044 positus

190 4068 478 4121 considerat
500 4066 804 4130 Dominum,
838 4073 894 4119 et
921 4078 1105 4119 amore
1131 4062 1248 4131 ejus
1269 4064 1462 4119 ductus
1483 4064 1763 4120 descendit

196 4158 404 4229 170m
420 4173 593 4229 mare,
616 4172 723 4212 non
740 4156 941 4223 cogitat
956 4155 1200 4209 labentes
1222 4170 1404 4223 aquas,
1424 4171 1530 4209 non
1562 4154 1763 4212 ﬂuenta

190 4249 539 4311 currentia;et
560 4228 688 4301 dum
717 4244 991 4299 Christum
1022 4244 1267 4320 respicit,
1286 4259 1393 4298 non
1415 4246 1763 4314 respiciteleo

189 4348 435 4395 Mutum.
457 4337 643 4394 Credit
663 4335 766 4391 ﬁde
794 4336 955 4391 etiam
986 4336 1128 4391 inter
1148 4333 1320 4392 undas
1347 4338 1579 4393 solidum
1608 4341 1761 4398 inve-

251 4484 274 4512 ι
309 4476 478 4532 Codd,
496 4473 629 4547 (vat.
664 4470 795 4547 645}
824 4479 881 4527 et
900 4471 1160 4547 Urbevet.
1185 4473 1265 4547 sic
1292 4475 1570 4547 homiliam
1599 4496 1763 4537 exor-
1790 4486 1843 4547 D

1878 1968 2071 2035 carpit,
2094 1966 2254 2021 modo
2294 1968 2499 2021 curvati
2528 1968 2753 2035 gurgitis
2778 1969 2976 2022 molem
3005 1970 3265 2031 ascendit,
3298 1968 3465 2022 modo

1878 2043 2200 2111 subsidentis
2245 2058 2413 2123 sinus,
2468 2057 2610 2111 unda
2638 2058 2933 2123 descendit,
2965 2066 3020 2111 et
3048 2059 3187 2111 inter
3225 2060 3465 2112 marinos

1878 2149 2071 2204 ﬂuctus
2116 2166 2370 2205 ascensus
2422 2159 2449 2186 ιι
2503 2150 2580 2203 illi
2627 2150 2859 2216 itineris,
2911 2150 3304 2220 descensusque
3353 2167 3463 2206 non

1877 2240 2047 2294 deest.
2080 2240 2185 2294 Sed
2215 2241 2306 2294 ubi
2337 2242 2582 2295 turbatus
2603 2240 2803 2306 ventis,
2836 2244 3135 2308 exagitatus
3175 2243 3460 2310 procellis,

1880 2331 2107 2399 °incipit
2139 2331 2325 2385 timere
2354 2332 2499 2399 quod
2537 2332 2785 2397 credidit,
2813 2335 2994 2387 statim
3024 2335 3073 2387 ei
3114 2347 3306 2401 gurges
3334 2336 3463 2389 sub-

1877 2424 2125 2487 trahitur,
2159 2424 2298 2478 unda
2344 2424 2686 2490 subducitur;
2730 2436 2754 2473 r
2804 2441 2930 2479 mox
2954 2424 3305 2481 defatiscente
3338 2426 3460 2491 ﬁde,

1877 2517 2087 2570 fatescit
2126 2518 2347 2581 semita;
2396 2524 2525 2571 tunc
2573 2517 2907 2583 exclamans,
2950 2516 3237 2571 Dominum
3280 2517 3463 2572 Jesum

1873 2608 2077 2672 salvum
2097 2600 2154 2661 se
2177 2604 2289 2660 ﬁeri
2310 2606 2869 2675 deprecatur;quemq
2885 2607 3277 2675 apprehensum
3300 2623 3464 2663 manu

1874 2684 2127 2751 Salvator
2156 2696 2363 2758 liberat,
2397 2706 2452 2749 et
2494 2697 2760 2764 objurgat,
2793 2696 2978 2751 dicens
3012 2715 3023 2749 :
3056 2696 3278 2750 Modica:
3317 2699 3462 2765 ﬁdei,

1874 2804 2033 2857 quare
2060 2786 2346 2840 dubietati?
2369 2786 2480 2841 Hoc
2508 2796 2608 2850 est,
2640 2801 2736 2840 cur
2767 2795 2873 2839 tam
2905 2788 3127 2841 modicae
3153 2786 3274 2840 ﬁdei
3297 2804 3374 2849 es,
3406 2796 3471 2842 ut

1872 2876 1964 2945 qui
1995 2878 2268 2933 credendo
2302 2890 2321 2915 τ
2350 2893 2501 2933 mare
2530 2879 2808 2931 ambulare
2837 2893 3100 2948 cameras,
3129 2895 3233 2933 non
3260 2881 3309 2934 id
3343 2896 3469 2948 per.

1874 2971 2172 3023 severando
2204 2970 2495 3023 transires?
2535 2968 2806 3038 Scriptum
2838 2978 2920 3024 est
2946 2972 3087 3025 enim
3124 2989 3135 3023 :
3166 2970 3266 3034 Qui
3287 2988 3465 3041 perse-

1871 3063 2119 3115 veraverit
2170 3078 2330 3132 usque
2376 3064 2429 3115 in
2468 3064 2627 3131 ﬁnem
2667 3063 2749 3115 hic
2790 3063 2961 3115 salvus
3010 3066 3107 3116 erit
3136 3062 3345 3133 (Matth.
3385 3064 3463 3128 Χ).

1871 3151 1981 3206 Sed
2008 3154 2135 3205 dum
2176 3156 2446 3206 cunctaris
2475 3160 2530 3205 et
2563 3153 2811 3215 dubitas,
2859 3154 2961 3206 iter
3000 3154 3144 3219 quod
3188 3153 3466 3219 ingressus

1794 3221 1839 3283 (ἶ
1871 3244 2046 3297 fueras
2076 3242 2374 3313 perdidisti.
2406 3242 2531 3303 Cur.
2566 3242 2803 3311 inquam,
2843 3258 2949 3295 tam
2974 3243 3198 3297 modica:
3231 3242 3350 3297 ﬁdei
3383 3259 3463 3308 es,

1870 3342 1929 3387 ut
1955 3349 2061 3387 non
2091 3348 2153 3387 ea
2197 3333 2318 3397 ﬁde,
2352 3348 2457 3401 qua
2486 3336 2673 3387 venire
2699 3349 2962 3403 coeperas,
2998 3335 3354 3402 perveniens?
3381 3333 3467 3387 In-

1869 3424 2051 3491 tellige
2070 3437 2199 3491 ergo
2229 3426 2353 3493 quia
2378 3425 2433 3478 in
2455 3425 2589 3478 mari
2614 3424 2909 3479 credulitas
2954 3434 3007 3478 te
3044 3428 3314 3494 portabat,
3343 3442 3467 3494 per.

1872 3515 1993 3569 tidia
2014 3515 2411 3583 submergebat.
2433 3515 2617 3582 Igitur,
2640 3515 2850 3577 fratres,
2869 3524 3088 3570 sanctus
3114 3512 3305 3571 Petrus
3336 3518 3467 3574 dum

1869 3603 2113 3672 ﬂuctuat,
2132 3595 2255 3657 dum
2278 3606 2558 3672 mergitur,
2590 3604 2715 3659 dum
2738 3605 3090 3672 periclitatur,
3124 3606 3200 3659 sic
3221 3609 3467 3675 pervenit

1873 3695 1940 3749 ad
1971 3695 2286 3763 Dominum;
2319 3694 2556 3750 ostendit
2598 3695 2752 3750 nobis
2788 3695 2935 3763 quod
2977 3697 3192 3749 nonnisi
3229 3712 3328 3765 per
3372 3713 3466 3766 νος

1872 3788 2040 3842 ricula
2065 3796 2390 3856 properatur
2418 3787 2484 3840 ad
2505 3784 2813 3852 Christum;
2852 3788 3007 3840 multi
3038 3789 3179 3841 enim
3211 3788 3468 3843 diabolici

1879 3884 2032 3955 171
2062 3883 2255 3938 ﬂuctus
2282 3890 2408 3937 sunt
2437 3882 2488 3936 in
2530 3882 2634 3936 hoc
2672 3882 2894 3943 mundo.
2919 3882 3277 3939 tentationum
3301 3883 3468 3937 inulta

1872 3976 2177 4044 naufragia;
2209 3974 2453 4043 aquibus
2483 3974 2555 4027 ita
2582 3973 2797 4028 liberari
2828 3986 3132 4041 possumus,
3165 3972 3209 4025 si
3240 3972 3467 4025 claman-

1871 4068 2017 4122 tibus
2043 4080 2263 4119 manum
2314 4080 2467 4119 suam
2504 4065 2659 4134 172
2701 4062 2949 4117 Salvator
2990 4060 3313 4117 extenderit.
3360 4062 3465 4119 Non

1871 4172 2001 4227 ergo
2030 4158 2267 4213 clamare
2296 4155 2363 4209 ad
2386 4156 2673 4209 Dominum
2705 4171 2812 4207 non
2836 4171 3110 4209 cessemus
3136 4178 3147 4206 ;
3184 4154 3273 4208 ille
3308 4154 3462 4206 auxi-

1848 4251 1999 4307 ilium
2028 4250 2249 4305 solitum
2278 4263 2382 4303 non
2415 4246 2631 4314 negabit
2664 4255 2683 4281 ⁸
2725 4249 2765 4301 ⁸.

1944 4484 1960 4533 ⁵
2003 4481 2237 4546 υιετίιυε
2256 4476 2376 4533 (3οά-
2402 4476 2495 4547 cui
2518 4492 2705 4546 supra,
2734 4472 2791 4531 e't
2818 4476 2938 4531 cod.
2962 4476 3017 4531 S.
3037 4476 3223 4533 Crucis
3255 4480 3307 4534 in
3328 4479 3467 4550 Jer.,

187 4544 393 4629 diuntur
416 4564 449 4629 λ
470 4544 724 4629 dudistis,
750 4543 941 4629 fratrea
977 4544 1255 4629 carissimi,
1283 4546 1634 4605 beatissimum
1656 4552 1766 4608 Pe-
1790 4543 1828 4547 —
1864 4552 2123 4629 jactetur,
2144 4543 2293 4629 licet,
2313 4556 2419 4629 etc.

191 4623 310 4669 trum
329 4618 383 4670 in
409 4614 702 4671 Saluatoris
758 4613 981 4677 mione,
1012 4620 1117 4667 etc.

254 4685 276 4721 δ
303 4686 471 4737 Codd.
506 4683 630 4737 Vat.
679 4630 817 4737 αξη
864 4689 922 4737 et
960 4680 1117 4736 6451.

303 4686 471 4739 Codd.
506 4683 630 4739 Vat.
679 4680 817 4739 t277
864 4689 922 4739 et
960 4680 1129 4749 6451,
1171 4699 1385 4741 necnon
1436 4684 1763 4747 Urbevetan.

188 4754 428 4810 omittunt
455 4753 644 4807 Deum.

228 4825 439 4945 ἱἑκῦοά.
472 4823 528 4879 S.
552 4823 742 4879 Crucis
767 4823 822 4878 in
850 4820 961 4878 Jer.
993 4837 1094 4893 pro
1139 4824 1378 4879 omnibus
1419 4826 1551 4897 legit
1592 4830 1765 4885 homi-

298 4912 340 4945 8.

190 4907 457 5086 ῗῖὸοό.
490 4962 775 5028 Urbevet.,
805 4971 855 5016 et
880 4962 969 5034 qui
1012 4963 1124 5032 ipse
1164 4963 1575 5036 interrogatione
1604 4987 1769 5041 nega-

232 5049 265 5083 .r
320 5074 333 5086 .

232 5049 333 5086 εγω.

192 5102 473 5225 ωἶεϐοόιι.
505 5100 565 5158 S.
594 5098 785 5157 Crucis
837 5102 893 5157 in
942 5100 1054 5158 ὗεν.
1086 5110 1143 5158 et
1170 5100 1424 5160 Urbevet.
1445 5146 1461 5171 ,
1510 5126 1631 5180 ergo
1672 5127 1770 5181 pro

301 5190 364 5225 m.

301 5190 364 5225 m.

260 5241 276 5279 ί
304 5242 437 5297 (ςυά.
470 5240 594 5311 vat.
630 5240 789 5311 1277,
810 5241 875 5294 de
898 5242 1146 5311 spiritali.

256 5320 279 5382 tt
306 5312 442 5382 Cod.
477 5309 748 5382 Urbevet.
767 5309 1063 5382 Highabet
1093 5329 1190 5382 pro
1222 5314 1331 5369 Sic.

257 5379 439 5435 hCod.
492 5379 550 5434 S.
594 5378 783 5434 Crucis
839 5379 1001 5446 Min.,
1055 5378 1403 5445 sustentabat:
1464 5387 1591 5440 item
1641 5390 1763 5444 cod.

198 5446 386 5506 Sancta:
408 5449 598 5505 Crucis
628 5450 682 5503 in
709 5447 1032 5512 Jer.,Vatic.
1065 5452 1226 5519 6451,
1258 5463 1315 5509 et
1337 5455 1615 5519 Urbevet.,
1647 5476 1763 5514 sus-

198 5519 365 5590 tinebat
396 5521 551 5590 ﬁdes.

262 5587 277 5626 ί
307 5587 444 5646 Idem
466 5588 616 5653 0011.,
646 5589 973 5644 Ambulabat.

260 5682 275 5711 ‘
311 5681 434 5749 Quae
480 5680 584 5736 hac
612 5681 834 5752 humilia
863 5658 929 5735 de
961 5680 1105 5737 Petri
1144 5685 1377 5752 primatu
1419 5687 1471 5739 in
1523 5685 1762 5742 Ecclesia

200 5756 487 5817 complexus
528 5765 613 5805 εει
639 5751 937 5815 Maximus,
971 5752 1117 5806 brevi
1143 5751 1609 5817 animadversione
1637 5767 1765 5811 sunt

353 5821 539 5877 randz.
570 5819 809 5877 Primum
844 5821 1062 5890 quidem
1088 5823 1348 5890 afﬁrmat,
1380 5824 1517 5883 adeo
1551 5826 1765 5883 Petrum

1941 4622 1966 4660 ι
1999 4613 2132 4677 Cod.
2166 4620 2222 4674 S.
2254 4613 2443 4671 Cruéis
2470 4615 2621 4678 Min.,
2654 4625 2710 4670 et
2750 4616 2807 4670 S.
2840 4615 3028 4671 Crueis
3074 4618 3128 4671 in
3168 4618 3303 4685 Jer.,
3340 4638 3465 4678 noc-

1870 4710 1980 4749 non
2004 4687 2123 4744 Vat.
2156 4687 2310 4751 1277,
2346 4686 2696 4741 cont-.rbetur.

1947 4761 1964 4801 1
2001 4761 2147 4815 [dem
2176 4757 2392 4827 coms,
2415 4754 2609 4827 {mrcis
2652 4757 2800 4819 Min.,
2845 4756 2900 4811 S.
2936 4756 3123 4813 Cruv-is
3158 4760 3210 4814 in
3246 4760 3383 4827 Jer.,
3409 4769 3465 4817 et

1870 4833 1993 4889 Vat.
2028 4830 2188 4891 6451,
2216 4826 2422 4891 Quanto
2451 4826 2531 4879 hic
2552 4828 2752 4888 melius,
2784 4827 2871 4880 ubi
2899 4828 3215 4892 ambulante,
3249 4842 3355 4887 etc.

1942 4914 1979 4939 ιιι
2011 4900 2147 4955 Cod.
2181 4898 2298 4952 Vat.
2344 4896 2508 4956 1277,
2557 4906 2606 4951 et
2650 4914 2858 4949 cursant
2894 4916 3077 4965 suum:
3121 4903 3240 4956 eod.
3285 4912 3469 4959 autem

1874 4973 1997 5027 Vat,
2029 4970 2187 5029 (itSI.
2222 4978 2270 5021 et
2293 4983 2677 5037 curstt‘misuum
2710 4969 2959 5035 ﬂuentum
2990 4987 3090 5023 non
3116 4974 3357 5037 perdidit.

1947 5024 2137 5095 lt'Cod.
2165 5024 2220 5092 Ξ.
2248 5024 2455 5092 Οτυοίδ¹
2478 5036 2626 5097 Μῖη..
2660 5024 2903 5091 ascensus
2934 5041 3071 5093 illius
3101 5024 3124 5093 il
3143 5024 3321 5097 tueris.

1945 5121 1969 5148 0
2002 5110 2133 5165 Οινό.
2170 5110 2445 5179 l.aurent.,
2470 5108 2652 5179 incipit
2671 5109 2871 5179 timere,
2901 5111 2988 5179 qui
3008 5113 3245 5167 credidit.

1948 5193 1971 5231 ει
2018 5180 2251 5243 Uterque
2284 5177 2418 5233 cod.
2466 5177 2754 5241 Laurent.,
2787 5178 2843 5232 S.
2885 5177 3074 5235 Crueis
3106 5182 3259 5245 Min.,
3304 5192 3360 5238 et
3406 5184 3467 5239 S.

1872 5252 2064 5305 Crucis
2091 5253 2141 5303 in
2164 5248 2299 5311 Jcr.,
2320 5264 2440 5302 mox
2460 5249 2595 5300 enim
2626 5249 2961 5317 defatiscente
2984 5253 3105 5312 ﬁde.

1948 5332 1971 5369 (ι
2004 5320 2137 5374 Cod.
2172 5318 2445 5388 Urbevet...
2470 5334 2621 5388 quem
2650 5323 2972 5388 apprehensa
3000 5338 3178 5375 manu.

1949 5401 1969 5428 τ
2002 5390 2169 5444 Codd.
2201 5389 2319 5441 Vat.
2347 5386 2502 5449 1277⁷,
2528 5386 2769 5451 6451,“οι
2802 5388 3079 5446 Urbevet..
3114 5394 3165 5444 in
3195 5410 3356 5447 mare.

1949 5469 1967 5512 ξ
2003 5458 2171 5512 Codd.
2206 5459 2326 5511 Vat.
2360 5456 2493 5510 6451
2522 5466 2577 5511 et
2609 5458 2889 5523 Urbevet.,
2918 5460 3068 5513 Jews
3096 5461 3328 5521 Christus
3363 5464 3465 5517 Do-

1874 5532 2044 5584 mimts
2086 5539 2276 5591 noster,
2298 5528 2395 5599 qui
2426 5544 2541 5599 cum
2566 5527 2726 5581 Patre
2751 5539 2799 5583 et
2821 5529 3023 5599 Sp’rim
3062 5543 3243 5586 sancto
3275 5536 3389 5587 rivi.
3420 5545 3468 5589 et

1874 5608 2055 5671 regnat
2075 5601 2128 5653 in
2150 5597 2341 5652 swcula
2376 5597 2698 5651 swculorum.

1868 5696 2079 5744 reatum
2108 5704 2263 5761 suum
2294 5687 2595 5761 deﬂevisse,
2628 5699 2689 5742 ut
2717 5690 2998 5757 majorem.
3032 5706 3193 5758 quam
3226 5694 3467 5761 perdide-

1870 5768 1955 5812 rat
1983 5760 2231 5841 gratiam.
2258 5760 2544 5841 receperit.
2579 5768 2636 5841 et
2655 5761 2745 5841 qui
2770 5760 2972 5841 primus
2996 5760 3235 5841 negavit,
3264 5766 3471 5829 primus

1856 5838 1925 5889 et
1952 5828 2230 5884 confessus
2254 5838 2358 5885 est.
2378 5828 2631 5885 Secundo
2662 5830 2840 5885 laudat
2870 5830 2921 5881 in
2941 5832 3191 5901 apostolo
3216 5828 3467 5888 devotio.
