  <div class='ocr_page' id='page_1' title='image "/cluster/home/n/w/nwhite01/storage/ocr_20150623/57/uva.x000827099/182.png"; bbox 0 0 3924 6232; ppageno 0'>
   <div class='ocr_carea' id='block_1_1' title="bbox 151 368 249 424">
    <p class='ocr_par' dir='ltr' id='par_1_1' title="bbox 151 368 249 424">
     <span class='ocr_line' id='line_1_1' title="bbox 151 368 249 424; baseline -0.031 0"><span class='ocrx_word' id='word_1_1' title='bbox 151 368 249 424; x_wconf 65' lang='lat' dir='ltr'><strong>Si)?</strong></span> 
     </span>
    </p>
   </div>
   <div class='ocr_carea' id='block_1_2' title="bbox 1589 354 2017 413">
    <p class='ocr_par' dir='ltr' id='par_1_2' title="bbox 1589 354 2017 413">
     <span class='ocr_line' id='line_1_2' title="bbox 1589 354 2017 413; baseline -0.002 -2"><span class='ocrx_word' id='word_1_2' title='bbox 1589 357 1872 413; x_wconf 82' lang='lat' dir='ltr'><strong>llOMILlA</strong></span> <span class='ocrx_word' id='word_1_3' title='bbox 1910 354 2017 411; x_wconf 83' lang='lat' dir='ltr'><strong>LV.</strong></span> 
     </span>
    </p>
   </div>
   <div class='ocr_carea' id='block_1_3' title="bbox 3317 352 3424 410">
    <p class='ocr_par' dir='ltr' id='par_1_3' title="bbox 3317 352 3424 410">
     <span class='ocr_line' id='line_1_3' title="bbox 3317 352 3424 410; baseline -0.009 0"><span class='ocrx_word' id='word_1_4' title='bbox 3317 352 3424 410; x_wconf 73' lang='lat'><strong>538</strong></span> 
     </span>
    </p>
   </div>
   <div class='ocr_carea' id='block_1_4' title="bbox 158 464 3421 547">
    <p class='ocr_par' dir='ltr' id='par_1_4' title="bbox 158 464 3421 547">
     <span class='ocr_line' id='line_1_4' title="bbox 158 464 3421 547; baseline -0.002 -18"><span class='ocrx_word' id='word_1_5' title='bbox 158 477 257 545; x_wconf 80' lang='lat' dir='ltr'><strong>(IV</strong></span> <span class='ocrx_word' id='word_1_6' title='bbox 296 477 419 547; x_wconf 78' lang='lat' dir='ltr'><strong>Reg.</strong></span> <span class='ocrx_word' id='word_1_7' title='bbox 451 475 587 544; x_wconf 79' lang='lat' dir='ltr'><strong>xm).</strong></span> <span class='ocrx_word' id='word_1_8' title='bbox 634 483 658 511; x_wconf 80' lang='grc' dir='ltr'>ι</span> <span class='ocrx_word' id='word_1_9' title='bbox 693 474 823 540; x_wconf 82' lang='lat' dir='ltr'><strong>Quis</strong></span> <span class='ocrx_word' id='word_1_10' title='bbox 850 473 939 528; x_wconf 86' lang='lat' dir='ltr'><strong>hic</strong></span> <span class='ocrx_word' id='word_1_11' title='bbox 978 471 1119 526; x_wconf 90' lang='lat' dir='ltr'><strong>aliud</strong></span> <span class='ocrx_word' id='word_1_12' title='bbox 1165 470 1555 540; x_wconf 72' lang='lat' dir='ltr'><strong>prmliguratur,</strong></span> <span class='ocrx_word' id='word_1_13' title='bbox 1589 470 1689 523; x_wconf 83' lang='lat' dir='ltr'><strong>nisi</strong></span> <span class='ocrx_word' id='word_1_14' title='bbox 1716 469 1742 507; x_wconf 72' lang='grc' dir='ltr'>δ</span> <span class='ocrx_word' id='word_1_15' title='bbox 1770 474 1820 530; x_wconf 84' lang='grc' dir='ltr'>Α</span> <span class='ocrx_word' id='word_1_16' title='bbox 1850 469 2130 523; x_wconf 88' lang='lat' dir='ltr'><strong>universus</strong></span> <span class='ocrx_word' id='word_1_17' title='bbox 2169 467 2399 522; x_wconf 89' lang='lat' dir='ltr'><strong>mundus</strong></span> <span class='ocrx_word' id='word_1_18' title='bbox 2446 481 2549 520; x_wconf 87' lang='lat' dir='ltr'><strong>una</strong></span> <span class='ocrx_word' id='word_1_19' title='bbox 2589 474 2762 521; x_wconf 88' lang='lat' dir='ltr'><strong>morte</strong></span> <span class='ocrx_word' id='word_1_20' title='bbox 2801 464 3054 521; x_wconf 88' lang='lat' dir='ltr'><strong>salvetur.</strong></span> <span class='ocrx_word' id='word_1_21' title='bbox 3101 466 3294 521; x_wconf 85' lang='lat' dir='ltr'><strong>Jouam</strong></span> <span class='ocrx_word' id='word_1_22' title='bbox 3332 484 3421 522; x_wconf 87' lang='lat' dir='ltr'><strong>ce-</strong></span> 
     </span>
    </p>
   </div>
   <div class='ocr_carea' id='block_1_5' title="bbox 143 548 1739 632">
    <p class='ocr_par' dir='ltr' id='par_1_5' title="bbox 143 548 1739 632">
     <span class='ocr_line' id='line_1_5' title="bbox 143 548 1739 632; baseline -0.006 -9"><span class='ocrx_word' id='word_1_23' title='bbox 143 548 336 625; x_wconf 70' lang='lat' dir='ltr'><strong>inoster</strong></span> <span class='ocrx_word' id='word_1_24' title='bbox 360 566 515 621; x_wconf 85' lang='lat' dir='ltr'><strong>Jesus</strong></span> <span class='ocrx_word' id='word_1_25' title='bbox 551 564 826 627; x_wconf 75' lang='lat' dir='ltr'><strong>Christus,</strong></span> <span class='ocrx_word' id='word_1_26' title='bbox 861 562 953 632; x_wconf 87' lang='lat' dir='ltr'><strong>qui</strong></span> <span class='ocrx_word' id='word_1_27' title='bbox 995 561 1447 616; x_wconf 74' lang='lat' dir='ltr'><strong>resurrectionem</strong></span> <span class='ocrx_word' id='word_1_28' title='bbox 1473 559 1541 613; x_wconf 91' lang='lat' dir='ltr'><strong>de</strong></span> <span class='ocrx_word' id='word_1_29' title='bbox 1566 567 1739 613; x_wconf 88' lang='lat' dir='ltr'><strong>morte</strong></span> 
     </span>
    </p>
   </div>
   <div class='ocr_carea' id='block_1_6' title="bbox 156 649 1740 725">
    <p class='ocr_par' dir='ltr' id='par_1_6' title="bbox 156 649 1740 725">
     <span class='ocr_line' id='line_1_6' title="bbox 156 649 1740 725; baseline -0.006 -14"><span class='ocrx_word' id='word_1_30' title='bbox 156 659 391 725; x_wconf 87' lang='lat' dir='ltr'><strong>largitur,</strong></span> <span class='ocrx_word' id='word_1_31' title='bbox 413 665 471 711; x_wconf 89' lang='lat' dir='ltr'><strong>et</strong></span> <span class='ocrx_word' id='word_1_32' title='bbox 493 657 658 708; x_wconf 88' lang='lat' dir='ltr'><strong>vitam</strong></span> <span class='ocrx_word' id='word_1_33' title='bbox 687 654 930 723; x_wconf 88' lang='lat' dir='ltr'><strong>sepultus</strong></span> <span class='ocrx_word' id='word_1_34' title='bbox 957 651 1249 721; x_wconf 75' lang='lat' dir='ltr'><strong>operatur?</strong></span> <span class='ocrx_word' id='word_1_35' title='bbox 1276 650 1336 703; x_wconf 90' lang='lat' dir='ltr'><strong>lu</strong></span> <span class='ocrx_word' id='word_1_36' title='bbox 1354 649 1566 704; x_wconf 83' lang='lat' dir='ltr'><strong>latrone</strong></span> <span class='ocrx_word' id='word_1_37' title='bbox 1587 664 1740 703; x_wconf 90' lang='lat' dir='ltr'><strong>reum</strong></span> 
     </span>
    </p>
   </div>
   <div class='ocr_carea' id='block_1_7' title="bbox 157 739 1740 815">
    <p class='ocr_par' dir='ltr' id='par_1_7' title="bbox 157 739 1740 815">
     <span class='ocr_line' id='line_1_7' title="bbox 157 739 1740 815; baseline -0.008 -12"><span class='ocrx_word' id='word_1_38' title='bbox 157 749 425 813; x_wconf 87' lang='lat' dir='ltr'><strong>mundum,</strong></span> <span class='ocrx_word' id='word_1_39' title='bbox 455 749 506 801; x_wconf 91' lang='lat' dir='ltr'><strong>in</strong></span> <span class='ocrx_word' id='word_1_40' title='bbox 536 746 814 815; x_wconf 66' lang='lat' dir='ltr'><strong>prophetae</strong></span> <span class='ocrx_word' id='word_1_41' title='bbox 842 743 1126 797; x_wconf 83' lang='lat' dir='ltr'><strong>virtutibus</strong></span> <span class='ocrx_word' id='word_1_42' title='bbox 1153 740 1425 796; x_wconf 87' lang='lat' dir='ltr'><strong>Christum</strong></span> <span class='ocrx_word' id='word_1_43' title='bbox 1450 739 1740 793; x_wconf 86' lang='lat' dir='ltr'><strong>Dominum</strong></span> 
     </span>
    </p>
   </div>
   <div class='ocr_carea' id='block_1_8' title="bbox 156 828 1740 906">
    <p class='ocr_par' dir='ltr' id='par_1_8' title="bbox 156 828 1740 906">
     <span class='ocr_line' id='line_1_8' title="bbox 156 828 1740 906; baseline -0.006 -16"><span class='ocrx_word' id='word_1_44' title='bbox 156 852 494 906; x_wconf 74' lang='lat' dir='ltr'><strong>recognosce.</strong></span> <span class='ocrx_word' id='word_1_45' title='bbox 527 836 716 888; x_wconf 88' lang='lat' dir='ltr'><strong>Adhuc</strong></span> <span class='ocrx_word' id='word_1_46' title='bbox 748 832 1102 887; x_wconf 85' lang='lat' dir='ltr'><strong>celeberrime</strong></span> <span class='ocrx_word' id='word_1_47' title='bbox 1140 845 1239 899; x_wconf 93' lang='lat' dir='ltr'><strong>per</strong></span> <span class='ocrx_word' id='word_1_48' title='bbox 1277 828 1583 898; x_wconf 88' lang='lat' dir='ltr'><strong>Scripturas</strong></span> <span class='ocrx_word' id='word_1_49' title='bbox 1610 841 1740 881; x_wconf 87' lang='lat' dir='ltr'><strong>san-</strong></span> 
     </span>
    </p>
   </div>
   <div class='ocr_carea' id='block_1_9' title="bbox 156 919 1743 992">
    <p class='ocr_par' dir='ltr' id='par_1_9' title="bbox 156 919 1743 992">
     <span class='ocr_line' id='line_1_9' title="bbox 156 919 1743 992; baseline -0.004 -11"><span class='ocrx_word' id='word_1_50' title='bbox 156 935 266 981; x_wconf 82' lang='lat' dir='ltr'><strong>ctas</strong></span> <span class='ocrx_word' id='word_1_51' title='bbox 312 927 470 980; x_wconf 85' lang='lat' dir='ltr'><strong>etiam</strong></span> <span class='ocrx_word' id='word_1_52' title='bbox 514 925 567 978; x_wconf 91' lang='lat' dir='ltr'><strong>in</strong></span> <span class='ocrx_word' id='word_1_53' title='bbox 587 923 738 979; x_wconf 62' lang='lat' dir='ltr'><strong>Jona&#39;</strong></span> <span class='ocrx_word' id='word_1_54' title='bbox 764 922 1043 992; x_wconf 72' lang='lat' dir='ltr'><strong>propheta:</strong></span> <span class='ocrx_word' id='word_1_55' title='bbox 1070 920 1373 985; x_wconf 87' lang='lat' dir='ltr'><strong>laboribus,</strong></span> <span class='ocrx_word' id='word_1_56' title='bbox 1405 928 1461 974; x_wconf 94' lang='lat' dir='ltr'><strong>et</strong></span> <span class='ocrx_word' id='word_1_57' title='bbox 1488 919 1743 974; x_wconf 72' lang='lat' dir='ltr'><strong>mnimnis</strong></span> 
     </span>
    </p>
   </div>
   <div class='ocr_carea' id='block_1_10' title="bbox 155 1006 1746 1084">
    <p class='ocr_par' dir='ltr' id='par_1_10' title="bbox 155 1006 1746 1084">
     <span class='ocr_line' id='line_1_10' title="bbox 155 1006 1746 1084; baseline -0.006 -13"><span class='ocrx_word' id='word_1_58' title='bbox 155 1016 349 1071; x_wconf 82' lang='lat' dir='ltr'><strong>Christi</strong></span> <span class='ocrx_word' id='word_1_59' title='bbox 387 1015 568 1084; x_wconf 82' lang='lat' dir='ltr'><strong>passio</strong></span> <span class='ocrx_word' id='word_1_60' title='bbox 595 1022 651 1068; x_wconf 90' lang='lat' dir='ltr'><strong>et</strong></span> <span class='ocrx_word' id='word_1_61' title='bbox 691 1012 1015 1067; x_wconf 89' lang='lat' dir='ltr'><strong>resurrectio</strong></span> <span class='ocrx_word' id='word_1_62' title='bbox 1045 1022 1068 1049; x_wconf 75' lang='grc' dir='ltr'><em>ε</em></span> <span class='ocrx_word' id='word_1_63' title='bbox 1094 1010 1465 1079; x_wconf 69' lang='lat' dir='ltr'><strong>prmsignatur.</strong></span> <span class='ocrx_word' id='word_1_64' title='bbox 1516 1006 1617 1064; x_wconf 79' lang='lat' dir='ltr'><strong>Hic</strong></span> <span class='ocrx_word' id='word_1_65' title='bbox 1657 1007 1746 1062; x_wconf 88' lang='lat' dir='ltr'><strong>Jo-</strong></span> 
     </span>
    </p>
   </div>
   <div class='ocr_carea' id='block_1_11' title="bbox 158 1098 1740 1173">
    <p class='ocr_par' dir='ltr' id='par_1_11' title="bbox 158 1098 1740 1173">
     <span class='ocr_line' id='line_1_11' title="bbox 158 1098 1740 1173; baseline -0.006 -14"><span class='ocrx_word' id='word_1_66' title='bbox 158 1120 279 1171; x_wconf 87' lang='lat' dir='ltr'><strong>nas,</strong></span> <span class='ocrx_word' id='word_1_67' title='bbox 328 1100 469 1173; x_wconf 86' lang='lat' dir='ltr'><strong>quod</strong></span> <span class='ocrx_word' id='word_1_68' title='bbox 516 1103 642 1158; x_wconf 87' lang='lat' dir='ltr'><strong>ﬁdei</strong></span> <span class='ocrx_word' id='word_1_69' title='bbox 680 1110 872 1157; x_wconf 78' lang='lat' dir='ltr'><strong>vestra:</strong></span> <span class='ocrx_word' id='word_1_70' title='bbox 899 1116 1007 1156; x_wconf 91' lang='lat' dir='ltr'><strong>non</strong></span> <span class='ocrx_word' id='word_1_71' title='bbox 1038 1100 1364 1154; x_wconf 90' lang='lat' dir='ltr'><strong>arbitramur</strong></span> <span class='ocrx_word' id='word_1_72' title='bbox 1389 1098 1740 1166; x_wconf 90' lang='lat' dir='ltr'><strong>incognitum,</strong></span> 
     </span>
    </p>
   </div>
   <div class='ocr_carea' id='block_1_12' title="bbox 159 1190 1746 1267">
    <p class='ocr_par' dir='ltr' id='par_1_12' title="bbox 159 1190 1746 1267">
     <span class='ocr_line' id='line_1_12' title="bbox 159 1190 1746 1267; baseline -0.003 -16"><span class='ocrx_word' id='word_1_73' title='bbox 159 1207 339 1267; x_wconf 86' lang='lat' dir='ltr'><strong>typum</strong></span> <span class='ocrx_word' id='word_1_74' title='bbox 376 1197 589 1251; x_wconf 89' lang='lat' dir='ltr'><strong>Domini</strong></span> <span class='ocrx_word' id='word_1_75' title='bbox 629 1196 859 1264; x_wconf 82' lang='lat' dir='ltr'><strong>gessisse</strong></span> <span class='ocrx_word' id='word_1_76' title='bbox 901 1192 1279 1264; x_wconf 83' lang='lat' dir='ltr'><strong>prescribltur;</strong></span> <span class='ocrx_word' id='word_1_77' title='bbox 1312 1194 1427 1262; x_wconf 90' lang='lat' dir='ltr'><strong>ipse</strong></span> <span class='ocrx_word' id='word_1_78' title='bbox 1464 1192 1608 1246; x_wconf 89' lang='lat' dir='ltr'><strong>enim</strong></span> <span class='ocrx_word' id='word_1_79' title='bbox 1635 1190 1746 1247; x_wconf 89' lang='lat' dir='ltr'><strong>Do-</strong></span> 
     </span>
    </p>
   </div>
   <div class='ocr_carea' id='block_1_13' title="bbox 159 1282 1743 1354">
    <p class='ocr_par' dir='ltr' id='par_1_13' title="bbox 159 1282 1743 1354">
     <span class='ocr_line' id='line_1_13' title="bbox 159 1282 1743 1354; baseline -0.004 -15"><span class='ocrx_word' id='word_1_80' title='bbox 159 1286 331 1340; x_wconf 87' lang='lat' dir='ltr'><strong>minus</strong></span> <span class='ocrx_word' id='word_1_81' title='bbox 359 1286 485 1340; x_wconf 83' lang='lat' dir='ltr'><strong>dicit</strong></span> <span class='ocrx_word' id='word_1_82' title='bbox 509 1303 523 1337; x_wconf 90' lang='lat'><strong>:</strong></span> <span class='ocrx_word' id='word_1_83' title='bbox 558 1285 709 1339; x_wconf 91' lang='lat' dir='ltr'><strong>Sicut</strong></span> <span class='ocrx_word' id='word_1_84' title='bbox 729 1286 870 1338; x_wconf 86' lang='lat' dir='ltr'><strong>enim</strong></span> <span class='ocrx_word' id='word_1_85' title='bbox 898 1285 997 1354; x_wconf 80' lang='lat' dir='ltr'><strong>fuit</strong></span> <span class='ocrx_word' id='word_1_86' title='bbox 1031 1282 1200 1336; x_wconf 87' lang='lat' dir='ltr'><strong>Jonas</strong></span> <span class='ocrx_word' id='word_1_87' title='bbox 1227 1283 1281 1335; x_wconf 91' lang='lat' dir='ltr'><strong>in</strong></span> <span class='ocrx_word' id='word_1_88' title='bbox 1317 1291 1491 1335; x_wconf 78' lang='lat' dir='ltr'><strong>ventre</strong></span> <span class='ocrx_word' id='word_1_89' title='bbox 1516 1282 1614 1334; x_wconf 86' lang='lat' dir='ltr'><strong>ceti</strong></span> <span class='ocrx_word' id='word_1_90' title='bbox 1643 1282 1743 1334; x_wconf 90' lang='lat' dir='ltr'><strong>tri-</strong></span> 
     </span>
    </p>
   </div>
   <div class='ocr_carea' id='block_1_14' title="bbox 160 1362 1744 1430">
    <p class='ocr_par' dir='ltr' id='par_1_14' title="bbox 160 1362 1744 1430">
     <span class='ocr_line' id='line_1_14' title="bbox 160 1362 1744 1430; baseline -0.004 0"><span class='ocrx_word' id='word_1_91' title='bbox 160 1376 244 1430; x_wconf 69' lang='lat' dir='ltr'><strong>bus</strong></span> <span class='ocrx_word' id='word_1_92' title='bbox 272 1377 449 1430; x_wconf 83' lang='lat' dir='ltr'><strong>diebus</strong></span> <span class='ocrx_word' id='word_1_93' title='bbox 485 1383 537 1429; x_wconf 91' lang='lat' dir='ltr'><strong>et</strong></span> <span class='ocrx_word' id='word_1_94' title='bbox 570 1374 736 1428; x_wconf 86' lang='lat' dir='ltr'><strong>tribus</strong></span> <span class='ocrx_word' id='word_1_95' title='bbox 762 1371 997 1427; x_wconf 87' lang='lat' dir='ltr'><strong>noctibus</strong></span> <span class='ocrx_word' id='word_1_96' title='bbox 1039 1362 1061 1426; x_wconf 71' lang='grc' dir='ltr'><em>έ</em></span> <span class='ocrx_word' id='word_1_97' title='bbox 1086 1372 1162 1425; x_wconf 88' lang='lat' dir='ltr'><strong>ita</strong></span> <span class='ocrx_word' id='word_1_98' title='bbox 1189 1373 1288 1425; x_wconf 81' lang='lat' dir='ltr'><strong>erit</strong></span> <span class='ocrx_word' id='word_1_99' title='bbox 1318 1369 1490 1424; x_wconf 84' lang='lat' dir='ltr'><strong>Filius</strong></span> <span class='ocrx_word' id='word_1_100' title='bbox 1518 1370 1744 1424; x_wconf 87' lang='lat' dir='ltr'><strong>hominis</strong></span> 
     </span>
    </p>
   </div>
   <div class='ocr_carea' id='block_1_15' title="bbox 160 1458 1741 1531">
    <p class='ocr_par' dir='ltr' id='par_1_15' title="bbox 160 1458 1741 1531">
     <span class='ocr_line' id='line_1_15' title="bbox 160 1458 1741 1531; baseline -0.002 -14"><span class='ocrx_word' id='word_1_101' title='bbox 160 1466 211 1517; x_wconf 91' lang='lat' dir='ltr'><strong>in</strong></span> <span class='ocrx_word' id='word_1_102' title='bbox 239 1466 395 1519; x_wconf 86' lang='lat' dir='ltr'><strong>corde</strong></span> <span class='ocrx_word' id='word_1_103' title='bbox 427 1475 583 1518; x_wconf 70' lang='lat' dir='ltr'><strong>terra:</strong></span> <span class='ocrx_word' id='word_1_104' title='bbox 609 1462 774 1517; x_wconf 85' lang='lat' dir='ltr'><strong>tribus</strong></span> <span class='ocrx_word' id='word_1_105' title='bbox 795 1460 973 1515; x_wconf 87' lang='lat' dir='ltr'><strong>diebus</strong></span> <span class='ocrx_word' id='word_1_106' title='bbox 1002 1471 1051 1515; x_wconf 89' lang='lat' dir='ltr'><strong>et</strong></span> <span class='ocrx_word' id='word_1_107' title='bbox 1078 1459 1239 1515; x_wconf 87' lang='lat' dir='ltr'><strong>tribus</strong></span> <span class='ocrx_word' id='word_1_108' title='bbox 1264 1461 1500 1515; x_wconf 88' lang='lat' dir='ltr'><strong>noctibus</strong></span> <span class='ocrx_word' id='word_1_109' title='bbox 1526 1458 1741 1531; x_wconf 73' lang='lat' dir='ltr'><strong>(Matth.</strong></span> 
     </span>
    </p>
   </div>
   <div class='ocr_carea' id='block_1_16' title="bbox 163 1550 1745 1625">
    <p class='ocr_par' dir='ltr' id='par_1_16' title="bbox 163 1550 1745 1625">
     <span class='ocr_line' id='line_1_16' title="bbox 163 1550 1745 1625; baseline -0.001 -17"><span class='ocrx_word' id='word_1_110' title='bbox 163 1556 272 1625; x_wconf 77' lang='lat' dir='ltr'><strong>sn).</strong></span> <span class='ocrx_word' id='word_1_111' title='bbox 320 1555 449 1621; x_wconf 77' lang='lat' dir='ltr'><strong>Hic,</strong></span> <span class='ocrx_word' id='word_1_112' title='bbox 481 1556 736 1623; x_wconf 87' lang='lat' dir='ltr'><strong>inquam,</strong></span> <span class='ocrx_word' id='word_1_113' title='bbox 776 1552 942 1607; x_wconf 83' lang='lat' dir='ltr'><strong>Jonas</strong></span> <span class='ocrx_word' id='word_1_114' title='bbox 968 1553 1036 1607; x_wconf 90' lang='lat' dir='ltr'><strong>ad</strong></span> <span class='ocrx_word' id='word_1_115' title='bbox 1063 1552 1459 1623; x_wconf 71' lang='lat' dir='ltr'><strong>pmdicandum</strong></span> <span class='ocrx_word' id='word_1_116' title='bbox 1499 1550 1745 1606; x_wconf 85' lang='lat' dir='ltr'><strong>Ninivitis</strong></span> 
     </span>
    </p>
   </div>
   <div class='ocr_carea' id='block_1_17' title="bbox 163 1640 1741 1721">
    <p class='ocr_par' dir='ltr' id='par_1_17' title="bbox 163 1640 1741 1721">
     <span class='ocr_line' id='line_1_17' title="bbox 163 1640 1741 1721; baseline -0.003 -22"><span class='ocrx_word' id='word_1_117' title='bbox 163 1647 249 1699; x_wconf 79' lang='lat' dir='ltr'><strong>ine</strong></span> <span class='ocrx_word' id='word_1_118' title='bbox 274 1646 509 1700; x_wconf 63' lang='lat' dir='ltr'><strong>celestis</strong></span> <span class='ocrx_word' id='word_1_119' title='bbox 533 1644 795 1699; x_wconf 73' lang='lat' dir='ltr'><strong>oﬂensam</strong></span> <span class='ocrx_word' id='word_1_120' title='bbox 822 1643 1052 1699; x_wconf 89' lang='lat' dir='ltr'><strong>Domino</strong></span> <span class='ocrx_word' id='word_1_121' title='bbox 1069 1642 1292 1711; x_wconf 78' lang='lat' dir='ltr'><strong>iubente</strong></span> <span class='ocrx_word' id='word_1_122' title='bbox 1320 1642 1565 1721; x_wconf 75' lang='lat' dir='ltr'><strong>dirigitur</strong></span> <span class='ocrx_word' id='word_1_123' title='bbox 1594 1640 1741 1713; x_wconf 78' lang='lat' dir='ltr'><strong>(Ion.</strong></span> 
     </span>
    </p>
   </div>
   <div class='ocr_carea' id='block_1_18' title="bbox 165 1726 1743 1806">
    <p class='ocr_par' dir='ltr' id='par_1_18' title="bbox 165 1726 1743 1806">
     <span class='ocr_line' id='line_1_18' title="bbox 165 1726 1743 1806; baseline -0.003 -17"><span class='ocrx_word' id='word_1_124' title='bbox 165 1736 247 1805; x_wconf 89' lang='lat' dir='ltr'><strong>n);</strong></span> <span class='ocrx_word' id='word_1_125' title='bbox 290 1734 389 1790; x_wconf 87' lang='lat' dir='ltr'><strong>sed</strong></span> <span class='ocrx_word' id='word_1_126' title='bbox 418 1735 674 1806; x_wconf 65' lang='lat' dir='ltr'><strong>prescius</strong></span> <span class='ocrx_word' id='word_1_127' title='bbox 703 1734 909 1788; x_wconf 85' lang='lat' dir='ltr'><strong>tristem</strong></span> <span class='ocrx_word' id='word_1_128' title='bbox 934 1733 1274 1802; x_wconf 88' lang='lat' dir='ltr'><strong>prophetiam</strong></span> <span class='ocrx_word' id='word_1_129' title='bbox 1300 1733 1484 1803; x_wconf 89' lang='lat' dir='ltr'><strong>populi</strong></span> <span class='ocrx_word' id='word_1_130' title='bbox 1513 1726 1743 1788; x_wconf 86' lang='lat' dir='ltr'><strong>conver-</strong></span> 
     </span>
    </p>
   </div>
   <div class='ocr_carea' id='block_1_19' title="bbox 1842 557 3423 626">
    <p class='ocr_par' dir='ltr' id='par_1_19' title="bbox 1842 557 3423 626">
     <span class='ocr_line' id='line_1_19' title="bbox 1842 557 3423 626; baseline 0.001 -16"><span class='ocrx_word' id='word_1_131' title='bbox 1842 566 1929 611; x_wconf 88' lang='lat' dir='ltr'><strong>tus</strong></span> <span class='ocrx_word' id='word_1_132' title='bbox 1957 557 2119 626; x_wconf 85' lang='lat' dir='ltr'><strong>piscis</strong></span> <span class='ocrx_word' id='word_1_133' title='bbox 2146 558 2357 625; x_wconf 76' lang='lat' dir='ltr'><strong>exCepit</strong></span> <span class='ocrx_word' id='word_1_134' title='bbox 2383 557 2711 620; x_wconf 87' lang='lat' dir='ltr'><strong>immersum,</strong></span> <span class='ocrx_word' id='word_1_135' title='bbox 2743 557 2835 610; x_wconf 87' lang='lat' dir='ltr'><strong>sed</strong></span> <span class='ocrx_word' id='word_1_136' title='bbox 2866 572 2973 610; x_wconf 91' lang='lat' dir='ltr'><strong>non</strong></span> <span class='ocrx_word' id='word_1_137' title='bbox 3005 558 3230 624; x_wconf 77' lang='lat' dir='ltr'><strong>contigit</strong></span> <span class='ocrx_word' id='word_1_138' title='bbox 3258 558 3423 611; x_wconf 88' lang='lat' dir='ltr'><strong>devo-</strong></span> 
     </span>
    </p>
   </div>
   <div class='ocr_carea' id='block_1_20' title="bbox 1841 647 3422 717">
    <p class='ocr_par' dir='ltr' id='par_1_20' title="bbox 1841 647 3422 717">
     <span class='ocr_line' id='line_1_20' title="bbox 1841 647 3422 717; baseline 0 -14"><span class='ocrx_word' id='word_1_139' title='bbox 1841 658 2056 714; x_wconf 84' lang='lat' dir='ltr'><strong>ratum;</strong></span> <span class='ocrx_word' id='word_1_140' title='bbox 2106 656 2161 703; x_wconf 88' lang='lat' dir='ltr'><strong>et</strong></span> <span class='ocrx_word' id='word_1_141' title='bbox 2199 662 2361 717; x_wconf 82' lang='lat' dir='ltr'><strong>quem</strong></span> <span class='ocrx_word' id='word_1_142' title='bbox 2400 647 2606 701; x_wconf 89' lang='lat' dir='ltr'><strong>malitia</strong></span> <span class='ocrx_word' id='word_1_143' title='bbox 2650 647 2925 701; x_wconf 86' lang='lat' dir='ltr'><strong>hominum</strong></span> <span class='ocrx_word' id='word_1_144' title='bbox 2952 647 3205 715; x_wconf 87' lang='lat' dir='ltr'><strong>perdidit,</strong></span> <span class='ocrx_word' id='word_1_145' title='bbox 3251 648 3422 705; x_wconf 80' lang='lat' dir='ltr'><strong>bestia</strong></span> 
     </span>
    </p>
   </div>
   <div class='ocr_carea' id='block_1_21' title="bbox 1841 737 3422 807">
    <p class='ocr_par' dir='ltr' id='par_1_21' title="bbox 1841 737 3422 807">
     <span class='ocr_line' id='line_1_21' title="bbox 1841 737 3422 807; baseline -0.001 -13"><span class='ocrx_word' id='word_1_146' title='bbox 1841 740 2085 794; x_wconf 87' lang='lat' dir='ltr'><strong>esuriens</strong></span> <span class='ocrx_word' id='word_1_147' title='bbox 2112 738 2427 803; x_wconf 74' lang='lat' dir='ltr'><strong>custodivit;</strong></span> <span class='ocrx_word' id='word_1_148' title='bbox 2458 738 2632 807; x_wconf 89' lang='lat' dir='ltr'><strong>plenis</strong></span> <span class='ocrx_word' id='word_1_149' title='bbox 2658 738 2949 792; x_wconf 83' lang='lat' dir='ltr'><strong>visceribus</strong></span> <span class='ocrx_word' id='word_1_150' title='bbox 2975 737 3170 791; x_wconf 83' lang='lat' dir='ltr'><strong>famem</strong></span> <span class='ocrx_word' id='word_1_151' title='bbox 3198 740 3422 807; x_wconf 88' lang='lat' dir='ltr'><strong>patitur,</strong></span> 
     </span>
    </p>
   </div>
   <div class='ocr_carea' id='block_1_22' title="bbox 1842 829 3422 898">
    <p class='ocr_par' dir='ltr' id='par_1_22' title="bbox 1842 829 3422 898">
     <span class='ocr_line' id='line_1_22' title="bbox 1842 829 3422 898; baseline 0 -14"><span class='ocrx_word' id='word_1_152' title='bbox 1842 839 1897 885; x_wconf 87' lang='lat' dir='ltr'><strong>et</strong></span> <span class='ocrx_word' id='word_1_153' title='bbox 1926 831 1976 884; x_wconf 91' lang='lat' dir='ltr'><strong>iu</strong></span> <span class='ocrx_word' id='word_1_154' title='bbox 2023 830 2261 898; x_wconf 70' lang='lat' dir='ltr'><strong>prmdam</strong></span> <span class='ocrx_word' id='word_1_155' title='bbox 2302 844 2464 897; x_wconf 88' lang='lat' dir='ltr'><strong>quam</strong></span> <span class='ocrx_word' id='word_1_156' title='bbox 2495 829 2771 883; x_wconf 85' lang='lat' dir='ltr'><strong>absorbuit</strong></span> <span class='ocrx_word' id='word_1_157' title='bbox 2814 829 2946 883; x_wconf 88' lang='lat' dir='ltr'><strong>nihil</strong></span> <span class='ocrx_word' id='word_1_158' title='bbox 2974 829 3073 883; x_wconf 89' lang='lat' dir='ltr'><strong>sibi</strong></span> <span class='ocrx_word' id='word_1_159' title='bbox 3127 830 3295 884; x_wconf 88' lang='lat' dir='ltr'><strong>licere</strong></span> <span class='ocrx_word' id='word_1_160' title='bbox 3323 830 3422 884; x_wconf 88' lang='lat' dir='ltr'><strong>mi-</strong></span> 
     </span>
    </p>
   </div>
   <div class='ocr_carea' id='block_1_23' title="bbox 1841 917 3421 985">
    <p class='ocr_par' dir='ltr' id='par_1_23' title="bbox 1841 917 3421 985">
     <span class='ocr_line' id='line_1_23' title="bbox 1841 917 3421 985; baseline -0.001 -12"><span class='ocrx_word' id='word_1_161' title='bbox 1841 927 2009 973; x_wconf 84' lang='lat' dir='ltr'><strong>ratur.</strong></span> <span class='ocrx_word' id='word_1_162' title='bbox 2058 919 2189 985; x_wconf 87' lang='lat' dir='ltr'><strong>Quis</strong></span> <span class='ocrx_word' id='word_1_163' title='bbox 2234 927 2317 973; x_wconf 90' lang='lat' dir='ltr'><strong>est</strong></span> <span class='ocrx_word' id='word_1_164' title='bbox 2356 919 2459 971; x_wconf 88' lang='lat' dir='ltr'><strong>iste</strong></span> <span class='ocrx_word' id='word_1_165' title='bbox 2505 918 2599 985; x_wconf 90' lang='lat' dir='ltr'><strong>qui</strong></span> <span class='ocrx_word' id='word_1_166' title='bbox 2645 918 2781 971; x_wconf 90' lang='lat' dir='ltr'><strong>intra</strong></span> <span class='ocrx_word' id='word_1_167' title='bbox 2814 917 3001 972; x_wconf 85' lang='lat' dir='ltr'><strong>avidos</strong></span> <span class='ocrx_word' id='word_1_168' title='bbox 3026 918 3195 972; x_wconf 88' lang='lat' dir='ltr'><strong>rictus</strong></span> <span class='ocrx_word' id='word_1_169' title='bbox 3221 918 3421 973; x_wconf 81' lang='lat' dir='ltr'><strong>assumi</strong></span> 
     </span>
    </p>
   </div>
   <div class='ocr_carea' id='block_1_24' title="bbox 1840 1008 3423 1080">
    <p class='ocr_par' dir='ltr' id='par_1_24' title="bbox 1840 1008 3423 1080">
     <span class='ocr_line' id='line_1_24' title="bbox 1840 1008 3423 1080; baseline 0.001 -17"><span class='ocrx_word' id='word_1_170' title='bbox 1840 1019 2055 1080; x_wconf 88' lang='lat' dir='ltr'><strong>potest,</strong></span> <span class='ocrx_word' id='word_1_171' title='bbox 2105 1009 2347 1063; x_wconf 88' lang='lat' dir='ltr'><strong>consumi</strong></span> <span class='ocrx_word' id='word_1_172' title='bbox 2395 1024 2503 1063; x_wconf 89' lang='lat' dir='ltr'><strong>non</strong></span> <span class='ocrx_word' id='word_1_173' title='bbox 2548 1008 2762 1076; x_wconf 88' lang='lat' dir='ltr'><strong>potest?</strong></span> <span class='ocrx_word' id='word_1_174' title='bbox 2790 1008 2955 1063; x_wconf 89' lang='lat' dir='ltr'><strong>Cibus</strong></span> <span class='ocrx_word' id='word_1_175' title='bbox 2995 1015 3095 1072; x_wconf 89' lang='lat' dir='ltr'><strong>est,</strong></span> <span class='ocrx_word' id='word_1_176' title='bbox 3148 1010 3423 1077; x_wconf 87' lang='lat' dir='ltr'><strong>corruptio</strong></span> 
     </span>
    </p>
   </div>
   <div class='ocr_carea' id='block_1_25' title="bbox 1847 1097 3425 1167">
    <p class='ocr_par' dir='ltr' id='par_1_25' title="bbox 1847 1097 3425 1167">
     <span class='ocr_line' id='line_1_25' title="bbox 1847 1097 3425 1167; baseline -0.002 -13"><span class='ocrx_word' id='word_1_177' title='bbox 1847 1102 1955 1154; x_wconf 75' lang='lat' dir='ltr'><strong>iion</strong></span> <span class='ocrx_word' id='word_1_178' title='bbox 1985 1108 2102 1163; x_wconf 85' lang='lat' dir='ltr'><strong>est;</strong></span> <span class='ocrx_word' id='word_1_179' title='bbox 2138 1100 2367 1153; x_wconf 89' lang='lat' dir='ltr'><strong>traditur</strong></span> <span class='ocrx_word' id='word_1_180' title='bbox 2410 1098 2728 1167; x_wconf 83' lang='lat' dir='ltr'><strong>perditionis</strong></span> <span class='ocrx_word' id='word_1_181' title='bbox 2766 1097 3065 1167; x_wconf 82' lang='lat' dir='ltr'><strong>profundo,</strong></span> <span class='ocrx_word' id='word_1_182' title='bbox 3096 1106 3153 1151; x_wconf 92' lang='lat' dir='ltr'><strong>et</strong></span> <span class='ocrx_word' id='word_1_183' title='bbox 3179 1107 3425 1152; x_wconf 84' lang='lat' dir='ltr'><strong>servatur</strong></span> 
     </span>
    </p>
   </div>
   <div class='ocr_carea' id='block_1_26' title="bbox 1841 1190 3425 1260">
    <p class='ocr_par' dir='ltr' id='par_1_26' title="bbox 1841 1190 3425 1260">
     <span class='ocr_line' id='line_1_26' title="bbox 1841 1190 3425 1260; baseline -0.001 -15"><span class='ocrx_word' id='word_1_184' title='bbox 1841 1192 2011 1260; x_wconf 89' lang='lat' dir='ltr'><strong>ipsius</strong></span> <span class='ocrx_word' id='word_1_185' title='bbox 2037 1190 2229 1245; x_wconf 89' lang='lat' dir='ltr'><strong>mortis</strong></span> <span class='ocrx_word' id='word_1_186' title='bbox 2257 1191 2538 1259; x_wconf 89' lang='lat' dir='ltr'><strong>obsequio.</strong></span> <span class='ocrx_word' id='word_1_187' title='bbox 2570 1191 2701 1255; x_wconf 87' lang='lat' dir='ltr'><strong>Quis</strong></span> <span class='ocrx_word' id='word_1_188' title='bbox 2730 1197 2812 1244; x_wconf 90' lang='lat' dir='ltr'><strong>est</strong></span> <span class='ocrx_word' id='word_1_189' title='bbox 2840 1191 2943 1244; x_wconf 88' lang='lat' dir='ltr'><strong>iste</strong></span> <span class='ocrx_word' id='word_1_190' title='bbox 2969 1190 3061 1257; x_wconf 86' lang='lat' dir='ltr'><strong>qui</strong></span> <span class='ocrx_word' id='word_1_191' title='bbox 3089 1190 3425 1244; x_wconf 78' lang='lat' dir='ltr'><strong>vastissimas</strong></span> 
     </span>
    </p>
   </div>
   <div class='ocr_carea' id='block_1_27' title="bbox 1841 1279 3425 1351">
    <p class='ocr_par' dir='ltr' id='par_1_27' title="bbox 1841 1279 3425 1351">
     <span class='ocr_line' id='line_1_27' title="bbox 1841 1279 3425 1351; baseline -0.003 -14"><span class='ocrx_word' id='word_1_192' title='bbox 1841 1282 1991 1337; x_wconf 89' lang='lat' dir='ltr'><strong>sinus</strong></span> <span class='ocrx_word' id='word_1_193' title='bbox 2017 1282 2381 1351; x_wconf 87' lang='lat' dir='ltr'><strong>periculorum</strong></span> <span class='ocrx_word' id='word_1_194' title='bbox 2414 1279 2439 1316; x_wconf 78' lang='grc' dir='ltr'>¹ι</span> <span class='ocrx_word' id='word_1_195' title='bbox 2472 1287 2621 1334; x_wconf 86' lang='lat' dir='ltr'><strong>tutus</strong></span> <span class='ocrx_word' id='word_1_196' title='bbox 2666 1280 2978 1347; x_wconf 85' lang='lat' dir='ltr'><strong>ingreditur,</strong></span> <span class='ocrx_word' id='word_1_197' title='bbox 3026 1287 3081 1334; x_wconf 91' lang='lat' dir='ltr'><strong>et</strong></span> <span class='ocrx_word' id='word_1_198' title='bbox 3112 1280 3211 1334; x_wconf 90' lang='lat' dir='ltr'><strong>sub</strong></span> <span class='ocrx_word' id='word_1_199' title='bbox 3238 1280 3425 1333; x_wconf 63' lang='lat' dir='ltr'><strong>altituo</strong></span> 
     </span>
    </p>
   </div>
   <div class='ocr_carea' id='block_1_28' title="bbox 1843 1370 3427 1441">
    <p class='ocr_par' dir='ltr' id='par_1_28' title="bbox 1843 1370 3427 1441">
     <span class='ocr_line' id='line_1_28' title="bbox 1843 1370 3427 1441; baseline -0.001 -14"><span class='ocrx_word' id='word_1_200' title='bbox 1843 1373 1967 1427; x_wconf 89' lang='lat' dir='ltr'><strong>dine</strong></span> <span class='ocrx_word' id='word_1_201' title='bbox 1988 1374 2250 1427; x_wconf 87' lang='lat' dir='ltr'><strong>immensa</strong></span> <span class='ocrx_word' id='word_1_202' title='bbox 2272 1371 2555 1427; x_wconf 60' lang='lat' dir='ltr'><strong>conclusis</strong></span> <span class='ocrx_word' id='word_1_203' title='bbox 2575 1414 2591 1440; x_wconf 92' lang='lat'><strong>,</strong></span> <span class='ocrx_word' id='word_1_204' title='bbox 2622 1380 2784 1441; x_wconf 89' lang='lat' dir='ltr'><strong>atque</strong></span> <span class='ocrx_word' id='word_1_205' title='bbox 2811 1370 3106 1436; x_wconf 90' lang='lat' dir='ltr'><strong>mortifera,</strong></span> <span class='ocrx_word' id='word_1_206' title='bbox 3126 1370 3427 1425; x_wconf 82' lang='lat' dir='ltr'><strong>vitali-aere</strong></span> 
     </span>
    </p>
   </div>
   <div class='ocr_carea' id='block_1_29' title="bbox 1841 1463 3427 1533">
    <p class='ocr_par' dir='ltr' id='par_1_29' title="bbox 1841 1463 3427 1533">
     <span class='ocr_line' id='line_1_29' title="bbox 1841 1463 3427 1533; baseline -0.001 -14"><span class='ocrx_word' id='word_1_207' title='bbox 1841 1465 2094 1533; x_wconf 88' lang='lat' dir='ltr'><strong>pascitur,</strong></span> <span class='ocrx_word' id='word_1_208' title='bbox 2128 1473 2183 1519; x_wconf 88' lang='lat' dir='ltr'><strong>et</strong></span> <span class='ocrx_word' id='word_1_209' title='bbox 2209 1464 2474 1520; x_wconf 87' lang='lat' dir='ltr'><strong>demissus</strong></span> <span class='ocrx_word' id='word_1_210' title='bbox 2502 1464 2555 1519; x_wconf 87' lang='lat' dir='ltr'><strong>in</strong></span> <span class='ocrx_word' id='word_1_211' title='bbox 2584 1464 2815 1526; x_wconf 84' lang='lat' dir='ltr'><strong>alienam</strong></span> <span class='ocrx_word' id='word_1_212' title='bbox 2843 1478 3024 1518; x_wconf 88' lang='lat' dir='ltr'><strong>rerum</strong></span> <span class='ocrx_word' id='word_1_213' title='bbox 3048 1472 3294 1517; x_wconf 82' lang='lat' dir='ltr'><strong>naturam</strong></span> <span class='ocrx_word' id='word_1_214' title='bbox 3311 1504 3327 1528; x_wconf 89' lang='lat'><strong>,</strong></span> <span class='ocrx_word' id='word_1_215' title='bbox 3370 1463 3427 1518; x_wconf 92' lang='lat' dir='ltr'><strong>iu</strong></span> 
     </span>
    </p>
   </div>
   <div class='ocr_carea' id='block_1_30' title="bbox 1842 1555 3428 1624">
    <p class='ocr_par' dir='ltr' id='par_1_30' title="bbox 1842 1555 3428 1624">
     <span class='ocr_line' id='line_1_30' title="bbox 1842 1555 3428 1624; baseline -0.001 -14"><span class='ocrx_word' id='word_1_216' title='bbox 1842 1556 2227 1610; x_wconf 52' lang='lat' dir='ltr'><strong>vitarexsilium</strong></span> <span class='ocrx_word' id='word_1_217' title='bbox 2252 1594 2267 1619; x_wconf 90' lang='lat'><strong>,</strong></span> <span class='ocrx_word' id='word_1_218' title='bbox 2313 1572 2435 1611; x_wconf 88' lang='lat' dir='ltr'><strong>cum</strong></span> <span class='ocrx_word' id='word_1_219' title='bbox 2466 1556 2571 1609; x_wconf 88' lang='lat' dir='ltr'><strong>vita</strong></span> <span class='ocrx_word' id='word_1_220' title='bbox 2606 1555 2996 1624; x_wconf 85' lang='lat' dir='ltr'><strong>peregrinatur,</strong></span> <span class='ocrx_word' id='word_1_221' title='bbox 3025 1563 3080 1609; x_wconf 88' lang='lat' dir='ltr'><strong>et</strong></span> <span class='ocrx_word' id='word_1_222' title='bbox 3116 1555 3306 1609; x_wconf 88' lang='lat' dir='ltr'><strong>mortis</strong></span> <span class='ocrx_word' id='word_1_223' title='bbox 3332 1570 3428 1608; x_wconf 85' lang='lat' dir='ltr'><strong>su-</strong></span> 
     </span>
    </p>
   </div>
   <div class='ocr_carea' id='block_1_31' title="bbox 1842 1643 3429 1716">
    <p class='ocr_par' dir='ltr' id='par_1_31' title="bbox 1842 1643 3429 1716">
     <span class='ocr_line' id='line_1_31' title="bbox 1842 1643 3429 1716; baseline -0.003 -15"><span class='ocrx_word' id='word_1_224' title='bbox 1842 1655 2054 1715; x_wconf 88' lang='lat' dir='ltr'><strong>perstes</strong></span> <span class='ocrx_word' id='word_1_225' title='bbox 2086 1646 2239 1716; x_wconf 78' lang='lat'><strong>175</strong></span> <span class='ocrx_word' id='word_1_226' title='bbox 2284 1647 2568 1700; x_wconf 86' lang='lat' dir='ltr'><strong>annuntiat</strong></span> <span class='ocrx_word' id='word_1_227' title='bbox 2620 1653 2903 1699; x_wconf 89' lang='lat' dir='ltr'><strong>venturam</strong></span> <span class='ocrx_word' id='word_1_228' title='bbox 2962 1643 3153 1702; x_wconf 88' lang='lat' dir='ltr'><strong>mundi</strong></span> <span class='ocrx_word' id='word_1_229' title='bbox 3200 1643 3429 1697; x_wconf 86' lang='lat' dir='ltr'><strong>salutem</strong></span> 
     </span>
    </p>
   </div>
   <div class='ocr_carea' id='block_1_32' title="bbox 1852 1724 3429 1803">
    <p class='ocr_par' dir='ltr' id='par_1_32' title="bbox 1852 1724 3429 1803">
     <span class='ocr_line' id='line_1_32' title="bbox 1852 1724 3429 1803; baseline -0.004 -13"><span class='ocrx_word' id='word_1_230' title='bbox 1852 1734 2047 1803; x_wconf 83' lang='lat' dir='ltr'><strong>1quod</strong></span> <span class='ocrx_word' id='word_1_231' title='bbox 2094 1736 2183 1789; x_wconf 93' lang='lat' dir='ltr'><strong>hic</strong></span> <span class='ocrx_word' id='word_1_232' title='bbox 2231 1724 2487 1790; x_wconf 89' lang='lat' dir='ltr'><strong>Dominus</strong></span> <span class='ocrx_word' id='word_1_233' title='bbox 2530 1741 2715 1789; x_wconf 89' lang='lat' dir='ltr'><strong>uoster</strong></span> <span class='ocrx_word' id='word_1_234' title='bbox 2758 1733 2913 1787; x_wconf 87' lang='lat' dir='ltr'><strong>Jesus</strong></span> <span class='ocrx_word' id='word_1_235' title='bbox 2953 1732 3218 1798; x_wconf 87' lang='lat' dir='ltr'><strong>Christus,</strong></span> <span class='ocrx_word' id='word_1_236' title='bbox 3263 1745 3429 1800; x_wconf 77' lang='lat' dir='ltr'><strong>quem</strong></span> 
     </span>
    </p>
   </div>
   <div class='ocr_carea' id='block_1_33' title="bbox 162 1820 3431 1894">
    <p class='ocr_par' dir='ltr' id='par_1_33' title="bbox 162 1820 3431 1894">
     <span class='ocr_line' id='line_1_33' title="bbox 162 1820 3431 1894; baseline -0.001 -17"><span class='ocrx_word' id='word_1_237' title='bbox 162 1824 310 1878; x_wconf 85' lang='lat' dir='ltr'><strong>sione</strong></span> <span class='ocrx_word' id='word_1_238' title='bbox 338 1823 688 1889; x_wconf 87' lang='lat' dir='ltr'><strong>vacuandam,</strong></span> <span class='ocrx_word' id='word_1_239' title='bbox 719 1836 911 1876; x_wconf 83' lang='lat' dir='ltr'><strong>navem</strong></span> <span class='ocrx_word' id='word_1_240' title='bbox 938 1820 1215 1891; x_wconf 73' lang='lat' dir='ltr'><strong>profugus,</strong></span> <span class='ocrx_word' id='word_1_241' title='bbox 1246 1837 1366 1890; x_wconf 74' lang='lat' dir='ltr'><strong>quae</strong></span> <span class='ocrx_word' id='word_1_242' title='bbox 1393 1822 1621 1877; x_wconf 87' lang='lat' dir='ltr'><strong>Tarsum</strong></span> <span class='ocrx_word' id='word_1_243' title='bbox 1650 1836 1745 1891; x_wconf 91' lang='lat' dir='ltr'><strong>pe-</strong></span> <span class='ocrx_word' id='word_1_244' title='bbox 1774 1821 1821 1881; x_wconf 90' lang='lat' dir='ltr'><strong>B</strong></span> <span class='ocrx_word' id='word_1_245' title='bbox 1846 1839 1987 1880; x_wconf 70' lang='lat' dir='ltr'><strong>saeva</strong></span> <span class='ocrx_word' id='word_1_246' title='bbox 2010 1838 2187 1890; x_wconf 90' lang='lat' dir='ltr'><strong>mors,</strong></span> <span class='ocrx_word' id='word_1_247' title='bbox 2220 1824 2607 1894; x_wconf 81' lang='lat' dir='ltr'><strong>inexplicabilis</strong></span> <span class='ocrx_word' id='word_1_248' title='bbox 2641 1823 2839 1889; x_wconf 88' lang='lat' dir='ltr'><strong>bellua,</strong></span> <span class='ocrx_word' id='word_1_249' title='bbox 2871 1824 2927 1877; x_wconf 91' lang='lat' dir='ltr'><strong>in</strong></span> <span class='ocrx_word' id='word_1_250' title='bbox 2954 1838 3133 1877; x_wconf 79' lang='lat' dir='ltr'><strong>escam</strong></span> <span class='ocrx_word' id='word_1_251' title='bbox 3159 1837 3311 1875; x_wconf 87' lang='lat' dir='ltr'><strong>suam</strong></span> <span class='ocrx_word' id='word_1_252' title='bbox 3339 1836 3431 1874; x_wconf 88' lang='lat' dir='ltr'><strong>ra—</strong></span> 
     </span>
    </p>
   </div>
   <div class='ocr_carea' id='block_1_34' title="bbox 164 1911 1743 1983">
    <p class='ocr_par' dir='ltr' id='par_1_34' title="bbox 164 1911 1743 1983">
     <span class='ocr_line' id='line_1_34' title="bbox 164 1911 1743 1983; baseline -0.001 -15"><span class='ocrx_word' id='word_1_253' title='bbox 164 1914 326 1980; x_wconf 83' lang='lat' dir='ltr'><strong>tebat,</strong></span> <span class='ocrx_word' id='word_1_254' title='bbox 352 1914 649 1982; x_wconf 87' lang='lat' dir='ltr'><strong>ingreditur</strong></span> <span class='ocrx_word' id='word_1_255' title='bbox 673 1930 686 1965; x_wconf 90' lang='lat'><strong>:</strong></span> <span class='ocrx_word' id='word_1_256' title='bbox 715 1911 874 1983; x_wconf 60' lang='lat' dir='ltr'><strong>17b</strong></span> <span class='ocrx_word' id='word_1_257' title='bbox 894 1912 990 1967; x_wconf 88' lang='lat' dir='ltr'><strong>sed</strong></span> <span class='ocrx_word' id='word_1_258' title='bbox 1015 1912 1195 1967; x_wconf 88' lang='lat' dir='ltr'><strong>nautis</strong></span> <span class='ocrx_word' id='word_1_259' title='bbox 1219 1912 1248 1950; x_wconf 73' lang='grc' dir='ltr'>ά</span> <span class='ocrx_word' id='word_1_260' title='bbox 1278 1912 1525 1979; x_wconf 89' lang='lat' dir='ltr'><strong>turbatis,</strong></span> <span class='ocrx_word' id='word_1_261' title='bbox 1556 1920 1743 1967; x_wconf 84' lang='lat' dir='ltr'><strong>exorta</strong></span> 
     </span>
    </p>
   </div>
   <div class='ocr_carea' id='block_1_35' title="bbox 163 2002 1746 2071">
    <p class='ocr_par' dir='ltr' id='par_1_35' title="bbox 163 2002 1746 2071">
     <span class='ocr_line' id='line_1_35' title="bbox 163 2002 1746 2071; baseline 0.001 -15"><span class='ocrx_word' id='word_1_262' title='bbox 163 2009 477 2071; x_wconf 84' lang='lat' dir='ltr'><strong>tempestate</strong></span> <span class='ocrx_word' id='word_1_263' title='bbox 499 2043 516 2067; x_wconf 95' lang='lat'><strong>,</strong></span> <span class='ocrx_word' id='word_1_264' title='bbox 556 2010 707 2057; x_wconf 88' lang='lat' dir='ltr'><strong>sorte</strong></span> <span class='ocrx_word' id='word_1_265' title='bbox 751 2002 1002 2057; x_wconf 80' lang='lat' dir='ltr'><strong>ﬂuctibus</strong></span> <span class='ocrx_word' id='word_1_266' title='bbox 1045 2002 1222 2068; x_wconf 88' lang='lat' dir='ltr'><strong>datur,</strong></span> <span class='ocrx_word' id='word_1_267' title='bbox 1269 2012 1327 2058; x_wconf 91' lang='lat' dir='ltr'><strong>et</strong></span> <span class='ocrx_word' id='word_1_268' title='bbox 1371 2004 1613 2060; x_wconf 86' lang='lat' dir='ltr'><strong>faucibus</strong></span> <span class='ocrx_word' id='word_1_269' title='bbox 1639 2004 1746 2058; x_wconf 91' lang='lat' dir='ltr'><strong>ceti</strong></span> 
     </span>
    </p>
   </div>
   <div class='ocr_carea' id='block_1_36' title="bbox 165 2090 1752 2161">
    <p class='ocr_par' dir='ltr' id='par_1_36' title="bbox 165 2090 1752 2161">
     <span class='ocr_line' id='line_1_36' title="bbox 165 2090 1752 2161; baseline 0.002 -15"><span class='ocrx_word' id='word_1_270' title='bbox 165 2090 320 2159; x_wconf 80' lang='lat' dir='ltr'><strong>piscis</strong></span> <span class='ocrx_word' id='word_1_271' title='bbox 367 2091 635 2146; x_wconf 87' lang='lat' dir='ltr'><strong>dimersus</strong></span> <span class='ocrx_word' id='word_1_272' title='bbox 676 2091 985 2161; x_wconf 81' lang='lat' dir='ltr'><strong>excipitur:</strong></span> <span class='ocrx_word' id='word_1_273' title='bbox 1041 2092 1137 2146; x_wconf 89' lang='lat' dir='ltr'><strong>sed</strong></span> <span class='ocrx_word' id='word_1_274' title='bbox 1176 2092 1326 2161; x_wconf 87' lang='lat' dir='ltr'><strong>pisce</strong></span> <span class='ocrx_word' id='word_1_275' title='bbox 1364 2093 1587 2147; x_wconf 66' lang='lat' dir='ltr'><strong>illaesum</strong></span> <span class='ocrx_word' id='word_1_276' title='bbox 1626 2108 1752 2149; x_wconf 83' lang='lat' dir='ltr'><strong>eru-</strong></span> 
     </span>
    </p>
   </div>
   <div class='ocr_carea' id='block_1_37' title="bbox 167 2182 1751 2252">
    <p class='ocr_par' dir='ltr' id='par_1_37' title="bbox 167 2182 1751 2252">
     <span class='ocr_line' id='line_1_37' title="bbox 167 2182 1751 2252; baseline 0.001 -16"><span class='ocrx_word' id='word_1_277' title='bbox 167 2190 341 2236; x_wconf 70' lang='lat' dir='ltr'><strong>stante</strong></span> <span class='ocrx_word' id='word_1_278' title='bbox 387 2182 690 2252; x_wconf 88' lang='lat' dir='ltr'><strong>depositum</strong></span> <span class='ocrx_word' id='word_1_279' title='bbox 718 2182 878 2238; x_wconf 89' lang='lat' dir='ltr'><strong>tertia</strong></span> <span class='ocrx_word' id='word_1_280' title='bbox 905 2182 992 2239; x_wconf 90' lang='lat' dir='ltr'><strong>die</strong></span> <span class='ocrx_word' id='word_1_281' title='bbox 1015 2184 1175 2238; x_wconf 88' lang='lat' dir='ltr'><strong>terris</strong></span> <span class='ocrx_word' id='word_1_282' title='bbox 1202 2182 1527 2239; x_wconf 86' lang='lat' dir='ltr'><strong>refunditur.</strong></span> <span class='ocrx_word' id='word_1_283' title='bbox 1562 2194 1585 2221; x_wconf 74' lang='grc' dir='ltr'><strong>θ</strong></span> <span class='ocrx_word' id='word_1_284' title='bbox 1612 2185 1627 2205; x_wconf 75' lang='grc'><strong><em>⁸</em></strong></span> <span class='ocrx_word' id='word_1_285' title='bbox 1656 2183 1751 2238; x_wconf 88' lang='lat' dir='ltr'><strong>Vi-</strong></span> 
     </span>
    </p>
   </div>
   <div class='ocr_carea' id='block_1_38' title="bbox 167 2271 1751 2341">
    <p class='ocr_par' dir='ltr' id='par_1_38' title="bbox 167 2271 1751 2341">
     <span class='ocr_line' id='line_1_38' title="bbox 167 2271 1751 2341; baseline 0.001 -14"><span class='ocrx_word' id='word_1_286' title='bbox 167 2271 285 2327; x_wconf 81' lang='lat' dir='ltr'><strong>dete</strong></span> <span class='ocrx_word' id='word_1_287' title='bbox 307 2272 593 2327; x_wconf 90' lang='lat' dir='ltr'><strong>Dominum</strong></span> <span class='ocrx_word' id='word_1_288' title='bbox 623 2274 787 2328; x_wconf 89' lang='lat' dir='ltr'><strong>etiam</strong></span> <span class='ocrx_word' id='word_1_289' title='bbox 815 2274 871 2329; x_wconf 90' lang='lat' dir='ltr'><strong>in</strong></span> <span class='ocrx_word' id='word_1_290' title='bbox 895 2273 1077 2329; x_wconf 79' lang='lat' dir='ltr'><strong>Veteri</strong></span> <span class='ocrx_word' id='word_1_291' title='bbox 1102 2274 1450 2331; x_wconf 88' lang='lat' dir='ltr'><strong>Testamento</strong></span> <span class='ocrx_word' id='word_1_292' title='bbox 1474 2315 1488 2341; x_wconf 94' lang='lat'><strong>,</strong></span> <span class='ocrx_word' id='word_1_293' title='bbox 1530 2276 1584 2329; x_wconf 90' lang='lat' dir='ltr'><strong>in</strong></span> <span class='ocrx_word' id='word_1_294' title='bbox 1609 2274 1751 2330; x_wconf 90' lang='lat' dir='ltr'><strong>servi</strong></span> 
     </span>
    </p>
   </div>
   <div class='ocr_carea' id='block_1_39' title="bbox 168 2359 1753 2433">
    <p class='ocr_par' dir='ltr' id='par_1_39' title="bbox 168 2359 1753 2433">
     <span class='ocr_line' id='line_1_39' title="bbox 168 2359 1753 2433; baseline 0.006 -21"><span class='ocrx_word' id='word_1_295' title='bbox 168 2359 331 2414; x_wconf 88' lang='lat' dir='ltr'><strong>forma</strong></span> <span class='ocrx_word' id='word_1_296' title='bbox 360 2363 677 2417; x_wconf 89' lang='lat' dir='ltr'><strong>mirabiliter</strong></span> <span class='ocrx_word' id='word_1_297' title='bbox 704 2378 984 2432; x_wconf 89' lang='lat' dir='ltr'><strong>apparere.</strong></span> <span class='ocrx_word' id='word_1_298' title='bbox 1024 2364 1212 2419; x_wconf 89' lang='lat' dir='ltr'><strong>Videte</strong></span> <span class='ocrx_word' id='word_1_299' title='bbox 1240 2366 1513 2433; x_wconf 90' lang='lat' dir='ltr'><strong>quomodo</strong></span> <span class='ocrx_word' id='word_1_300' title='bbox 1540 2380 1598 2420; x_wconf 90' lang='lat' dir='ltr'><strong>se</strong></span> <span class='ocrx_word' id='word_1_301' title='bbox 1625 2373 1753 2422; x_wconf 84' lang='lat' dir='ltr'><strong>ante</strong></span> 
     </span>
    </p>
   </div>
   <div class='ocr_carea' id='block_1_40' title="bbox 169 2450 1753 2510">
    <p class='ocr_par' dir='ltr' id='par_1_40' title="bbox 169 2450 1753 2510">
     <span class='ocr_line' id='line_1_40' title="bbox 169 2450 1753 2510; baseline 0.005 -9"><span class='ocrx_word' id='word_1_302' title='bbox 169 2450 295 2504; x_wconf 87' lang='lat' dir='ltr'><strong>actis</strong></span> <span class='ocrx_word' id='word_1_303' title='bbox 321 2451 532 2505; x_wconf 66' lang='lat' dir='ltr'><strong>maculis</strong></span> <span class='ocrx_word' id='word_1_304' title='bbox 568 2451 826 2506; x_wconf 89' lang='lat' dir='ltr'><strong>indicavit</strong></span> <span class='ocrx_word' id='word_1_305' title='bbox 862 2452 961 2506; x_wconf 90' lang='lat' dir='ltr'><strong>sub</strong></span> <span class='ocrx_word' id='word_1_306' title='bbox 998 2453 1209 2507; x_wconf 87' lang='lat' dir='ltr'><strong>servilis</strong></span> <span class='ocrx_word' id='word_1_307' title='bbox 1237 2453 1424 2507; x_wconf 65' lang='lat' dir='ltr'><strong>formae</strong></span> <span class='ocrx_word' id='word_1_308' title='bbox 1449 2453 1753 2510; x_wconf 88' lang='lat' dir='ltr'><strong>humilitate</strong></span> 
     </span>
    </p>
   </div>
   <div class='ocr_carea' id='block_1_41' title="bbox 168 2537 1754 2613">
    <p class='ocr_par' dir='ltr' id='par_1_41' title="bbox 168 2537 1754 2613">
     <span class='ocr_line' id='line_1_41' title="bbox 168 2537 1754 2613; baseline 0.005 -23"><span class='ocrx_word' id='word_1_309' title='bbox 168 2542 521 2593; x_wconf 82' lang='lat' dir='ltr'><strong>venturum‘.</strong></span> <span class='ocrx_word' id='word_1_310' title='bbox 585 2539 751 2595; x_wconf 82' lang='lat' dir='ltr'><strong>Jonas</strong></span> <span class='ocrx_word' id='word_1_311' title='bbox 796 2542 929 2595; x_wconf 90' lang='lat' dir='ltr'><strong>iram</strong></span> <span class='ocrx_word' id='word_1_312' title='bbox 990 2537 1202 2596; x_wconf 78' lang='lat' dir='ltr'><strong>Domini</strong></span> <span class='ocrx_word' id='word_1_313' title='bbox 1256 2543 1640 2613; x_wconf 71' lang='lat' dir='ltr'><strong>prtedicaturus</strong></span> <span class='ocrx_word' id='word_1_314' title='bbox 1676 2545 1754 2598; x_wconf 85' lang='lat' dir='ltr'><strong>ad</strong></span> 
     </span>
    </p>
   </div>
   <div class='ocr_carea' id='block_1_42' title="bbox 171 2629 1750 2695">
    <p class='ocr_par' dir='ltr' id='par_1_42' title="bbox 171 2629 1750 2695">
     <span class='ocr_line' id='line_1_42' title="bbox 171 2629 1750 2695; baseline 0.006 -14"><span class='ocrx_word' id='word_1_315' title='bbox 171 2640 413 2695; x_wconf 76' lang='lat' dir='ltr'><strong>magnam</strong></span> <span class='ocrx_word' id='word_1_316' title='bbox 466 2629 828 2685; x_wconf 84' lang='lat' dir='ltr'><strong>Ninivitarum</strong></span> <span class='ocrx_word' id='word_1_317' title='bbox 884 2630 1187 2687; x_wconf 86' lang='lat' dir='ltr'><strong>destinatur</strong></span> <span class='ocrx_word' id='word_1_318' title='bbox 1233 2634 1422 2688; x_wconf 88' lang='lat' dir='ltr'><strong>urbem</strong></span> <span class='ocrx_word' id='word_1_319' title='bbox 1466 2635 1750 2690; x_wconf 89' lang='lat' dir='ltr'><strong>dicturus:</strong></span> 
     </span>
    </p>
   </div>
   <div class='ocr_carea' id='block_1_43' title="bbox 175 2714 1756 2789">
    <p class='ocr_par' dir='ltr' id='par_1_43' title="bbox 175 2714 1756 2789">
     <span class='ocr_line' id='line_1_43' title="bbox 175 2714 1756 2789; baseline 0.006 -20"><span class='ocrx_word' id='word_1_320' title='bbox 175 2716 195 2752; x_wconf 76' lang='grc' dir='ltr'>ί</span> <span class='ocrx_word' id='word_1_321' title='bbox 226 2714 582 2789; x_wconf 77' lang='lat' dir='ltr'><strong>Quadraginta</strong></span> <span class='ocrx_word' id='word_1_322' title='bbox 611 2720 748 2783; x_wconf 88' lang='lat' dir='ltr'><strong>dies,</strong></span> <span class='ocrx_word' id='word_1_323' title='bbox 771 2730 821 2772; x_wconf 91' lang='lat' dir='ltr'><strong>et</strong></span> <span class='ocrx_word' id='word_1_324' title='bbox 850 2719 904 2772; x_wconf 86' lang='grc' dir='ltr'><em>Ν</em></span> <span class='ocrx_word' id='word_1_325' title='bbox 908 2722 1041 2774; x_wconf 71' lang='lat' dir='ltr'><strong>inire</strong></span> <span class='ocrx_word' id='word_1_326' title='bbox 1070 2722 1403 2788; x_wconf 77' lang='lat' dir='ltr'><strong>subrertetur,</strong></span> <span class='ocrx_word' id='word_1_327' title='bbox 1436 2732 1491 2777; x_wconf 91' lang='lat' dir='ltr'><strong>et</strong></span> <span class='ocrx_word' id='word_1_328' title='bbox 1511 2724 1756 2779; x_wconf 86' lang='lat' dir='ltr'><strong>Christus</strong></span> 
     </span>
    </p>
   </div>
   <div class='ocr_carea' id='block_1_44' title="bbox 176 2805 1800 2882">
    <p class='ocr_par' dir='ltr' id='par_1_44' title="bbox 176 2805 1800 2882">
     <span class='ocr_line' id='line_1_44' title="bbox 176 2805 1800 2882; baseline 0.006 -23"><span class='ocrx_word' id='word_1_329' title='bbox 176 2805 237 2859; x_wconf 78' lang='lat' dir='ltr'><strong>ad</strong></span> <span class='ocrx_word' id='word_1_330' title='bbox 264 2807 447 2861; x_wconf 89' lang='lat' dir='ltr'><strong>mundi</strong></span> <span class='ocrx_word' id='word_1_331' title='bbox 474 2810 708 2863; x_wconf 88' lang='lat' dir='ltr'><strong>mittitur</strong></span> <span class='ocrx_word' id='word_1_332' title='bbox 736 2810 1030 2875; x_wconf 89' lang='lat' dir='ltr'><strong>civitatem,</strong></span> <span class='ocrx_word' id='word_1_333' title='bbox 1062 2818 1120 2864; x_wconf 90' lang='lat' dir='ltr'><strong>ut</strong></span> <span class='ocrx_word' id='word_1_334' title='bbox 1148 2811 1290 2865; x_wconf 90' lang='lat' dir='ltr'><strong>diem</strong></span> <span class='ocrx_word' id='word_1_335' title='bbox 1319 2812 1527 2877; x_wconf 81' lang='lat' dir='ltr'><strong>salutis,</strong></span> <span class='ocrx_word' id='word_1_336' title='bbox 1552 2821 1604 2867; x_wconf 91' lang='lat' dir='ltr'><strong>et</strong></span> <span class='ocrx_word' id='word_1_337' title='bbox 1628 2828 1757 2882; x_wconf 69' lang='lat' dir='ltr'><strong>prte-</strong></span> <span class='ocrx_word' id='word_1_338' title='bbox 1797 2833 1800 2836; x_wconf 64' lang='lat'><strong><em>&#39;</em></strong></span> 
     </span>
    </p>
   </div>
   <div class='ocr_carea' id='block_1_45' title="bbox 177 2896 1757 2974">
    <p class='ocr_par' dir='ltr' id='par_1_45' title="bbox 177 2896 1757 2974">
     <span class='ocr_line' id='line_1_45' title="bbox 177 2896 1757 2974; baseline 0.008 -26"><span class='ocrx_word' id='word_1_339' title='bbox 177 2896 372 2951; x_wconf 81' lang='lat' dir='ltr'><strong>ﬁnitum</strong></span> <span class='ocrx_word' id='word_1_340' title='bbox 398 2898 583 2966; x_wconf 89' lang='lat' dir='ltr'><strong>judicii</strong></span> <span class='ocrx_word' id='word_1_341' title='bbox 612 2908 821 2969; x_wconf 89' lang='lat' dir='ltr'><strong>tempus</strong></span> <span class='ocrx_word' id='word_1_342' title='bbox 845 2903 1145 2955; x_wconf 89' lang='lat' dir='ltr'><strong>aununtiet.</strong></span> <span class='ocrx_word' id='word_1_343' title='bbox 1192 2902 1358 2957; x_wconf 85' lang='lat' dir='ltr'><strong>Jonas</strong></span> <span class='ocrx_word' id='word_1_344' title='bbox 1383 2905 1562 2958; x_wconf 87' lang='lat' dir='ltr'><strong>navim</strong></span> <span class='ocrx_word' id='word_1_345' title='bbox 1591 2920 1757 2974; x_wconf 81' lang='lat' dir='ltr'><strong>expe-</strong></span> 
     </span>
    </p>
   </div>
   <div class='ocr_carea' id='block_1_46' title="bbox 174 2985 1753 3060">
    <p class='ocr_par' dir='ltr' id='par_1_46' title="bbox 174 2985 1753 3060">
     <span class='ocr_line' id='line_1_46' title="bbox 174 2985 1753 3060; baseline 0.006 -21"><span class='ocrx_word' id='word_1_346' title='bbox 174 2985 271 3051; x_wconf 85' lang='lat' dir='ltr'><strong>tit,</strong></span> <span class='ocrx_word' id='word_1_347' title='bbox 331 2987 578 3043; x_wconf 87' lang='lat' dir='ltr'><strong>Christus</strong></span> <span class='ocrx_word' id='word_1_348' title='bbox 624 2988 937 3043; x_wconf 89' lang='lat' dir='ltr'><strong>Ecclesiam.</strong></span> <span class='ocrx_word' id='word_1_349' title='bbox 1001 2989 1165 3045; x_wconf 86' lang='lat' dir='ltr'><strong>Jonas</strong></span> <span class='ocrx_word' id='word_1_350' title='bbox 1212 2990 1457 3047; x_wconf 83' lang='lat' dir='ltr'><strong>ﬂuctibus</strong></span> <span class='ocrx_word' id='word_1_351' title='bbox 1502 2994 1753 3060; x_wconf 80' lang='lat' dir='ltr'><strong>agitatur,</strong></span> 
     </span>
    </p>
   </div>
   <div class='ocr_carea' id='block_1_47' title="bbox 174 3072 1756 3139">
    <p class='ocr_par' dir='ltr' id='par_1_47' title="bbox 174 3072 1756 3139">
     <span class='ocr_line' id='line_1_47' title="bbox 174 3072 1756 3139; baseline 0.005 -9"><span class='ocrx_word' id='word_1_352' title='bbox 174 3072 409 3131; x_wconf 84' lang='lat' dir='ltr'><strong>Christus</strong></span> <span class='ocrx_word' id='word_1_353' title='bbox 460 3077 643 3132; x_wconf 86' lang='lat' dir='ltr'><strong>mundi</strong></span> <span class='ocrx_word' id='word_1_354' title='bbox 687 3079 988 3133; x_wconf 88' lang='lat' dir='ltr'><strong>turbinibus</strong></span> <span class='ocrx_word' id='word_1_355' title='bbox 1032 3088 1338 3135; x_wconf 83' lang='lat' dir='ltr'><strong>exercetur.</strong></span> <span class='ocrx_word' id='word_1_356' title='bbox 1370 3092 1395 3129; x_wconf 75' lang='grc' dir='ltr'>ε</span> <span class='ocrx_word' id='word_1_357' title='bbox 1444 3083 1555 3137; x_wconf 87' lang='lat' dir='ltr'><strong>Nisi</strong></span> <span class='ocrx_word' id='word_1_358' title='bbox 1593 3082 1756 3139; x_wconf 88' lang='lat' dir='ltr'><strong>Jonas</strong></span> 
     </span>
    </p>
   </div>
   <div class='ocr_carea' id='block_1_48' title="bbox 1845 1910 3432 1985">
    <p class='ocr_par' dir='ltr' id='par_1_48' title="bbox 1845 1910 3432 1985">
     <span class='ocr_line' id='line_1_48' title="bbox 1845 1910 3432 1985; baseline -0.003 -16"><span class='ocrx_word' id='word_1_359' title='bbox 1845 1915 1985 1985; x_wconf 90' lang='lat' dir='ltr'><strong>puit,</strong></span> <span class='ocrx_word' id='word_1_360' title='bbox 2015 1922 2071 1968; x_wconf 92' lang='lat' dir='ltr'><strong>et</strong></span> <span class='ocrx_word' id='word_1_361' title='bbox 2098 1913 2334 1983; x_wconf 64' lang='lat' dir='ltr'><strong>praedam</strong></span> <span class='ocrx_word' id='word_1_362' title='bbox 2372 1928 2525 1968; x_wconf 90' lang='lat' dir='ltr'><strong>suam</strong></span> <span class='ocrx_word' id='word_1_363' title='bbox 2562 1913 2775 1982; x_wconf 89' lang='lat' dir='ltr'><strong>captiva</strong></span> <span class='ocrx_word' id='word_1_364' title='bbox 2816 1912 3160 1968; x_wconf 88' lang='lat' dir='ltr'><strong>contremuit.</strong></span> <span class='ocrx_word' id='word_1_365' title='bbox 3207 1910 3432 1966; x_wconf 78' lang='lat' dir='ltr'><strong>Contre-</strong></span> 
     </span>
    </p>
   </div>
   <div class='ocr_carea' id='block_1_49' title="bbox 1847 2000 3430 2069">
    <p class='ocr_par' dir='ltr' id='par_1_49' title="bbox 1847 2000 3430 2069">
     <span class='ocr_line' id='line_1_49' title="bbox 1847 2000 3430 2069; baseline -0.001 -14"><span class='ocrx_word' id='word_1_366' title='bbox 1847 2002 2003 2069; x_wconf 90' lang='lat' dir='ltr'><strong>muit,</strong></span> <span class='ocrx_word' id='word_1_367' title='bbox 2034 2001 2281 2069; x_wconf 86' lang='lat' dir='ltr'><strong>inquam;</strong></span> <span class='ocrx_word' id='word_1_368' title='bbox 2324 2016 2448 2055; x_wconf 88' lang='lat' dir='ltr'><strong>nam</strong></span> <span class='ocrx_word' id='word_1_369' title='bbox 2494 2002 2540 2056; x_wconf 89' lang='lat' dir='ltr'><strong>si</strong></span> <span class='ocrx_word' id='word_1_370' title='bbox 2577 2010 2805 2055; x_wconf 89' lang='lat' dir='ltr'><strong>noverat</strong></span> <span class='ocrx_word' id='word_1_371' title='bbox 2840 2000 3153 2055; x_wconf 76' lang='lat' dir='ltr'><strong>cruciﬁxum</strong></span> <span class='ocrx_word' id='word_1_372' title='bbox 3176 2040 3191 2065; x_wconf 93' lang='lat'><strong>,</strong></span> <span class='ocrx_word' id='word_1_373' title='bbox 3222 2009 3430 2066; x_wconf 87' lang='lat' dir='ltr'><strong>tamen,</strong></span> 
     </span>
    </p>
   </div>
   <div class='ocr_carea' id='block_1_50' title="bbox 1849 2087 3435 2163">
    <p class='ocr_par' dir='ltr' id='par_1_50' title="bbox 1849 2087 3435 2163">
     <span class='ocr_line' id='line_1_50' title="bbox 1849 2087 3435 2163; baseline -0.002 -16"><span class='ocrx_word' id='word_1_374' title='bbox 1849 2109 2007 2163; x_wconf 83' lang='lat' dir='ltr'><strong>quem</strong></span> <span class='ocrx_word' id='word_1_375' title='bbox 2038 2087 2147 2147; x_wconf 82' lang='lat' dir='ltr'><strong>non</strong></span> <span class='ocrx_word' id='word_1_376' title='bbox 2174 2093 2494 2147; x_wconf 89' lang='lat' dir='ltr'><strong>meminerat</strong></span> <span class='ocrx_word' id='word_1_377' title='bbox 2518 2108 2671 2148; x_wconf 90' lang='lat' dir='ltr'><strong>reum</strong></span> <span class='ocrx_word' id='word_1_378' title='bbox 2693 2130 2709 2156; x_wconf 89' lang='lat'><strong>,</strong></span> <span class='ocrx_word' id='word_1_379' title='bbox 2741 2108 2849 2147; x_wconf 91' lang='lat' dir='ltr'><strong>non</strong></span> <span class='ocrx_word' id='word_1_380' title='bbox 2877 2100 3093 2161; x_wconf 88' lang='lat' dir='ltr'><strong>poterat</strong></span> <span class='ocrx_word' id='word_1_381' title='bbox 3122 2099 3307 2145; x_wconf 87' lang='lat' dir='ltr'><strong>tenere</strong></span> <span class='ocrx_word' id='word_1_382' title='bbox 3334 2090 3435 2145; x_wconf 69' lang='lat' dir='ltr'><strong>da-</strong></span> 
     </span>
    </p>
   </div>
   <div class='ocr_carea' id='block_1_51' title="bbox 1850 2182 3429 2252">
    <p class='ocr_par' dir='ltr' id='par_1_51' title="bbox 1850 2182 3429 2252">
     <span class='ocr_line' id='line_1_51' title="bbox 1850 2182 3429 2252; baseline -0.001 -15"><span class='ocrx_word' id='word_1_383' title='bbox 1850 2192 2129 2238; x_wconf 89' lang='lat' dir='ltr'><strong>mnatum:</strong></span> <span class='ocrx_word' id='word_1_384' title='bbox 2178 2185 2304 2252; x_wconf 87' lang='lat' dir='ltr'><strong>quia</strong></span> <span class='ocrx_word' id='word_1_385' title='bbox 2331 2184 2542 2252; x_wconf 90' lang='lat' dir='ltr'><strong>culpam</strong></span> <span class='ocrx_word' id='word_1_386' title='bbox 2569 2198 2679 2237; x_wconf 89' lang='lat' dir='ltr'><strong>non</strong></span> <span class='ocrx_word' id='word_1_387' title='bbox 2716 2182 2843 2237; x_wconf 81' lang='lat' dir='ltr'><strong>facit</strong></span> <span class='ocrx_word' id='word_1_388' title='bbox 2887 2198 3080 2252; x_wconf 62' lang='lat' dir='ltr'><strong>paena,</strong></span> <span class='ocrx_word' id='word_1_389' title='bbox 3116 2182 3212 2236; x_wconf 87' lang='lat' dir='ltr'><strong>sed</strong></span> <span class='ocrx_word' id='word_1_390' title='bbox 3244 2196 3429 2236; x_wconf 86' lang='lat' dir='ltr'><strong>causa.</strong></span> 
     </span>
    </p>
   </div>
   <div class='ocr_carea' id='block_1_52' title="bbox 1852 2270 3435 2342">
    <p class='ocr_par' dir='ltr' id='par_1_52' title="bbox 1852 2270 3435 2342">
     <span class='ocr_line' id='line_1_52' title="bbox 1852 2270 3435 2342; baseline -0.002 -14"><span class='ocrx_word' id='word_1_391' title='bbox 1852 2272 2017 2341; x_wconf 86' lang='lat' dir='ltr'><strong>Quasi</strong></span> <span class='ocrx_word' id='word_1_392' title='bbox 2054 2275 2273 2329; x_wconf 88' lang='lat' dir='ltr'><strong>solitum</strong></span> <span class='ocrx_word' id='word_1_393' title='bbox 2313 2274 2492 2329; x_wconf 87' lang='lat' dir='ltr'><strong>cibum</strong></span> <span class='ocrx_word' id='word_1_394' title='bbox 2534 2273 2803 2342; x_wconf 91' lang='lat' dir='ltr'><strong>perditum</strong></span> <span class='ocrx_word' id='word_1_395' title='bbox 2834 2283 2871 2309; x_wconf 76' lang='grc' dir='ltr'>ω</span> <span class='ocrx_word' id='word_1_396' title='bbox 2900 2273 2954 2326; x_wconf 90' lang='lat' dir='ltr'><strong>in</strong></span> <span class='ocrx_word' id='word_1_397' title='bbox 2994 2273 3202 2341; x_wconf 78' lang='lat' dir='ltr'><strong>origine</strong></span> <span class='ocrx_word' id='word_1_398' title='bbox 3246 2270 3435 2326; x_wconf 88' lang='lat' dir='ltr'><strong>mundi</strong></span> 
     </span>
    </p>
   </div>
   <div class='ocr_carea' id='block_1_53' title="bbox 1851 2363 3432 2433">
    <p class='ocr_par' dir='ltr' id='par_1_53' title="bbox 1851 2363 3432 2433">
     <span class='ocr_line' id='line_1_53' title="bbox 1851 2363 3432 2433; baseline -0.001 -14"><span class='ocrx_word' id='word_1_399' title='bbox 1851 2366 2126 2420; x_wconf 89' lang='lat' dir='ltr'><strong>hominem</strong></span> <span class='ocrx_word' id='word_1_400' title='bbox 2154 2365 2451 2431; x_wconf 83' lang='lat' dir='ltr'><strong>devoravit,</strong></span> <span class='ocrx_word' id='word_1_401' title='bbox 2482 2364 2581 2420; x_wconf 85' lang='lat' dir='ltr'><strong>sed</strong></span> <span class='ocrx_word' id='word_1_402' title='bbox 2607 2378 2855 2432; x_wconf 87' lang='lat' dir='ltr'><strong>magnam</strong></span> <span class='ocrx_word' id='word_1_403' title='bbox 2886 2379 3005 2419; x_wconf 88' lang='lat' dir='ltr'><strong>esse</strong></span> <span class='ocrx_word' id='word_1_404' title='bbox 3024 2364 3130 2418; x_wconf 92' lang='lat' dir='ltr'><strong>cibi</strong></span> <span class='ocrx_word' id='word_1_405' title='bbox 3155 2364 3323 2433; x_wconf 82' lang='lat' dir='ltr'><strong>ipsius</strong></span> <span class='ocrx_word' id='word_1_406' title='bbox 3345 2363 3432 2417; x_wconf 90' lang='lat' dir='ltr'><strong>di-</strong></span> 
     </span>
    </p>
   </div>
   <div class='ocr_carea' id='block_1_54' title="bbox 1852 2453 3434 2525">
    <p class='ocr_par' dir='ltr' id='par_1_54' title="bbox 1852 2453 3434 2525">
     <span class='ocr_line' id='line_1_54' title="bbox 1852 2453 3434 2525; baseline -0.001 -16"><span class='ocrx_word' id='word_1_407' title='bbox 1852 2456 2112 2525; x_wconf 80' lang='lat' dir='ltr'><strong>gnitatem</strong></span> <span class='ocrx_word' id='word_1_408' title='bbox 2158 2456 2446 2525; x_wconf 74' lang='lat' dir='ltr'><strong>przefocata</strong></span> <span class='ocrx_word' id='word_1_409' title='bbox 2493 2455 2778 2523; x_wconf 85' lang='lat' dir='ltr'><strong>cognovit;</strong></span> <span class='ocrx_word' id='word_1_410' title='bbox 2840 2463 3003 2523; x_wconf 88' lang='lat' dir='ltr'><strong>atque</strong></span> <span class='ocrx_word' id='word_1_411' title='bbox 3048 2454 3171 2509; x_wconf 90' lang='lat' dir='ltr'><strong>ideo</strong></span> <span class='ocrx_word' id='word_1_412' title='bbox 3217 2453 3434 2508; x_wconf 87' lang='lat' dir='ltr'><strong>divinus</strong></span> 
     </span>
    </p>
   </div>
   <div class='ocr_carea' id='block_1_55' title="bbox 1855 2542 3440 2614">
    <p class='ocr_par' dir='ltr' id='par_1_55' title="bbox 1855 2542 3440 2614">
     <span class='ocr_line' id='line_1_55' title="bbox 1855 2542 3440 2614; baseline -0.004 -13"><span class='ocrx_word' id='word_1_413' title='bbox 1855 2561 2033 2601; x_wconf 85' lang='lat' dir='ltr'><strong>sermo</strong></span> <span class='ocrx_word' id='word_1_414' title='bbox 2061 2542 2455 2601; x_wconf 75' lang='lat' dir='ltr'><strong>commemorat</strong></span> <span class='ocrx_word' id='word_1_415' title='bbox 2476 2562 2493 2596; x_wconf 87' lang='lat'><strong>:</strong></span> <span class='ocrx_word' id='word_1_416' title='bbox 2533 2543 2604 2597; x_wconf 84' lang='lat' dir='ltr'><strong>Et</strong></span> <span class='ocrx_word' id='word_1_417' title='bbox 2649 2545 2894 2614; x_wconf 68' lang='lat' dir='ltr'><strong>praecepit</strong></span> <span class='ocrx_word' id='word_1_418' title='bbox 2931 2542 3188 2597; x_wconf 87' lang='lat' dir='ltr'><strong>Dominus</strong></span> <span class='ocrx_word' id='word_1_419' title='bbox 3228 2543 3360 2612; x_wconf 87' lang='lat' dir='ltr'><strong>pisci</strong></span> <span class='ocrx_word' id='word_1_420' title='bbox 3385 2550 3440 2595; x_wconf 89' lang='lat' dir='ltr'><strong>et</strong></span> 
     </span>
    </p>
   </div>
   <div class='ocr_carea' id='block_1_56' title="bbox 1854 2631 3439 2703">
    <p class='ocr_par' dir='ltr' id='par_1_56' title="bbox 1854 2631 3439 2703">
     <span class='ocr_line' id='line_1_56' title="bbox 1854 2631 3439 2703; baseline -0.002 -15"><span class='ocrx_word' id='word_1_421' title='bbox 1854 2635 2075 2691; x_wconf 75' lang='lat' dir='ltr'><strong>evomuit</strong></span> <span class='ocrx_word' id='word_1_422' title='bbox 2114 2634 2409 2700; x_wconf 73' lang='lat' dir='ltr'><strong>Jonamin</strong></span> <span class='ocrx_word' id='word_1_423' title='bbox 2441 2634 2648 2686; x_wconf 87' lang='lat' dir='ltr'><strong>aridam</strong></span> <span class='ocrx_word' id='word_1_424' title='bbox 2697 2632 2843 2703; x_wconf 82' lang='lat' dir='ltr'><strong>(Jan.</strong></span> <span class='ocrx_word' id='word_1_425' title='bbox 2877 2633 2957 2701; x_wconf 91' lang='grc' dir='ltr'>ιι).</span> <span class='ocrx_word' id='word_1_426' title='bbox 3002 2631 3267 2700; x_wconf 58' lang='lat' dir='ltr'><strong>Praecepit</strong></span> <span class='ocrx_word' id='word_1_427' title='bbox 3307 2644 3439 2698; x_wconf 88' lang='lat' dir='ltr'><strong>ergo</strong></span> 
     </span>
    </p>
   </div>
   <div class='ocr_carea' id='block_1_57' title="bbox 1855 2720 3442 2794">
    <p class='ocr_par' dir='ltr' id='par_1_57' title="bbox 1855 2720 3442 2794">
     <span class='ocr_line' id='line_1_57' title="bbox 1855 2720 3442 2794; baseline -0.004 -16"><span class='ocrx_word' id='word_1_428' title='bbox 1855 2723 2040 2778; x_wconf 63' lang='lat' dir='ltr'><strong>bestiae</strong></span> <span class='ocrx_word' id='word_1_429' title='bbox 2062 2759 2077 2783; x_wconf 77' lang='lat'><strong>.</strong></span> <span class='ocrx_word' id='word_1_430' title='bbox 2106 2724 2362 2794; x_wconf 68' lang='lat' dir='ltr'><strong>praecepit</strong></span> <span class='ocrx_word' id='word_1_431' title='bbox 2408 2722 2570 2775; x_wconf 89' lang='lat' dir='ltr'><strong>morti</strong></span> <span class='ocrx_word' id='word_1_432' title='bbox 2615 2737 2829 2790; x_wconf 89' lang='lat' dir='ltr'><strong>semper</strong></span> <span class='ocrx_word' id='word_1_433' title='bbox 2856 2720 3142 2786; x_wconf 88' lang='lat' dir='ltr'><strong>esurienti,</strong></span> <span class='ocrx_word' id='word_1_434' title='bbox 3183 2723 3442 2791; x_wconf 70' lang='lat' dir='ltr'><strong>pmcepit</strong></span> 
     </span>
    </p>
   </div>
   <div class='ocr_carea' id='block_1_58' title="bbox 1857 2809 3437 2882">
    <p class='ocr_par' dir='ltr' id='par_1_58' title="bbox 1857 2809 3437 2882">
     <span class='ocr_line' id='line_1_58' title="bbox 1857 2809 3437 2882; baseline -0.002 -17"><span class='ocrx_word' id='word_1_435' title='bbox 1857 2813 2135 2882; x_wconf 87' lang='lat' dir='ltr'><strong>abyssiset</strong></span> <span class='ocrx_word' id='word_1_436' title='bbox 2158 2811 2387 2877; x_wconf 87' lang='lat' dir='ltr'><strong>inferno,</strong></span> <span class='ocrx_word' id='word_1_437' title='bbox 2413 2820 2471 2865; x_wconf 92' lang='lat' dir='ltr'><strong>ut</strong></span> <span class='ocrx_word' id='word_1_438' title='bbox 2490 2810 2695 2865; x_wconf 85' lang='lat' dir='ltr'><strong>mundo</strong></span> <span class='ocrx_word' id='word_1_439' title='bbox 2713 2820 2740 2846; x_wconf 77' lang='grc' dir='ltr'><strong>ιι</strong></span> <span class='ocrx_word' id='word_1_440' title='bbox 2766 2811 3054 2864; x_wconf 85' lang='lat' dir='ltr'><strong>restituant</strong></span> <span class='ocrx_word' id='word_1_441' title='bbox 3077 2809 3437 2864; x_wconf 85' lang='lat' dir='ltr'><strong>Salvatorem.</strong></span> 
     </span>
    </p>
   </div>
   <div class='ocr_carea' id='block_1_59' title="bbox 1858 2898 3442 2968">
    <p class='ocr_par' dir='ltr' id='par_1_59' title="bbox 1858 2898 3442 2968">
     <span class='ocr_line' id='line_1_59' title="bbox 1858 2898 3442 2968; baseline -0.001 -15"><span class='ocrx_word' id='word_1_442' title='bbox 1858 2900 2108 2955; x_wconf 86' lang='lat' dir='ltr'><strong>Evomuit</strong></span> <span class='ocrx_word' id='word_1_443' title='bbox 2135 2909 2335 2967; x_wconf 90' lang='lat' dir='ltr'><strong>autem,</strong></span> <span class='ocrx_word' id='word_1_444' title='bbox 2367 2901 2469 2953; x_wconf 93' lang='lat' dir='ltr'><strong>hoc</strong></span> <span class='ocrx_word' id='word_1_445' title='bbox 2490 2900 2748 2953; x_wconf 89' lang='lat' dir='ltr'><strong>debemus</strong></span> <span class='ocrx_word' id='word_1_446' title='bbox 2776 2901 3045 2967; x_wconf 91' lang='lat' dir='ltr'><strong>accipere,</strong></span> <span class='ocrx_word' id='word_1_447' title='bbox 3066 2898 3212 2968; x_wconf 89' lang='lat' dir='ltr'><strong>quod</strong></span> <span class='ocrx_word' id='word_1_448' title='bbox 3232 2914 3301 2953; x_wconf 81' lang='lat' dir='ltr'><strong>ex</strong></span> <span class='ocrx_word' id='word_1_449' title='bbox 3322 2899 3442 2952; x_wconf 85' lang='lat' dir='ltr'><strong>imis</strong></span> 
     </span>
    </p>
   </div>
   <div class='ocr_carea' id='block_1_60' title="bbox 1856 2986 3441 3058">
    <p class='ocr_par' dir='ltr' id='par_1_60' title="bbox 1856 2986 3441 3058">
     <span class='ocr_line' id='line_1_60' title="bbox 1856 2986 3441 3058; baseline -0.001 -13"><span class='ocrx_word' id='word_1_450' title='bbox 1856 2992 2151 3046; x_wconf 88' lang='lat' dir='ltr'><strong>visceribus</strong></span> <span class='ocrx_word' id='word_1_451' title='bbox 2192 2992 2383 3045; x_wconf 90' lang='lat' dir='ltr'><strong>mortis</strong></span> <span class='ocrx_word' id='word_1_452' title='bbox 2423 2990 2617 3045; x_wconf 81' lang='lat' dir='ltr'><strong>victrix</strong></span> <span class='ocrx_word' id='word_1_453' title='bbox 2643 2991 2752 3043; x_wconf 89' lang='lat' dir='ltr'><strong>vita</strong></span> <span class='ocrx_word' id='word_1_454' title='bbox 2798 2991 3087 3053; x_wconf 87' lang='lat' dir='ltr'><strong>remearit,</strong></span> <span class='ocrx_word' id='word_1_455' title='bbox 3123 2998 3287 3058; x_wconf 89' lang='lat' dir='ltr'><strong>atque</strong></span> <span class='ocrx_word' id='word_1_456' title='bbox 3317 2986 3441 3043; x_wconf 83' lang='lat' dir='ltr'><strong>eam</strong></span> 
     </span>
    </p>
   </div>
   <div class='ocr_carea' id='block_1_61' title="bbox 1859 3078 3445 3150">
    <p class='ocr_par' dir='ltr' id='par_1_61' title="bbox 1859 3078 3445 3150">
     <span class='ocr_line' id='line_1_61' title="bbox 1859 3078 3445 3150; baseline -0.002 -16"><span class='ocrx_word' id='word_1_457' title='bbox 1859 3096 1925 3134; x_wconf 79' lang='lat' dir='ltr'><strong>ex</strong></span> <span class='ocrx_word' id='word_1_458' title='bbox 1954 3081 2075 3135; x_wconf 91' lang='lat' dir='ltr'><strong>imis</strong></span> <span class='ocrx_word' id='word_1_459' title='bbox 2119 3081 2427 3150; x_wconf 70' lang='lat' dir='ltr'><strong>prtecordiis</strong></span> <span class='ocrx_word' id='word_1_460' title='bbox 2454 3080 2646 3134; x_wconf 80' lang='lat' dir='ltr'><strong>inferni</strong></span> <span class='ocrx_word' id='word_1_461' title='bbox 2672 3080 2902 3148; x_wconf 90' lang='lat' dir='ltr'><strong>perditio</strong></span> <span class='ocrx_word' id='word_1_462' title='bbox 2931 3080 3238 3134; x_wconf 81' lang='lat' dir='ltr'><strong>exulcerata</strong></span> <span class='ocrx_word' id='word_1_463' title='bbox 3262 3078 3445 3133; x_wconf 71' lang='lat' dir='ltr'><strong>reddi-</strong></span> 
     </span>
    </p>
   </div>
   <div class='ocr_carea' id='block_1_62' title="bbox 179 3165 3447 3242">
    <p class='ocr_par' dir='ltr' id='par_1_62' title="bbox 179 3165 3447 3242">
     <span class='ocr_line' id='line_1_62' title="bbox 179 3165 3447 3242; baseline 0.003 -25"><span class='ocrx_word' id='word_1_464' title='bbox 179 3165 563 3231; x_wconf 85' lang='lat' dir='ltr'><strong>pessumdetur,</strong></span> <span class='ocrx_word' id='word_1_465' title='bbox 612 3167 766 3221; x_wconf 88' lang='lat' dir='ltr'><strong>navis</strong></span> <span class='ocrx_word' id='word_1_466' title='bbox 805 3167 1102 3236; x_wconf 89' lang='lat' dir='ltr'><strong>periculum</strong></span> <span class='ocrx_word' id='word_1_467' title='bbox 1150 3184 1257 3223; x_wconf 91' lang='lat' dir='ltr'><strong>non</strong></span> <span class='ocrx_word' id='word_1_468' title='bbox 1301 3171 1538 3233; x_wconf 87' lang='lat' dir='ltr'><strong>sedatur,</strong></span> <span class='ocrx_word' id='word_1_469' title='bbox 1589 3173 1665 3227; x_wconf 89' lang='lat' dir='ltr'><strong>sic</strong></span> <span class='ocrx_word' id='word_1_470' title='bbox 1701 3182 1757 3228; x_wconf 90' lang='lat' dir='ltr'><strong>et</strong></span> <span class='ocrx_word' id='word_1_471' title='bbox 1784 3172 1829 3233; x_wconf 89' lang='lat' dir='ltr'><strong>C</strong></span> <span class='ocrx_word' id='word_1_472' title='bbox 1859 3170 2015 3225; x_wconf 87' lang='lat' dir='ltr'><strong>derit.</strong></span> <span class='ocrx_word' id='word_1_473' title='bbox 2048 3171 2303 3226; x_wconf 84' lang='lat' dir='ltr'><strong>Videmus</strong></span> <span class='ocrx_word' id='word_1_474' title='bbox 2332 3172 2510 3240; x_wconf 89' lang='lat' dir='ltr'><strong>itaque</strong></span> <span class='ocrx_word' id='word_1_475' title='bbox 2532 3171 2584 3224; x_wconf 91' lang='lat' dir='ltr'><strong>in</strong></span> <span class='ocrx_word' id='word_1_476' title='bbox 2606 3172 2885 3240; x_wconf 69' lang='lat' dir='ltr'><strong>pr0phetm</strong></span> <span class='ocrx_word' id='word_1_477' title='bbox 2898 3169 3279 3229; x_wconf 81' lang='lat' dir='ltr'><strong>afﬂictionibus</strong></span> <span class='ocrx_word' id='word_1_478' title='bbox 3297 3188 3447 3242; x_wconf 86' lang='lat' dir='ltr'><strong>aper-</strong></span> 
     </span>
    </p>
   </div>
   <div class='ocr_carea' id='block_1_63' title="bbox 180 3254 1752 3323">
    <p class='ocr_par' dir='ltr' id='par_1_63' title="bbox 180 3254 1752 3323">
     <span class='ocr_line' id='line_1_63' title="bbox 180 3254 1752 3323; baseline 0.006 -16"><span class='ocrx_word' id='word_1_479' title='bbox 180 3268 280 3308; x_wconf 88' lang='lat' dir='ltr'><strong>uon</strong></span> <span class='ocrx_word' id='word_1_480' title='bbox 307 3254 567 3310; x_wconf 83' lang='lat' dir='ltr'><strong>liberatur</strong></span> <span class='ocrx_word' id='word_1_481' title='bbox 594 3255 867 3323; x_wconf 85' lang='lat' dir='ltr'><strong>Ecclesia,</strong></span> <span class='ocrx_word' id='word_1_482' title='bbox 909 3258 1013 3313; x_wconf 88' lang='lat' dir='ltr'><strong>nisi</strong></span> <span class='ocrx_word' id='word_1_483' title='bbox 1057 3259 1256 3315; x_wconf 89' lang='lat' dir='ltr'><strong>Christi</strong></span> <span class='ocrx_word' id='word_1_484' title='bbox 1283 3270 1459 3315; x_wconf 91' lang='lat' dir='ltr'><strong>morte</strong></span> <span class='ocrx_word' id='word_1_485' title='bbox 1497 3263 1752 3317; x_wconf 88' lang='lat' dir='ltr'><strong>salvetur.</strong></span> 
     </span>
    </p>
   </div>
   <div class='ocr_carea' id='block_1_64' title="bbox 178 3342 1751 3411">
    <p class='ocr_par' dir='ltr' id='par_1_64' title="bbox 178 3342 1751 3411">
     <span class='ocr_line' id='line_1_64' title="bbox 178 3342 1751 3411; baseline 0.007 -14"><span class='ocrx_word' id='word_1_486' title='bbox 178 3342 356 3400; x_wconf 70' lang='lat' dir='ltr'><strong>Nautte</strong></span> <span class='ocrx_word' id='word_1_487' title='bbox 382 3346 657 3402; x_wconf 89' lang='lat' dir='ltr'><strong>dimissuri</strong></span> <span class='ocrx_word' id='word_1_488' title='bbox 685 3346 900 3411; x_wconf 89' lang='lat' dir='ltr'><strong>Jonam,</strong></span> <span class='ocrx_word' id='word_1_489' title='bbox 932 3357 1112 3404; x_wconf 89' lang='lat' dir='ltr'><strong>tamen</strong></span> <span class='ocrx_word' id='word_1_490' title='bbox 1139 3360 1394 3406; x_wconf 90' lang='lat' dir='ltr'><strong>verentur</strong></span> <span class='ocrx_word' id='word_1_491' title='bbox 1422 3361 1478 3407; x_wconf 94' lang='lat' dir='ltr'><strong>et</strong></span> <span class='ocrx_word' id='word_1_492' title='bbox 1505 3352 1695 3408; x_wconf 89' lang='lat' dir='ltr'><strong>dicunt</strong></span> <span class='ocrx_word' id='word_1_493' title='bbox 1738 3373 1751 3408; x_wconf 88' lang='lat'>:</span> 
     </span>
    </p>
   </div>
   <div class='ocr_carea' id='block_1_65' title="bbox 182 3432 1756 3511">
    <p class='ocr_par' dir='ltr' id='par_1_65' title="bbox 182 3432 1756 3511">
     <span class='ocr_line' id='line_1_65' title="bbox 182 3432 1756 3511; baseline 0.007 -24"><span class='ocrx_word' id='word_1_494' title='bbox 182 3432 411 3502; x_wconf 82' lang='lat' dir='ltr'><strong>Domine,</strong></span> <span class='ocrx_word' id='word_1_495' title='bbox 429 3454 495 3491; x_wconf 82' lang='lat' dir='ltr'><strong>ne</strong></span> <span class='ocrx_word' id='word_1_496' title='bbox 513 3439 605 3491; x_wconf 89' lang='lat' dir='ltr'><strong>des</strong></span> <span class='ocrx_word' id='word_1_497' title='bbox 627 3454 779 3506; x_wconf 88' lang='lat' dir='ltr'><strong>super</strong></span> <span class='ocrx_word' id='word_1_498' title='bbox 792 3455 887 3493; x_wconf 88' lang='lat' dir='ltr'><strong>nos</strong></span> <span class='ocrx_word' id='word_1_499' title='bbox 901 3443 1209 3510; x_wconf 88' lang='lat' dir='ltr'><strong>sanguinem</strong></span> <span class='ocrx_word' id='word_1_500' title='bbox 1229 3443 1551 3497; x_wconf 82' lang='lat' dir='ltr'><strong>innocentem</strong></span> <span class='ocrx_word' id='word_1_501' title='bbox 1576 3444 1756 3511; x_wconf 84' lang='lat' dir='ltr'><strong>(Joan.</strong></span> 
     </span>
    </p>
   </div>
   <div class='ocr_carea' id='block_1_66' title="bbox 180 3526 1759 3603">
    <p class='ocr_par' dir='ltr' id='par_1_66' title="bbox 180 3526 1759 3603">
     <span class='ocr_line' id='line_1_66' title="bbox 180 3526 1759 3603; baseline 0.006 -24"><span class='ocrx_word' id='word_1_502' title='bbox 180 3526 239 3591; x_wconf 88' lang='lat' dir='ltr'><strong>t).</strong></span> <span class='ocrx_word' id='word_1_503' title='bbox 279 3527 304 3564; x_wconf 73' lang='grc' dir='ltr'><strong>ιι</strong></span> <span class='ocrx_word' id='word_1_504' title='bbox 331 3526 525 3584; x_wconf 82' lang='lat' dir='ltr'><strong>Nonne</strong></span> <span class='ocrx_word' id='word_1_505' title='bbox 555 3529 707 3583; x_wconf 84' lang='lat' dir='ltr'><strong>vobis</strong></span> <span class='ocrx_word' id='word_1_506' title='bbox 734 3530 945 3583; x_wconf 89' lang='lat' dir='ltr'><strong>videtur</strong></span> <span class='ocrx_word' id='word_1_507' title='bbox 966 3538 1248 3585; x_wconf 88' lang='lat' dir='ltr'><strong>nautarum</strong></span> <span class='ocrx_word' id='word_1_508' title='bbox 1277 3533 1572 3603; x_wconf 89' lang='lat' dir='ltr'><strong>increpatio</strong></span> <span class='ocrx_word' id='word_1_509' title='bbox 1604 3534 1759 3589; x_wconf 83' lang='lat' dir='ltr'><strong>l’ilati</strong></span> 
     </span>
    </p>
   </div>
   <div class='ocr_carea' id='block_1_67' title="bbox 176 3618 1763 3688">
    <p class='ocr_par' dir='ltr' id='par_1_67' title="bbox 176 3618 1763 3688">
     <span class='ocr_line' id='line_1_67' title="bbox 176 3618 1763 3688; baseline 0.004 -15"><span class='ocrx_word' id='word_1_510' title='bbox 176 3630 294 3673; x_wconf 79' lang='lat' dir='ltr'><strong>esse</strong></span> <span class='ocrx_word' id='word_1_511' title='bbox 317 3619 605 3684; x_wconf 83' lang='lat' dir='ltr'><strong>confessio,</strong></span> <span class='ocrx_word' id='word_1_512' title='bbox 637 3620 729 3688; x_wconf 91' lang='lat' dir='ltr'><strong>qui</strong></span> <span class='ocrx_word' id='word_1_513' title='bbox 767 3618 781 3656; x_wconf 78' lang='grc' dir='ltr'><strong>ί</strong></span> <span class='ocrx_word' id='word_1_514' title='bbox 817 3620 980 3673; x_wconf 91' lang='lat' dir='ltr'><strong>tradit</strong></span> <span class='ocrx_word' id='word_1_515' title='bbox 1003 3620 1297 3686; x_wconf 86' lang='lat' dir='ltr'><strong>Christum,</strong></span> <span class='ocrx_word' id='word_1_516' title='bbox 1330 3630 1386 3677; x_wconf 90' lang='lat' dir='ltr'><strong>et</strong></span> <span class='ocrx_word' id='word_1_517' title='bbox 1410 3631 1588 3678; x_wconf 88' lang='lat' dir='ltr'><strong>tamen</strong></span> <span class='ocrx_word' id='word_1_518' title='bbox 1619 3626 1763 3679; x_wconf 85' lang='lat' dir='ltr'><strong>lavat</strong></span> 
     </span>
    </p>
   </div>
   <div class='ocr_carea' id='block_1_68' title="bbox 182 3709 1759 3787">
    <p class='ocr_par' dir='ltr' id='par_1_68' title="bbox 182 3709 1759 3787">
     <span class='ocr_line' id='line_1_68' title="bbox 182 3709 1759 3787; baseline 0.007 -28"><span class='ocrx_word' id='word_1_519' title='bbox 182 3722 363 3763; x_wconf 86' lang='lat' dir='ltr'><strong>manus</strong></span> <span class='ocrx_word' id='word_1_520' title='bbox 389 3726 516 3765; x_wconf 87' lang='lat' dir='ltr'><strong>suas</strong></span> <span class='ocrx_word' id='word_1_521' title='bbox 540 3751 555 3775; x_wconf 94' lang='lat'><strong>,</strong></span> <span class='ocrx_word' id='word_1_522' title='bbox 589 3718 645 3764; x_wconf 91' lang='lat' dir='ltr'><strong>et</strong></span> <span class='ocrx_word' id='word_1_523' title='bbox 680 3710 813 3764; x_wconf 88' lang='lat' dir='ltr'><strong>dicit</strong></span> <span class='ocrx_word' id='word_1_524' title='bbox 844 3727 857 3763; x_wconf 92' lang='lat'>:</span> <span class='ocrx_word' id='word_1_525' title='bbox 905 3709 1133 3765; x_wconf 76' lang='lat' dir='ltr'><strong>Mundus</strong></span> <span class='ocrx_word' id='word_1_526' title='bbox 1179 3730 1276 3783; x_wconf 86' lang='lat' dir='ltr'><strong>ego</strong></span> <span class='ocrx_word' id='word_1_527' title='bbox 1305 3730 1418 3767; x_wconf 82' lang='lat' dir='ltr'><strong>sum</strong></span> <span class='ocrx_word' id='word_1_528' title='bbox 1449 3732 1481 3768; x_wconf 90' lang='lat' dir='ltr'><strong>a</strong></span> <span class='ocrx_word' id='word_1_529' title='bbox 1509 3719 1759 3787; x_wconf 77' lang='lat' dir='ltr'><strong>sanguine</strong></span> 
     </span>
    </p>
   </div>
   <div class='ocr_carea' id='block_1_69' title="bbox 175 3794 1760 3874">
    <p class='ocr_par' dir='ltr' id='par_1_69' title="bbox 175 3794 1760 3874">
     <span class='ocr_line' id='line_1_69' title="bbox 175 3794 1760 3874; baseline 0.006 -23"><span class='ocrx_word' id='word_1_530' title='bbox 175 3799 298 3867; x_wconf 74' lang='lat' dir='ltr'><strong>justi</strong></span> <span class='ocrx_word' id='word_1_531' title='bbox 325 3800 478 3870; x_wconf 86' lang='lat' dir='ltr'><strong>hujus</strong></span> <span class='ocrx_word' id='word_1_532' title='bbox 530 3797 746 3871; x_wconf 79' lang='lat' dir='ltr'><strong>(Matth.</strong></span> <span class='ocrx_word' id='word_1_533' title='bbox 800 3794 1031 3869; x_wconf 81' lang='lat' dir='ltr'><strong>xxvu).i</strong></span> <span class='ocrx_word' id='word_1_534' title='bbox 1070 3800 1243 3867; x_wconf 81' lang='lat' dir='ltr'><strong>Quam</strong></span> <span class='ocrx_word' id='word_1_535' title='bbox 1286 3819 1522 3872; x_wconf 90' lang='lat' dir='ltr'><strong>congrue</strong></span> <span class='ocrx_word' id='word_1_536' title='bbox 1569 3821 1760 3874; x_wconf 90' lang='lat' dir='ltr'><strong>perso-</strong></span> 
     </span>
    </p>
   </div>
   <div class='ocr_carea' id='block_1_70' title="bbox 186 3886 1762 3964">
    <p class='ocr_par' dir='ltr' id='par_1_70' title="bbox 186 3886 1762 3964">
     <span class='ocr_line' id='line_1_70' title="bbox 186 3886 1762 3964; baseline 0.009 -27"><span class='ocrx_word' id='word_1_537' title='bbox 186 3900 299 3940; x_wconf 83' lang='lat' dir='ltr'><strong>nam</strong></span> <span class='ocrx_word' id='word_1_538' title='bbox 325 3888 583 3955; x_wconf 86' lang='lat' dir='ltr'><strong>gentilem</strong></span> <span class='ocrx_word' id='word_1_539' title='bbox 628 3886 760 3943; x_wconf 83' lang='lat' dir='ltr'><strong>ﬁdes</strong></span> <span class='ocrx_word' id='word_1_540' title='bbox 798 3891 1036 3957; x_wconf 87' lang='lat' dir='ltr'><strong>gentium</strong></span> <span class='ocrx_word' id='word_1_541' title='bbox 1083 3892 1358 3959; x_wconf 80' lang='lat' dir='ltr'><strong>praedicat.</strong></span> <span class='ocrx_word' id='word_1_542' title='bbox 1413 3893 1553 3950; x_wconf 90' lang='lat' dir='ltr'><strong>Dicit</strong></span> <span class='ocrx_word' id='word_1_543' title='bbox 1581 3897 1762 3964; x_wconf 89' lang='lat' dir='ltr'><strong>itaque</strong></span> 
     </span>
    </p>
   </div>
   <div class='ocr_carea' id='block_1_71' title="bbox 182 3971 1761 4050">
    <p class='ocr_par' dir='ltr' id='par_1_71' title="bbox 182 3971 1761 4050">
     <span class='ocr_line' id='line_1_71' title="bbox 182 3971 1761 4050; baseline 0.008 -22"><span class='ocrx_word' id='word_1_544' title='bbox 182 3971 337 4031; x_wconf 74' lang='lat' dir='ltr'><strong>Jonas</strong></span> <span class='ocrx_word' id='word_1_545' title='bbox 364 3978 418 4031; x_wconf 89' lang='lat' dir='ltr'><strong>in</strong></span> <span class='ocrx_word' id='word_1_546' title='bbox 448 3978 697 4032; x_wconf 85' lang='lat' dir='ltr'><strong>oratione</strong></span> <span class='ocrx_word' id='word_1_547' title='bbox 723 3994 821 4032; x_wconf 88' lang='lat' dir='ltr'><strong>sua</strong></span> <span class='ocrx_word' id='word_1_548' title='bbox 847 3996 860 4031; x_wconf 91' lang='lat'><strong>:</strong></span> <span class='ocrx_word' id='word_1_549' title='bbox 894 3978 1037 4033; x_wconf 82' lang='lat' dir='ltr'><strong>Tolle</strong></span> <span class='ocrx_word' id='word_1_550' title='bbox 1058 3982 1237 4049; x_wconf 80' lang='lat' dir='ltr'><strong>igitur,</strong></span> <span class='ocrx_word' id='word_1_551' title='bbox 1264 3982 1505 4050; x_wconf 85' lang='lat' dir='ltr'><strong>Domine,</strong></span> <span class='ocrx_word' id='word_1_552' title='bbox 1530 3987 1761 4040; x_wconf 91' lang='lat' dir='ltr'><strong>animam</strong></span> 
     </span>
    </p>
   </div>
   <div class='ocr_carea' id='block_1_72' title="bbox 186 4070 1763 4145">
    <p class='ocr_par' dir='ltr' id='par_1_72' title="bbox 186 4070 1763 4145">
     <span class='ocr_line' id='line_1_72' title="bbox 186 4070 1763 4145; baseline 0.007 -24"><span class='ocrx_word' id='word_1_553' title='bbox 186 4083 343 4123; x_wconf 69' lang='lat' dir='ltr'><strong>mons</strong></span> <span class='ocrx_word' id='word_1_554' title='bbox 365 4112 381 4137; x_wconf 91' lang='lat'><strong>,</strong></span> <span class='ocrx_word' id='word_1_555' title='bbox 428 4072 554 4141; x_wconf 83' lang='lat' dir='ltr'><strong>quia</strong></span> <span class='ocrx_word' id='word_1_556' title='bbox 594 4070 775 4124; x_wconf 83' lang='lat' dir='ltr'><strong>melior</strong></span> <span class='ocrx_word' id='word_1_557' title='bbox 808 4079 885 4124; x_wconf 83' lang='lat' dir='ltr'><strong>est</strong></span> <span class='ocrx_word' id='word_1_558' title='bbox 924 4072 1052 4129; x_wconf 75' lang='lat' dir='ltr'><strong>mihi</strong></span> <span class='ocrx_word' id='word_1_559' title='bbox 1091 4089 1232 4127; x_wconf 89' lang='lat' dir='ltr'><strong>mors</strong></span> <span class='ocrx_word' id='word_1_560' title='bbox 1272 4091 1425 4145; x_wconf 83' lang='lat' dir='ltr'><strong>quam</strong></span> <span class='ocrx_word' id='word_1_561' title='bbox 1456 4078 1577 4129; x_wconf 87' lang='lat' dir='ltr'><strong>vita.</strong></span> <span class='ocrx_word' id='word_1_562' title='bbox 1610 4076 1763 4132; x_wconf 88' lang='lat' dir='ltr'><strong>Dicat</strong></span> 
     </span>
    </p>
   </div>
   <div class='ocr_carea' id='block_1_73' title="bbox 186 4156 1763 4238">
    <p class='ocr_par' dir='ltr' id='par_1_73' title="bbox 186 4156 1763 4238">
     <span class='ocr_line' id='line_1_73' title="bbox 186 4156 1763 4238; baseline 0.01 -29"><span class='ocrx_word' id='word_1_563' title='bbox 186 4156 282 4212; x_wconf 87' lang='lat' dir='ltr'><strong>hoc</strong></span> <span class='ocrx_word' id='word_1_564' title='bbox 302 4162 481 4217; x_wconf 86' lang='lat' dir='ltr'><strong>verius</strong></span> <span class='ocrx_word' id='word_1_565' title='bbox 522 4160 782 4217; x_wconf 85' lang='lat' dir='ltr'><strong>Dominus</strong></span> <span class='ocrx_word' id='word_1_566' title='bbox 810 4170 996 4217; x_wconf 91' lang='lat' dir='ltr'><strong>noster</strong></span> <span class='ocrx_word' id='word_1_567' title='bbox 1014 4162 1169 4219; x_wconf 85' lang='lat' dir='ltr'><strong>Jesus</strong></span> <span class='ocrx_word' id='word_1_568' title='bbox 1190 4164 1455 4230; x_wconf 87' lang='lat' dir='ltr'><strong>Christus,</strong></span> <span class='ocrx_word' id='word_1_569' title='bbox 1496 4169 1621 4238; x_wconf 90' lang='lat' dir='ltr'><strong>quia</strong></span> <span class='ocrx_word' id='word_1_570' title='bbox 1649 4186 1763 4224; x_wconf 91' lang='lat' dir='ltr'><strong>me—</strong></span> 
     </span>
    </p>
   </div>
   <div class='ocr_carea' id='block_1_74' title="bbox 189 4246 1762 4320">
    <p class='ocr_par' dir='ltr' id='par_1_74' title="bbox 189 4246 1762 4320">
     <span class='ocr_line' id='line_1_74' title="bbox 189 4246 1762 4320; baseline 0.009 -20"><span class='ocrx_word' id='word_1_571' title='bbox 189 4246 281 4301; x_wconf 90' lang='lat' dir='ltr'><strong>lior</strong></span> <span class='ocrx_word' id='word_1_572' title='bbox 304 4257 386 4303; x_wconf 87' lang='lat' dir='ltr'><strong>est</strong></span> <span class='ocrx_word' id='word_1_573' title='bbox 411 4250 545 4304; x_wconf 89' lang='lat' dir='ltr'><strong>mihi</strong></span> <span class='ocrx_word' id='word_1_574' title='bbox 592 4266 739 4305; x_wconf 89' lang='lat' dir='ltr'><strong>mors</strong></span> <span class='ocrx_word' id='word_1_575' title='bbox 778 4267 940 4320; x_wconf 87' lang='lat' dir='ltr'><strong>quam</strong></span> <span class='ocrx_word' id='word_1_576' title='bbox 968 4253 1113 4319; x_wconf 85' lang='lat' dir='ltr'><strong>vita;</strong></span> <span class='ocrx_word' id='word_1_577' title='bbox 1165 4254 1220 4308; x_wconf 89' lang='lat' dir='ltr'><strong>id</strong></span> <span class='ocrx_word' id='word_1_578' title='bbox 1263 4264 1347 4309; x_wconf 88' lang='lat' dir='ltr'><strong>est</strong></span> <span class='ocrx_word' id='word_1_579' title='bbox 1388 4258 1577 4311; x_wconf 88' lang='lat' dir='ltr'><strong>vivens</strong></span> <span class='ocrx_word' id='word_1_580' title='bbox 1602 4276 1762 4314; x_wconf 87' lang='lat' dir='ltr'><strong>unam</strong></span> 
     </span>
    </p>
   </div>
   <div class='ocr_carea' id='block_1_75' title="bbox 188 4333 1762 4416">
    <p class='ocr_par' dir='ltr' id='par_1_75' title="bbox 188 4333 1762 4416">
     <span class='ocr_line' id='line_1_75' title="bbox 188 4333 1762 4416; baseline 0.009 -26"><span class='ocrx_word' id='word_1_581' title='bbox 188 4333 481 4394; x_wconf 61' lang='lat' dir='ltr'><strong>Judatorum</strong></span> <span class='ocrx_word' id='word_1_582' title='bbox 528 4351 746 4412; x_wconf 80' lang='lat' dir='ltr'><strong>gentem</strong></span> <span class='ocrx_word' id='word_1_583' title='bbox 792 4341 1004 4397; x_wconf 86' lang='lat' dir='ltr'><strong>salvare</strong></span> <span class='ocrx_word' id='word_1_584' title='bbox 1047 4358 1157 4398; x_wconf 90' lang='lat' dir='ltr'><strong>non</strong></span> <span class='ocrx_word' id='word_1_585' title='bbox 1200 4345 1392 4415; x_wconf 87' lang='lat' dir='ltr'><strong>potui;</strong></span> <span class='ocrx_word' id='word_1_586' title='bbox 1440 4348 1660 4416; x_wconf 89' lang='lat' dir='ltr'><strong>moriar,</strong></span> <span class='ocrx_word' id='word_1_587' title='bbox 1706 4358 1762 4405; x_wconf 92' lang='lat' dir='ltr'><strong>et</strong></span> 
     </span>
    </p>
   </div>
   <div class='ocr_carea' id='block_1_76' title="bbox 250 4536 1773 4606">
    <p class='ocr_par' dir='ltr' id='par_1_76' title="bbox 250 4536 1773 4606">
     <span class='ocr_line' id='line_1_76' title="bbox 250 4536 1773 4606; baseline 0.004 -14"><span class='ocrx_word' id='word_1_588' title='bbox 250 4544 277 4573; x_wconf 79' lang='grc'><strong><em>⁸</em></strong></span> <span class='ocrx_word' id='word_1_589' title='bbox 311 4536 476 4593; x_wconf 83' lang='lat' dir='ltr'><strong>Codd.</strong></span> <span class='ocrx_word' id='word_1_590' title='bbox 508 4538 571 4593; x_wconf 88' lang='lat' dir='ltr'><strong>S.</strong></span> <span class='ocrx_word' id='word_1_591' title='bbox 603 4537 788 4593; x_wconf 86' lang='lat' dir='ltr'><strong>Crucis</strong></span> <span class='ocrx_word' id='word_1_592' title='bbox 808 4537 937 4593; x_wconf 80' lang='lat' dir='ltr'><strong>Min.</strong></span> <span class='ocrx_word' id='word_1_593' title='bbox 969 4546 1025 4594; x_wconf 89' lang='lat' dir='ltr'><strong>et</strong></span> <span class='ocrx_word' id='word_1_594' title='bbox 1050 4547 1162 4595; x_wconf 85' lang='lat' dir='ltr'><strong>tres</strong></span> <span class='ocrx_word' id='word_1_595' title='bbox 1189 4539 1338 4606; x_wconf 90' lang='lat' dir='ltr'><strong>Vat.,</strong></span> <span class='ocrx_word' id='word_1_596' title='bbox 1370 4539 1499 4606; x_wconf 83' lang='lat' dir='ltr'><strong>Quis</strong></span> <span class='ocrx_word' id='word_1_597' title='bbox 1534 4543 1618 4596; x_wconf 86' lang='lat' dir='ltr'><strong>hic</strong></span> <span class='ocrx_word' id='word_1_598' title='bbox 1639 4544 1773 4599; x_wconf 85' lang='lat' dir='ltr'><strong>alius</strong></span> 
     </span>
    </p>
   </div>
   <div class='ocr_carea' id='block_1_77' title="bbox 189 4608 633 4729">
    <p class='ocr_par' dir='ltr' id='par_1_77' title="bbox 189 4608 633 4729">
     <span class='ocr_line' id='line_1_77' title="bbox 189 4608 633 4729; baseline 0 0"><span class='ocrx_word' id='word_1_599' title='bbox 189 4608 633 4729; x_wconf 53' lang='lat' dir='ltr'><strong>&quot;uastas;</strong></span> 
     </span>
    </p>
   </div>
   <div class='ocr_carea' id='block_1_78' title="bbox 354 4676 1771 4748">
    <p class='ocr_par' dir='ltr' id='par_1_78' title="bbox 354 4676 1771 4748">
     <span class='ocr_line' id='line_1_78' title="bbox 354 4676 1771 4748; baseline 0.006 -18"><span class='ocrx_word' id='word_1_600' title='bbox 354 4678 479 4748; x_wconf 75' lang='lat' dir='ltr'><strong>odd.</strong></span> <span class='ocrx_word' id='word_1_601' title='bbox 529 4677 782 4732; x_wconf 78' lang='lat' dir='ltr'><strong>Ambros.</strong></span> <span class='ocrx_word' id='word_1_602' title='bbox 833 4684 890 4733; x_wconf 89' lang='lat' dir='ltr'><strong>et</strong></span> <span class='ocrx_word' id='word_1_603' title='bbox 934 4676 1145 4748; x_wconf 83' lang='lat' dir='ltr'><strong>Casin.,</strong></span> <span class='ocrx_word' id='word_1_604' title='bbox 1172 4677 1277 4733; x_wconf 87' lang='lat' dir='ltr'><strong>nisi</strong></span> <span class='ocrx_word' id='word_1_605' title='bbox 1312 4678 1567 4736; x_wconf 80' lang='lat' dir='ltr'><strong>Dominus</strong></span> <span class='ocrx_word' id='word_1_606' title='bbox 1596 4694 1771 4739; x_wconf 86' lang='lat' dir='ltr'><strong>noster</strong></span> 
     </span>
    </p>
   </div>
   <div class='ocr_carea' id='block_1_79' title="bbox 187 4739 754 4810">
    <p class='ocr_par' dir='ltr' id='par_1_79' title="bbox 187 4739 754 4810">
     <span class='ocr_line' id='line_1_79' title="bbox 187 4739 754 4810; baseline 0.012 -17"><span class='ocrx_word' id='word_1_607' title='bbox 187 4739 329 4798; x_wconf 69' lang='lat' dir='ltr'><strong>Iesus</strong></span> <span class='ocrx_word' id='word_1_608' title='bbox 354 4744 617 4810; x_wconf 84' lang='lat' dir='ltr'><strong>Christus,</strong></span> <span class='ocrx_word' id='word_1_609' title='bbox 648 4754 754 4800; x_wconf 88' lang='lat' dir='ltr'><strong>etc.</strong></span> 
     </span>
    </p>
   </div>
   <div class='ocr_carea' id='block_1_80' title="bbox 256 4813 1193 4936">
    <p class='ocr_par' dir='ltr' id='par_1_80' title="bbox 256 4813 1193 4936">
     <span class='ocr_line' id='line_1_80' title="bbox 256 4813 1193 4885; baseline 0.001 -17"><span class='ocrx_word' id='word_1_610' title='bbox 256 4823 277 4851; x_wconf 72' lang='grc' dir='ltr'>ε</span> <span class='ocrx_word' id='word_1_611' title='bbox 315 4814 445 4869; x_wconf 91' lang='lat' dir='ltr'><strong>Cod.</strong></span> <span class='ocrx_word' id='word_1_612' title='bbox 478 4816 605 4869; x_wconf 84' lang='lat' dir='ltr'><strong>Vat.</strong></span> <span class='ocrx_word' id='word_1_613' title='bbox 632 4813 758 4877; x_wconf 66' lang='lat'><strong>248,</strong></span> <span class='ocrx_word' id='word_1_614' title='bbox 822 4816 1193 4885; x_wconf 77' lang='lat' dir='ltr'><strong>rwsignantur.</strong></span> 
     </span>
     <span class='ocr_line' id='line_1_81' title="bbox 256 4833 1193 4936; baseline 0 0"><span class='ocrx_word' id='word_1_615' title='bbox 256 4880 276 4917; x_wconf 84' lang='grc'><strong>¹¹</strong></span> <span class='ocrx_word' id='word_1_616' title='bbox 312 4882 475 4936; x_wconf 89' lang='lat' dir='ltr'><strong>Codd.</strong></span> <span class='ocrx_word' id='word_1_617' title='bbox 506 4883 633 4936; x_wconf 80' lang='lat' dir='ltr'><strong>Vat.</strong></span> <span class='ocrx_word' id='word_1_618' title='bbox 670 4833 819 4936; x_wconf 63' lang='grc' dir='ltr'><strong>127ιῖ⁷</strong></span> <span class='ocrx_word' id='word_1_619' title='bbox 835 4892 891 4936; x_wconf 89' lang='lat' dir='ltr'><strong>et</strong></span> <span class='ocrx_word' id='word_1_620' title='bbox 919 4883 1054 4936; x_wconf 70' lang='grc'><strong>6951</strong></span> <span class='ocrx_word' id='word_1_621' title='bbox 1089 4887 1193 4936; x_wconf 67' lang='lat' dir='ltr'><strong>leui</strong></span> 
     </span>
    </p>
   </div>
   <div class='ocr_carea' id='block_1_81' title="bbox 253 4854 770 4939">
    <p class='ocr_par' dir='ltr' id='par_1_81' title="bbox 253 4854 770 4939">
     <span class='ocr_line' id='line_1_82' title="bbox 253 4854 770 4939; baseline -0.006 -1"><span class='ocrx_word' id='word_1_622' title='bbox 253 4880 276 4917; x_wconf 73' lang='grc' dir='ltr'><em>α</em></span> <span class='ocrx_word' id='word_1_623' title='bbox 493 4854 770 4937; x_wconf 60' lang='lat' dir='ltr'><strong>vam</strong></span> 
     </span>
    </p>
   </div>
   <div class='ocr_carea' id='block_1_82' title="bbox 191 4953 827 5007">
    <p class='ocr_par' dir='ltr' id='par_1_82' title="bbox 191 4953 827 5007">
     <span class='ocr_line' id='line_1_83' title="bbox 191 4953 827 5007; baseline 0 -2"><span class='ocrx_word' id='word_1_624' title='bbox 191 4955 239 5000; x_wconf 77' lang='grc' dir='ltr'><strong><em>ω</em></strong></span> <span class='ocrx_word' id='word_1_625' title='bbox 267 4958 567 5007; x_wconf 68' lang='grc' dir='ltr'><strong>ιειηῠαιαὶε</strong></span> <span class='ocrx_word' id='word_1_626' title='bbox 588 4953 827 5005; x_wconf 81' lang='lat' dir='ltr'><strong>lurbatis.</strong></span> 
     </span>
    </p>
   </div>
   <div class='ocr_carea' id='block_1_83' title="bbox 1803 4546 2009 4655">
    <p class='ocr_par' dir='ltr' id='par_1_83' title="bbox 1803 4546 2009 4655">
     <span class='ocr_line' id='line_1_84' title="bbox 1803 4546 2009 4655; baseline 0 -46"><span class='ocrx_word' id='word_1_627' title='bbox 1803 4549 1854 4609; x_wconf 89' lang='lat' dir='ltr'><strong>D</strong></span> <span class='ocrx_word' id='word_1_628' title='bbox 1880 4546 2009 4655; x_wconf 59' lang='grc' dir='ltr'><strong>βάξει</strong></span> 
     </span>
    </p>
   </div>
   <div class='ocr_carea' id='block_1_84' title="bbox 835 4883 1777 4954">
    <p class='ocr_par' dir='ltr' id='par_1_84' title="bbox 835 4883 1777 4954">
     <span class='ocr_line' id='line_1_85' title="bbox 835 4883 1777 4954; baseline 0.007 -15"><span class='ocrx_word' id='word_1_629' title='bbox 835 4892 891 4939; x_wconf 91' lang='lat' dir='ltr'><strong>et</strong></span> <span class='ocrx_word' id='word_1_630' title='bbox 919 4883 1054 4939; x_wconf 70' lang='grc'><strong>6951</strong></span> <span class='ocrx_word' id='word_1_631' title='bbox 1089 4887 1299 4954; x_wconf 86' lang='lat' dir='ltr'><strong>legunt,</strong></span> <span class='ocrx_word' id='word_1_632' title='bbox 1324 4888 1414 4941; x_wconf 87' lang='lat' dir='ltr'><strong>sed</strong></span> <span class='ocrx_word' id='word_1_633' title='bbox 1433 4891 1605 4943; x_wconf 89' lang='lat' dir='ltr'><strong>nautis</strong></span> <span class='ocrx_word' id='word_1_634' title='bbox 1624 4907 1777 4948; x_wconf 68' lang='lat' dir='ltr'><strong>exor-</strong></span> 
     </span>
    </p>
   </div>
   <div class='ocr_carea' id='block_1_85' title="bbox 1862 3259 3448 3330">
    <p class='ocr_par' dir='ltr' id='par_1_85' title="bbox 1862 3259 3448 3330">
     <span class='ocr_line' id='line_1_86' title="bbox 1862 3259 3448 3330; baseline 0.003 -17"><span class='ocrx_word' id='word_1_635' title='bbox 1862 3260 2066 3314; x_wconf 87' lang='lat' dir='ltr'><strong>tissime</strong></span> <span class='ocrx_word' id='word_1_636' title='bbox 2110 3259 2505 3329; x_wconf 65' lang='lat' dir='ltr'><strong>praeﬁguratam</strong></span> <span class='ocrx_word' id='word_1_637' title='bbox 2533 3269 2557 3296; x_wconf 88' lang='grc' dir='ltr'><strong>ο</strong></span> <span class='ocrx_word' id='word_1_638' title='bbox 2588 3268 2645 3315; x_wconf 91' lang='lat' dir='ltr'><strong>et</strong></span> <span class='ocrx_word' id='word_1_639' title='bbox 2690 3269 2919 3315; x_wconf 87' lang='lat' dir='ltr'><strong>mortem</strong></span> <span class='ocrx_word' id='word_1_640' title='bbox 2948 3264 3152 3330; x_wconf 90' lang='lat' dir='ltr'><strong>pariter</strong></span> <span class='ocrx_word' id='word_1_641' title='bbox 3179 3270 3235 3316; x_wconf 90' lang='lat' dir='ltr'><strong>et</strong></span> <span class='ocrx_word' id='word_1_642' title='bbox 3262 3278 3448 3317; x_wconf 82' lang='lat' dir='ltr'><strong>resur-</strong></span> 
     </span>
    </p>
   </div>
   <div class='ocr_carea' id='block_1_86' title="bbox 1862 3350 3446 3421">
    <p class='ocr_par' dir='ltr' id='par_1_86' title="bbox 1862 3350 3446 3421">
     <span class='ocr_line' id='line_1_87' title="bbox 1862 3350 3446 3421; baseline 0.002 -16"><span class='ocrx_word' id='word_1_643' title='bbox 1862 3352 2177 3406; x_wconf 89' lang='lat' dir='ltr'><strong>rectionem.</strong></span> <span class='ocrx_word' id='word_1_644' title='bbox 2262 3350 2602 3419; x_wconf 88' lang='lat' dir='ltr'><strong>Quapropter</strong></span> <span class='ocrx_word' id='word_1_645' title='bbox 2649 3350 2794 3419; x_wconf 86' lang='lat' dir='ltr'><strong>quod</strong></span> <span class='ocrx_word' id='word_1_646' title='bbox 2837 3352 3118 3421; x_wconf 89' lang='lat' dir='ltr'><strong>impletum</strong></span> <span class='ocrx_word' id='word_1_647' title='bbox 3171 3354 3353 3407; x_wconf 91' lang='lat' dir='ltr'><strong>cernis</strong></span> <span class='ocrx_word' id='word_1_648' title='bbox 3393 3354 3446 3408; x_wconf 93' lang='lat' dir='ltr'><strong>in</strong></span> 
     </span>
    </p>
   </div>
   <div class='ocr_carea' id='block_1_87' title="bbox 1862 3442 3449 3509">
    <p class='ocr_par' dir='ltr' id='par_1_87' title="bbox 1862 3442 3449 3509">
     <span class='ocr_line' id='line_1_88' title="bbox 1862 3442 3449 3509; baseline -0.001 -11"><span class='ocrx_word' id='word_1_649' title='bbox 1862 3458 2041 3507; x_wconf 87' lang='lat' dir='ltr'><strong>servo,</strong></span> <span class='ocrx_word' id='word_1_650' title='bbox 2075 3442 2297 3498; x_wconf 87' lang='lat' dir='ltr'><strong>credere</strong></span> <span class='ocrx_word' id='word_1_651' title='bbox 2341 3458 2450 3497; x_wconf 90' lang='lat' dir='ltr'><strong>non</strong></span> <span class='ocrx_word' id='word_1_652' title='bbox 2492 3442 2762 3497; x_wconf 90' lang='lat' dir='ltr'><strong>cuncteris</strong></span> <span class='ocrx_word' id='word_1_653' title='bbox 2791 3442 2845 3496; x_wconf 89' lang='lat' dir='ltr'><strong>in</strong></span> <span class='ocrx_word' id='word_1_654' title='bbox 2874 3442 3123 3499; x_wconf 89' lang='lat' dir='ltr'><strong>Domino.</strong></span> <span class='ocrx_word' id='word_1_655' title='bbox 3167 3444 3298 3509; x_wconf 79' lang='lat' dir='ltr'><strong>Qua:</strong></span> <span class='ocrx_word' id='word_1_656' title='bbox 3326 3459 3449 3497; x_wconf 91' lang='lat' dir='ltr'><strong>cum</strong></span> 
     </span>
    </p>
   </div>
   <div class='ocr_carea' id='block_1_88' title="bbox 1864 3532 3451 3604">
    <p class='ocr_par' dir='ltr' id='par_1_88' title="bbox 1864 3532 3451 3604">
     <span class='ocr_line' id='line_1_89' title="bbox 1864 3532 3451 3604; baseline 0 -17"><span class='ocrx_word' id='word_1_657' title='bbox 1864 3534 1938 3587; x_wconf 88' lang='lat' dir='ltr'><strong>ita</strong></span> <span class='ocrx_word' id='word_1_658' title='bbox 1967 3533 2105 3600; x_wconf 88' lang='lat' dir='ltr'><strong>siut,</strong></span> <span class='ocrx_word' id='word_1_659' title='bbox 2153 3533 2427 3601; x_wconf 89' lang='lat' dir='ltr'><strong>perspice,</strong></span> <span class='ocrx_word' id='word_1_660' title='bbox 2477 3547 2510 3585; x_wconf 93' lang='grc' dir='ltr'>ο</span> <span class='ocrx_word' id='word_1_661' title='bbox 2540 3532 2734 3599; x_wconf 86' lang='lat' dir='ltr'><strong>homo,</strong></span> <span class='ocrx_word' id='word_1_662' title='bbox 2762 3540 3021 3600; x_wconf 87' lang='lat' dir='ltr'><strong>quantum</strong></span> <span class='ocrx_word' id='word_1_663' title='bbox 3050 3533 3255 3595; x_wconf 86' lang='lat' dir='ltr'><strong>valeas,</strong></span> <span class='ocrx_word' id='word_1_664' title='bbox 3294 3535 3451 3604; x_wconf 72' lang='lat'><strong>176</strong></span> 
     </span>
    </p>
   </div>
   <div class='ocr_carea' id='block_1_89' title="bbox 1865 3622 3450 3693">
    <p class='ocr_par' dir='ltr' id='par_1_89' title="bbox 1865 3622 3450 3693">
     <span class='ocr_line' id='line_1_90' title="bbox 1865 3622 3450 3693; baseline 0.001 -17"><span class='ocrx_word' id='word_1_665' title='bbox 1865 3630 1919 3676; x_wconf 79' lang='lat' dir='ltr'><strong>et</strong></span> <span class='ocrx_word' id='word_1_666' title='bbox 1944 3623 2219 3692; x_wconf 87' lang='lat' dir='ltr'><strong>perpende</strong></span> <span class='ocrx_word' id='word_1_667' title='bbox 2247 3631 2504 3691; x_wconf 85' lang='lat' dir='ltr'><strong>quantum</strong></span> <span class='ocrx_word' id='word_1_668' title='bbox 2533 3622 2763 3687; x_wconf 87' lang='lat' dir='ltr'><strong>debeas;</strong></span> <span class='ocrx_word' id='word_1_669' title='bbox 2794 3624 3043 3692; x_wconf 87' lang='lat' dir='ltr'><strong>perspice</strong></span> <span class='ocrx_word' id='word_1_670' title='bbox 3066 3633 3329 3693; x_wconf 75' lang='lat' dir='ltr'><strong>quantum</strong></span> <span class='ocrx_word' id='word_1_671' title='bbox 3354 3641 3450 3679; x_wconf 80' lang='lat' dir='ltr'><strong>va—</strong></span> 
     </span>
    </p>
   </div>
   <div class='ocr_carea' id='block_1_90' title="bbox 1860 3711 3450 3782">
    <p class='ocr_par' dir='ltr' id='par_1_90' title="bbox 1860 3711 3450 3782">
     <span class='ocr_line' id='line_1_91' title="bbox 1860 3711 3450 3782; baseline -0.001 -12"><span class='ocrx_word' id='word_1_672' title='bbox 1860 3718 1993 3779; x_wconf 87' lang='lat' dir='ltr'><strong>leas,</strong></span> <span class='ocrx_word' id='word_1_673' title='bbox 2019 3722 2079 3767; x_wconf 92' lang='lat' dir='ltr'><strong>ut</strong></span> <span class='ocrx_word' id='word_1_674' title='bbox 2095 3712 2309 3767; x_wconf 86' lang='lat' dir='ltr'><strong>tandem</strong></span> <span class='ocrx_word' id='word_1_675' title='bbox 2333 3712 2452 3766; x_wconf 91' lang='lat' dir='ltr'><strong>vilis</strong></span> <span class='ocrx_word' id='word_1_676' title='bbox 2466 3726 2586 3766; x_wconf 88' lang='lat' dir='ltr'><strong>esse</strong></span> <span class='ocrx_word' id='word_1_677' title='bbox 2597 3712 2693 3765; x_wconf 88' lang='lat' dir='ltr'><strong>tibi</strong></span> <span class='ocrx_word' id='word_1_678' title='bbox 2714 3711 2965 3777; x_wconf 89' lang='lat' dir='ltr'><strong>desinas;</strong></span> <span class='ocrx_word' id='word_1_679' title='bbox 2999 3721 3059 3766; x_wconf 93' lang='lat' dir='ltr'><strong>ut</strong></span> <span class='ocrx_word' id='word_1_680' title='bbox 3082 3714 3167 3767; x_wconf 89' lang='lat' dir='ltr'><strong>vel</strong></span> <span class='ocrx_word' id='word_1_681' title='bbox 3184 3724 3323 3782; x_wconf 80' lang='lat' dir='ltr'><strong>Ppro</strong></span> <span class='ocrx_word' id='word_1_682' title='bbox 3346 3714 3450 3769; x_wconf 88' lang='lat' dir='ltr'><strong>hoc</strong></span> 
     </span>
    </p>
   </div>
   <div class='ocr_carea' id='block_1_91' title="bbox 1861 3804 3452 3873">
    <p class='ocr_par' dir='ltr' id='par_1_91' title="bbox 1861 3804 3452 3873">
     <span class='ocr_line' id='line_1_92' title="bbox 1861 3804 3452 3873; baseline 0 -14"><span class='ocrx_word' id='word_1_683' title='bbox 1861 3806 2244 3861; x_wconf 87' lang='lat' dir='ltr'><strong>erubescendis</strong></span> <span class='ocrx_word' id='word_1_684' title='bbox 2263 3806 2542 3873; x_wconf 80' lang='lat' dir='ltr'><strong>subiacere</strong></span> <span class='ocrx_word' id='word_1_685' title='bbox 2554 3805 2695 3858; x_wconf 89' lang='lat' dir='ltr'><strong>vitiis</strong></span> <span class='ocrx_word' id='word_1_686' title='bbox 2714 3804 3017 3871; x_wconf 87' lang='lat' dir='ltr'><strong>dedigneris</strong></span> <span class='ocrx_word' id='word_1_687' title='bbox 3042 3823 3055 3856; x_wconf 91' lang='lat'><strong>:</strong></span> <span class='ocrx_word' id='word_1_688' title='bbox 3081 3804 3205 3859; x_wconf 90' lang='lat' dir='ltr'><strong>dum</strong></span> <span class='ocrx_word' id='word_1_689' title='bbox 3218 3819 3452 3873; x_wconf 85' lang='lat' dir='ltr'><strong>genero-</strong></span> 
     </span>
    </p>
   </div>
   <div class='ocr_carea' id='block_1_92' title="bbox 1860 3892 3452 3962">
    <p class='ocr_par' dir='ltr' id='par_1_92' title="bbox 1860 3892 3452 3962">
     <span class='ocr_line' id='line_1_93' title="bbox 1860 3892 3452 3962; baseline 0 -13"><span class='ocrx_word' id='word_1_690' title='bbox 1860 3896 2076 3949; x_wconf 88' lang='lat' dir='ltr'><strong>sitatem</strong></span> <span class='ocrx_word' id='word_1_691' title='bbox 2098 3903 2245 3948; x_wconf 89' lang='lat' dir='ltr'><strong>tuam</strong></span> <span class='ocrx_word' id='word_1_692' title='bbox 2263 3892 2331 3947; x_wconf 89' lang='lat' dir='ltr'><strong>de</strong></span> <span class='ocrx_word' id='word_1_693' title='bbox 2351 3893 2609 3948; x_wconf 88' lang='lat' dir='ltr'><strong>creatoris</strong></span> <span class='ocrx_word' id='word_1_694' title='bbox 2634 3901 2686 3947; x_wconf 90' lang='lat' dir='ltr'><strong>et</strong></span> <span class='ocrx_word' id='word_1_695' title='bbox 2708 3893 3034 3962; x_wconf 88' lang='lat' dir='ltr'><strong>reparatoris</strong></span> <span class='ocrx_word' id='word_1_696' title='bbox 3058 3893 3322 3961; x_wconf 90' lang='lat' dir='ltr'><strong>dignitate</strong></span> <span class='ocrx_word' id='word_1_697' title='bbox 3339 3908 3452 3949; x_wconf 83' lang='lat' dir='ltr'><strong>me-</strong></span> 
     </span>
    </p>
   </div>
   <div class='ocr_carea' id='block_1_93' title="bbox 1863 3976 3452 4054">
    <p class='ocr_par' dir='ltr' id='par_1_93' title="bbox 1863 3976 3452 4054">
     <span class='ocr_line' id='line_1_94' title="bbox 1863 3976 3452 4054; baseline 0 -17"><span class='ocrx_word' id='word_1_698' title='bbox 1863 3976 2635 4054; x_wconf 72' lang='lat' dir='ltr'><strong>tiris.Hahetcausas,quihusq</strong></span> <span class='ocrx_word' id='word_1_699' title='bbox 2651 3984 2837 4052; x_wconf 89' lang='lat' dir='ltr'><strong>seipse</strong></span> <span class='ocrx_word' id='word_1_700' title='bbox 2866 3982 3181 4048; x_wconf 84' lang='lat' dir='ltr'><strong>confundat,</strong></span> <span class='ocrx_word' id='word_1_701' title='bbox 3207 3984 3452 4039; x_wconf 81' lang='lat' dir='ltr'><strong>curindi—</strong></span> 
     </span>
    </p>
   </div>
   <div class='ocr_carea' id='block_1_94' title="bbox 1868 4074 3453 4143">
    <p class='ocr_par' dir='ltr' id='par_1_94' title="bbox 1868 4074 3453 4143">
     <span class='ocr_line' id='line_1_95' title="bbox 1868 4074 3453 4143; baseline 0.001 -14"><span class='ocrx_word' id='word_1_702' title='bbox 1868 4076 1985 4143; x_wconf 88' lang='lat' dir='ltr'><strong>gnis</strong></span> <span class='ocrx_word' id='word_1_703' title='bbox 2002 4074 2406 4141; x_wconf 85' lang='lat' dir='ltr'><strong>dominis,victo</strong></span> <span class='ocrx_word' id='word_1_704' title='bbox 2428 4074 2609 4139; x_wconf 89' lang='lat' dir='ltr'><strong>corde,</strong></span> <span class='ocrx_word' id='word_1_705' title='bbox 2641 4074 2919 4141; x_wconf 87' lang='lat' dir='ltr'><strong>subdatur,</strong></span> <span class='ocrx_word' id='word_1_706' title='bbox 2950 4076 3036 4129; x_wconf 89' lang='lat' dir='ltr'><strong>cui</strong></span> <span class='ocrx_word' id='word_1_707' title='bbox 3056 4076 3227 4142; x_wconf 85' lang='lat' dir='ltr'><strong>gloria</strong></span> <span class='ocrx_word' id='word_1_708' title='bbox 3249 4084 3453 4131; x_wconf 66' lang='lat' dir='ltr'><strong>aeterna</strong></span> 
     </span>
    </p>
   </div>
   <div class='ocr_carea' id='block_1_95' title="bbox 1868 4162 3453 4233">
    <p class='ocr_par' dir='ltr' id='par_1_95' title="bbox 1868 4162 3453 4233">
     <span class='ocr_line' id='line_1_96' title="bbox 1868 4162 3453 4233; baseline -0.001 -15"><span class='ocrx_word' id='word_1_709' title='bbox 1868 4165 2217 4233; x_wconf 85' lang='lat' dir='ltr'><strong>promittitur,</strong></span> <span class='ocrx_word' id='word_1_710' title='bbox 2267 4178 2333 4217; x_wconf 89' lang='lat' dir='ltr'><strong>ac</strong></span> <span class='ocrx_word' id='word_1_711' title='bbox 2370 4162 2416 4216; x_wconf 92' lang='lat' dir='ltr'><strong>si</strong></span> <span class='ocrx_word' id='word_1_712' title='bbox 2456 4164 2671 4229; x_wconf 86' lang='lat' dir='ltr'><strong>gemino</strong></span> <span class='ocrx_word' id='word_1_713' title='bbox 2699 4162 2998 4231; x_wconf 82' lang='lat' dir='ltr'><strong>privilegio,</strong></span> <span class='ocrx_word' id='word_1_714' title='bbox 3031 4164 3123 4231; x_wconf 86' lang='lat' dir='ltr'><strong>qui</strong></span> <span class='ocrx_word' id='word_1_715' title='bbox 3152 4163 3351 4218; x_wconf 89' lang='lat' dir='ltr'><strong>dudum</strong></span> <span class='ocrx_word' id='word_1_716' title='bbox 3380 4164 3453 4217; x_wconf 89' lang='lat' dir='ltr'><strong>di-</strong></span> 
     </span>
    </p>
   </div>
   <div class='ocr_carea' id='block_1_96' title="bbox 1868 4255 3455 4324">
    <p class='ocr_par' dir='ltr' id='par_1_96' title="bbox 1868 4255 3455 4324">
     <span class='ocr_line' id='line_1_97' title="bbox 1868 4255 3455 4324; baseline -0.001 -12"><span class='ocrx_word' id='word_1_717' title='bbox 1868 4260 2008 4312; x_wconf 64' lang='lat' dir='ltr'><strong>vinae</strong></span> <span class='ocrx_word' id='word_1_718' title='bbox 2054 4257 2302 4324; x_wconf 86' lang='lat' dir='ltr'><strong>imaginis</strong></span> <span class='ocrx_word' id='word_1_719' title='bbox 2347 4256 2759 4324; x_wconf 72' lang='lat' dir='ltr'><strong>partiéipatione</strong></span> <span class='ocrx_word' id='word_1_720' title='bbox 2802 4255 3076 4310; x_wconf 88' lang='lat' dir='ltr'><strong>videbaris</strong></span> <span class='ocrx_word' id='word_1_721' title='bbox 3134 4256 3455 4321; x_wconf 87' lang='lat' dir='ltr'><strong>honoratus,</strong></span> 
     </span>
    </p>
   </div>
   <div class='ocr_carea' id='block_1_97' title="bbox 1869 4348 3456 4418">
    <p class='ocr_par' dir='ltr' id='par_1_97' title="bbox 1869 4348 3456 4418">
     <span class='ocr_line' id='line_1_98' title="bbox 1869 4348 3456 4418; baseline 0.001 -13"><span class='ocrx_word' id='word_1_722' title='bbox 1869 4350 2099 4405; x_wconf 76' lang='lat' dir='ltr'><strong>efﬁceris</strong></span> <span class='ocrx_word' id='word_1_723' title='bbox 2120 4349 2282 4403; x_wconf 89' lang='lat' dir='ltr'><strong>etiam</strong></span> <span class='ocrx_word' id='word_1_724' title='bbox 2302 4348 2613 4403; x_wconf 90' lang='lat' dir='ltr'><strong>commercii</strong></span> <span class='ocrx_word' id='word_1_725' title='bbox 2641 4348 2923 4404; x_wconf 84' lang='lat' dir='ltr'><strong>nobilitate</strong></span> <span class='ocrx_word' id='word_1_726' title='bbox 2944 4349 3236 4418; x_wconf 83' lang='lat' dir='ltr'><strong>pretiosus;</strong></span> <span class='ocrx_word' id='word_1_727' title='bbox 3264 4359 3285 4387; x_wconf 74' lang='grc' dir='ltr'><strong><em>τ</em></strong></span> <span class='ocrx_word' id='word_1_728' title='bbox 3310 4348 3456 4407; x_wconf 84' lang='lat' dir='ltr'><strong>unde</strong></span> 
     </span>
    </p>
   </div>
   <div class='ocr_carea' id='block_1_98' title="bbox 2067 4545 2616 4615">
    <p class='ocr_par' dir='ltr' id='par_1_98' title="bbox 2067 4545 2616 4615">
     <span class='ocr_line' id='line_1_99' title="bbox 2067 4545 2616 4615; baseline 0 -16"><span class='ocrx_word' id='word_1_729' title='bbox 2067 4545 2257 4600; x_wconf 87' lang='lat' dir='ltr'><strong>entium</strong></span> <span class='ocrx_word' id='word_1_730' title='bbox 2286 4546 2616 4615; x_wconf 67' lang='lat' dir='ltr'><strong>praedicatur.</strong></span> 
     </span>
    </p>
   </div>
   <div class='ocr_carea' id='block_1_99' title="bbox 2062 4612 3073 4677">
    <p class='ocr_par' dir='ltr' id='par_1_99' title="bbox 2062 4612 3073 4677">
     <span class='ocr_line' id='line_1_100' title="bbox 2062 4612 3073 4677; baseline 0.003 -8"><span class='ocrx_word' id='word_1_731' title='bbox 2062 4616 2187 4669; x_wconf 89' lang='lat' dir='ltr'><strong>odd.</strong></span> <span class='ocrx_word' id='word_1_732' title='bbox 2220 4612 2341 4668; x_wconf 81' lang='lat' dir='ltr'><strong>Vat.</strong></span> <span class='ocrx_word' id='word_1_733' title='bbox 2372 4614 2510 4668; x_wconf 74' lang='grc'><strong>1270</strong></span> <span class='ocrx_word' id='word_1_734' title='bbox 2537 4624 2593 4669; x_wconf 91' lang='lat' dir='ltr'><strong>et</strong></span> <span class='ocrx_word' id='word_1_735' title='bbox 2620 4612 2888 4677; x_wconf 90' lang='lat' dir='ltr'><strong>Ambros.,</strong></span> <span class='ocrx_word' id='word_1_736' title='bbox 2920 4625 3073 4671; x_wconf 87' lang='lat' dir='ltr'><strong>totus.</strong></span> 
     </span>
    </p>
   </div>
   <div class='ocr_carea' id='block_1_100' title="bbox 1952 4683 3365 4755">
    <p class='ocr_par' dir='ltr' id='par_1_100' title="bbox 1952 4683 3365 4755">
     <span class='ocr_line' id='line_1_101' title="bbox 1952 4683 3365 4755; baseline 0.006 -18"><span class='ocrx_word' id='word_1_737' title='bbox 1952 4684 1973 4724; x_wconf 82' lang='lat'><strong>1</strong></span> <span class='ocrx_word' id='word_1_738' title='bbox 2014 4685 2147 4755; x_wconf 81' lang='lat' dir='ltr'><strong>Cod.</strong></span> <span class='ocrx_word' id='word_1_739' title='bbox 2182 4683 2493 4755; x_wconf 43' lang='grc' dir='ltr'><strong>νθιηθέβι,</strong></span> <span class='ocrx_word' id='word_1_740' title='bbox 2526 4684 2662 4755; x_wconf 80' lang='lat' dir='ltr'><strong>quod</strong></span> <span class='ocrx_word' id='word_1_741' title='bbox 2682 4685 2762 4755; x_wconf 84' lang='lat' dir='ltr'><strong>hic</strong></span> <span class='ocrx_word' id='word_1_742' title='bbox 2790 4696 2865 4738; x_wconf 89' lang='lat' dir='ltr'><strong>est</strong></span> <span class='ocrx_word' id='word_1_743' title='bbox 2898 4687 3146 4742; x_wconf 86' lang='lat' dir='ltr'><strong>Dominus</strong></span> <span class='ocrx_word' id='word_1_744' title='bbox 3168 4700 3365 4745; x_wconf 85' lang='lat' dir='ltr'><strong>noster.</strong></span> 
     </span>
    </p>
   </div>
   <div class='ocr_carea' id='block_1_101' title="bbox 1938 4753 3461 4835">
    <p class='ocr_par' dir='ltr' id='par_1_101' title="bbox 1938 4753 3461 4835">
     <span class='ocr_line' id='line_1_102' title="bbox 1938 4753 3461 4835; baseline 0.007 -28"><span class='ocrx_word' id='word_1_745' title='bbox 1938 4764 1993 4835; x_wconf 40' lang='grc' dir='ltr'><strong>,ω</strong></span> <span class='ocrx_word' id='word_1_746' title='bbox 2031 4754 2177 4808; x_wconf 87' lang='lat' dir='ltr'><strong>Idem</strong></span> <span class='ocrx_word' id='word_1_747' title='bbox 2224 4754 2344 4809; x_wconf 88' lang='lat' dir='ltr'><strong>cod.</strong></span> <span class='ocrx_word' id='word_1_748' title='bbox 2376 4753 2497 4807; x_wconf 89' lang='lat' dir='ltr'><strong>Vat.</strong></span> <span class='ocrx_word' id='word_1_749' title='bbox 2519 4753 2546 4817; x_wconf 53' lang='grc'><strong>,“</strong></span> <span class='ocrx_word' id='word_1_750' title='bbox 2564 4754 2820 4825; x_wconf 87' lang='lat' dir='ltr'><strong>perditum</strong></span> <span class='ocrx_word' id='word_1_751' title='bbox 2848 4756 2901 4807; x_wconf 87' lang='lat' dir='ltr'><strong>in</strong></span> <span class='ocrx_word' id='word_1_752' title='bbox 2932 4760 3111 4812; x_wconf 88' lang='lat' dir='ltr'><strong>mundi</strong></span> <span class='ocrx_word' id='word_1_753' title='bbox 3136 4762 3338 4831; x_wconf 84' lang='lat' dir='ltr'><strong>origine</strong></span> <span class='ocrx_word' id='word_1_754' title='bbox 3365 4762 3461 4819; x_wconf 86' lang='lat' dir='ltr'><strong>Ito-</strong></span> 
     </span>
    </p>
   </div>
   <div class='ocr_carea' id='block_1_102' title="bbox 1877 4840 3029 4955">
    <p class='ocr_par' dir='ltr' id='par_1_102' title="bbox 1877 4840 3029 4955">
     <span class='ocr_line' id='line_1_103' title="bbox 1877 4840 3029 4955; baseline 0.002 -8"><span class='ocrx_word' id='word_1_755' title='bbox 1877 4840 2157 4947; x_wconf 55' lang='lat' dir='ltr'><strong>mmém</strong></span> <span class='ocrx_word' id='word_1_756' title='bbox 2186 4893 2308 4947; x_wconf 88' lang='lat' dir='ltr'><strong>cod.</strong></span> <span class='ocrx_word' id='word_1_757' title='bbox 2338 4893 2461 4945; x_wconf 89' lang='lat' dir='ltr'><strong>Vat.</strong></span> <span class='ocrx_word' id='word_1_758' title='bbox 2492 4891 2653 4955; x_wconf 71' lang='grc'><strong>4951,</strong></span> <span class='ocrx_word' id='word_1_759' title='bbox 2685 4895 3029 4950; x_wconf 79' lang='lat' dir='ltr'><strong>restituerent.</strong></span> 
     </span>
    </p>
   </div>
   <div class='ocr_carea' id='block_1_103' title="bbox 1956 4962 3462 5033">
    <p class='ocr_par' dir='ltr' id='par_1_103' title="bbox 1956 4962 3462 5033">
     <span class='ocr_line' id='line_1_104' title="bbox 1956 4962 3462 5033; baseline 0.007 -18"><span class='ocrx_word' id='word_1_760' title='bbox 1956 4972 1979 4998; x_wconf 90' lang='grc' dir='ltr'><strong>ο</strong></span> <span class='ocrx_word' id='word_1_761' title='bbox 2019 4962 2163 5017; x_wconf 89' lang='lat' dir='ltr'><strong>Idem</strong></span> <span class='ocrx_word' id='word_1_762' title='bbox 2192 4964 2312 5017; x_wconf 90' lang='lat' dir='ltr'><strong>cod.</strong></span> <span class='ocrx_word' id='word_1_763' title='bbox 2348 4962 2491 5029; x_wconf 86' lang='lat' dir='ltr'><strong>Vat.,-</strong></span> <span class='ocrx_word' id='word_1_764' title='bbox 2538 4972 2591 5016; x_wconf 89' lang='lat' dir='ltr'><strong>et</strong></span> <span class='ocrx_word' id='word_1_765' title='bbox 2625 4972 2840 5017; x_wconf 87' lang='lat' dir='ltr'><strong>mortem</strong></span> <span class='ocrx_word' id='word_1_766' title='bbox 2885 4964 3095 5033; x_wconf 78' lang='lat' dir='ltr'><strong>Christi,</strong></span> <span class='ocrx_word' id='word_1_767' title='bbox 3138 4978 3189 5021; x_wconf 88' lang='lat' dir='ltr'><strong>et</strong></span> <span class='ocrx_word' id='word_1_768' title='bbox 3229 4987 3462 5025; x_wconf 76' lang='lat' dir='ltr'><strong>resurre-</strong></span> 
     </span>
    </p>
   </div>
   <div class='ocr_carea' id='block_1_104' title="bbox 282 5019 2120 5092">
    <p class='ocr_par' dir='ltr' id='par_1_104' title="bbox 282 5019 2120 5092">
     <span class='ocr_line' id='line_1_105' title="bbox 282 5019 2120 5092; baseline 0.005 -17"><span class='ocrx_word' id='word_1_769' title='bbox 282 5030 305 5057; x_wconf 82' lang='grc'>⁶</span> <span class='ocrx_word' id='word_1_770' title='bbox 345 5019 424 5075; x_wconf 79' lang='lat' dir='ltr'><strong>Ex</strong></span> <span class='ocrx_word' id='word_1_771' title='bbox 448 5022 610 5078; x_wconf 88' lang='lat' dir='ltr'><strong>codd.</strong></span> <span class='ocrx_word' id='word_1_772' title='bbox 645 5019 702 5075; x_wconf 93' lang='lat' dir='ltr'><strong>S.</strong></span> <span class='ocrx_word' id='word_1_773' title='bbox 731 5020 917 5077; x_wconf 89' lang='lat' dir='ltr'><strong>Crucis</strong></span> <span class='ocrx_word' id='word_1_774' title='bbox 945 5021 1093 5087; x_wconf 58' lang='grc' dir='ltr'><strong>Μία,</strong></span> <span class='ocrx_word' id='word_1_775' title='bbox 1116 5023 1319 5088; x_wconf 91' lang='lat' dir='ltr'><strong>Casin.,</strong></span> <span class='ocrx_word' id='word_1_776' title='bbox 1350 5026 1545 5092; x_wconf 84' lang='lat' dir='ltr'><strong>Valic.,</strong></span> <span class='ocrx_word' id='word_1_777' title='bbox 1576 5036 1630 5082; x_wconf 90' lang='lat' dir='ltr'><strong>et</strong></span> <span class='ocrx_word' id='word_1_778' title='bbox 1656 5030 1777 5082; x_wconf 85' lang='lat' dir='ltr'><strong>Am-</strong></span> <span class='ocrx_word' id='word_1_779' title='bbox 1880 5033 2120 5086; x_wconf 82' lang='lat' dir='ltr'><strong>ctionem.</strong></span> 
     </span>
    </p>
   </div>
   <div class='ocr_carea' id='block_1_105' title="bbox 193 5085 1354 5233">
    <p class='ocr_par' dir='ltr' id='par_1_105' title="bbox 193 5085 1354 5233">
     <span class='ocr_line' id='line_1_106' title="bbox 193 5085 1354 5233; baseline 0.014 -33"><span class='ocrx_word' id='word_1_780' title='bbox 193 5085 445 5233; x_wconf 54' lang='lat' dir='ltr'><strong>bnis&#39;goq,</strong></span> <span class='ocrx_word' id='word_1_781' title='bbox 478 5160 609 5233; x_wconf 48' lang='lat' dir='ltr'><strong>vat:</strong></span> <span class='ocrx_word' id='word_1_782' title='bbox 633 5158 761 5233; x_wconf 68' lang='lat'><strong>248,</strong></span> <span class='ocrx_word' id='word_1_783' title='bbox 782 5160 961 5233; x_wconf 58' lang='lat' dir='ltr'><strong>adhuc</strong></span> <span class='ocrx_word' id='word_1_784' title='bbox 982 5162 1354 5233; x_wconf 68' lang='lat' dir='ltr'><strong>qugdraginta.</strong></span> 
     </span>
    </p>
   </div>
   <div class='ocr_carea' id='block_1_106' title="bbox 258 5228 1757 5303">
    <p class='ocr_par' dir='ltr' id='par_1_106' title="bbox 258 5228 1757 5303">
     <span class='ocr_line' id='line_1_107' title="bbox 258 5228 1757 5303; baseline 0.006 -23"><span class='ocrx_word' id='word_1_785' title='bbox 258 5235 281 5273; x_wconf 73' lang='grc' dir='ltr'><strong>ι</strong></span> <span class='ocrx_word' id='word_1_786' title='bbox 316 5228 443 5303; x_wconf 85' lang='lat' dir='ltr'><strong>Cod.</strong></span> <span class='ocrx_word' id='word_1_787' title='bbox 476 5228 533 5283; x_wconf 91' lang='lat' dir='ltr'><strong>S.</strong></span> <span class='ocrx_word' id='word_1_788' title='bbox 567 5229 756 5303; x_wconf 82' lang='lat' dir='ltr'><strong>Crucis</strong></span> <span class='ocrx_word' id='word_1_789' title='bbox 782 5228 1007 5303; x_wconf 54' lang='lat' dir='ltr'><strong>Minon,</strong></span> <span class='ocrx_word' id='word_1_790' title='bbox 1042 5228 1164 5285; x_wconf 88' lang='lat' dir='ltr'><strong>Nisi</strong></span> <span class='ocrx_word' id='word_1_791' title='bbox 1189 5228 1359 5303; x_wconf 72' lang='lat' dir='ltr'><strong>Jonas</strong></span> <span class='ocrx_word' id='word_1_792' title='bbox 1380 5236 1635 5303; x_wconf 83' lang='lat' dir='ltr'><strong>perditum</strong></span> <span class='ocrx_word' id='word_1_793' title='bbox 1663 5237 1757 5289; x_wconf 82' lang='lat' dir='ltr'><strong>de-</strong></span> 
     </span>
    </p>
   </div>
   <div class='ocr_carea' id='block_1_107' title="bbox 195 5299 1759 5368">
    <p class='ocr_par' dir='ltr' id='par_1_107' title="bbox 195 5299 1759 5368">
     <span class='ocr_line' id='line_1_108' title="bbox 195 5299 1759 5368; baseline 0.01 -25"><span class='ocrx_word' id='word_1_794' title='bbox 195 5299 269 5345; x_wconf 78' lang='lat' dir='ltr'><strong>tur</strong></span> <span class='ocrx_word' id='word_1_795' title='bbox 285 5300 557 5368; x_wconf 66' lang='lat' dir='ltr'><strong>naufraga:</strong></span> <span class='ocrx_word' id='word_1_796' title='bbox 584 5299 737 5351; x_wconf 80' lang='lat' dir='ltr'><strong>nauis</strong></span> <span class='ocrx_word' id='word_1_797' title='bbox 768 5299 1050 5368; x_wconf 74' lang='lat' dir='ltr'><strong>periculum</strong></span> <span class='ocrx_word' id='word_1_798' title='bbox 1094 5317 1198 5354; x_wconf 89' lang='lat' dir='ltr'><strong>non</strong></span> <span class='ocrx_word' id='word_1_799' title='bbox 1232 5299 1474 5367; x_wconf 78' lang='lat' dir='ltr'><strong>sedatur;</strong></span> <span class='ocrx_word' id='word_1_800' title='bbox 1511 5306 1601 5359; x_wconf 87' lang='lat' dir='ltr'><strong>cui</strong></span> <span class='ocrx_word' id='word_1_801' title='bbox 1624 5321 1759 5361; x_wconf 82' lang='lat' dir='ltr'><strong>cou-</strong></span> 
     </span>
    </p>
   </div>
   <div class='ocr_carea' id='block_1_108' title="bbox 196 5366 1483 5426">
    <p class='ocr_par' dir='ltr' id='par_1_108' title="bbox 196 5366 1483 5426">
     <span class='ocr_line' id='line_1_109' title="bbox 196 5366 1483 5426; baseline 0.007 -10"><span class='ocrx_word' id='word_1_802' title='bbox 196 5375 372 5421; x_wconf 81' lang='lat' dir='ltr'><strong>sonant</strong></span> <span class='ocrx_word' id='word_1_803' title='bbox 388 5366 517 5422; x_wconf 83' lang='lat' dir='ltr'><strong>cod.</strong></span> <span class='ocrx_word' id='word_1_804' title='bbox 549 5366 805 5422; x_wconf 79' lang='lat' dir='ltr'><strong>Ambros.</strong></span> <span class='ocrx_word' id='word_1_805' title='bbox 836 5374 895 5423; x_wconf 88' lang='lat' dir='ltr'><strong>et</strong></span> <span class='ocrx_word' id='word_1_806' title='bbox 918 5366 1044 5421; x_wconf 89' lang='lat' dir='ltr'><strong>Vat.</strong></span> <span class='ocrx_word' id='word_1_807' title='bbox 1075 5369 1213 5423; x_wconf 78' lang='grc'><strong>1270</strong></span> <span class='ocrx_word' id='word_1_808' title='bbox 1240 5380 1296 5424; x_wconf 91' lang='lat' dir='ltr'><strong>et</strong></span> <span class='ocrx_word' id='word_1_809' title='bbox 1323 5366 1483 5426; x_wconf 70' lang='grc'><strong>4951.</strong></span> 
     </span>
    </p>
   </div>
   <div class='ocr_carea' id='block_1_109' title="bbox 260 5432 1474 5503">
    <p class='ocr_par' dir='ltr' id='par_1_109' title="bbox 260 5432 1474 5503">
     <span class='ocr_line' id='line_1_110' title="bbox 260 5432 1474 5503; baseline 0.007 -16"><span class='ocrx_word' id='word_1_810' title='bbox 260 5432 284 5503; x_wconf 50' lang='grc' dir='ltr'>ξ</span> <span class='ocrx_word' id='word_1_811' title='bbox 318 5435 482 5491; x_wconf 86' lang='lat' dir='ltr'><strong>Iidem</strong></span> <span class='ocrx_word' id='word_1_812' title='bbox 503 5437 668 5493; x_wconf 76' lang='lat' dir='ltr'><strong>Codd.</strong></span> <span class='ocrx_word' id='word_1_813' title='bbox 698 5435 847 5503; x_wconf 87' lang='lat' dir='ltr'><strong>Vat.,</strong></span> <span class='ocrx_word' id='word_1_814' title='bbox 872 5434 1067 5491; x_wconf 85' lang='lat' dir='ltr'><strong>Nonne</strong></span> <span class='ocrx_word' id='word_1_815' title='bbox 1089 5440 1228 5493; x_wconf 74' lang='lat' dir='ltr'><strong>vobis</strong></span> <span class='ocrx_word' id='word_1_816' title='bbox 1256 5440 1474 5496; x_wconf 78' lang='lat' dir='ltr'><strong>videtur.</strong></span> 
     </span>
    </p>
   </div>
   <div class='ocr_carea' id='block_1_110' title="bbox 263 5500 1469 5575">
    <p class='ocr_par' dir='ltr' id='par_1_110' title="bbox 263 5500 1469 5575">
     <span class='ocr_line' id='line_1_111' title="bbox 263 5500 1469 5575; baseline 0.006 -18"><span class='ocrx_word' id='word_1_817' title='bbox 263 5500 279 5575; x_wconf 58' lang='grc' dir='ltr'>ξ</span> <span class='ocrx_word' id='word_1_818' title='bbox 318 5504 446 5575; x_wconf 75' lang='lat' dir='ltr'><strong>Cod.</strong></span> <span class='ocrx_word' id='word_1_819' title='bbox 477 5505 603 5560; x_wconf 86' lang='lat' dir='ltr'><strong>Vat.</strong></span> <span class='ocrx_word' id='word_1_820' title='bbox 639 5500 915 5575; x_wconf 15' lang='lat' dir='ltr'><strong>1270,A_gui</strong></span> <span class='ocrx_word' id='word_1_821' title='bbox 945 5507 1158 5561; x_wconf 82' lang='lat' dir='ltr'><strong>tradidit</strong></span> <span class='ocrx_word' id='word_1_822' title='bbox 1186 5506 1469 5565; x_wconf 82' lang='lat' dir='ltr'><strong>Christum.</strong></span> 
     </span>
    </p>
   </div>
   <div class='ocr_carea' id='block_1_111' title="bbox 222 5572 1762 5651">
    <p class='ocr_par' dir='ltr' id='par_1_111' title="bbox 222 5572 1762 5651">
     <span class='ocr_line' id='line_1_112' title="bbox 222 5572 1762 5651; baseline -0.003 -17"><span class='ocrx_word' id='word_1_823' title='bbox 222 5640 233 5651; x_wconf 84' lang='lat'>_</span> <span class='ocrx_word' id='word_1_824' title='bbox 264 5572 277 5619; x_wconf 72' lang='grc'>³</span> <span class='ocrx_word' id='word_1_825' title='bbox 477 5576 761 5651; x_wconf 59' lang='lat' dir='ltr'><strong>Ambros.,</strong></span> <span class='ocrx_word' id='word_1_826' title='bbox 986 5593 1207 5651; x_wconf 71' lang='lat' dir='ltr'><strong>congrue</strong></span> <span class='ocrx_word' id='word_1_827' title='bbox 1224 5596 1327 5648; x_wconf 84' lang='lat' dir='ltr'><strong>pro</strong></span> <span class='ocrx_word' id='word_1_828' title='bbox 1350 5596 1571 5651; x_wconf 74' lang='lat' dir='ltr'><strong>persona</strong></span> <span class='ocrx_word' id='word_1_829' title='bbox 1592 5582 1762 5651; x_wconf 85' lang='lat' dir='ltr'><strong>genti-</strong></span> 
     </span>
    </p>
   </div>
   <div class='ocr_carea' id='block_1_112' title="bbox 202 5637 1764 5768">
    <p class='ocr_par' dir='ltr' id='par_1_112' title="bbox 202 5637 1764 5768">
     <span class='ocr_line' id='line_1_113' title="bbox 202 5637 1764 5713; baseline 0.008 -22"><span class='ocrx_word' id='word_1_830' title='bbox 202 5638 311 5693; x_wconf 80' lang='lat' dir='ltr'><strong>lium</strong></span> <span class='ocrx_word' id='word_1_831' title='bbox 329 5644 451 5711; x_wconf 81' lang='lat' dir='ltr'><strong>fides</strong></span> <span class='ocrx_word' id='word_1_832' title='bbox 520 5646 719 5699; x_wconf 70' lang='lat' dir='ltr'><strong>entiam</strong></span> <span class='ocrx_word' id='word_1_833' title='bbox 747 5637 1107 5713; x_wconf 48' lang='lat' dir='ltr'><strong>praedicatur:</strong></span> <span class='ocrx_word' id='word_1_834' title='bbox 1138 5637 1267 5701; x_wconf 77' lang='lat' dir='ltr'><strong>[tem</strong></span> <span class='ocrx_word' id='word_1_835' title='bbox 1297 5637 1453 5702; x_wconf 76' lang='lat' dir='ltr'><strong>codd.</strong></span> <span class='ocrx_word' id='word_1_836' title='bbox 1486 5648 1543 5702; x_wconf 90' lang='lat' dir='ltr'><strong>S.</strong></span> <span class='ocrx_word' id='word_1_837' title='bbox 1576 5637 1764 5705; x_wconf 65' lang='lat' dir='ltr'><strong>Crucis</strong></span> 
     </span>
     <span class='ocr_line' id='line_1_114' title="bbox 202 5663 1760 5768; baseline 0.003 -4"><span class='ocrx_word' id='word_1_838' title='bbox 202 5716 251 5763; x_wconf 75' lang='lat' dir='ltr'><strong>et</strong></span> <span class='ocrx_word' id='word_1_839' title='bbox 275 5709 386 5767; x_wconf 82' lang='lat' dir='ltr'><strong>Vat.</strong></span> <span class='ocrx_word' id='word_1_840' title='bbox 596 5712 770 5768; x_wconf 76' lang='lat' dir='ltr'><strong>Quam</strong></span> <span class='ocrx_word' id='word_1_841' title='bbox 805 5730 1031 5768; x_wconf 84' lang='lat' dir='ltr'><strong>conaruc</strong></span> <span class='ocrx_word' id='word_1_842' title='bbox 1075 5731 1158 5768; x_wconf 79' lang='lat' dir='ltr'><strong>aer</strong></span> <span class='ocrx_word' id='word_1_843' title='bbox 1192 5729 1463 5768; x_wconf 71' lang='lat' dir='ltr'><strong>personam</strong></span> <span class='ocrx_word' id='word_1_844' title='bbox 1502 5718 1760 5768; x_wconf 84' lang='lat' dir='ltr'><strong>aenlilem.</strong></span> 
     </span>
    </p>
   </div>
   <div class='ocr_carea' id='block_1_113' title="bbox 202 5709 1761 5786">
    <p class='ocr_par' dir='ltr' id='par_1_113' title="bbox 202 5709 1761 5786">
     <span class='ocr_line' id='line_1_115' title="bbox 202 5709 1761 5786; baseline 0.006 -23"><span class='ocrx_word' id='word_1_845' title='bbox 202 5716 251 5763; x_wconf 74' lang='lat' dir='ltr'><strong>et</strong></span> <span class='ocrx_word' id='word_1_846' title='bbox 275 5709 386 5767; x_wconf 76' lang='lat' dir='ltr'><strong>Vat.</strong></span> <span class='ocrx_word' id='word_1_847' title='bbox 415 5709 548 5783; x_wconf 64' lang='lat'><strong>248,</strong></span> <span class='ocrx_word' id='word_1_848' title='bbox 596 5709 770 5778; x_wconf 76' lang='lat' dir='ltr'><strong>Quam</strong></span> <span class='ocrx_word' id='word_1_849' title='bbox 805 5730 1031 5785; x_wconf 82' lang='lat' dir='ltr'><strong>congrue</strong></span> <span class='ocrx_word' id='word_1_850' title='bbox 1074 5731 1158 5784; x_wconf 84' lang='lat' dir='ltr'><strong>per</strong></span> <span class='ocrx_word' id='word_1_851' title='bbox 1190 5729 1463 5786; x_wconf 77' lang='lat' dir='ltr'><strong>personam</strong></span> <span class='ocrx_word' id='word_1_852' title='bbox 1500 5718 1761 5786; x_wconf 82' lang='lat' dir='ltr'><strong>gentilem,</strong></span> 
     </span>
    </p>
   </div>
   <div class='ocr_carea' id='block_1_114' title="bbox 1954 5097 3463 5174">
    <p class='ocr_par' dir='ltr' id='par_1_114' title="bbox 1954 5097 3463 5174">
     <span class='ocr_line' id='line_1_116' title="bbox 1954 5097 3463 5174; baseline 0.005 -20"><span class='ocrx_word' id='word_1_853' title='bbox 1954 5113 1994 5174; x_wconf 65' lang='lat' dir='ltr'><strong>r_</strong></span> <span class='ocrx_word' id='word_1_854' title='bbox 2016 5101 2149 5155; x_wconf 90' lang='lat' dir='ltr'><strong>Cod.</strong></span> <span class='ocrx_word' id='word_1_855' title='bbox 2180 5097 2475 5174; x_wconf 10' lang='lat' dir='ltr'><strong>S_.77Crticis</strong></span> <span class='ocrx_word' id='word_1_856' title='bbox 2510 5101 2674 5174; x_wconf 80' lang='lat' dir='ltr'><strong>Min.,-</strong></span> <span class='ocrx_word' id='word_1_857' title='bbox 2702 5111 2760 5155; x_wconf 88' lang='lat' dir='ltr'><strong>ut</strong></span> <span class='ocrx_word' id='word_1_858' title='bbox 2798 5104 2875 5156; x_wconf 74' lang='lat' dir='ltr'><strong>vel</strong></span> <span class='ocrx_word' id='word_1_859' title='bbox 2910 5122 3001 5174; x_wconf 76' lang='lat' dir='ltr'><strong>per</strong></span> <span class='ocrx_word' id='word_1_860' title='bbox 3034 5106 3129 5160; x_wconf 88' lang='lat' dir='ltr'><strong>hoc</strong></span> <span class='ocrx_word' id='word_1_861' title='bbox 3156 5108 3463 5162; x_wconf 67' lang='lat' dir='ltr'><strong>erubescens</strong></span> 
     </span>
    </p>
   </div>
   <div class='ocr_carea' id='block_1_115' title="bbox 1878 5171 3464 5246">
    <p class='ocr_par' dir='ltr' id='par_1_115' title="bbox 1878 5171 3464 5246">
     <span class='ocr_line' id='line_1_117' title="bbox 1878 5171 3464 5246; baseline 0.007 -24"><span class='ocrx_word' id='word_1_862' title='bbox 1878 5171 2150 5246; x_wconf 55' lang='lat' dir='ltr'><strong>suhjacere</strong></span> <span class='ocrx_word' id='word_1_863' title='bbox 2171 5171 2322 5233; x_wconf 80' lang='lat' dir='ltr'><strong>vitiis,</strong></span> <span class='ocrx_word' id='word_1_864' title='bbox 2347 5180 2477 5246; x_wconf 86' lang='lat' dir='ltr'><strong>etc._,</strong></span> <span class='ocrx_word' id='word_1_865' title='bbox 2496 5186 2576 5246; x_wconf 65' lang='lat' dir='ltr'><strong>es</strong></span> <span class='ocrx_word' id='word_1_866' title='bbox 2602 5172 2836 5246; x_wconf 82' lang='lat' dir='ltr'><strong>lectione</strong></span> <span class='ocrx_word' id='word_1_867' title='bbox 2864 5171 2985 5231; x_wconf 73' lang='lat' dir='ltr'><strong>end.</strong></span> <span class='ocrx_word' id='word_1_868' title='bbox 3019 5175 3142 5230; x_wconf 87' lang='lat' dir='ltr'><strong>Vat.</strong></span> <span class='ocrx_word' id='word_1_869' title='bbox 3174 5179 3464 5246; x_wconf 85' lang='lat' dir='ltr'><strong>corrigitur</strong></span> 
     </span>
    </p>
   </div>
   <div class='ocr_carea' id='block_1_116' title="bbox 1873 5238 2929 5313">
    <p class='ocr_par' dir='ltr' id='par_1_116' title="bbox 1873 5238 2929 5313">
     <span class='ocr_line' id='line_1_118' title="bbox 1873 5238 2929 5313; baseline 0.003 -20"><span class='ocrx_word' id='word_1_870' title='bbox 1873 5238 2128 5313; x_wconf 77' lang='lat' dir='ltr'><strong>Galesinii</strong></span> <span class='ocrx_word' id='word_1_871' title='bbox 2152 5242 2465 5313; x_wconf 56' lang='lat' dir='ltr'><strong>textuquui</strong></span> <span class='ocrx_word' id='word_1_872' title='bbox 2496 5242 2655 5313; x_wconf 72' lang='lat' dir='ltr'><strong>habet</strong></span> <span class='ocrx_word' id='word_1_873' title='bbox 2682 5243 2929 5313; x_wconf 83' lang='lat' dir='ltr'><strong>digneris.</strong></span> 
     </span>
    </p>
   </div>
   <div class='ocr_carea' id='block_1_117' title="bbox 1944 5308 3383 5383">
    <p class='ocr_par' dir='ltr' id='par_1_117' title="bbox 1944 5308 3383 5383">
     <span class='ocr_line' id='line_1_119' title="bbox 1944 5308 3383 5383; baseline 0.006 -24"><span class='ocrx_word' id='word_1_874' title='bbox 1944 5321 1971 5359; x_wconf 71' lang='grc' dir='ltr'>ς</span> <span class='ocrx_word' id='word_1_875' title='bbox 2011 5308 2456 5383; x_wconf 49' lang='grc' dir='ltr'><strong>[ᾱθιιι-ςοάζγιιῑ.</strong></span> <span class='ocrx_word' id='word_1_876' title='bbox 2489 5308 2648 5383; x_wconf 69' lang='grc'><strong>4951,</strong></span> <span class='ocrx_word' id='word_1_877' title='bbox 2682 5308 2866 5381; x_wconf 49' lang='lat' dir='ltr'><strong>se&#39;ipse</strong></span> <span class='ocrx_word' id='word_1_878' title='bbox 2884 5316 3041 5383; x_wconf 87' lang='lat' dir='ltr'><strong>homo</strong></span> <span class='ocrx_word' id='word_1_879' title='bbox 3070 5316 3383 5383; x_wconf 77' lang='lat' dir='ltr'><strong>confundat.</strong></span> 
     </span>
    </p>
   </div>
   <div class='ocr_carea' id='block_1_118' title="bbox 1942 5378 3457 5453">
    <p class='ocr_par' dir='ltr' id='par_1_118' title="bbox 1942 5378 3457 5453">
     <span class='ocr_line' id='line_1_120' title="bbox 1942 5378 3457 5453; baseline 0.005 -23"><span class='ocrx_word' id='word_1_880' title='bbox 1942 5388 1966 5416; x_wconf 73' lang='grc' dir='ltr'><strong><em>τ</em></strong></span> <span class='ocrx_word' id='word_1_881' title='bbox 2006 5378 2139 5432; x_wconf 88' lang='lat' dir='ltr'><strong>Cod.</strong></span> <span class='ocrx_word' id='word_1_882' title='bbox 2170 5378 2292 5432; x_wconf 87' lang='lat' dir='ltr'><strong>Vat.</strong></span> <span class='ocrx_word' id='word_1_883' title='bbox 2322 5380 2438 5441; x_wconf 87' lang='lat' dir='ltr'><strong>cit.,</strong></span> <span class='ocrx_word' id='word_1_884' title='bbox 2462 5379 2743 5453; x_wconf 30' lang='lat' dir='ltr'><strong>uide‘quam</strong></span> <span class='ocrx_word' id='word_1_885' title='bbox 2768 5378 2917 5453; x_wconf 71' lang='lat' dir='ltr'><strong>fortis</strong></span> <span class='ocrx_word' id='word_1_886' title='bbox 2938 5399 3055 5453; x_wconf 78' lang='lat' dir='ltr'><strong>esse</strong></span> <span class='ocrx_word' id='word_1_887' title='bbox 3074 5378 3242 5452; x_wconf 80' lang='lat' dir='ltr'><strong>possis</strong></span> <span class='ocrx_word' id='word_1_888' title='bbox 3271 5396 3457 5438; x_wconf 84' lang='lat' dir='ltr'><strong>contra</strong></span> 
     </span>
    </p>
   </div>
   <div class='ocr_carea' id='block_1_119' title="bbox 1867 5448 3459 5510">
    <p class='ocr_par' dir='ltr' id='par_1_119' title="bbox 1867 5448 3459 5510">
     <span class='ocr_line' id='line_1_121' title="bbox 1867 5448 3459 5510; baseline 0.003 -9"><span class='ocrx_word' id='word_1_889' title='bbox 1867 5448 2066 5501; x_wconf 85' lang='lat' dir='ltr'><strong>hostem</strong></span> <span class='ocrx_word' id='word_1_890' title='bbox 2097 5457 2269 5510; x_wconf 88' lang='lat' dir='ltr'><strong>tuum;</strong></span> <span class='ocrx_word' id='word_1_891' title='bbox 2298 5464 2412 5500; x_wconf 88' lang='lat' dir='ltr'><strong>cum</strong></span> <span class='ocrx_word' id='word_1_892' title='bbox 2442 5448 2532 5501; x_wconf 85' lang='lat' dir='ltr'><strong>tibi</strong></span> <span class='ocrx_word' id='word_1_893' title='bbox 2560 5448 2808 5504; x_wconf 81' lang='lat' dir='ltr'><strong>Dominus</strong></span> <span class='ocrx_word' id='word_1_894' title='bbox 2838 5452 2907 5503; x_wconf 84' lang='lat' dir='ltr'><strong>ad</strong></span> <span class='ocrx_word' id='word_1_895' title='bbox 2928 5448 3223 5504; x_wconf 75' lang='lat' dir='ltr'><strong>bellandum</strong></span> <span class='ocrx_word' id='word_1_896' title='bbox 3260 5455 3315 5504; x_wconf 88' lang='lat' dir='ltr'><strong>in</strong></span> <span class='ocrx_word' id='word_1_897' title='bbox 3342 5472 3459 5506; x_wconf 52' lang='grc' dir='ltr'><em>ηεαδ</em></span> 
     </span>
    </p>
   </div>
   <div class='ocr_carea' id='block_1_120' title="bbox 1866 5516 3459 5585">
    <p class='ocr_par' dir='ltr' id='par_1_120' title="bbox 1866 5516 3459 5585">
     <span class='ocr_line' id='line_1_122' title="bbox 1866 5516 3459 5585; baseline 0.004 -16"><span class='ocrx_word' id='word_1_898' title='bbox 1866 5516 2017 5570; x_wconf 78' lang='lat' dir='ltr'><strong>nibus</strong></span> <span class='ocrx_word' id='word_1_899' title='bbox 2040 5517 2147 5569; x_wconf 80' lang='lat' dir='ltr'><strong>suis</strong></span> <span class='ocrx_word' id='word_1_900' title='bbox 2175 5518 2479 5585; x_wconf 83' lang='lat' dir='ltr'><strong>principem.</strong></span> <span class='ocrx_word' id='word_1_901' title='bbox 2517 5517 2688 5571; x_wconf 89' lang='lat' dir='ltr'><strong>Codd.</strong></span> <span class='ocrx_word' id='word_1_902' title='bbox 2716 5522 2989 5581; x_wconf 83' lang='lat' dir='ltr'><strong>Ambros.,</strong></span> <span class='ocrx_word' id='word_1_903' title='bbox 3026 5520 3082 5571; x_wconf 88' lang='lat' dir='ltr'><strong>S.</strong></span> <span class='ocrx_word' id='word_1_904' title='bbox 3112 5520 3301 5575; x_wconf 74' lang='lat' dir='ltr'><strong>Cruris</strong></span> <span class='ocrx_word' id='word_1_905' title='bbox 3332 5523 3459 5575; x_wconf 83' lang='lat' dir='ltr'><strong>Min.</strong></span> 
     </span>
    </p>
   </div>
   <div class='ocr_carea' id='block_1_121' title="bbox 1866 5586 3467 5654">
    <p class='ocr_par' dir='ltr' id='par_1_121' title="bbox 1866 5586 3467 5654">
     <span class='ocr_line' id='line_1_123' title="bbox 1866 5586 3467 5654; baseline 0.005 -16"><span class='ocrx_word' id='word_1_906' title='bbox 1866 5595 1921 5638; x_wconf 89' lang='lat' dir='ltr'><strong>et</strong></span> <span class='ocrx_word' id='word_1_907' title='bbox 1952 5587 2071 5638; x_wconf 86' lang='lat' dir='ltr'><strong>Vat.</strong></span> <span class='ocrx_word' id='word_1_908' title='bbox 2106 5587 2230 5654; x_wconf 70' lang='grc'><strong>248,</strong></span> <span class='ocrx_word' id='word_1_909' title='bbox 2261 5586 2331 5639; x_wconf 81' lang='lat' dir='ltr'><strong>ad</strong></span> <span class='ocrx_word' id='word_1_910' title='bbox 2365 5588 2729 5641; x_wconf 85' lang='lat' dir='ltr'><strong>debellandum</strong></span> <span class='ocrx_word' id='word_1_911' title='bbox 2770 5591 2821 5643; x_wconf 82' lang='lat' dir='ltr'><strong>in</strong></span> <span class='ocrx_word' id='word_1_912' title='bbox 2864 5588 3101 5641; x_wconf 66' lang='lat' dir='ltr'><strong>membris</strong></span> <span class='ocrx_word' id='word_1_913' title='bbox 3146 5590 3246 5640; x_wconf 86' lang='lat' dir='ltr'><strong>tuis</strong></span> <span class='ocrx_word' id='word_1_914' title='bbox 3277 5593 3467 5646; x_wconf 23' lang='lat' dir='ltr'><strong>mundi.</strong></span> 
     </span>
    </p>
   </div>
   <div class='ocr_carea' id='block_1_122' title="bbox 1866 5655 2173 5727">
    <p class='ocr_par' dir='ltr' id='par_1_122' title="bbox 1866 5655 2173 5727">
     <span class='ocr_line' id='line_1_124' title="bbox 1866 5655 2173 5727; baseline 0.01 -19"><span class='ocrx_word' id='word_1_915' title='bbox 1866 5655 2173 5727; x_wconf 81' lang='lat' dir='ltr'><strong>principem.</strong></span> 
     </span>
    </p>
   </div>
  </div>
