3924 6232
500 371 606 429 ῧῗῐε)

1550 371 1607 425 5.
1648 366 1890 425 MAXIM!
1928 365 2227 423 EPlSCOPl
2271 364 2721 426 TAURINENSlS

3673 364 3795 419 360

497 502 657 555 quam
704 483 855 539 fortis
902 499 1019 540 esse
1060 486 1235 554 possis
1262 491 1450 539 contra
1481 486 1694 540 hostem
1724 495 1892 548 tuum,
1922 484 2081 537 inter-
2109 489 2155 543 Α
2187 484 2322 538 lieas
2362 484 2629 539 deviceris
2670 490 2984 553 potestates.
3043 483 3159 539 Non
3195 498 3325 553 ergo
3369 494 3423 540 te
3448 486 3788 554 degenerem

504 592 631 644 roga
671 582 871 630 statum
920 584 1067 628 tuum
1091 616 1106 641 ,
1138 575 1283 643 quod
1311 576 1408 629 tibi
1435 576 1697 631 Dominus
1726 575 1793 629 ad
1818 574 2085 628 debellan-

502 666 626 719 dum
648 666 700 719 in
728 666 981 719 membris
1012 666 1119 719 tuis
1147 664 1331 719 mundi
1366 666 1661 735 principem
1684 706 1699 730 ,
1730 678 1794 719 ac
1814 666 2083 733 spiritales

503 755 767 822 nequitias
807 755 1178 823 superandas,
1220 756 1442 810 liberam
1484 755 1711 810 contulit
1744 754 2081 819 facultatem;

502 858 567 897 ac
592 845 671 898 sic
698 844 1025 912 impossibile
1049 860 1156 896 non
1185 854 1340 913 putes
1365 886 1380 911 ,
1432 852 1489 898 ut
1536 845 1813 899 transferri
1841 844 2086 898 obtineas

2187 589 2249 627 ac
2280 574 2591 641 despectum
2615 573 2773 627 faciat
2804 574 2908 627 vita
2928 612 2942 636 ,
2974 587 3133 641 quem
3164 574 3249 629 vel
3274 575 3482 659 {actura
3508 577 3789 645 probatur

2188 664 2447 718 illustrem
2492 665 2782 732 protulisse
2804 705 2821 731 ,
2852 664 2935 719 vel
2962 665 3169 734 gratia,
3214 666 3313 721 sed
3340 682 3557 722 cursum
3588 666 3790 721 ﬁdeles

2189 754 2385 808 Christi
2426 754 2492 808 ad
2538 768 2767 823 superna
2815 753 3136 811 fiducialiter
3179 758 3475 823 extollant;
3527 774 3651 811 nam
3684 760 3786 827 qui

2195 851 2223 880 ει
2251 858 2311 898 se
2356 843 2565 898 caelesti
2610 846 2785 913 pretio
2831 844 3017 900 vident
3061 846 3405 917 redemptos,
3440 846 3509 901 ad
3532 848 3789 902 coelestia

506 934 561 988 in
586 934 857 1003 angelieas
884 934 1265 999 beatitudines,
1311 948 1433 989 cum
1472 934 1525 987 in
1561 933 1667 988 hoc
1695 933 1894 988 saeculo
1923 946 2088 1001 ange—
2182 948 2301 987 non
2323 932 2570 987 dubitent
2594 941 2947 1002 prmparatos.

1858 1043 2198 1106 HOMlLlA
2243 1045 2403 1105 LVI.

1343 1143 1423 1199 De
1453 1144 1632 1199 Maria
1668 1144 2005 1217 Hagdalene,
2028 1155 2077 1200 et
2097 1147 2160 1201 de
2186 1148 2563 1202 resurrectione
2583 1146 2795 1203 Domini
2826 1146 2911 1202 11.

1943 1233 2334 1291 ADMONITIO.

580 1322 693 1380 Etsi
718 1324 861 1398 hanc
902 1330 965 1398 ut
991 1321 1265 1398 ho_miliam
1293 1321 1352 1375 S.
1375 1321 1630 1398 Maximo
1641 1322 1971 1398 probemus,
2000 1326 2217 1398 nonnisi
2246 1325 2381 1398 duos
2410 1326 2624 1398 codices
2652 1326 2843 1398 afferre
2872 1344 3176 1398 possumus,
3207 1328 3591 1385 Taurinensem
3625 1334 3788 1388 vide-

580 1338 693 1380 ιιλιει
721 1338 861 1378 nanc
902 1338 965 1376 ut
992 1338 1265 1377 nommam
1294 1338 1352 1375 δ.
1387 1338 1968 1445 maxrmoMpronemus,
2000 1339 2217 1378 nonms:
2246 1338 2381 1380 cuos
2410 1338 2624 1381 coerces
2652 1338 2843 1383 atferre
2872 1344 3176 1398 possumus,
3207 1338 3591 1385 'l‘aurinensem
3625 1338 3788 1388 vide-

512 1399 795 1470 ¹ί⁰θ¹ι⁰ιὲ¹¹¹
816 1393 971 1447 mulo
998 1411 1022 1470 Ξ
1046 1392 1178 1470 ῙΨΨ
1207 1391 1270 1470 df’
1289 1392 1493 1470 “ﬁdem,
1524 1402 1572 1470 ff
1664 1394 1780 1470 ξενία
1810 1392 2124 1463 ualidam"!
2143 1436 2157 1455 ο
2190 1401 2243 1447 ει
2271 1395 2481 1470 Sancta:
2510 1395 2697 1470 Ct'u_cis
2726 1399 2780 1451 in
2806 1397 3102 1470 Jerusalem
3134 1398 3221 1463 99,
3255 1400 3475 1470 homilia
3505 1402 3587 1464 61,
3620 1405 3788 1470 cujus

513 1465 787 1540 inscriptio
814 1470 937 1540 est:
992 1461 1189 1540 Incipit
1221 1460 1283 1511 de
1306 1459 1483 1540 aria
1514 1460 1866 1531 Magdalene;
1904 1459 2098 1540 :tamen
2129 1478 2236 1540 non
2276 1463 2581 1519 dubitamus
2604 1465 3156 1540 futurumneminem,
3188 1459 3278 1540 qui
3308 1486 3409 1540 nos
3437 1485 3555 1524 esse
3577 1459 3785 1540 repre—

510 1531 769 1589 hensione
796 1532 986 1598 dignos
1012 1538 1184 1599 putet,
1217 1531 1367 1599 quod
1385 1531 1529 1599 illum
1559 1542 1834 1585 auctorem
1870 1532 2111 1599 ejusdem
2135 1531 2301 1586 fuisse
2330 1549 2675 1596 censeamus,
2709 1536 2799 1589 ubi
2829 1531 3169 1591 doctissimos
3198 1531 3470 1593 Maurinos
3500 1540 3553 1592 in
3580 1531 3785 1593 eadem

509 1600 1000 1675 sententiayersari
1020 1598 1307 1675 intelligat.
1347 1598 1488 1675 -_Hos_
1508 1598 1927 1675 igitur,s_i_velit,
1945 1601 2199 1675 consulat
2224 1601 2281 1655 in
2295 1602 2594 1675 appendic.
2620 1619 2927 1659 sermonum
2952 1608 3122 1675 sancti
3152 1606 3432 1675 Augustini
3462 1624 3611 1661 num.
3646 1608 3781 1668 155,

510 1667 568 1727 et
594 1673 647 1725 in
675 1670 821 1791 Binet".
851 1668 918 1722 ad
944 1682 1222 1722 sermones
1246 1666 1647 1721 Ambrosianos.
1707 1668 1842 1721 lllud
1870 1666 2403 1724 animadvertendum
2431 1682 2543 1733 est,
2583 1674 2634 1726 in
2664 1674 2849 1728 codice
2880 1673 3002 1739 172,
3034 1690 3155 1743 pag.
3188 1666 3399 1737 6,vbibl.
3434 1676 3582 1729 olim.
3626 1666 3779 1732 mdil.

510 1741 641 1791 eccl.
730 1738 958 1791 etrouol.
987 1737 1327 1791 Florentium.
1357 1752 1498 1789 nunc
1529 1736 1910 1791 Laurentiano.
1941 1739 2083 1791 lumc
2112 1754 2229 1791 esse
2259 1740 2489 1791 humilia:
2518 1742 2727 1791 titulum
2756 1760 2767 1791 :
2817 1742 2976 1791 Feria
3016 1745 3170 1791 tertia
3213 1745 3268 1791 in
3307 1744 3564 1791 ΡωιεΙιιιιε
3604 1762 3779 1791 εεηπη

510 1741 641 1795 eccl.
676 1736 958 1807 Metropol.
987 1737 1335 1807 Florentium,
1357 1736 1910 1807 nuncLaurentiano,
1941 1739 2083 1807 hunc
2112 1754 2229 1792 esse
2259 1740 2489 1793 humilia:
2518 1742 2727 1796 titulum
2756 1760 2767 1794 :
2817 1736 2997 1796 Feria'
3016 1736 3170 1796 tertia
3213 1736 3268 1796 in
3304 1744 3564 1798 Paschate
3604 1762 3785 1800 sermo

509 1808 678 1883 sancti
713 1806 989 1883 Augustini
1022 1806 1375 1883 episcopunin
1424 1806 1605 1883 codice
1648 1806 2239 1883 Vaticanodﬁjlinag.
2274 1808 2441 1883 ξ›8.“ίι⁸
2454 1819 2630 1883 tergo,
2656 1812 2869 1866 nonnisi
2900 1813 3015 1867 [)ch
3040 1814 3204 1867 verba
3234 1814 3335 1883 legi
3365 1832 3378 1867 :
3416 1814 3566 1868 Unde
3592 1832 3782 1883 supra,

510 1878 662 1951 cujus
689 1872 991 1951 praecedens
1020 1872 1138 1927 eat:
1168 1872 1249 1951 D_e
1283 1872 1677 1951 Resurreclione
1713 1875 1958 1951 Domini,
1989 1872 2334 1951 S._G_re_go_rio
2364 1877 2467 1951 PP.
2500 1872 2760 1951 ascripta;
2802 1883 2869 1951 in,
2882 1883 3066 1951 codice
3094 1897 3224 1937 vero
3260 1872 3619 1946 U'rbevetano,
3652 1872 3781 1951 pag.

511 1941 635 2009 123,
668 1941 702 1998 ιι
730 1953 899 2011 tergo,
931 1946 1047 1997 sine
1078 1943 1329 2016 nomine:
1366 1941 1459 2016 _De
1492 1948 1863 2016 resurrectione
1906 1945 2120 2016 Domini
2162 1941 2294 2016 feria
2329 1949 2528 2016 quinta.
2577 1941 2710 2002 Cum
2742 1950 2827 2004 hic
2854 1950 3115 2004 Maximus
3143 1951 3211 2004 de
3240 1941 3637 2007 resurrectione
3654 1941 3784 2007 ὐὄ-

512 2016 640 2086 rnini
671 2016 938 2086 pneeiptie
962 2026 1264 2086 senuonem
1287 2011 1491 2086 habeat
1513 2052 1527 2073 ,
1583 2014 1790 2086 titulum
1839 2012 1977 2067 colli.
1997 2029 2084 2086 um
2101 2011 2251 2086 _mss_.
2298 2011 2631 2086 pianferimus
2650 2059 2663 2082 ,
2711 2019 3043 2086 inscriptioni
3072 2020 3339 2073 editorum
3367 2038 3378 2071 :
3413 2020 3489 2073 De
3512 2023 3783 2086 seprdmra

511 2080 750 2157 Domini,
782 2080 848 2133 et
872 2081 1050 2157 Maria
1079 2080 1538 2157 Magdaleneujta
1576 2080 1864 2157 Gymnicus
1898 2097 2017 2157 pag.
2039 2080 2513 2157 _12“2,_Calesiuius
2536 2080 2656 2157 pag.
2690 2086 2822 2157 124,
2855 2080 3206 2141 Combelisius
3236 2098 3368 2141 tom.
3402 2090 3465 2151 V,
3495 2080 3616 2157 pag.
3646 2090 3782 2149 585.

511 2152 929 2206 Cumdius.tom.
962 2151 1027 2212 ll,
1066 2148 1191 2218 pag.
1227 2148 1393 2213 1585,
1428 2148 1750 2219 Rayuaudus
1791 2148 1914 2221 pag:
1954 2150 2114 2215 214,.

515 2221 575 2273 S.
606 2221 836 2273 Maximo
860 2222 1188 2273 attribuitur.

2194 2148 2761 2220 Margarinus'in'Bibl.
2791 2156 2930 2210 Max.
2966 2165 3095 2210 tom.
3130 2157 3215 2221 Vl,
3242 2172 3361 2227 pag.
3396 2148 3783 2226 2l,'avqnibns

560 2259 575 2274 .
606 2222 836 2273 Maximo
860 2222 1188 2273 attribuitur.

512 2312 901 2383 Augunsnrou.
936 2342 1006 2383 —-_-
1046 2308 1121 2363 De
1168 2311 1439 2379 objurgnta
1484 2307 1657 2383 Maria
1714 2308 2090 2383 Magdalena_a
2124 2313 2166 2369 Β
2195 2316 2280 2362 cat
2315 2327 2326 2361 :
2363 2308 2497 2372 Quia
2526 2310 2685 2365 Pater
2712 2314 2765 2365 in
2792 2328 2889 2375 me,
2924 2322 2973 2366 et
3011 2328 3105 2383 ego
3130 2314 3185 2366 in
3214 2312 3375 2366 Patre
3402 2313 3577 2383 (Joan.
3614 2315 3727 2382 xw)
3766 2331 3779 2365 :

582 2380 785 2434 Christo
804 2417 819 2439 ,
852 2379 987 2448 quod
1012 2392 1127 2430 cum
1154 2378 1266 2446 post
1298 2380 1721 2448 resurrectionem
1758 2388 2006 2447 quwreret
2034 2378 2088 2429 in

581 2452 835 2516 sepulcro,
858 2444 907 2501 et
938 2449 1087 2500 vellet
1128 2444 1361 2517 tangere.
1398 2444 1517 2517 on
1552 2448 1605 2497 in
1634 2444 1791 2517 terra,
1830 2463 1987 2516 neque
2010 2462 2087 2517 se:

580 2514 803 2571 cundum
848 2533 1056 2569 carnem
1102 2514 1331 2587 quarere
1378 2516 1617 2567 debemus
1662 2514 2091 2587 Salvatorem,_si

580 2590 811 2641 volumus
838 2603 953 2639 eum
986 2583 1212 2639 invenire
1251 2596 1299 2638 et
1330 2593 1563 2653 tangere,
1593 2584 1682 2636 sed
1704 2584 1982 2637 secundum
2010 2583 2092 2636 di-

583 2660 716 2711 vina:
739 2656 1026 2724 majestatis
1056 2657 1299 2725 gloriam.

585 2748 765 2801 Haeret
810 2747 984 2800 adhuc
1028 2746 1274 2800 sensibus
1324 2746 1535 2809 nostris,
1588 2744 1800 2809 fratres,
1851 2744 1954 2797 hoc
1994 2757 2092 2797 nos

511 2845 639 2891 ante
686 2836 801 2889 dies
848 2836 1199 2903 paucissimos
1228 2836 1543 2904 prmdicasse
1566 2876 1581 2895 ,
1624 2835 1765 2903 quod
1796 2834 1960 2887 Maria
1989 2833 2093 2886 Ma-

511 2927 738 2995 gdalene
768 2941 873 2979 non
902 2925 1092 2979 leviter
1118 2924 1276 2979 fuerit
1304 2927 1581 2993 objurgata
1602 2968 1614 2989 ,
1647 2942 1741 2979 cur
1767 2936 1887 2994 post
1915 2939 2091 2977 resur-

512 3015 807 3070 rectionem
833 3014 1118 3068 Domiuum
1147 3022 1412 3082 quazreret
1460 3016 1513 3067 in
1561 3015 1838 3083 sepulcro,
1888 3023 1943 3066 et
1984 3028 2091 3065 non

512 3106 863 3160 reminiscens
889 3106 1175 3160 verborum
1205 3106 1341 3173 ejus,
1373 3108 1565 3176 quibus
1592 3122 1650 3161 se
1678 3108 1743 3160 ab
1772 3106 1953 3160 inferis
1984 3114 2093 3159 ter-

515 3196 588 3248 tia
614 3196 703 3249 die
741 3209 864 3248 esse
903 3200 1331 3249 resurrecturum
1359 3197 1586 3261 dixerat,
1620 3202 1831 3263 putaret
1853 3210 1973 3249 eum
2004 3194 2090 3247 ine

516 3285 652 3339 ferui
700 3284 908 3351 legibus
954 3284 1202 3337 detineri.
1254 3284 1510 3351 Arguitur
1556 3286 1699 3337 enim
1747 3300 1852 3337 non
1885 3285 2089 3348 leviter,

514 3392 613 3431 cur
656 3392 765 3431 nou
794 3376 821 3413 δ
857 3386 1255 3431 memoraretur
1302 3379 1707 3432 resurrectionis
1750 3378 2091 3446 promissum,

513 3482 577 3522 ac
614 3470 801 3521 mortis
828 3474 1160 3521 scrutaretur
1184 3467 1459 3522 indicium.
1511 3467 1668 3521 Fides
1708 3468 1849 3521 enim
1882 3468 2095 3521 humilis

511 3569 570 3613 et
616 3560 835 3627 ignara,
891 3556 1086 3626 quaerit
1130 3559 1275 3625 quod
1322 3561 1525 3623 nescit,
1576 3560 1906 3614 obliviscitur
1950 3561 2094 3628 quod

2194 2415 2223 2451 a
2248 2416 2356 2467 quo
2386 2416 2483 2469 per
2524 2402 2859 2456 indiscretam
2900 2401 3193 2457 divinitatis
3234 2404 3586 2457 substantiam
3636 2421 3781 2457 nun-

2191 2506 2351 2558 quam
2379 2500 2461 2544 est
2487 2501 2797 2559 separatus;
2840 2492 2964 2546 dum
3000 2493 3143 2546 enim
3173 2509 3311 2547 unus
3341 2495 3392 2546 in
3424 2510 3531 2547 uno
3572 2502 3779 2553 manet,

2188 2596 2402 2657 semper
2434 2579 2645 2635 Patrem
2676 2581 2973 2656 Filiumque
3011 2584 3171 2638 simul
3200 2599 3320 2638 esse
3348 2584 3615 2652 signiﬁcat
3641 2602 3656 2648 ;
3685 2592 3781 2637 aut

2190 2672 2430 2739 nunquid
2454 2672 2579 2725 illuc
2606 2673 2897 2727 ascendere
2927 2688 2986 2728 se
3008 2673 3136 2728 dicit
3164 2674 3349 2739 Filius,
3381 2675 3472 2728 ubi
3511 2684 3639 2728 ante
3676 2677 3776 2726 ha-

2192 2762 2325 2815 bitat
2363 2778 2520 2829 quam
2564 2764 2852 2817 ascendat?
2898 2763 3042 2818 Dixit
3080 2766 3221 2819 enim
3270 2765 3411 2819 idem
3466 2765 3775 2818 Dominus:

2192 2853 2360 2907 Nemo
2402 2854 2634 2907 ascendit
2668 2856 2723 2908 in
2754 2857 2956 2918 cazlum,
2994 2857 3095 2909 nisi
3136 2857 3222 2927 qui
3257 2855 3516 2909 descendit
3551 2852 3613 2907 de
3650 2854 3781 2906 «elo

2192 2944 2362 2998 Filius
2391 2945 2629 3009 hominis,
2654 2948 2739 3017 qui
2765 2948 2819 2999 in
2841 2947 2965 3000 caelo
2986 2956 3060 3001 est
3084 2947 3263 3016 (Joan.
3289 2948 3389 3014 ιιι).
3415 2946 3471 3001 Si
3495 2960 3623 3013 ergo
3650 2962 3778 3000 cum

2191 3036 2465 3090 descendit
2495 3038 2744 3092 Salvator
2783 3038 2836 3092 in
2878 3040 3015 3094 οαςιο
3044 3050 3147 3105 est,
3188 3042 3355 3093 multo
3399 3042 3559 3095 etiam
3606 3041 3781 3106 magis

2192 3127 2501 3195 priusquam
2525 3137 2549 3173 ε
2574 3128 2847 3191 ascendat,
2870 3129 2923 3182 in
2952 3128 3092 3183 caalo
3118 3136 3217 3182 est.
3251 3129 3355 3182 Sed
3384 3130 3505 3181 vi.le
3537 3144 3606 3182 ne
3637 3128 3781 3181 forte

2193 3216 2256 3270 ad
2280 3216 2705 3285 objurgationem
2728 3216 2905 3271 Maria:
2925 3233 3030 3272 vox
3053 3219 3149 3271 ista
3174 3218 3440 3286 pertineat
3464 3234 3476 3268 :
3501 3217 3585 3270 cui
3612 3218 3782 3284 paulo

2194 3314 2317 3359 ante
2348 3308 2487 3360 inter
2514 3306 2760 3375 sepulcra
2785 3307 3045 3374 quaerenti
3065 3306 3576 3359 Dnniinum'dicitur
3602 3325 3613 3359 :
3638 3305 3780 3369 Quid

2195 3397 2379 3466 quwris
2414 3398 2659 3449 viventem
2691 3412 2805 3448 cum
2844 3396 3102 3449 mortuis?
3138 3394 3289 3449 Nunc
3328 3395 3553 3448 addatur
3596 3413 3609 3447 :
3646 3394 3782 3449 Noli

2194 3502 2273 3538 me
2294 3495 2519 3555 tangere,
2543 3485 2661 3553 quia
2682 3485 2910 3538 nondum
2938 3485 3151 3538 escendi
3178 3485 3246 3536 ad
3269 3484 3509 3547 Patrem;
3538 3485 3641 3539 hoc
3668 3494 3777 3545 est,

2195 3575 2321 3643 quid
2350 3590 2434 3627 me
2456 3564 2765 3641 contingere
2793 3571 2961 3642 cupis,
2991 3588 3109 3641 qua:
3137 3587 3242 3635 me,
3267 3572 3391 3626 dum
3432 3573 3569 3626 ἰηιρι·
3598 3582 3782 3627 tumu-

512 3651 775 3714 ἀυεθιιιτς
818 3648 1009 3703 festina
1054 3650 1271 3717 quidem
1320 3660 1401 3705 θεῖ
1443 3651 1511 3705 ad
1544 3652 1890 3719 ObSCQUiumi
1942 3654 2093 3723 177
2124 3658 2168 3719 C
2199 3667 2279 3719 los
2310 3665 2519 3733 quaeris,
2552 3664 2727 3717 adhuc
2753 3663 2818 3716 ad
2854 3662 3067 3717 Patrem
3097 3663 3401 3716 ascendisse
3430 3678 3535 3715 non
3563 3662 3778 3725 credis;

512 3737 604 3791 sed
632 3752 739 3790 non
786 3735 1021 3805 perfecta
1050 3746 1133 3792 est
1178 3737 1243 3791 ad
1279 3738 1636 3803 credendum;
1672 3749 1695 3778 ο
1725 3740 1884 3793 anxia
1924 3749 2007 3794 est
2030 3742 2097 3794 de

511 3829 791 3884 dominia:
835 3829 1013 3882 carnis
1054 3828 1255 3903 injuria
1279 3869 1293 3894 ,
1352 3829 1449 3883 sed
1499 3830 1699 3885 incerta
1747 3830 1814 3885 de
1858 3845 2099 3885 resurre-

512 3920 706 3973 ctionis
751 3917 951 3985 gloria;
1010 3918 1188 3986 plorat
1232 3919 1448 3986 quidem
1489 3935 1673 3974 amore
1715 3920 1949 3985 Christi,
2004 3921 2097 3976 sed

512 4014 705 4061 num'et
749 4008 1128 4075 desperatione
1176 4010 1419 4077 corporis
1460 4025 1567 4064 non
1606 4011 1845 4080 reperti;
1875 4012 2096 4081 periisse

513 4104 665 4167 putat
691 4110 851 4163 quem
876 4096 987 4164 jam
1015 4110 1240 4164 regnare
1274 4101 1585 4164 constabat;
1625 4098 1651 4138 ἀ
1682 4109 1949 4157 scrutatur
1970 4117 2093 4157 eum

514 4188 567 4240 in
599 4188 825 4250 tumulo,
860 4200 1020 4253 quem
1050 4187 1300 4241 invocare
1320 4191 1498 4257 potius
1521 4190 1742 4246 deberet
1767 4207 1797 4244 a
1818 4193 1975 4248 coelo.
2009 4192 2095 4246 ln-

514 4284 767 4345 crepatur
798 4276 959 4343 igitur
990 4276 1048 4330 S.
1082 4275 1246 4331 Maria
1276 4286 1526 4347 tanquam
1553 4281 1755 4351 pigrior
1777 4282 1843 4336 ad
1873 4282 2096 4337 creden-

513 4367 665 4430 dum,
680 4374 746 4419 .et
770 4382 892 4420 cum
916 4381 1038 4420 sera
1066 4366 1191 4420 licet
1213 4367 1491 4423 Dominum
1515 4372 1874 4437 cognovisset,
1899 4370 2094 4429 dicitur

515 4458 567 4510 ei
591 4472 621 4508 a
649 4455 927 4510 Salvatore
952 4475 965 4508 :
992 4455 1117 4509 Noli
1140 4473 1219 4510 me
1240 4467 1465 4529 tangere,
1490 4461 1611 4528 quia
1636 4460 1863 4514 nondum
1886 4462 2094 4515 escendi

516 4548 589 4601 ad
617 4546 847 4600 Patrem.
880 4548 995 4601 Noli
1043 4564 1129 4602 me
1156 4556 1404 4617 tangere,
1452 4552 1833 4621 iucrepationis
1872 4553 2094 4607 verbum

517 4647 633 4703 est;
664 4638 766 4691 hoc
793 4647 876 4691 est
907 4630 1013 4692 noli
1044 4654 1129 4693 me
1159 4648 1378 4708 tangere
1416 4643 1681 4707 manibus,
1712 4644 1964 4712 quoniam
2008 4658 2095 4697 re-

520 4730 905 4785 surrectionem
948 4745 1120 4783 meam
1169 4732 1395 4786 mentis-
1414 4734 1682 4788 oblivione
1724 4750 1830 4789 non
1870 4735 2091 4791 retines.

522 4831 548 4859 ο
564 4824 581 4841 ⁶
598 4820 713 4874 Hoc
723 4830 807 4874 est
821 4820 939 4875 Noli
960 4836 1043 4875 me
1059 4829 1277 4888 tangere
1288 4824 1553 4889 manibus,
1571 4824 1823 4891 quoniam
1842 4822 1963 4880 fidei
1980 4840 2097 4895 per-

520 4909 753 4965 l‘ectione
780 4926 887 4963 non
916 4912 1105 4977 tangis.
1152 4910 1266 4964 Non
1296 4923 1449 4979 potes
1483 4927 1567 4966 me
1607 4915 1881 4982 corporeis
1910 4923 2096 4971 tenere

2196 3769 2315 3822 qua:
2341 3754 2465 3807 dum
2497 3769 2582 3806 me
2611 3752 2751 3807 inter
2780 3751 2983 3807 inferna
3013 3754 3269 3807 scrutaris
3312 3753 3378 3807 ad
3418 3753 3653 3807 cmlestia
3690 3768 3780 3807 re-

2194 3846 2357 3899 diisse
2396 3842 2629 3907 difﬁdis;
2678 3845 2805 3898 dum
2853 3845 2992 3899 inter
3034 3854 3275 3899 mortuos
3314 3845 3539 3912 qureris,
3592 3844 3781 3898 vivere

2195 3951 2316 3989 cum
2360 3934 2469 3988 Deo
2513 3933 2669 3988 Patre
2717 3950 2839 3989 meo
2888 3944 2994 3989 n0n
3043 3951 3245 4004 speras.
3280 3935 3540 3997 Nondum,
3580 3935 3777 4003 inquit,

2194 4024 2407 4079 ascendi
2437 4024 2504 4077 ad
2529 4023 2743 4079 Patrem
2779 4043 2791 4078 :
2822 4026 2924 4081 hoc
2955 4036 3055 4090 est,
3081 4027 3175 4080 tibi
3203 4027 3434 4080 nondum
3460 4025 3676 4079 aseendi
3712 4025 3777 4080 ad

2194 4114 2435 4179 Patrem;
2464 4115 2588 4183 quia
2616 4115 2757 4185 apud
2787 4110 2942 4170 ﬁdem
2972 4126 3114 4171 tuam
3143 4117 3316 4171 adhuc
3344 4116 3590 4170 detineor
3613 4117 3667 4169 in
3690 4130 3779 4171 se-

2194 4207 2397 4275 pulcro.
2431 4205 2697 4271 Quantum
2729 4207 2781 4260 in
2814 4215 2865 4262 te
2888 4215 2971 4262 est
3005 4208 3148 4261 enim
3181 4210 3336 4276 178
3361 4208 3532 4261 adhuc
3560 4206 3777 4261 humili-

2193 4294 2291 4349 bus
2322 4296 2596 4359 immoror,
2628 4294 2804 4354 adhuc
2832 4298 3057 4351 terrenis
3086 4297 3339 4359 inhzereo,
3378 4297 3501 4365 quia
3536 4295 3775 4349 nondum

2194 4400 2280 4439 me
2311 4384 2442 4440 fides
2472 4395 2559 4439 tua
2586 4387 2816 4441 elevavit
2842 4388 2908 4442 ad
2938 4388 3154 4442 caelum.
3191 4386 3329 4453 Quid
3351 4401 3477 4455 ergo
3506 4403 3595 4441 me
3623 4386 3776 4441 festi-

2194 4490 2291 4529 nas
2318 4476 2629 4545 contingere
2674 4486 2734 4530 ut
2778 4477 2871 4530 Dei
2900 4476 3111 4541 Filium,
3142 4492 3301 4545 quem
3347 4478 3659 4531 redeuntem
3709 4476 3776 4531 ad

2194 4563 2406 4619 Patrem
2436 4566 2627 4619 mentis
2655 4566 2942 4620 devotione
2971 4581 3075 4619 non
3094 4558 3376 4633 sequeris?
3404 4565 3658 4636 Quisquis
3676 4568 3775 4635 igi-

2195 4660 2284 4708 tur
2302 4655 2417 4708 vult
2436 4655 2749 4722 contingere
2776 4656 3059 4711 Dominum
3081 4655 3433 4722 Salvatorem,
3457 4658 3605 4726 prius
3628 4657 3773 4711 illum

2194 4743 2356 4799 debet
2395 4744 2496 4799 ﬁde
2523 4760 2617 4800 sua
2646 4746 2712 4799 ad
2739 4747 3015 4799 dexteram
3052 4746 3352 4801 Divinitatis
3393 4747 3692 4817 imponere,
3723 4755 3775 4802 et

2195 4834 2511 4889 credulitate
2531 4835 2707 4888 cordis
2725 4836 2992 4889 collocare
3017 4836 3069 4889 iu
3090 4836 3416 4900 coelestibus,
3432 4838 3773 4907 potiusquam

2197 4924 2337 4977 inter
2364 4923 2642 4979 defunctos
2670 4925 2958 4992 inquirere.
2987 4924 3067 4979 llli
3096 4934 3276 4980 autem
3320 4926 3563 4981 ascendit
3590 4926 3772 4981 Domi-

520 5001 856 5071 amplexibus
883 5002 934 5065 ‘;
961 5002 1211 5068 quoniam
1244 5002 1553 5069 prohibetur
1582 5011 1746 5067 tactu,
1776 5004 1795 5041 ῐ
1827 5019 1945 5073 qua:
1967 5006 2095 5060 ami-
2122 5006 2173 5064 D
2198 5029 2298 5068 nus
2325 5014 2391 5067 ad
2422 5012 2654 5077 Patrem,
2677 5014 2769 5081 qui
2796 5029 2918 5068 eum
2944 5029 3160 5083 semper
3179 5029 3301 5069 esse
3320 5015 3492 5069 credit
3518 5015 3573 5069 in
3596 5013 3768 5069 Patre.

519 5094 591 5150 sit
617 5092 890 5155 auditum;
930 5089 1056 5143 Noli
1093 5108 1191 5154 me,
1224 5093 1411 5159 inquit,
1444 5101 1673 5162 tangere,
1704 5096 1825 5163 quia
1864 5097 2093 5149 nondum

520 5180 731 5234 ασθαιάί
771 5180 841 5232 ad
869 5177 1080 5231 Patrem
1125 5179 1305 5237 (Joan.
1355 5180 1467 5247 xx).
1501 5180 1786 5236 Videamus
1824 5186 2097 5251 quomodo

520 5270 588 5325 ad
609 5268 827 5323 Patrem
855 5267 1089 5322 nondum
1114 5267 1416 5322 ascenderit
1442 5268 1701 5337 Christus,
1733 5289 1853 5328 cum
1877 5276 1989 5344 ipso
2015 5275 2095 5330 di-

594 5452 622 5511 f
660 5442 791 5496 Cod.
822 5441 1092 5511 Ambros,
1118 5457 1171 5493 se
1199 5456 1232 5511 ᾳ
1255 5441 1446 5494 caelesti
1466 5446 1648 5511 pretio.

593 5509 621 5549 δ
657 5511 788 5563 Cod.
820 5510 877 5563 S.
908 5508 1094 5563 Crucis
1123 5510 1173 5563 iu
1201 5508 1335 5565 εἰει..
1370 5508 1819 5571 reniemoraretar.

595 5592 617 5619 ε
647 5579 872 5632 Codices
906 5594 937 5631 ι
981 5578 1258 5641 Laurent.,
1298 5578 1436 5633 Plut.
1471 5588 1576 5647 xw,
1608 5595 1664 5638 et
1702 5586 1760 5639 S.
1806 5585 1995 5642 Crucis
2042 5589 2095 5642 in

524 5649 628 5705 Jer.
661 5650 748 5709 99,
781 5648 943 5700 anxia
970 5649 1105 5701 enim
1128 5658 1222 5709 est,
1256 5661 1361 5703 etc.

593 5722 618 5756 ά
641 5718 784 5772 lJcm
805 5718 927 5771 cod.
953 5716 1227 5782 Laurcnl.,
1248 5729 1301 5771 ct
1323 5719 1379 5773 S.
1410 5718 1595 5776 Crucis
1622 5721 1673 5776 in
1701 5721 1807 5779 Jcr.
1834 5733 2095 5778 scrutatur

2198 5104 2453 5160 Ascendit
2477 5105 2651 5158 beatis
2677 5105 2936 5173 apostolis
2962 5105 3029 5159 ad
3054 5103 3289 5171 Patrem,
3320 5105 3515 5173 quibus
3537 5106 3613 5159 ait
3636 5123 3649 5158 :
3676 5104 3771 5169 Qui

2196 5211 2277 5247 me
2294 5193 2452 5255 videt,
2476 5192 2611 5245 videt
2631 5204 2680 5247 et
2706 5192 2921 5247 Patrem
2950 5193 3129 5264 (Joan.
3146 5191 3283 5265 xrv).
3310 5195 3567 5249 Ascendit
3584 5193 3770 5249 Joanni

2197 5281 2565 5351 Evangelisue,
2588 5282 2680 5350 qui
2701 5282 2842 5351 apud
2862 5282 3077 5338 Patrem
3103 5298 3228 5338 eum
3245 5284 3513 5353 quaesivit,
3543 5293 3600 5339 et
3625 5298 3772 5354 rape.

2201 5452 2338 5504 enim
2367 5468 2500 5505 rum.

2275 5534 2297 5557 υ
2320 5520 2403 5576 Ex
2424 5522 2544 5575 cod.
2576 5522 2827 5576 Laurent.
2860 5537 3055 5575 cum.

2236 5589 2295 5708 vi
2322 5588 2455 5709 Co‘d‘.
2488 5590 2543 5643 S.
2577 5588 2763 5645 Crucis
2791 5590 2939 5655 Min.,
2970 5588 3266 5659 prohibetur
3294 5600 3454 5662 tactu,
3482 5611 3632 5665 quem
3655 5594 3771 5648 σηιξη

2236 5675 2243 5709 ι
2303 5674 2365 5708 an
2408 5674 2427 5709 ι
2452 5674 2531 5711 us.

2204 5667 2267 5709 ιιι
2303 5667 2531 5711 auditus.

2272 5737 2295 5772 ό
2328 5726 2457 5780 Cod.
2492 5726 2548 5781 S.
2580 5728 2767 5783 Crucis
2795 5728 2846 5783 in
2866 5726 2997 5785 Jer..
3029 5725 3280 5781 asceddit.
