3924 6232
111 360 178 414 ππι
1417 354 1602 410 IIOMII
1626 355 1694 409 IA
1733 353 1878 409 LVII.

3225 346 3339 399 362'

113 480 188 542 rit;
217 485 360 543 atque
387 475 505 528 ideo
538 473 618 527 ait
651 491 664 526 :
703 472 774 526 Et
819 475 1033 527 Verbum
1066 481 1177 524 erat
1214 471 1352 540 apud
1380 469 1563 534 Deum,
1592 478 1639 522 et
1671 477 1714 530 Α
1744 469 1864 523 Cor.
1893 469 1969 538 v).
2002 468 2165 536 igitur
2193 475 2248 522 et
2275 465 2582 535 Stephanus
2612 466 2800 520 beatus
2841 461 2942 519 llde
2972 479 3065 519 sua
3097 479 3205 520 non
3234 481 3327 520 su-

115 569 220 620 Deus
251 575 351 620 erat
398 566 626 620 Verbum
659 565 846 636 (Joan.
879 567 949 635 ι).
996 563 1246 618 Ascendit
1285 563 1448 618 etiam
1488 564 1648 616 beato

114 657 260 725 Paulo,
287 659 389 728 qui,
427 673 534 710 non
567 668 589 692 η
623 665 914 710 contentus
953 672 1010 710 se
1038 656 1177 709 seire
1205 654 1349 723 quod
1393 660 1636 716 noverat,

111 764 185 801 nos
221 763 416 817 quoque
461 747 651 801 docuit
701 745 1149 814 quemadmodum
1207 744 1543 799 Salvatorem
1593 743 1644 796 in

113 837 371 890 coelestibus
403 851 770 905 quaereremus
796 835 824 874 δ
859 853 872 889 :
919 833 1046 899 Qua:
1096 851 1299 889 sursum
1344 844 1466 887 sunt
1506 849 1648 905 quie-

113 928 212 988 rite;
235 926 311 978 ubi
335 926 570 980 Christus
599 935 677 980 est
704 926 758 978 in
791 925 1005 978 dextera
1036 923 1135 977 Dei
1163 923 1346 977 sedens
1375 919 1508 991 (Col.
1544 922 1646 989 tu).

114 1014 162 1065 Et
182 1025 230 1067 ut
251 1031 340 1069 nos
367 1016 432 1069 ab
467 1017 573 1069 hac
603 1015 787 1068 humili
815 1015 899 1068 vel
923 1023 1137 1069 terrena
1166 1014 1510 1081 inquisitione
1538 1011 1650 1064 Ma-

113 1105 181 1157 ria:
212 1105 408 1172 penitus
434 1105 801 1169 submoveret,
831 1103 979 1156 addit
1004 1103 1188 1156 dicens
1220 1118 1234 1154 :
1270 1100 1400 1164 Qum
1445 1115 1651 1153 sursum

111 1207 201 1247 sunt
225 1199 395 1266 sapite,
423 1215 531 1250 non
555 1213 671 1265 qua:
693 1213 848 1264 super
871 1206 1079 1249 terram.
1117 1195 1256 1263 Ergo
1287 1210 1393 1249 non
1418 1194 1528 1262 jam
1557 1209 1651 1248 su-

111 1301 186 1354 per
207 1293 409 1353 terram,
441 1301 548 1340 nec
576 1286 628 1339 in
658 1294 823 1352 terra,
853 1301 954 1339 nec
980 1284 1273 1339 secundum
1300 1298 1518 1338 carnem
1554 1283 1651 1337 de-

111 1375 263 1429 bemus
285 1390 526 1444 quaerere
553 1374 910 1440 Salvatorem,
939 1374 985 1428 si
1006 1373 1251 1428 volumus
1278 1388 1402 1427 eum
1439 1371 1650 1426 inveni-

114 1479 155 1516 re
181 1472 322 1533 atque
347 1466 692 1532 contingere,
725 1463 820 1517 sed
857 1463 1149 1517 secundum
1177 1462 1371 1517 divinae
1400 1461 1653 1530 majesta-

113 1553 164 1604 tis
187 1554 422 1620 gloriam;
461 1563 522 1606 ut
547 1553 787 1607 dicamus
822 1567 946 1607 cum
975 1552 1226 1622 apostolo
1254 1550 1421 1605 Paulo
1451 1568 1462 1603 :
1499 1548 1655 1604 Nunc

113 1652 250 1697 atem
282 1645 561 1697 secundum
603 1659 816 1696 carnem
857 1658 962 1696 non
1006 1642 1240 1696 nouimus
1270 1640 1530 1694 Christum
1569 1639 1656 1709 (ιι

1754 576 1850 630 per
1877 569 2075 614 terram
2102 558 2346 627 quaesivit
2371 556 2661 622 Christum,
2692 555 2786 610 sed
2827 562 3060 609 stantem
3089 555 3238 608 illum
3266 556 3334 609 ad

1754 650 1845 703 Dei
1869 650 2146 702 dexteram
2170 647 2480 713 recognovit
2513 664 2525 698 :
2561 646 2632 700 ibi
2659 646 2806 699 illum
2830 645 3053 714 reperit,
3072 645 3161 700 ubi
3189 661 3338 701 men-

1754 740 1820 793 tis
1847 738 2134 792 devotione
2163 737 2423 804 qumsivit.
2459 736 2573 790 Non
2604 736 2777 790 solum
2808 743 2988 789 autem
3028 735 3335 806 Stephanus

1754 829 1807 882 in
1838 827 1977 882 caelo
2009 825 2152 880 videt
2177 824 2467 889 Christum,
2498 824 2591 878 sed
2632 824 2969 894 et-martyrio
2995 839 3098 880 suo
3127 827 3329 894 tangit;

1755 922 1924 989 tangit
1951 922 2093 976 enim
2135 922 2438 988 Dominum,
2468 937 2590 975 cum
2619 937 2718 990 pro
2748 921 2978 976 inimicis
3001 921 3110 976 suis
3149 935 3332 988 orans,

1759 1011 1843 1066 vel
1872 1009 1975 1064 ﬁde
2003 1025 2097 1064 sua
2127 1019 2316 1064 tenens
2351 1011 2521 1077 illum,
2560 1010 2688 1065 dicit
2719 1029 2730 1062 :
2757 1010 2996 1075 Domine,
3028 1028 3094 1064 ne
3135 1019 3338 1065 statuas

1754 1098 1861 1152 illis
1891 1097 1984 1151 hoc
2011 1103 2274 1168 peccatum
2304 1097 2440 1169 (Act.
2472 1098 2591 1168 vn).
2647 1099 2931 1167 Intelligite
2972 1111 3100 1166 ergo
3134 1109 3340 1168 quanta

1756 1187 2060 1241 devotionis
2098 1195 2180 1240 est
2221 1187 2410 1254 gloria.
2443 1187 2607 1242 Maria
2642 1188 2794 1256 juxta
2822 1188 3103 1243 Dominum
3136 1188 3338 1243 consti-

1757 1284 1870 1330 tuta
1899 1291 2020 1330 eum
2049 1283 2272 1344 tangere
2302 1292 2407 1331 non
2447 1285 2685 1331 meretur
2711 1294 2725 1331 :
2765 1277 3068 1348 Stephanus
3095 1277 3149 1331 in
3180 1277 3341 1331 terris

1759 1367 1966 1435 positus
1990 1365 2264 1420 Christum
2309 1368 2480 1434 tangit
2527 1367 2581 1422 in
2609 1370 2768 1433 coelo,
2810 1369 2900 1423 illa
2939 1369 3079 1424 inter
3119 1367 3340 1437 angelos

1761 1467 2076 1526 prtesentem
2115 1473 2220 1512 non
2264 1458 2411 1512 videt
2450 1458 2784 1513 Salvatorem
2815 1475 2827 1512 :
2856 1460 3161 1530 Stephanus
3199 1461 3337 1514 intra

1763 1548 1930 1603 carius
1951 1549 2232 1601 Dominum
2258 1549 2427 1603 cernit
2449 1549 2744 1602 absentem.

1413 1728 1757 1790 HOMILIA
1804 1729 1991 1788 LVII.

1181 1828 1261 1881 De
1299 1827 1478 1880 eadem
1508 1826 1728 1880 Pascha:
1759 1825 2082 1879 solemnitate
2113 1823 2230 1878 111.

1512 1910 1906 1968 ADMONITIO.

174 2009 310 2132 ΨΘ
335 2007 595 2064 miriﬁcus
617 2006 835 2076 quidem
875 2021 939 2061 ac
966 2021 1102 2087 pene
1130 2005 1416 2075 singularis
1443 2014 1526 2059 est
1553 2002 1964 2088 codicum.mss.
1996 2019 2276 2085 numerus,
2296 2006 2387 2074 qui
2413 2006 2864 2090 elegantissimam
2893 2009 3032 2064 hanc
3071 2008 3345 2092 homiliam

113 2078 160 2132 S.
232 2083 401 2132 aximo
425 2085 699 2132 asserunt.
738 2076 884 2131 Duos
910 2076 1219 2132 Vaticanos.
1251 2073 1414 2132 495i.
1451 2088 1574 2132 02R.
1597 2071 1684 2132 99,
1709 2082 1763 2127 et
1791 2071 1950 2132 bi5l,
1975 2087 2096 2132 pag.
2122 2072 2174 2132 4,
2198 2091 2371 2132 primo
2400 2077 2924 2132 commendabimus:
2956 2079 3094 2132 duos
3122 2083 3345 2132 nerindu

264 2071 401 2134 {imo
425 2071 699 2133 asserunt.
738 2076 884 2131 Duos
910 2071 1414 2143 vaticanos,'495l,
1451 2088 1574 2143 pag.
1597 2071 1692 2143 99,
1709 2082 1774 2143 et
1791 2071 1950 2134 645i,
1975 2087 2096 2141 pag.
2122 2072 2174 2143 4,
2198 2071 2371 2143 primo
2400 2071 2924 2142 conimendabimus;
2956 2079 3094 2133 duos

3122 2081 3349 2148 perinde

115 2149 157 2201 S.
184 2149 354 2203 Crucis
381 2149 433 2202 in
465 2146 784 2217 Jerusalem,
809 2144 878 2217 90
905 2145 1090 2199 homil.
1118 2143 1291 2217 48,_et
1318 2142 1386 2217 99
1414 2140 1599 2197 homil.
1627 2140 1716 2207 55,
1748 2142 1884 2217 duos
1911 2140 2111 2217 pariter
2137 2140 2472 2217 Casinenses,
2496 2161 2601 2217 cxi,
2628 2160 2748 2214 pag.
2774 2147 2824 2209 3,
2849 2140 2918 2217 et
2937 2146 3051 2217 125,
3075 2140 3197 2217 pag.
3223 2150 3343 2209 159,

115 2217 224 2272 duos
251 2219 370 2272 item
413 2216 679 2283 Belgicus,
711 2214 1092 2283 Mutinensem
1120 2223 1175 2268 et
1200 2209 2653 2283 Camberouensem,Cisterciensem7MontisAmiatie,
2687 2209 2750 2269 ac
2779 2216 2991 2270 tandem
3033 2209 3344 2272 Laurentia-

117 2302 218 2338 num
245 2304 295 2349 x,
318 2286 458 2340 Plut.
494 2281 604 2345 xiv,
630 2298 750 2352 pag.
780 2281 906 2354 295,
944 2298 981 2354 τε
1010 2291 1183 2354 tergo.
1218 2281 1526 2354 Memoratls
1553 2281 1828 2354 codicibus
1863 2282 1998 2354 mire
2025 2282 2315 2354 concinnat
2342 2282 2596 2354 editores,
2625 2285 2916 2353 Gymnicus
2944 2300 3067 2354 pag.
3101 2285 3203 2354 146
3225 2303 3347 2341 cum

116 2356 248 2407 titulo
273 2355 344 2409 De
362 2356 546 2409 eadem
572 2349 1394 2423 solemnitate,Calesiuiusitem
1422 2365 1553 2423 pag:
1577 2349 1976 2423 135,‘Cumdius
1995 2357 2128 2423 tom.
2152 2351 2216 2416 II,
2238 2365 2363 2420 pag.
2391 2349 2894 2423 liii,_Ray‘naudus
2913 2349 3041 2423 pag:
3059 2352 3184 2420 218,
3213 2356 3348 2410 Mar-

115 2425 304 2489 garinus
331 2427 384 2478 in
416 2424 553 2477 Bibl.
587 2421 728 2475 Max.
759 2431 892 2475 tom.
927 2421 1009 2486 Vl,
1042 2436 1163 2490 pag.
1193 2419 1283 2490 25.
1316 2419 1492 2486 Quare
1520 2419 2403 2490 Benedictininionachicongreg.
2428 2420 2490 2490 ,S.
2515 2419 2684 2476 Mauri
2713 2431 2859 2476 tanta
2887 2419 3016 2477 mss.
3039 2432 3094 2478 et
3122 2419 3354 2481 excuso-

116 2488 216 2545 rum
241 2494 493 2547 librorum
524 2492 876 2546 consonantia
894 2488 1068 2554 ducti,
1092 2488 1200 2545 non
1229 2489 1588 2555 Ambrosium,
1612 2489 1689 2544 uti
1717 2489 1872 2558 pauci
1891 2488 2106 2544 c'odices
2134 2488 2330 2554 ferunt,
2351 2489 2446 2544 sed
2474 2489 2763 2544 Maximum
2789 2491 2947 2562 hujus
2975 2494 3235 2548 orationis
3257 2509 3358 2548 au-

118 2570 295 2616 storem
331 2562 743 2617 constituerunt.

120 2652 485 2732 Antiquarum
525 2682 600 2694 —
631 2649 904 2732 Prodigia,
944 2666 1064 2732 qum
1107 2651 1163 2702 in
1440 2665 1672 2703 resurre-
1704 2652 1752 2714 B
1777 2645 1923 2700 dum.
1955 2644 2059 2701 Sed
2085 2646 2215 2701 dicit
2243 2648 2434 2718 aliquis
2465 2665 2478 2700 :
2513 2645 2534 2685 ί
2564 2647 2620 2702 Si
2649 2647 2704 2702 in
2732 2647 2818 2703 die
2839 2650 3214 2718 gratulandum
3245 2661 3349 2714 est,

177 2723 333 2774 ctione
362 2724 508 2793 facta
535 2729 677 2785 sunt,
719 2717 1129 2789 eloquentissime
1157 2735 1189 2772 a
1217 2717 1452 2773 Maximo
1487 2734 1670 2772 recen-

176 2801 356 2845 ιιηαιτ.

179 2919 284 2974 Non
310 2921 599 2985 immerito,
650 2917 859 2983 fratres,
898 2915 1158 2973 hodierna
1198 2917 1286 2972 die
1312 2917 1548 2988 psalmus
1587 2917 1675 2970 hic

122 3007 291 3076 legitur
337 3009 515 3080 (Psal.
560 3009 698 3079 xm),
747 3009 802 3062 in
847 3023 955 3076 quo
999 3007 1261 3078 propheta
1302 3006 1673 3061 exsultaudum

123 3100 337 3168 pracipit
364 3109 420 3154 et
448 3099 767 3164 laetandum;
800 3114 984 3153 omnes
1008 3100 1151 3152 enim
1181 3107 1456 3153 creaturas
1482 3098 1550 3151 ad
1579 3098 1672 3151 hu-

125 3203 193 3252 ius
226 3189 324 3242 diei
369 3190 715 3244 lestivitatem
759 3189 923 3242 David
951 3196 1166 3243 sanctus
1194 3188 1416 3251 invitat;
1458 3202 1582 3240 nam
1622 3187 1674 3240 in

123 3277 208 3331 hac
236 3279 318 3333 die
351 3295 450 3349 per
477 3279 927 3334 resurrectionem
965 3289 987 3316 ο
1019 3277 1216 3333 Christi
1246 3279 1485 3356 aperitur
1512 3274 1538 3313 ἀ
1570 3285 1678 3331 tar-

122 3373 268 3431 tarus,
307 3383 404 3437 per
443 3369 748 3438 neophytos
774 3366 1028 3422 Ecclesiae
1057 3369 1344 3422 innovatur
1371 3375 1533 3435 terra,
1563 3383 1676 3422 cte-

121 3456 216 3508 lum
253 3472 346 3525 per
385 3457 644 3526 Spiritum
671 3464 918 3511 sanctum
949 3465 1246 3522 reseratur;
1296 3465 1510 3525 apertus
1537 3457 1677 3509 enim

122 3550 338 3600 tartarus
363 3547 544 3601 reddit
579 3553 840 3609 mortuos,
870 3547 1119 3600 innovata
1139 3554 1284 3600 terra
1310 3546 1571 3614 germinat
1595 3560 1680 3600 re-

121 3645 400 3703 surgentes,
442 3637 639 3691 ςωιυω
687 3645 983 3691 reseratum
1035 3634 1259 3706 suscipit
1308 3636 1677 3692 ascendentes.

124 3722 343 3792 Denique
391 3727 634 3780 ascendit
680 3726 820 3780 latro
872 3726 925 3779 in
968 3727 1273 3795 paradisum
1319 3744 1332 3778 :
1375 3735 1680 3781 sanctorum

122 3827 328 3881 corpora
359 3815 729 3882 ingrediuntur
750 3815 802 3868 in
823 3805 1066 3870 sanctam
1084 3815 1356 3869 civitatem
1389 3833 1404 3867 ε
1437 3815 1504 3869 ad
1533 3816 1682 3869 vivos

122 3904 302 3956 mortui
331 3913 693 3966 revertuntur,
725 3913 782 3958 et
807 3906 1051 3974 profectu
1077 3905 1309 3974 quodam
1337 3906 1391 3960 in
1435 3922 1680 3960 resurre-

1774 2737 1840 2790 iis
1886 2736 2067 2804 utique
2114 2737 2486 2804 gratulandum
2534 2745 2618 2791 est
2673 2741 2828 2808 1,80
2879 2754 3017 2807 quos
3069 2740 3184 2795 dies
3237 2741 3351 2810 ipsa

1773 2825 2144 2895 complectitur
2175 2845 2187 2879 :
2216 2828 2411 2882 uelum
2452 2837 2631 2881 autem
2671 2834 2727 2882 et
2755 2837 2988 2884 tartarus
3014 2839 3164 2885 extra
3196 2832 3360 2900 hujus

1774 2916 1958 2969 mundi
1985 2915 2126 2970 diem
2147 2925 2272 2970 sunt
2292 2919 2586 2972 constituta
2608 2936 2622 2971 :
2648 2920 2922 2988 quomodo
2951 2922 3112 2989 igitur
3132 2935 3353 2992 possunt

1774 3022 1838 3062 ea
1867 3008 2129 3062 elementa
2157 3007 2223 3061 ad
2251 3008 2596 3064 festivitatem
2617 3012 2778 3080 hujus
2797 3013 2902 3067 diei
2923 3016 3124 3078 vorari,
3151 3025 3176 3061 ι
3205 3017 3362 3085 cujus

1774 3099 1882 3152 diei
1919 3099 2123 3152 ambitu
2161 3114 2268 3153 non
2298 3103 2588 3154 tenentur?
2632 3101 2739 3156 Sed
2781 3103 2868 3157 hic
2895 3103 3011 3158 dies
3038 3113 3198 3174 quem
3221 3106 3356 3161 fecit

1777 3188 2031 3242 Dominus
2057 3196 2305 3258 penetrat
2325 3189 2523 3253 omnia,
2547 3191 2797 3245 universa
2825 3192 3086 3256 continet,
3118 3191 3146 3230 ⁸³
3163 3195 3360 3250 caelum

1777 3286 1832 3333 et
1854 3286 2051 3332 terram
2075 3285 2438 3347 tartarumque
2457 3281 2855 3349 complectitur.
2872 3280 2985 3335 Lux
3001 3284 3145 3337 enim
3171 3284 3184 3320 ί
3210 3283 3366 3339 Chri-

1777 3377 1891 3423 stus
1920 3383 2027 3422 non
2055 3369 2350 3438 parietibus
2369 3369 2687 3437 obstruitur,
2718 3387 2828 3426 non
2857 3373 3139 3427 elementis
3167 3375 3360 3430 dividi-

1779 3465 1883 3520 tur,
1929 3471 2036 3510 non
2065 3457 2301 3512 tenebris
2331 3458 2666 3512 obscuratur.
2700 3457 2836 3526 Lux,
2881 3461 3118 3529 inquam,
3164 3461 3361 3519 Christi

1779 3545 1893 3600 dies
1920 3553 2003 3600 est
2031 3545 2146 3600 sine
2174 3553 2356 3613 nocte,
2387 3545 2504 3600 dies
2531 3547 2648 3609 sine
2677 3546 2804 3612 line,
2849 3549 3047 3617 ubique
3093 3549 3362 3620 splendet,

1781 3635 1979 3702 ubique
2004 3634 2200 3702 radiat,
2227 3635 2424 3703 ubique
2465 3651 2574 3690 non
2615 3636 2813 3690 deficit.
2841 3636 2995 3702 Quod
3035 3650 3219 3693 autem
3262 3642 3365 3695 iste

1780 3724 1896 3779 dies
1923 3723 2168 3778 Christus
2196 3725 2288 3792 sit,
2331 3725 2619 3793 Apostolus
2656 3726 2789 3780 dicit
2830 3743 2845 3778 ε
2903 3711 3028 3780 Nox
3079 3731 3363 3798 ρταεεεει,

1782 3817 1892 3870 dies
1922 3824 2092 3869 autem
2112 3816 2541 3886 appropinquavit
2571 3815 2752 3887 (Rom.
2786 3816 2923 3888 xm).
2954 3816 3256 3886 Praecessit,
3281 3820 3376 3874 in-.

1782 3909 1918 3976 quit,
1945 3923 2071 3970 nox,
2095 3922 2204 3960 non
2235 3907 2475 3976 sequitur
2506 3923 2518 3958 :
2543 3915 2601 3960 ut
2629 3906 2914 3975 intelligas,
2943 3911 3360 3977 superveniente

122 3993 284 4048 ctione
310 3994 512 4049 Christi
540 3995 608 4050 ad
635 3996 826 4050 altiora
850 4003 1044 4050 cuncta
1079 3997 1344 4051 elementa
1370 4013 1433 4052 se
1466 3997 1678 4052 tollunt.
1710 3993 1755 4055 C
1784 3995 1981 4050 Christi
2009 3996 2229 4060 lumine,
2270 4004 2326 4050 et
2349 3995 2548 4050 diaboli
2589 3996 2844 4051 tenebras
2871 3996 3115 4067 ellugari,
3152 4008 3208 4054 et
3225 4006 3366 4069 ‘pec-

124 4078 362 4138 Tartarus
383 4099 523 4153 quos
559 4085 722 4138 habet
761 4078 931 4138 reddi!
970 4085 1040 4139 ad
1079 4101 1342 4155 superos,
1367 4096 1505 4141 terra
1545 4101 1682 4156 quos

122 4171 298 4240 sepelit
336 4174 504 4227 mittit
537 4173 606 4227 ad
641 4174 876 4239 malum;
926 4174 1120 4229 calum
1161 4191 1297 4244 quos
1331 4178 1554 4246 suscipit
1595 4192 1682 4232 re-

123 4270 393 4324 praesentat
420 4261 490 4315 ad
511 4261 830 4328 Dominum;
854 4272 910 4317 et
929 4279 1032 4317 una
1055 4252 1350 4333 eademque
1369 4268 1683 4335 operatione

122 4345 404 4406 Saivatoris
424 4354 606 4421 passio
633 4352 810 4406 elevat
836 4352 904 4407 de
930 4354 1067 4418 imis,
1091 4356 1312 4410 suscitat
1337 4355 1404 4411 de
1431 4359 1682 4426 terrenis,

122 4438 340 4493 collocat
369 4442 422 4494 in
465 4441 715 4495 excelsis.
748 4441 1089 4499 Resurrectio
1118 4445 1260 4499 enim
1292 4443 1490 4500 Christi
1522 4456 1547 4484 ο
1591 4446 1685 4500 de-

122 4524 301 4583 functis
329 4539 415 4587 est
450 4531 578 4596 vita,
610 4531 983 4600 peccatoribus
1020 4535 1423 4598 venia,.sauctis
1462 4544 1545 4591 est
1571 4536 1687 4605 glo—

121 4618 209 4671 ria.
238 4619 463 4675 Omnem
494 4635 624 4689 ergo
653 4629 955 4676 creaturam
976 4623 1041 4676 ad
1069 4623 1416 4679 festivitatem
1444 4641 1686 4683 resurre-

122 4705 303 4762 ctionis
325 4708 526 4767 Christi
551 4709 717 4763 David
739 4718 957 4764 sanctus
985 4708 1172 4764 invitat
1197 4729 1209 4764 :
1235 4712 1309 4766 ait
1335 4714 1477 4767 enim
1506 4715 1686 4768 exsul-

121 4797 328 4853 tandum
356 4801 409 4854 in
456 4802 558 4854 hac
601 4800 688 4855 die
715 4815 874 4868 quam
915 4799 1039 4854 fecit
1078 4800 1354 4869 Dominus,
1398 4812 1454 4858 et
1496 4804 1684 4858 lzetan-

185 4957 210 5022 ξ·
237 4948 407 5022 Codd.
433 4948 570 5022 99$.
597 4949 997 5022 Crucisiuler.,
1019 4962 1286 5022 contentus
1304 4955 1473 5008 solum
1485 4972 1561 5022 se,
1585 4967 1687 5010 etc.

122 5016 390 5143 CJ‘Iizn
428 5020 549 5074 cod.
599 5018 656 5074 S.
699 5019 886 5077 Crucis
921 5016 991 5075 in
1024 5021 1158 5084 Jer.,
1199 5016 1570 5094 querereraus,
1611 5027 1692 5081 di-

187 5166 209 5225 ¢_
238 5147 373 5212 Cod.
406 5156 587 5211 Casin.
621 5157 756 5225 £23,
787 5147 994 5214 Domini
1023 5161 1189 5214 nostri
1215 5159 1343 5215 Iesu
1371 5163 1582 5218 Christi.

186 5223 210 5261 ⁴
237 5225 373 5281 Cod.
419 5243 473 5291 x,
502 5226 640 5281 Plut.
675 5223 782 5293 xiv,
814 5229 944 5298 legit
971 5239 1247 5297 tartarum,
1279 5240 1338 5285 ut
1375 5241 1430 5286 et
1469 5233 1524 5286 in
1561 5249 1691 5302 pro-

409 5364 526 5450 νεε-
563 5364 726 5450 19%|.
755 5366 1010 5450 εεείωεεείε
1039 5369 1166 5450 vss

192 5432 209 5519 ξ
241 5434 535 5519 Idem
569 5433 686 5488 Vat.
698 5432 718 5519 ,⁷
749 5437 794 5490 si
820 5432 1339 5519 itm-gratulandum
1365 5451 1462 5519 est,
1491 5441 1561 5519 iis
1599 5441 1694 5519 uti:

124 5503 606 5625 mgaattlaadum
631 5515 739 5571 est,
769 5522 894 5577 quos
925 5503 1053 5574 dies,
1086 5515 1188 5564 etc.
1214 5509 1348 5564 Cod.
1372 5509 1606 5572 Martiu.,
1647 5511 1694 5562 si

127 5641 378 5762 νζξοΰ.
411 5641 647 5710 Iartin.,
681 5660 794 5714 qua
822 5645 972 5712 hujus
1009 5643 1113 5700 diei
1144 5645 1338 5702 ambitu
1382 5663 1488 5703 non
1536 5648 1694 5701 conti-

278 5729 324 5762 Υ.

278 5729 324 5766 Υ.

348 5806 614 5865 Ριτιιοι..
668 5803 850 5864 LVII.

1195 5379 1304 5425 CIC.

1788 4095 2029 4142 catorum
2069 4086 2298 4140 obscura
2322 4101 2429 4140 uon
2461 4089 2476 4138 t
2508 4087 2680 4154 sequi,
2703 4096 2759 4142 et
2781 4087 2893 4157 jugi
2923 4088 3206 4160 splendore
3227 4105 3366 4161 pra:-

1788 4175 1975 4230 teritas
2003 4175 2258 4242 caligines
2285 4175 2512 4245 depelli,
2545 4173 2571 4213 ¹ι
2600 4180 2932 4246 surrepentia
2961 4178 3154 4234 delicta
3183 4182 3368 4249 prohi-

1789 4265 1924 4318 beri.
1954 4263 2085 4318 Nam
2110 4265 2238 4334 quia
2267 4265 2355 4320 hic
2378 4264 2493 4320 dies
2517 4265 2760 4320 Christus
2779 4267 2997 4332 caelum,
3025 4276 3244 4336 terram,
3264 4275 3368 4324 tar-

1791 4364 2070 4424 tarumque
2108 4356 2391 4414 collustret
2425 4355 2700 4426 Scriptura
2740 4367 2985 4413 testatur.
3034 4359 3188 4425 Quod
3225 4364 3370 4416 enim

1791 4459 1949 4514 super
1975 4453 2173 4500 terram
2209 4445 2441 4514 fulgeat,
2485 4447 2616 4502 dicit
2651 4440 2888 4502 Joannes
2919 4465 2932 4500 :
2972 4447 3104 4502 Erat
3127 4450 3220 4503 tu
3249 4467 3371 4505 vera

1790 4552 1902 4606 qua
1941 4537 2206 4591 illuminat
2248 4554 2450 4591 omnem
2496 4539 2755 4592 hominem
2798 4541 3083 4594 venientem
3123 4545 3181 4596 in
3231 4544 3370 4597 hanc

1788 4628 2035 4682 mundum
2065 4628 2244 4700 (lacn.
2288 4630 2349 4700 ι).
2383 4628 2538 4694 Quod
2577 4630 2630 4684 in
2670 4629 2881 4685 inferno
2911 4631 3106 4694 luceat,
3139 4633 3215 4686 ait
3240 4649 3370 4703 ppo-

1786 4718 1948 4786 pheta
1993 4737 2006 4770 :
2047 4717 2149 4783 Qui
2182 4720 2430 4776 sedebant
2465 4722 2524 4774 in
2559 4723 2770 4792 regione
2803 4721 3007 4776 umbras.
3039 4726 3239 4790 mortis,
3280 4728 3390 4780 las-

1787 4819 1904 4861 orta
1941 4817 2017 4862 est
2067 4806 2082 4846 ¹
2122 4809 2229 4864 illis
2260 4809 2417 4880 (Isai.
2448 4810 2545 4881 Ix).
2577 4820 2616 4847 ω
2645 4810 2800 4877 Quod
2844 4811 2896 4864 in
2944 4813 3093 4867 catis
3127 4815 3244 4869 dies
3273 4816 3373 4871 iste

1867 4955 1896 4996 ιι
1924 4957 2058 5014 Cod.
2090 4959 2302 5017 Martini.
2335 4963 2534 5016 omittit
2572 4964 2772 5018 emtam.

1876 5029 1893 5065 ί
1920 5027 2092 5104 Codd.
2134 5031 2398 5104 Laurent.
2439 5039 2496 5104 et
2526 5031 2718 5104 vatio,
2752 5035 3209 5104 quemadmodum
3234 5037 3396 5095 Sari"

1796 5107 1896 5153 om
1922 5096 2108 5154 Crucis
2137 5099 2190 5154 in
2207 5099 2327 5155 'Jer.
2359 5112 2415 5156 et
2444 5101 2654 5155 Martio.
2680 5096 2878 5158 habent
2897 5102 3090 5160 Christi
3109 5119 3208 5176 pro
3230 5107 3374 5164 Chri-

1794 5177 1924 5222 stus.

1874 5239 1888 5315 ξ
1921 5235 2163 5315 [iterque
2182 5238 2395 5315 c_od_._8.
2425 5237 2616 5315 Crucis
2643 5241 2694 5315 in
2733 5239 2870 5315 ιρι,
2901 5245 3154 5315 subsequi.

1867 5303 1892 5342 ι
1935 5303 2086 5382 Ideni
2120 5309 2243 5382 cod.
2285 5307 2428 5374 Vat.,
2476 5303 2949 5382 snhripientiaque;
2993 5303 3206 5382 coiliees
3247 5331 3375 5370 vero

1796 5373 2010 5448 Martio.
2041 5385 2096 5429 et
2112 5373 2790 5448 _I{aurent.,sabripientia;
2821 5373 2976 5436 codd.
3008 5379 3374 5448 99,8.(1rucis

1800 5445 1851 5496 in
1876 5442 1988 5515 leg.
2022 5446 2194 5515 et‘90,
2224 5442 2572 5515 subrepentia;

1876 5510 1894 5550 ι
1925 5512 2060 5584 Qad.
2085 5510 2304 5584 Βειῇοῇ
2333 5510 2451 5584 orta
2475 5525 2554 5570 est
2578 5515 2672 5569 eis.

1871 5589 1910 5617 ³·
1938 5581 2378 5658 Cod._Laurent.,
2409 5583 2560 5658 Quod
2578 5586 2932 5658 in_c¢elisdies
2949 5588 3048 5658 iste
3065 5602 3365 5658 permaneat

1800 5651 1928 5727 itetn
2141 5651 2326 5727 Ca_siu._
2352 5663 2411 5727 et
2439 5653 2585 5727 νει..
2617 5652 2766 5716 Quod
2792 5656 2849 5707 in
3043 5651 3366 5727 permaneat,

1799 5719 1890 5774 sed
1913 5721 2034 5776 cod.
2071 5720 2278 5775 Martin.
2314 5723 2440 5792 legit
2468 5724 2578 5776 dies
2605 5736 2904 5790 permaneat
2930 5719 3047 5779 iste.

2941 5816 3018 5876 12
