3924 6232
546 386 644 438 367

1782 383 1838 436 S.
1880 379 2120 434 MAXIM!
2160 379 2613 437 TADRINENSIS

3733 383 3841 435 513$

546 496 617 547 tia
638 492 976 560 baptismatis
995 491 1255 562 propheta
1273 490 1528 559 loquitur,
1551 487 1945 542 innovationem
1964 488 2129 556 ipsam
2163 493 2205 548 Α
2237 487 2329 540 sed
2358 490 2506 541 adest
2533 489 2635 542 illis
2668 489 2886 556 justitia:
2906 488 2971 542 de
2997 489 3335 558 reparatione
3365 492 3648 545 securitas.
3694 489 3840 556 Quit

544 585 732 652 aquila:
761 596 782 618 ⁸
815 584 1167 652 comparavit,
1199 597 1316 650 qua:
1346 581 1458 633 avis
1479 579 1686 633 assidua
1708 578 2124 632 commutatione

545 674 758 726 habitus
788 673 868 724 sui
901 673 1112 737 longam
1134 671 1331 724 ducere
1363 668 1528 722 fertur
1555 676 1787 730 :etatem,
1818 675 1873 718 et
1902 666 2124 718 vetustis

543 762 648 829 jam
676 761 1043 815 fatiscentibus
1067 759 1280 828 plumis,
1312 772 1446 810 nova
1467 771 1762 824 pennarum
1784 755 2122 808 successione

541 854 886 922 iuvenescere
932 873 944 904 ;
997 853 1067 905 ita
1101 859 1179 913 ut,
1224 849 1480 917 depositis
1518 847 1847 914 antiquitatis
1894 846 2118 908 exuviis,

542 945 774 998 rediviva
821 945 1254 997 indumentorum
1303 940 1578 992 nativitate
1618 952 1676 991 se
1713 938 1906 991 vestiat
1939 955 1950 988 :
1983 937 2122 990 unde

544 1035 884 1102 intelligimus
929 1032 1072 1101 quod
1120 1038 1450 1085 senectutem
1501 1029 1688 1096 aquila:
1735 1043 1839 1081 non
1886 1027 2122 1080 sentiunt

542 1123 803 1181 membra.
835 1121 927 1176 sed
957 1122 1165 1190 plumae.
1201 1119 1274 1173 De
1307 1134 1443 1172 novo
1472 1131 1600 1185 ergo
1629 1131 1687 1170 se
1715 1117 1890 1172 vestit.
1922 1124 1976 1169 et
1997 1117 2118 1183 pul-

539 1215 833 1268 lulantibus
860 1213 1068 1281 pennis,
1104 1221 1313 1265 vetusta
1342 1220 1512 1264 mater
1538 1211 1727 1263 iterum
1759 1218 2045 1261 renovatur
2067 1210 2118 1261 in

542 1305 763 1373 pullum.
817 1301 980 1358 Pullis
1009 1303 1148 1355 enim
1181 1301 1206 1339 ι)
1240 1300 1599 1369 comparanda
1638 1307 1737 1361 est,
1779 1298 1994 1365 quando
2035 1314 2119 1350 ra—

541 1397 813 1450 diantibus
842 1395 1038 1463 plumis
1072 1408 1291 1446 necesse
1320 1400 1404 1445 est
1431 1391 1504 1443 illi
1534 1405 1741 1444 rursum
1771 1388 2014 1441 meditari
2038 1405 2118 1442 ru-

539 1487 661 1542 dem
693 1487 948 1549 volatum,
986 1485 1142 1554 183
1170 1493 1225 1535 et
1254 1483 1454 1534 alarum
1485 1480 1611 1532 olim
1646 1479 1936 1532 exercitata
1968 1478 2119 1530 remi-

541 1578 659 1644 gia,
708 1586 957 1644 tanquam
1010 1573 1215 1627 novella
1271 1571 1498 1623 volucris
1555 1569 1692 1622 intra
1745 1568 1925 1620 nidum
1967 1569 2116 1634 pigra

539 1681 914 1734 compescere;
957 1663 1198 1732 quamvis
1231 1661 1303 1714 illi
1337 1661 1407 1712 sit
1444 1658 1658 1713 volandi
1685 1658 1869 1710 notitia
1892 1656 1956 1710 de
1985 1673 2116 1710 con-

538 1755 850 1816 suetudine,
895 1754 1047 1806 deest
1094 1760 1270 1804 tamen
1322 1750 1394 1801 illi
1443 1747 1509 1802 de
1555 1761 1849 1815 pennarum
1901 1746 2118 1799 raritate

2231 579 2390 643 igitur
2441 576 2497 630 8.
2547 578 2706 631 David
2751 579 2893 632 dicat
2940 581 3111 634 adhuc
3156 580 3460 647 diligentius
3504 583 3835 640 videamus;

2229 682 2333 718 non
2365 668 2504 719 enim
2533 669 2606 720 ait
2635 686 2645 719 :
2673 667 3038 722 Renovahitur
3055 670 3194 739 sicut
3215 670 3534 738 aquilarum,
3558 671 3659 724 sed
3684 672 3832 725 sicut

2227 757 2417 825 aquilio
2439 756 2695 824 juventus
2725 765 2833 810 tua.
2869 756 3036 813 Unius
3064 772 3192 825 ergo
3224 759 3412 828 aquila:
3450 761 3830 815 renovandam

2226 845 2278 897 in
2309 847 2462 899 nobis
2500 848 2693 900 asserit
2732 847 3090 915 juventutem,
3131 865 3288 916 quam
3331 866 3493 904 unam
3541 860 3596 905 et
3643 853 3827 906 solam

2224 937 2454 1005 aquilam
2483 945 2629 991 recte
2655 938 2927 991 Christum
2960 939 3241 993 Dominum
3271 940 3518 1009 dixerim,
3551 942 3826 1011 cujusju-

2225 1035 2412 1079 ventus
2441 1035 2696 1080 renovata
2726 1036 2807 1081 est
2838 1037 2962 1083 tunc
2991 1045 3110 1082 cum
3142 1045 3170 1082 a
3199 1031 3426 1083 mortuis
3469 1033 3779 1085 resurrexit
3809 1051 3822 1084 :

2221 1115 2478 1184 depositis
2507 1117 2646 1170 enim
2672 1114 2696 1153 ἀ
2722 1118 3044 1186 corruptela:
3072 1119 3314 1172 mortalis
3341 1119 3548 1173 exuviis
3568 1119 3823 1173 rediviva

2221 1207 2395 1259 carnis
2429 1208 2790 1275 assumptione
2827 1205 3088 1274 reﬂoruit,
3129 1209 3265 1263 sicut
3305 1210 3418 1278 ipse
3447 1210 3522 1262 ait
3550 1225 3654 1278 per
3683 1225 3824 1278 pro-

2219 1297 2434 1364 phetam
2472 1315 2482 1346 :
2518 1296 2584 1349 Et
2625 1298 2854 1364 reﬂoruit
2881 1314 3001 1350 caro
3041 1315 3172 1358 mea,
3201 1309 3249 1350 et
3289 1316 3352 1352 ex
3395 1304 3662 1352 voluntate
3703 1317 3826 1353 mea

2219 1387 2498 1454 conﬁtebor
2541 1388 2620 1440 illi
2671 1387 2841 1457 (Psal.
2889 1389 3073 1456 Lxxn).
3121 1388 3400 1453 Refloruit,
3445 1391 3641 1458 inquit,
3688 1408 3826 1445 caro

2219 1489 2358 1527 mea.
2385 1475 2572 1529 Videte
2601 1492 2707 1546 quo
2730 1478 2893 1531 verbo
2923 1494 3047 1531 usus
3075 1487 3186 1542 est;
3223 1496 3325 1532 non
3352 1481 3444 1542 ait,
3476 1479 3689 1548 ﬂoruit,
3722 1482 3821 1535 sed

2219 1562 2492 1617 reﬂoruit:
2519 1581 2626 1619 non
2651 1566 2792 1619 enim
2815 1565 3132 1634 reﬂorescit,
3165 1569 3264 1621 nisi
3294 1569 3436 1638 quod
3458 1579 3584 1624 ante
3608 1569 3821 1625 ﬂorue-

2218 1655 2304 1708 rit.
2341 1654 2542 1709 Floruit
2566 1664 2742 1711 autem
2773 1673 2898 1712 caro
2928 1658 3157 1726 Domini,
3186 1676 3304 1714 cum
3335 1662 3565 1729 primum
3594 1663 3668 1716 de
3695 1665 3817 1717 Ma-

2219 1747 2312 1799 ria:
2355 1747 2573 1814 virginis
2602 1748 2803 1801 illibata
2831 1748 2988 1802 vulva
3026 1752 3308 1818 processit,
3351 1753 3488 1805 sicut
3528 1753 3603 1804 ait
3646 1752 3820 1806 Isaias

537 1845 747 1898 ﬁducia.
780 1842 857 1896 De
883 1840 1217 1910 baptismatis
1253 1839 1413 1906 igitur
1440 1838 1610 1905 gratia
1647 1837 1750 1889 hoc
1785 1835 1842 1888 8.
1880 1833 2120 1888 Psalmo-
2153 1848 2193 1906 Β
2223 1836 2404 1890 dicens
2430 1855 2442 1888 :
2469 1836 2646 1890 Exibit
2669 1839 2815 1910 t‘irga
2852 1839 2914 1891 de
2950 1841 3124 1893 radice
3149 1840 3313 1905 Iesse,
3346 1851 3394 1895 et
3420 1843 3517 1910 ﬂos
3544 1843 3607 1896 de
3635 1846 3821 1896 radice

531 1935 768 2003 graphus
809 1931 1172 2002 prophetavit.
1231 1929 1362 1982 Nam
1409 1927 1593 1995 utique
1646 1926 1902 1995 neophyti
1949 1925 2114 1978 nostri

534 2039 707 2094 nuper
734 2022 1008 2090 baptizati,
1048 2028 1300 2087 tanquam
1338 2017 1526 2085 aquilae
1551 2016 1806 2084 depositis
1835 2017 2116 2068 vetustatis

529 2115 758 2173 exuviis,
797 2127 934 2166 nova
975 2109 1274 2164 sanctitatis
1309 2107 1616 2161 indumenta
1655 2112 2015 2172 sumpserunt,
2060 2111 2114 2157 et

532 2203 896 2260 liuisccmibus
935 2199 1168 2268 antiquis
1207 2197 1446 2260 maculis,
1489 2196 1627 2249 sicut
1655 2195 1849 2264 plumis
1885 2195 2109 2258 levibus,

524 2296 763 2350 rediviva
793 2292 963 2361 gratia
996 2288 1412 2343 immortalitatis
1440 2295 1700 2339 ornantur
1727 2303 1738 2336 :
1774 2287 1843 2339 ita
1874 2287 2004 2338 utin
2033 2287 2114 2340 his

523 2385 818 2442 senectutis
847 2381 1069 2436 occidua
1095 2387 1315 2449 peccata
1336 2379 1630 2441 senuerint,
1655 2377 1763 2428 vita
1787 2392 1895 2430 non
1921 2391 2113 2430 senue-

527 2478 618 2539 rit,
643 2485 895 2543 tanquam
929 2471 1106 2540 aquila
1139 2470 1189 2523 in
1220 2468 1444 2536 pullum,
1476 2467 1615 2520 sicut
1644 2466 1718 2519 illi
1752 2466 1804 2518 in
1835 2465 2110 2518 infantiam

584 2563 841 2621 revocati.
872 2559 967 2614 Est
1009 2559 1087 2613 eis
1131 2557 1310 2613 saeculi
1348 2556 1414 2611 de
1452 2556 1861 2612 conversatione
1894 2557 2104 2619 notitia,

2222 1927 2332 1995 ejus
2355 1926 2590 1979 ascendet
2615 1925 2771 1997 (Isai.
2804 1929 2900 1996 ιι).
2935 1927 3194 1983 Reﬂoruit
3223 1939 3425 1997 autem,
3448 1947 3568 1985 eum
3596 1934 3818 1987 succiso

2221 2031 2318 2083 per
2344 2015 2556 2070 Judmos
2585 2020 2828 2086 corporis
2867 2019 3019 2086 ﬂore,
3053 2021 3288 2074 rediviva
3327 2021 3395 2076 de
3440 2024 3696 2091 sepulcro
3725 2040 3816 2077 re-

2219 2107 2566 2161 surrectionis
2606 2109 2776 2175 gloria
2818 2111 3170 2177 germinavit,
3210 2120 3264 2165 et
3304 2112 3355 2165 in
3400 2113 3549 2167 ﬂoris
3587 2114 3813 2167 modum

2220 2194 2441 2247 odorem
2472 2197 2676 2264 pariter
2703 2205 2758 2250 et
2779 2198 3005 2252 nitorem
3035 2200 3240 2252 cunctis
3263 2200 3572 2255 hominibus
3593 2201 3814 2255 immor~

2220 2285 2464 2339 talitatis.
2490 2286 2691 2341 afﬂavit
2725 2305 2736 2340 :
2771 2289 2991 2343 odorem
3020 2289 3281 2343 bonorum
3309 2306 3535 2359 operum
3574 2293 3810 2345 suavita-

2217 2383 2324 2428 tem
2377 2376 2788 2443 circumferens;
2823 2380 3047 2434 nitorem
3082 2381 3499 2450 incorruptelam
3529 2390 3810 2450 perpetua:

2213 2465 2506 2520 divinitatis
2537 2468 2844 2522 ostendens.

1904 2650 2230 2712 IIOMILIA
2288 2653 2420 2711 LX.

1812 2766 1888 2818 De
1931 2768 2241 2820 Ascensione
2273 2767 2500 2822 Domini.

1956 2856 2347 2910 ADMONITIO.

598 2957 750 3027 187
783 2953 921 3027 Post
951 2965 1169 3027 exactas
1205 2953 1272 3027 de
1315 2951 1522 3027 Christi
1548 2950 1938 3027 resurrectio-ne
1968 2948 2234 3026 bomilias,
2267 2948 2501 3027 editores
2541 2949 2684 3027 illam
2723 2951 3133 3027 recensentcui
3165 2951 3374 3027 titulum
3416 2954 3642 3011 aflixere
3678 2975 3690 3007 :
3729 2956 3802 3008 De

523 3017 750 3082 ttat—amis
777 3035 823 3077 et
844 3025 1059 3095 jejuniis
1089 3021 1461 3095 Ninivitarum.
1485 3019 1619 3095 Cum
1649 3018 1704 3070 S.
1739 3017 1998 3095 maximus
2026 3017 2343 3095 concionem
2369 3017 2604 3095 alteram.
2631 3019 2699 3071 de
2737 3018 2980 3095 N_i_nivit_is
3017 3020 3282 3095 habuerit,
3315 3032 3597 3095 utramque
3628 3041 3798 3094 eapu-

523 3098 634 3150 lare
664 3096 811 3155 duxi.
844 3085 912 3147 se
936 3103 1062 3147 tunc
1088 3093 1154 3145 de
1207 3089 1760 3160 precationibusﬂquas
1790 3087 1999 3160 litanias
2022 3093 2217 3160 v_oeant
2249 3085 2530 3139 disseram.
2562 3087 2745 3156 Neque
2776 3087 2895 3141 illos
2923 3089 2974 3140 in
3001 3089 3188 3160 ordine
3214 3091 3479 3160 tituloque
3509 3085 3672 3160 hujus
3701 3085 3796 3148 ltu-

524 3167 680 3218 inilia:
700 3153 926 3231 sequor;
960 3153 1310 3214 animadverti
1339 3159 1480 3231 enim
1509 3153 1735 3231 nihilne
1756 3157 2010 3231 mysterio
2029 3153 2387 3231 Pentecostes
2426 3153 2700 3231 auctorem
2737 3171 2914 3231 agere,
2947 3159 3038 3231 sed
3071 3158 3205 3231 facta
3236 3175 3266 3213 e
3297 3153 3523 3231 vestigio
3545 3153 3798 3230 gloriosa:

522 3223 928 3288 resurrectionis
955 3227 1488 3291 commemoratione,
1520 3223 1886 3278 admirabilem
1916 3224 2112 3277 Christi
2162 3223 2374 3293 Domini
2417 3227 2789 3279 ascensionem
2833 3227 3124 3280 celebrare.
3167 3227 3344 3293 Quare
3385 3223 3466 3282 De
3493 3223 3797 3286 ascensione

522 3302 733 3356 Domini
762 3301 1031 3354 homiliam
1059 3297 1320 3366 inscripsi,
1352 3297 1509 3364 eique
1539 3295 1713 3366 locum
1747 3302 1870 3347 ante
1900 3293 2146 3366 bomilias
2173 3293 2240 3346 de
2265 3291 2582 3366 Pentecoste
2612 3295 2884 3366 constitui,
2917 3296 3046 3348 mihi
3087 3291 3245 3366 etiam
3280 3296 3609 3365 suffragante
3653 3299 3794 3354 Lati-

520 3373 629 3425 nio.
658 3370 735 3422 Ad
767 3369 816 3423 id
845 3371 1006 3423 etiam
1036 3384 1121 3422 me
1149 3363 1405 3435 compulit
1426 3363 1711 3435 manifesta
1737 3378 1857 3435 cuni
1883 3363 2159 3435 superiore
2183 3363 2510 3429 conjunctio,
2536 3371 2594 3415 ut
2620 3363 2873 3435 hzccpost
2895 3365 3285 3435 praecedentem
3315 3363 3495 3420 habita
3518 3369 3790 3422 videatur.

525 3440 590 3494 Ut
619 3448 796 3492 autem
825 3454 942 3492 eam
970 3437 1026 3491 S.
1061 3430 1290 3489 Maximo
1318 3449 1552 3487 asseram
1575 3433 1703 3485 mihi
1723 3430 1972 3498 suﬂ‘ragia
1995 3439 2248 3499 praestant
2277 3447 2373 3485 sex
2397 3430 2908 3499 commendatissimi
2937 3433 3165 3497 codices,
3195 3435 3301 3488 duo
3331 3437 3537 3490 scilicet
3565 3437 3628 3492 S.
3660 3438 3792 3491 Cru-

517 3511 595 3564 cis
636 3510 687 3561 in
716 3507 1010 3560 Jerusalem
1035 3505 1122 3566 90,
1151 3504 1336 3558 homil.
1372 3501 1457 3566 54,
1489 3509 1544 3556 et
1569 3501 1656 3566 99,
1703 3501 1905 3581 homil..
1932 3498 2020 3562 66,
2049 3501 2452 3581 .Ambrosiaonus
2478 3498 2519 3553 C
2550 3499 2638 3565 98,
2679 3500 2736 3554 S.
2770 3501 3089 3555 Emmerami
3118 3502 3522 3572 Ratisponensis
3544 3522 3671 3628 pag;
3711 3505 3790 3567 19,

518 3578 910 3628 Laurentianus
950 3592 1004 3628 x.
1039 3575 1173 3627 l'lut.
1220 3589 1326 3628 xiv,
1358 3585 1476 3628 pag.
1511 3571 1634 3628 507.
1667 3579 1720 3622 et
1749 3568 2112 3628 Taurmensm,
2141 3585 2295 3628 cuius
2325 3569 2508 3623 titulus
2548 3579 2668 3623 est:
2696 3569 2826 3623 Item
2856 3579 2904 3622 et
2931 3571 2996 3624 de
3032 3571 3336 3626 Pentecoste
3384 3575 3563 3627 homil.
3678 3574 3737 3628 Il
3749 3573 3790 3626 1.

518 3578 910 3631 Laurentianus
950 3592 1004 3638 x,
1039 3575 1173 3627 l'lut.
1220 3589 1326 3636 xiv,
1358 3585 1476 3641 pag.
1511 3571 1634 3641 307,
1667 3579 1720 3622 et
1749 3568 2112 3641 Taurinensis,
2141 3570 2295 3641 cujus
2325 3569 2508 3641 titulus
2548 3579 2668 3623 est:
2696 3569 2826 3623 Item
2856 3579 2904 3622 et
2931 3571 2996 3624 de
3032 3568 3336 3626 Pentecoste
3384 3568 3563 3627 homil..
3620 3568 3770 3628 VIII

516 3647 709 3701 Caiteri
741 3647 936 3697 habent
955 3659 1062 3711 .pro
1095 3642 1246 3695 titulo
1279 3637 1579 3711 Sequentia,
1611 3654 1730 3711 cum
1759 3639 1900 3711 hanc
1923 3639 2061 3711 inter
2090 3639 2335 3711 bomilias
2352 3639 2418 3691 de
2441 3637 2757 3711 Pentecoste
2782 3649 3078 3711 numerent.
3115 3641 3191 3695 Ab
3219 3643 3300 3695 bis
3327 3643 3657 3697 dissentiunt
3682 3646 3785 3697 duo

515 3717 748 3776 codices,
773 3706 1000 3780 quorum
1031 3726 1166 3764 unus
1194 3718 1275 3763 est
1304 3706 1374 3780 IL:
1393 3709 1519 3780 olim
1549 3707 1769 3780 bibl._‘§L
1782 3706 1968 3780 Crucis
1999 3708 2187 3780 Minor.
2220 3706 2486 3780 convent.
2514 3722 2633 3780 pag.
2669 3708 2757 3780 5:1,
2800 3709 2961 3780 modo
2994 3709 3396 3776 Laurentianus,
3423 3713 3513 3780 qui
3544 3714 3788 3766 eamdem

515 3784 571 3838 S.
606 3782 770 3836 Leoni

855 3795 989 3848 agno
1020 3781 1289 3842 inscribit;
1331 3778 1623 3832 Vaticanus
1669 3776 1825 3837 1270,
1873 3791 1992 3848 pag.
2021 3777 2126 3848 779m,
2170 3779 2259 3848 qui
2289 3776 2343 3848 8.
2377 3773 2674 3848 Ambrosio.
2708 3777 2903 3832 Verum
2935 3778 2987 3830 in
3017 3787 3242 3848 utroque
3269 3773 3419 3834 error
3440 3773 3790 3836 amanuensis

513 3843 1003 3922 deprehensus'fuit
1031 3858 1144 3902 tum
1174 3864 1203 3900 a
1235 3848 1554 3922 Balleri_niis,
1575 3855 1699 3922 tum
1724 3861 1752 3922 a
1782 3843 2060 3922 monachis
2087 3846 2156 3922 8ζ
2177 3845 2362 3922 Mauri.
2388 3843 2548 3898 Primi
2577 3847 2718 3922 enim
2740 3848 2877 3922 hanc
2907 3843 3186 3922 bomiliani
3200 3848 3338 3902 inter
3365 3865 3527 3922 opera
3555 3851 3784 3922 genuina

514 3914 864 3990 Sfpontiﬂcis
891 3935 994 3973 non
1009 3924 1376 3990 receperunt;
1410 3915 1749 3990 Benedictini
1780 3929 1910 3990 vero
1938 3916 1991 3968 in
2022 3914 2320 3990 praefataad
2351 3930 2627 3990 sermones
2665 3915 2722 3968 8.
2755 3916 3040 3990 Ambrosii,
3082 3925 3137 3990 et
3175 3918 3231 3990 in
3241 3914 3494 3990 _a_ppend.
3528 3914 3710 3990 serui:
3729 3918 3783 3990 8.

515 3982 797 4058 Augustini
825 4004 972 4042 num.
1002 3985 1122 4050 185,
1149 3982 1422 4058 auctorem
1451 3986 1566 4058 ejus
1702 3982 1984 4058 Maximum
2021 3982 2240 4058 professi
2269 3993 2411 4036 sunt.
2442 3982 2719 4058 Ed_i_tiones
2747 3999 2874 4058 ergo
2899 3984 2956 4058 _S.
2991 3986 3254 4040 Ambrosii
3283 3982 3642 4058 Parisiensem
3673 3986 3781 4041 Gil-

516 4051 654 4120 loti'i,
687 4059 741 4112 iu
783 4073 887 4125 qua
914 4065 997 4111 est
1024 4071 1203 4109 sermo
1249 4051 1493 4125 oleum,
1516 4053 1671 4106 titulo
1706 4070 1717 4104 :
1765 4051 1894 4105 Item
1935 4054 1997 4106 de
2024 4051 2357 4125 Pentecoste,
2399 4060 2453 4105 et
2497 4051 2782 4125 Sixtinam,
2814 4051 2913 4108 ubi
2953 4063 3130 4125 exstat
3167 4071 3343 4112 sermo
3383 4056 3471 4120 6|,
3513 4073 3648 4125 cum,
3687 4057 3782 4109 hoc

515 4129 686 4182 altero
709 4144 723 4180 :
747 4122 826 4180 De
848 4127 1049 4179 ratione
1067 4122 2159 4195 [cstiivitatiquentecostesLnon_curandas
2180 4123 2360 4174 censui
2369 4140 2391 4195 ε
2402 4136 2481 4195 eo
2512 4122 2971 4195 vel_r_nagis,_quod
3000 4125 3198 4195 rectius
3212 4126 3455 4195 editores
3483 4126 3596 4189 alii,
3620 4124 3779 4195 Gym-

513 4198 665 4252 nicus
689 4211 881 4265 nempe
907 4209 1032 4264 pag.
1056 4188 1178 4257 {70,
1205 4193 1508 4246 Galesinius
1535 4202 1657 4260 pag.
1692 4190 1811 4253 159,
1858 4191 2180 4270 Raynaudus
2209 4204 2330 4270 pag.
2364 4188 2485 4253 229.,
2510 4197 2566 4242 et
2594 4188 2924 4270 Margarinns
2954 4192 3005 4245 in
3037 4192 3171 4245 Bibl.
3209 4193 3350 4248 Max.
3382 4203 3512 4248 tom.
3543 4188 3637 4256 VI,
3664 4188 3774 4316 King.

513 4266 601 4316 27.
631 4266 772 4316 inter
799 4265 1146 4316 Maximianus
1173 4262 1420 4316 bomilias
1449 4268 1782 4314 recenseam.
1817 4259 1872 4313 ιη
1895 4259 2168 4314 Breviarto
2198 4269 2357 4313 etiam
2384 4258 2627 4313 Romano
2655 4275 2779 4316 pars
2797 4262 2953 4316 binus
2976 4262 3209 4316 bomilias
3234 4265 3333 4316 sub
3355 4264 3571 4316 nomine
3593 4264 3652 4316 S.
3725 4277 3774 4314 a-

507 4266 601 4328 27,
631 4266 772 4320 inter
799 4258 1146 4318 ﬂaxim'ianas
1173 4262 1420 4316 bomilias
1449 4258 1782 4314 recenseam.
1817 4259 1872 4313 ιη
1895 4258 2168 4314 Breviario
2198 4261 2357 4313 etiam
2384 4258 2627 4313 Romano
2655 4275 2779 4330 pars
2797 4261 2953 4329 hujus
2976 4262 3209 4316 bomilias
3234 4265 3333 4318 sub
3355 4264 3571 4319 nomine
3593 4258 3776 4319 sua.

513 4335 644 4390 ximi
673 4335 864 4403 legitur
889 4333 1021 4388 feria
1053 4333 1209 4387 tertia
1240 4332 1292 4384 in
1322 4339 1512 4386 octava
1552 4329 1909 4383 Ascensionis.

523 4447 906 4501 Anconem“.
937 4478 1008 4488 -—-
1029 4444 1185 4499 Prior
1213 4444 1439 4497 homilia:
1459 4461 1579 4514 pars
1608 4453 1683 4497 est
1713 4445 1775 4496 de
1804 4443 1992 4499 Christi
2019 4461 2098 4498 re-
2127 4445 2173 4507 C
2205 4443 2346 4498 unde
2392 4459 2498 4497 non
2541 4443 2832 4510 incongrue
2875 4446 3144 4512 prosecuti
3191 4461 3392 4500 sumus.
3437 4444 3772 4502 Conveniens

582 4517 913 4584 surrectione,
932 4515 1185 4582 posterior
1196 4514 1258 4566 de
1272 4514 1498 4584 ejusdem
1515 4515 1570 4584 in
1580 4515 1758 4568 cathtm
1771 4516 2087 4584 ascensione.

581 4583 776 4638 Christi
800 4585 1108 4651 triumphum
1129 4600 1242 4636 cum
1263 4582 1511 4653 propheta
1541 4582 1707 4636 David
1737 4584 1792 4637 S.
1841 4583 2092 4653 Maximus

579 4655 857 4716 describit;
880 4651 1721 4724 postremoque_docet‘CIn:istum
1767 4653 1993 4724 residere,
2026 4652 2094 4703 ad

581 4725 845 4776 dexteram
868 4721 1062 4787 Patris,
1088 4721 1190 4776 non
1210 4722 1332 4792 quia
1351 4721 1520 4791 major
1539 4721 1714 4786 Patre,
1731 4723 1821 4775 sed
1842 4739 1907 4776 ne
1924 4723 2093 4776 minor

582 4809 695 4846 esse
724 4794 984 4846 credatur.

585 4882 701 4937 Non
733 4881 1071 4937 incommode
1099 4891 1225 4936 ante
1268 4882 1382 4936 dies
1427 4883 1751 4950 complures,
1795 4883 1932 4937 sicut
1971 4884 2092 4938 reti-

514 4974 676 5039 netis,
717 4971 926 5038 fratres,
971 4971 1281 5040 praedicatio
1331 4979 1511 5024 nostra
1558 4972 1841 5040 processit,
1886 4973 1937 5024 in
1983 4987 2088 5040 qua

515 5064 896 5132 descripsimus
937 5063 1078 5132 quod
1119 5079 1246 5117 caro
1294 5063 1503 5116 Domini
1536 5073 1558 5100 ο
1587 5063 1818 5118 rediviva
1864 5065 2009 5118 velut
2038 5065 2091 5119 in

513 5155 693 5207 nitore
716 5152 860 5206 ﬂoris
888 5152 955 5206 de
985 5153 1190 5206 tumulo
1217 5153 1620 5218 germinaverit;
1643 5169 1802 5222 quem
1832 5157 2089 5211 tumulum

515 5243 676 5296 situm
708 5242 759 5295 in
787 5241 1001 5295 hortulo
1023 5242 1348 5308 evangelista
1379 5240 1556 5300 (Joan.
1584 5242 1694 5312 nx)
1719 5252 1942 5302 testatus
1968 5257 2050 5301 est
2075 5265 2088 5300 :

589 5411 614 5477 ς
645 5395 778 5477 god.
809 5396 876 5448 99
989 5395 1190 5477 Crucis,
1223 5409 1507 5477 comparat.

585 5465 613 5504 δ
645 5465 879 5538 Uterque
903 5465 1320 5538 god._S._Cr_ucis
1339 5464 1393 5519 in
1421 5464 1552 5528 δεῖ..
1579 5475 1696 5519 tunc
1716 5472 2083 5538 comparanda.

590 5545 612 5572 ε
642 5534 774 5589 Cod.
807 5533 867 5587 S.
895 5532 1080 5588 Crucis
1106 5536 1160 5590 in
1187 5533 1319 5598 Jer.,
1351 5538 1598 5590 renovati.

586 5601 609 5638 ἀ
641 5603 789 5676 Idem
821 5601 940 5676 c_od.
973 5602 1040 5656 99
1069 5605 1132 5676 8.
1164 5603 1367 5669 Crucis,
1409 5605 1821 5676 corruptibililms
1857 5611 2087 5676 corporis

516 5673 726 5743 exuviis.
751 5671 882 5743 Cod.
911 5688 1035 5743 vero
1063 5673 1150 5733 90,
1176 5675 1478 5743 corruptela
1505 5671 1732 5742 corporis
1762 5671 1974 5730 exuviis.

592 5753 613 5778 ο
643 5741 776 5796 Cod.
807 5741 876 5794 90
903 5741 958 5795 S.
991 5742 1176 5798 Crucis
1205 5743 1256 5797 in
1297 5741 1404 5798 Jer.
1448 5741 1609 5798 habet
1649 5763 1659 5796 :
1692 5747 1908 5799 redivivo
1936 5747 2084 5799 ueluti

2201 4531 2343 4585 enim
2368 4539 2484 4585 erat
2511 4539 2569 4585 ut
2597 4530 2695 4586 ﬂos
2723 4532 3011 4601 pretiosior
3045 4533 3098 4586 in
3129 4534 3343 4588 hortulo
3372 4535 3702 4602 gigneretur,
3721 4543 3772 4588 et

2199 4624 2355 4678 bona:
2393 4622 2556 4690 frugis
2595 4623 3029 4678 commendatum
3067 4625 3185 4679 solo
3214 4639 3417 4691 semen,
3448 4625 3588 4679 intra
3628 4633 3768 4694 septa

2198 4714 2514 4778 domestica,
2551 4711 2568 4750 τ
2602 4720 2781 4767 tamen
2815 4713 3038 4767 virentia
3068 4714 3295 4768 salutem
3326 4714 3563 4768 omnium
3606 4714 3768 4784 pullu-

2199 4805 2357 4860 laret.
2387 4802 2586 4858 Christi
2614 4805 2755 4858 enim
2787 4805 3108 4858 resurrectio
3136 4813 3448 4858 cunctorum
3472 4813 3555 4858 est
3577 4805 3766 4859 redem-

2195 4895 2308 4964 ptio
2336 4894 2676 4963 populorum.
2711 4893 2851 4961 Ergo
2880 4894 2933 4948 in
2963 4894 3178 4948 hortulo
3208 4893 3454 4948 Salvator
3481 4895 3760 4949 redivivum

2193 4999 2390 5053 corpus
2422 4985 2668 5051 assumit,
2698 4993 2753 5038 et
2779 4985 2920 5039 inter
2940 4984 3192 5039 ﬂorentes
3222 4985 3443 5039 arbores
3472 4996 3525 5040 et
3551 4985 3760 5040 canden-

2193 5075 2267 5127 tia
2286 5075 2416 5142 lilia,
2438 5089 2600 5129 carne
2625 5073 2736 5142 jam
2759 5084 2968 5128 mortua
2996 5073 3318 5137 reﬂorescit,
3343 5084 3398 5129 et
3418 5075 3489 5128 ita
3511 5075 3757 5143 germinat

2193 5161 2260 5217 de
2288 5165 2556 5233 sepulcro,
2587 5173 2646 5218 ut
2687 5163 3041 5232 germinantia
3071 5173 3124 5217 et
3148 5163 3374 5216 nitentia
3401 5171 3595 5217 cuncta
3615 5175 3755 5230 repe-

2194 5256 2316 5310 riat.
2363 5256 2454 5311 Sic
2492 5259 2634 5311 enim
2681 5265 2803 5326 post
2839 5255 3084 5310 hiemalis
3122 5254 3313 5322 rigoris
3358 5253 3599 5322 frigidam
3631 5266 3750 5322 quo-

2195 5411 2358 5485 nitore
2383 5411 2530 5485 ﬂoris
2565 5409 2629 5463 de
2658 5410 2851 5485 tumufo
2879 5407 3374 5485 g_erminaret_._Cod.
3417 5423 3454 5462 tt
3499 5405 3557 5461 S.
3589 5403 3753 5485 Crucis

2193 5476 2391 5532 Minor.
2411 5481 2463 5532 in
2490 5479 2770 5541 Laurent.,
2797 5478 2854 5532 S.
2879 5476 3195 5532 Emmeratui
3220 5476 3525 5546 Ratispou.,
3552 5476 3751 5530 redit-iro

2192 5548 2341 5600 veluti
2381 5551 2546 5602 nitore
2578 5549 2740 5602 ﬂoris.

2270 5615 2287 5654 ί
2319 5616 2451 5671 Cod.
2476 5617 2533 5670 S.
2565 5611 2752 5671 Crucis
2781 5616 2995 5680 Minor.,
3021 5616 3088 5670 90
3115 5614 3171 5671 S.
3202 5612 3390 5668 Crucis
3411 5615 3462 5668 in
3483 5613 3617 5677 λετ..
3641 5611 3747 5666 Am-

2194 5685 2338 5738 bros.
2379 5695 2433 5740 et
2468 5687 2524 5741 S.
2559 5685 2877 5740 Emmerami
2918 5686 3145 5756 Ratisp.,
3177 5699 3379 5739 amoma
3400 5684 3634 5737 virentia.
