3924 6232
126 414 217 473 τω

1458 415 1735 472 llOMlLlA
1774 417 1906 474 L‘Xl.

3277 420 3395 475 878'

123 527 395 583 dammodo
422 527 768 598 sepulturam
797 524 1057 597 pullulare
1095 526 1361 580 elementa
1398 528 1555 596 188
1581 541 1700 578 om—
1731 532 1774 587 Α
1805 529 1957 582 duxit
1983 530 2049 584 ad
2078 531 2269 586 altiora
2297 531 2584 602 captivum,
2616 534 2753 589 sicut
2779 533 3035 603 scripturn
3065 541 3148 587 est
3176 532 3227 586 in
3260 548 3383 601 pru—

124 618 199 669 nia
242 616 598 681 festinarunt,
651 624 745 677 ut,
794 623 1105 683 resurgente
1160 614 1427 678 Domino,
1481 623 1536 669 et
1591 616 1702 683 ipsa

119 712 519 772 consurgerent.
554 704 693 758 Nam
738 703 923 773 utique
960 718 1026 757 ex
1074 703 1471 757 resurrectione
1510 701 1706 755 Christi

123 806 206 843 scr
240 793 513 846 salubrior
559 801 666 857 est,
700 801 725 828 ι
755 792 838 845 sol
865 791 1161 854 candidior,
1210 799 1352 845 terra
1386 791 1663 846 fecundior
1690 809 1702 841 :

124 897 185 934 cx
224 896 289 936 eo
323 882 580 937 surculus
607 882 803 937 crescit
843 882 897 935 in
940 880 1205 943 fruticem,
1238 881 1405 935 herba
1434 880 1627 935 crescit
1656 882 1705 935 in

124 979 367 1037 segetem,
398 972 568 1025 vinea
604 971 850 1041 pubescit
896 971 946 1024 in
986 972 1279 1040 palmitem.
1308 971 1365 1026 Si
1404 974 1561 1039 igitur
1588 989 1707 1027 cum

125 1059 409 1115 redurescit
437 1058 649 1115 Christi
686 1076 834 1125 caro,
876 1062 1056 1115 omnia
1098 1061 1320 1116 tioribus
1360 1064 1661 1117 vestiuntur
1694 1080 1705 1111 :

124 1165 333 1205 necesse
360 1162 467 1214 est,
496 1159 558 1205 et
584 1166 704 1206 cum
749 1154 887 1207 idem
924 1152 1155 1207 fructum
1198 1152 1371 1216 all‘ert,
1401 1154 1561 1207 etiam
1594 1156 1711 1207 uni-

125 1255 265 1294 versa
292 1240 648 1305 fructiﬁcent,
680 1245 817 1297 sicut
838 1244 912 1297 ait
938 1244 1075 1299 idem
1108 1246 1365 1300 Dominus
1399 1265 1410 1299 :
1446 1246 1565 1301 Nisi
1586 1265 1708 1317 gra-

126 1350 238 1385 num
265 1335 427 1387 tritici
467 1335 666 1389 cadens
712 1337 765 1389 in
808 1344 999 1390 terram
1045 1340 1301 1392 mortuum
1342 1340 1515 1409 luerit,
1544 1340 1711 1408 ipsum

126 1424 278 1477 solum
297 1434 513 1490 manet;
548 1443 661 1479 cum
692 1436 860 1481 autem
887 1437 1144 1482 mortuum
1170 1431 1343 1501 fuerit,
1366 1431 1581 1483 multum
1603 1432 1713 1500 [ηις

127 1522 250 1566 ctum
270 1515 426 1583 aﬂert
448 1514 638 1585 (Joan.
664 1516 779 1587 xu).
814 1517 1074 1573 Refioruit
1111 1520 1274 1587 igitur
1294 1519 1572 1585 Dominus,
1589 1537 1709 1576 cum

129 1604 409 1657 resurrexit
438 1620 472 1659 e
509 1605 751 1670 tumulo;
782 1605 809 1645 δ
848 1608 1151 1672 fructificat,
1193 1626 1313 1664 cum
1364 1612 1606 1665 ascendit
1646 1612 1713 1665 ad

130 1694 330 1748 caelum.
363 1694 499 1750 Flos
528 1704 630 1760 est,
654 1711 774 1751 cum
805 1698 871 1753 de
900 1699 1240 1754 inferioribus
1264 1709 1421 1755 teme
1449 1702 1711 1769 gignitur;

130 1781 321 1837 fructus
346 1794 454 1848 est,
489 1801 614 1841 cum
654 1786 911 1841 altissima
953 1788 1081 1842 sede
1119 1789 1445 1844 reconditur.
1479 1790 1712 1843 Granum

1808 622 1969 690 pheta
1994 638 2007 672 :
2037 621 2329 675 Ascendens
2366 623 2422 675 in
2460 621 2623 675 ultum
2652 623 2906 692 captivam
2931 622 3080 676 duxit
3107 622 3386 690 captivita-

1808 722 1935 775 tem,
1966 712 2108 765 dedit
2150 712 2284 766 bona
2323 711 2615 767 hominibus
2647 711 2816 781 (Psal.
2861 727 3029 777 van;
3060 710 3251 782 Ephes.
3286 710 3383 776 tv).

1808 805 1938 869 Qua:
1966 804 2227 858 sententia
2258 803 2442 872 utique
2470 803 2548 858 sic
2588 802 2918 871 intelligitur,
2950 817 3016 857 eo
3045 801 3188 872 quod
3212 800 3383 871 eapti'v

1810 895 2029 949 vitalem
2067 894 2329 958 hominis,
2375 908 2536 962 quem
2582 893 2685 947 sibi
2724 893 2969 948 diabolus
2995 893 3384 963 eaptivaverat,

1812 985 1887 1037 illi
1915 983 2154 1038 eruendo
2187 982 2287 1037 sibi
2316 982 2573 1038 Dominus
2602 983 2913 1053 captivarit,
2943 992 2999 1037 et
3027 983 3219 1052 ipsam,
3247 983 3389 1037 sicut

1803 1072 1907 1138 'ait,
1937 1072 2301 1142 captivitatem
2331 1081 2355 1121 8
2386 1080 2600 1142 captam
2636 1072 2701 1127 ad
2732 1072 2992 1129 caelorum
3018 1073 3125 1127 alta
3153 1073 3387 1129 sustule-

1814 1162 1900 1215 rit.
1954 1161 2189 1231 Utraque
2226 1161 2387 1229 igitur
2419 1163 2703 1231 captivitas
2740 1177 2847 1216 uno
2888 1162 3149 1217 vocabulo
3177 1177 3387 1216 nuncu-

1812 1260 1990 1321 patur,
2030 1251 2123 1306 sed
2150 1267 2260 1305 non
2291 1250 2319 1288 ιι
2355 1251 2575 1322 aqualis
2604 1260 2829 1320 utraque
2856 1260 2958 1307 est.
3008 1252 3215 1307 Diaboli
3242 1252 3387 1307 enim

1813 1343 2095 1410 captivitas
2134 1342 2376 1396 servituti
2405 1341 2647 1410 subjicit,
2678 1342 2877 1397 Christi
2906 1350 3084 1397 autem
3108 1342 3390 1411 captivitas

1815 1433 2048 1486 restituit
2083 1430 2097 1469 ί
2132 1432 2382 1506 libertati.
2420 1432 2433 1482 l
2472 1431 2738 1509 Ascendit,
2770 1432 2971 1501 inquit,
3000 1434 3055 1486 in
3079 1433 3273 1497 citant;
3297 1450 3387 1486 ca-

1815 1526 2005 1596 ptivam
2046 1524 2195 1577 duxit
2240 1523 2606 1593 captivitatem.
2667 1522 2837 1589 Quam
2883 1522 3021 1577 bene
3065 1522 3391 1592 triumphum

1815 1615 2027 1670 Domini
2072 1615 2330 1683 propheta
2374 1612 2648 1667 describit.
2680 1611 2922 1678 Solebat,
2958 1614 3116 1683 130
3142 1612 3280 1666 sicut
3305 1611 3391 1664 di-

1816 1714 1983 1767 cunt,
2048 1718 2273 1771 regnum
2327 1701 2773 1771 triumphantium
2824 1717 3013 1757 currus
3059 1701 3392 1770 captivorum

1821 1808 2009 1863 pompa
2040 1792 2341 1861 praecedere
2369 1810 2380 1845 :
2420 1807 2545 1847 ecce
2568 1792 2848 1847 Dominum
2879 1801 3095 1848 euntem
3130 1792 3199 1846 ad
3228 1793 3401 1847 emlos

132 1881 221 1935 est,
252 1874 384 1927 sicut
420 1875 541 1945 ipse
587 1875 679 1939 ait,
720 1891 841 1931 cum
888 1877 1034 1933 solus
1074 1893 1287 1933 crucem
1329 1879 1561 1948 patitur,
1604 1878 1707 1933 fru~
1749 1888 1793 1947 Β
1822 1900 1928 1937 non
1959 1880 2226 1952 pmccdit,
2258 1881 2349 1935 sed
2380 1880 2664 1935 comitatur
2691 1878 2925 1949 gloriosa
2954 1882 3233 1951 captivitas
3288 1897 3394 1934 nun

134 1973 240 2015 ctus
267 1973 367 2027 est,
413 1981 545 2019 cum
585 1967 813 2037 plurima
859 1969 1225 2037 apostolorum
1268 1971 1583 2024 credulitate
1615 1974 1717 2025 cir-

132 2054 423 2107 cumdatur.
478 2054 576 2110 His
629 2058 771 2110 enim
817 2066 941 2126 post
986 2060 1438 2114 resurrectionem
1487 2060 1718 2128 quadra-

134 2141 265 2207 ginta
293 2144 491 2199 diebus
529 2161 651 2199 cum
678 2146 953 2215 discipulis
998 2158 1378 2215 conversatus,
1404 2161 1425 2187 ο
1458 2158 1569 2203 tota
1602 2150 1720 2204 illos

134 2234 401 2303 sapientia:
444 2237 762 2291 maturitate
784 2237 1028 2303 edocuit,
1069 2247 1125 2293 et
1164 2240 1231 2293 ad
1278 2240 1473 2295 bonam
1513 2240 1717 2308 frugem

135 2338 222 2377 eos
259 2325 407 2378 omni
456 2325 863 2395 disciplinarum
908 2327 1235 2382 fecunditate
1282 2330 1567 2383 convertit.
1619 2330 1720 2383 Dc-

137 2410 249 2467 lnde
298 2413 550 2469 ascendit
595 2413 665 2467 ad
714 2415 931 2482 omium,
986 2416 1052 2469 ad
1096 2414 1307 2471 Patrem
1352 2418 1559 2473 scilicet
1612 2418 1719 2471 fru-

136 2511 270 2556 ctum
315 2505 501 2559 carnis
565 2502 590 2540 ά
659 2504 986 2575 praeferens,
1054 2508 1109 2559 in
1172 2507 1445 2578 discipulis
1502 2508 1720 2576 justitize

136 2596 328 2650 semina
388 2596 794 2665 derelinquens.
865 2597 1121 2652 Ascendit
1176 2613 1305 2667 ergo
1374 2602 1442 2652 ad
1506 2598 1719 2654 Patrem

143 2680 403 2739 Dominus.
485 2685 727 2741 Meminit
799 2688 1057 2742 sanctitas
1106 2697 1283 2743 vestra
1330 2688 1477 2757 quod
1528 2690 1721 2759 aquilae

144 2776 288 2844 189
318 2776 393 2830 illi
419 2776 490 2831 de
519 2776 776 2846 psalterio
797 2818 811 2841 ,
844 2778 999 2846 cujus
1030 2778 1339 2834 innovatam
1378 2779 1714 2847 juventutem

143 2864 380 2931 legimus,
412 2867 842 2936 comparaverim
884 2867 1253 2934 Salvatorem;
1286 2878 1368 2923 est
1389 2870 1531 2923 enim
1561 2870 1712 2923 simia

142 2953 296 3009 litudo
323 2972 433 3010 non
460 2972 625 3026 parva
655 2975 668 3009 :
706 2958 844 3012 sicut
872 2958 1014 3012 enim
1045 2960 1221 3028 aquila
1250 2962 1470 3016 humilia
1500 2961 1717 3026 deserit,

139 3040 239 3095 alta
264 3044 418 3112 petit,
453 3054 479 3083 °
514 3047 533 3065 ⁴
555 3046 724 3100 caelos
762 3046 935 3101 vicina
974 3049 1314 3103 conscendit:
1350 3051 1423 3104 ita
1451 3058 1505 3105 et
1532 3036 1719 3105 Salva-

145 3138 223 3185 tor
248 3133 469 3189 humilia
498 3135 693 3190 inferni
725 3136 979 3203 deseruit,
1009 3139 1241 3207 paradisi
1270 3140 1461 3194 altiora
1486 3141 1714 3209 petiit‘;

1822 1982 1947 2026 ante
1972 1972 2270 2026 vehiculum
2301 1970 2531 2034 ducitur,
2563 1970 2657 2024 sed
2689 1972 2801 2039 ipsa
2834 1972 3015 2025 evehit
3037 1971 3393 2025 Salvatorem.

1820 2061 2061 2127 Quodam
2084 2060 2225 2114 enim
2255 2060 2531 2129 mysterio,
2562 2058 2688 2112 dum
2719 2058 2883 2113 Filius
2913 2059 3006 2113 Dei
3032 2058 3195 2113 lilium
3224 2059 3396 2119 homi-

1824 2156 1905 2205 nis
1930 2150 1955 2186 ¹ί
1986 2150 2197 2205 sustulit
2222 2148 2288 2202 ad
2316 2149 2507 2203 cmlum
2528 2188 2544 2212 ,
2577 2149 2691 2217 ipsa
2746 2149 3030 2218 captivitas
3060 2158 3303 2217 portatur
3343 2155 3397 2202 et

1818 2247 2020 2311 portat.
2052 2239 2205 2306 Quod
2229 2247 2405 2293 autem
2435 2240 2509 2291 ait
2535 2256 2546 2290 :
2590 2238 2747 2292 Dedit
2772 2240 2913 2293 dona
2943 2238 3259 2302 hominibus,
3293 2238 3398 2292 line

1820 2331 2040 2385 victoris
2095 2330 2301 2397 insigne
2347 2337 2459 2393 est;
2508 2335 2631 2398 post
2670 2329 2995 2398 triumphum
3039 2330 3181 2383 enim
3227 2330 3398 2383 victor

1820 2420 2196 2489 semper-dona
2228 2420 2467 2487 largitur,
2501 2426 2554 2473 et
2582 2420 2804 2489 proprio
2832 2420 3001 2488 regno
3030 2420 3271 2474 residens
3294 2434 3397 2473 seu

1822 2511 2068 2566 vulornm
2110 2510 2300 2579 gaudia
2348 2519 2676 2564 muneratur.
2727 2509 2817 2564 Sic
2860 2510 3107 2565 Christus
3144 2509 3400 2564 Dominus

1828 2599 1843 2637 ι
1880 2600 2203 2655 diabolicum
2230 2610 2354 2671 post
2392 2601 2721 2671 triumphum
2766 2601 3004 2655 residens
3028 2602 3092 2655 ad
3122 2602 3401 2655 dexteram

1824 2690 1995 2745 Patris
2024 2690 2282 2746 hodierna
2310 2691 2398 2745 die
2432 2690 2706 2759 discipulis
2734 2692 2875 2745 dona
2904 2691 3125 2759 largitus
3154 2701 3265 2756 est,
3292 2707 3401 2745 non

1822 2784 1939 2837 auri
1966 2783 2185 2846 talenta,
2216 2799 2324 2837 non
2354 2783 2560 2852 argenti
2590 2782 2826 2845 metalla,
2858 2783 2953 2837 sed
2980 2782 3210 2851 Spiritus
3231 2782 3406 2836 sancti

1822 2875 2059 2929 cmleStia
2088 2891 2310 2929 munera
2333 2916 2347 2940 ,
2392 2882 2449 2929 ut
2493 2875 2636 2929 inter
2670 2882 2894 2929 caeteras
2929 2875 3130 2943 gratias
3160 2874 3411 2943 Apostoli

1822 2967 1983 3021 etiam
2013 2967 2207 3035 linguis
2238 2968 2397 3020 variis
2419 2967 2797 3033 loquerentur;
2831 2966 2933 3021 hoc
2952 2975 3055 3029 est,
3080 2974 3135 3019 ut
3168 2967 3404 3020 Helmmu

1823 3057 2056 3111 nationis
2100 3058 2263 3111 homo
2324 3057 2524 3113 Christi
2572 3058 2797 3124 gloriam
2842 3056 3096 3112 Romanu:
3145 3057 3405 3111 lacnndiai

1822 3148 2128 3216 eloquentia
2159 3157 2487 3217 pertonaret.
2521 3157 2576 3202 et
2599 3149 3023 3217 redemptionem
3052 3150 3263 3217 generis
3300 3150 3405 3205 hu-

143 3222 1786 3305 emlorumfastigiapenetravit:etsicutaquila,relictistcr-C
1819 3238 1961 3291 mani
2008 3239 2300 3307 peregrimn
2350 3254 2525 3303 aures,
2569 3247 2607 3274 ἰι
2656 3239 2781 3307 quia
2835 3237 3016 3292 Judma
3079 3240 3405 3308 praedicante

146 3314 278 3367 renis
296 3316 570 3380 sordibus,
601 3316 618 3354 ί
646 3318 869 3373 sublime
908 3321 1114 3382 volans,
1157 3322 1386 3390 purioris
1409 3324 1547 3376 aeris
1581 3324 1724 3377 salu-

143 3398 322 3458 britate
338 3406 663 3473 perfruitur;
694 3408 769 3462 ita
797 3416 851 3463 et
872 3408 1129 3466 Dominus
1174 3418 1510 3466 terrenarum
1538 3412 1720 3468 fmcem

143 3489 383 3549 deserens
411 3506 789 3565 peccatorum,
821 3499 873 3552 in
902 3502 1101 3555 sanctis
1138 3502 1249 3556 suis
1276 3502 1509 3558 volitans
1537 3504 1718 3574 purio-

146 3581 213 3635 ris
237 3584 356 3638 vita:
380 3587 728 3656 simplicitate
753 3589 979 3644 laetatur.
1015 3590 1119 3645 Per
1139 3593 1318 3646 omnia
1345 3594 1507 3661 igitur
1527 3595 1714 3661 aquilae

146 3677 467 3742 comparatio
515 3678 767 3732 convenit
813 3678 1101 3734 Salvatori.
1166 3681 1273 3735 Sed
1311 3683 1439 3751 quid
1467 3682 1708 3747 facimus,

146 3764 277 3830 quod
320 3768 501 3836 aquila
548 3769 783 3838 przedam
828 3769 1139 3841 frequenter
1183 3773 1393 3841 diripit,
1440 3774 1579 3828 tollit
1607 3773 1707 3829 fre-

148 3867 363 3923 quenter
408 3861 686 3915 alienum?
724 3861 831 3917 Nec
874 3864 928 3917 in
976 3864 1080 3918 hoc
1121 3872 1302 3919 tamen
1332 3864 1605 3919 dissimilis
1633 3876 1715 3919 est

146 3942 417 4004 Salvator:
465 3951 700 4020 prtedam
732 3952 874 4006 enim
902 3954 1298 4022 quodammodo
1326 3956 1561 4019 sustulit,
1593 3972 1713 4009 cum

148 4029 402 4092 hominem
425 4080 442 4105 ,
482 4055 645 4109 quem
685 4042 948 4111 suscepit,
982 4042 1175 4097 inferni
1208 4052 1420 4112 raptum
1451 4044 1709 4106 faucibus,

150 4130 367 4193 portarit
411 4131 481 4185 ad
529 4132 755 4198 omium,
798 4140 857 4187 ut
889 4134 1075 4188 alienae
1114 4135 1527 4201 dominationis,
1559 4137 1612 4191 id
1633 4146 1713 4190 est

152 4217 411 4277 diabolica:
450 4225 736 4293 potestatis
774 4239 985 4280 servum
1027 4226 1095 4281 de
1136 4226 1449 4296 captivitate
1477 4237 1707 4285 erutum.

1829 3329 2007 3395 lingua
2030 3332 2138 3382 non
2168 3338 2457 3396 caperent,
2491 3326 2707 3397 propria
2738 3328 2952 3399 loquela
2995 3340 3403 3398 cognoscerent.

1825 3418 2011 3473 Oninis
2042 3420 2220 3487 lingua
2266 3419 2320 3473 in
2367 3418 2746 3488 plmdicatione
2780 3418 2979 3475 Christi
3008 3420 3311 3482 resolvitur.
3348 3430 3406 3475 ut

1822 3509 2161 3576 majestatcm
2190 3508 2305 3577 ejus
2334 3508 2507 3562 omnis
2536 3507 2745 3576 loquela
2779 3508 3028 3572 fateatur,
3068 3508 3208 3562 sicut
3239 3508 3314 3562 ait
3343 3508 3399 3563 S.

1821 3587 2025 3653 David:
2060 3596 2184 3652 Non
2226 3608 2345 3651 sunt
2386 3598 2634 3669 loquelae,
2686 3615 2848 3669 neque
2881 3614 3165 3663 sermones,
3190 3614 3423 3669 quorum.

1819 3708 1921 3745 non
1943 3692 2223 3744 audiantur
2242 3707 2387 3745 voces
2409 3706 2585 3745 eorum
2610 3687 2779 3760 (Psal.
2808 3692 2977 3760 xvm).
2997 3698 3025 3727 υ
3042 3687 3118 3744 Ne
3137 3689 3407 3744 miremini

1817 3788 1995 3832 autem
2059 3778 2201 3847 quod
2236 3778 2304 3833 ad
2352 3778 2629 3832 dexteram
2676 3776 2853 3834 Patris
2898 3779 3135 3834 residere
3170 3778 3405 3833 diximus

1820 3866 2042 3931 Filium;
2085 3867 2151 3921 ad
2189 3867 2466 3922 dexteram
2508 3866 2650 3921 enim
2680 3867 2898 3933 residet,
2932 3884 3037 3923 non
3068 3870 3212 3936 quia,
3230 3867 3413 3936 major

1816 3956 2000 4023 Patre,
2034 3966 2058 3995 ο
2088 3958 2184 4013 sed
2222 3975 2290 4014 ne
2327 3960 2503 4015 minor
2537 3974 2656 4015 esse
2697 3960 2974 4025 credatur;
3005 3958 3139 4014 sicut
3167 3959 3423 4013 hmretici.

1816 4047 2188 4118 blasphemare
2228 4060 2649 4116 consueverunt;
2680 4051 2820 4107 sicut
2846 4052 2988 4106 enim
3020 4050 3279 4104 Divinitas
3301 4049 3402 4104 lto-

1816 4140 2163 4194 noriticentite
2219 4141 2443 4208 gradum
2490 4142 2663 4196 nescit
2686 4182 2712 4205 ,.
2754 4141 2828 4196 ita
2874 4140 3151 4211 Scriptura
3213 4148 3415 4195 sancta.

1817 4230 1969 4283 novit
1988 4231 2208 4288 obviare
2237 4242 2264 4282 Ρ
2295 4231 2659 4302 blasphemiis.

1483 4317 1827 4378 HOMILIA
1873 4319 2035 4379 LXI.

1226 4414 1290 4468 In
1318 4417 1641 4470 solemnitate
1661 4428 1857 4471 sancta:
1887 4417 2215 4474 Pentecostes
2249 4418 2301 4475 l.

1557 4508 1950 4563 ADMONITIO.

217 4596 358 4678 ιθ]
385 4593 627 4678 Celebris
654 4604 737 4678 est
774 4599 915 4678 apud
958 4596 1274 4678 Gratianum
1314 4600 1549 4678 distinct.
1599 4600 1687 4678 TI,
1707 4615 1847 4678 cap.
1882 4599 1938 4678 8,
1965 4601 2122 4678 hujus
2148 4601 2380 4678 homilia:
2406 4604 2698 4673 descriptio
2721 4602 2987 4678 Ambrosii
3018 4608 3233 4678 nomine
3258 4605 3407 4678 :rPer

154 4660 613 4743 ιοῖιιὶἰξφιορίηια
634 4667 742 4719 dies
771 4660 917 4743 stultis
935 4678 1011 4722 est
1034 4670 1175 4743 jugis
1193 4678 1242 4722 et
1263 4660 1849 4743 gontinuatajestivitas
1867 4686 1889 4743 λς
1921 4660 1993 4723 ita
2020 4660 2080 4723 ut
2100 4671 2194 4743 Itoc
2214 4673 2352 4725 omni
2375 4660 2601 4743 tempore
2619 4688 2781 4743 neque
2800 4674 2868 4726 ad
2888 4674 3258 4729 observandum
3278 4676 3411 4730 indi-

154 4744 304 4788 tamus
324 4736 561 4806 jejunio,
600 4746 759 4805 neque
787 4738 857 4791 ad
891 4736 1214 4793 exurendum
1255 4738 1420 4793 Deum
1455 4736 1669 4806 genibus
1702 4739 2047 4794 succidamus.
2110 4740 2346 4796 Primum
2374 4741 2443 4797 de
2470 4736 2861 4798 consuetudine
2891 4760 2997 4799 non
3022 4742 3328 4814 jejunandi,
3352 4754 3411 4801 et

214 4890 398 4964 {Idem
428 4890 549 4947 cod.
583 4910 617 4947 ιι
646 4892 705 4947 8.
732 4891 917 4948 Crucis
945 4893 1161 4955 Minor.,
1202 4903 1258 4950 et
1294 4893 1351 4949 8.
1392 4893 1715 4950 Emmerami
1746 4900 1799 4961 Ι)
1824 4912 1919 4964 que
1945 4907 2040 4949 est.

155 4955 364 5042 βιαίῳ..
399 4971 541 5042 terra
569 4964 857 5042 fecundior,
888 4964 968 5017 sol
988 4964 1225 5042 calidior.
1257 4964 1493 5042 Uterque
1514 4966 1714 5020 cod.'S.

156 5028 319 5106 Crucis
339 5034 401 5106 in
428 5028 669 5106 Jer._,'sol
699 5034 935 5106 calidior,
964 5043 1101 5087 terra
1126 5028 1425 5106 fecundior}
1443 5051 1507 5088 ea:
1528 5052 1586 5089 eo
1605 5051 1720 5088 sur-

156 5098 283 5172 culus
304 5102 509 5172 nitescit
524 5103 591 5172 in
621 5104 874 5172 fruticem.

217 5166 241 5205 δ
267 5168 408 5225 idem
439 5169 561 5241 cod.
586 5166 642 5235 ιε’,
675 5173 1024 5241 fructiﬁcavit,
1052 5188 1167 5226 cum
1194 5174 1428 5227 ascendit
1451 5173 1520 5226 ad
1540 5175 1721 5227 cwlum

156 5235 369 5311 fructum,
384 5240 561 5311 carnis
585 5235 869 5311 perferens.

219 5316 238 5377 ς
267 5307 398 5377 Cod.
426 5307 697 5377 Agnbros.,
731 5321 838 5364 lora
874 5310 1143 5377 sapientia:
1168 5312 1466 5364 maturitate
1496 5311 1716 5365 edocuit.

180 5442 189 5451 ,
214 5371 241 5411 ⁸
265 5376 432 5433 Codd.
464 5376 533 5451 90
560 5378 616 5432 8.
640 5371 829 5434 Crucis
854 5380 907 5433 in
936 5371 1046 5433 der.
1076 5388 1131 5433 et
1162 5378 1220 5435 8.
1255 5380 1575 5435 Eminet-anni
1607 5382 1714 5434 Ra-

159 5453 357 5510 uspon.,
386 5450 669 5518 perferens.

220 5523 239 5548 ε
269 5514 341 5569 Ex
371 5524 601 5575 utroque
628 5516 749 5571 cod.
782 5516 838 5570 8.
872 5516 1059 5571 Crucis
1085 5517 1137 5572 in
1161 5516 1479 5573 Jerusalem.

223 5581 238 5617 ί
270 5583 410 5639 Idem
439 5581 561 5641 cod.
586 5603 643 5649 ιι,
668 5588 726 5639 in
755 5586 971 5639 sublime
992 5589 1191 5641 volans.

222 5661 241 5696 ε
269 5652 435 5709 Codd.
467 5656 717 5710 Ambros.
752 5663 807 5709 et
836 5671 872 5710 ιι
901 5655 960 5710 8.
989 5657 1175 5711 Crucis
1203 5655 1419 5716 Minon,
1446 5659 1716 5725 capn'ritu-

165 5728 247 5792 tem
270 5725 540 5792 captiuam.

223 5786 246 5826 ⁵
272 5786 411 5848 Idem
437 5792 558 5849 cod.
602 5810 638 5848 ιι
675 5792 866 5849 Minor.
891 5836 906 5861 ,
936 5794 1025 5848 sed
1060 5811 1161 5849 non
1190 5792 1457 5866 «qualitas
1486 5796 1539 5848 in
1572 5806 1718 5849 utra-

1902 4964 1921 5002 ί
1953 4966 2085 5020 Cod.
2116 4966 2173 5021 S.
2201 4965 2546 5027 Emmerami,
2576 4965 2883 5019 libertatem.

1900 5034 1913 5107 ᾗ
1953 5034 2342 5107 _U_terquecod.
2367 5034 2425 5107 _S.
2452 5034 2639 5107 Crucis
2669 5034 2885 5107 iniJer.,
2918 5036 3233 5107 Ascendens.

1897 5102 1920 5141 ¹ι
1953 5102 2255 5174 ldem'cod.
2279 5120 2316 5157 ιι
2361 5103 2418 5159 8.
2468 5103 2656 5160 Crucis
2700 5105 2927 5169 Minon,
2976 5107 3145 5174 ﬁlium
3188 5106 3410 5161 hann'nis

1824 5175 2050 5228 sustollit
2079 5176 2146 5227 ad
2166 5173 2363 5228 calum.

1906 5243 1919 5281 ι
1955 5243 2089 5298 Cod.
2123 5244 2192 5297 90
2222 5244 2387 5311 legit:
2439 5242 2676 5298 Christus
2714 5243 2967 5299 Dominus
3011 5246 3173 5299 victor
3218 5243 3411 5300 diaboli

1826 5314 2077 5375 residens,
2112 5321 2217 5368 etc.

1898 5392 1935 5424 ιη
1965 5381 2100 5437 Cod.
2132 5382 2189 5436 S.
2234 5381 2559 5435 Emmerami
2588 5382 2722 5436 duas
2754 5382 3025 5435 variantes
3060 5382 3405 5451 suppeditat:

1858 5453 1943 5503 uia
1973 5468 2005 5503 a
2042 5450 2229 5505 Judcea
2270 5452 2543 5518 prwdicari
2584 5452 2761 5520 lingua
2795 5467 2896 5503 non
2924 5460 3195 5517 caperent;
3218 5452 3340 5521 quia
3380 5466 3411 5503 a

1820 5470 2011 5573 Yudazn
2041 5522 2463 5573 praedicationem
2491 5523 2671 5573 linaua
2694 5538 2798 5573 non
2830 5528 3090 5573 canerent.

1858 5521 2011 5573 udam
2040 5522 2473 5590 praedicationem
2491 5523 2671 5590 lingua
2694 5538 2798 5590 non
2830 5528 3090 5585 caperent.

1896 5602 1937 5659 ι’,
1952 5589 2087 5659 Cod.
2117 5589 2390 5659 Ambros.,
2424 5589 2508 5643 Ne
2529 5589 2732 5659 mireris
2760 5597 2949 5659 autem.

1896 5653 2098 5713 0'ldem
2146 5658 2265 5713 cod.
2317 5675 2352 5712 ιι
2379 5653 2447 5712 ἐι
2492 5657 2614 5711 cod.
2666 5656 2722 5711 S.
2770 5654 2956 5709 Crucis
2984 5654 3037 5707 in
3065 5653 3197 5714 Jer.,
3233 5653 3321 5705 sed
3346 5668 3409 5705 ne

1821 5730 1995 5782 minor
2012 5726 2172 5781 Patre
2192 5742 2300 5779 esse
2329 5725 2585 5780 credatur.

1896 5809 1920 5846 ιι
1951 5797 2094 5850 idem
2126 5796 2243 5849 cod.
2274 5812 2307 5849 ιι
2329 5806 2381 5851 et
2410 5796 2497 5858 90,
2532 5795 2668 5847 norit
2689 5794 2755 5845 ob
2783 5792 2892 5842 iure
2919 5789 3267 5856 blasphemis.
