3924 6232
1438 425 1721 481 11ΟΜ11ΔΑ
1758 422 1937 479 LXIII.

3315 422 3421 478 578

138 544 315 599 throni
341 542 428 597 sui
450 538 615 597 oll'ert
637 537 916 595 sublimem
937 551 1270 600 consessum,
1296 542 1350 588 et
1373 536 1596 591 honoris
1615 550 1732 604 gra-
1758 545 1807 601 Α
1838 539 1937 591 sed
1958 543 2017 589 ut
2045 531 2073 571 ά
2103 534 2265 589 modo
2290 533 2405 603 ejus
2425 536 2835 604 omnipotentia,
2864 535 3025 591 modo
3054 536 3423 593 misericordia

140 634 209 687 tia
240 632 307 687 ad
334 631 626 687 dexteram
649 639 676 666 ει
705 642 856 682 suam
884 625 1033 679 illum
1057 634 1256 679 aeterna
1275 625 1403 679 sede
1430 625 1724 680 constituit.

143 720 391 790 Legimus
419 730 605 774 autem
635 719 688 772 in
700 715 931 771 .Actibus
957 715 1327 785 apostolorum
1380 712 1531 786 (Cap.
1562 715 1625 785 ι),
1650 715 1730 768 di-

145 820 297 866 cente
348 811 518 864 beato
566 808 867 877 Stephano,
921 822 1043 863 cum
1073 806 1403 875 lapidaretur
1428 821 1459 859 a
1486 804 1682 860 Judtcis
1714 823 1726 858 :

146 897 275 952 Ecce
299 893 448 952 video
467 897 625 951 caelos
653 905 880 967 apertos,
912 905 957 951 et
984 904 1204 950 stantem
1249 896 1527 949 Dominum
1553 894 1733 955 Iesum

147 989 211 1039 ad
234 988 509 1040 dexteram
545 985 663 1040 Dei.
697 985 982 1040 Videamus
1032 999 1161 1052 ergo
1181 1000 1297 1054 qua:
1325 985 1394 1039 sit
1423 985 1559 1038 ratio
1589 984 1733 1053 quod

148 1078 284 1133 idem
314 1077 581 1131 Dominus
613 1092 644 1129 a
674 1074 841 1129 David
875 1074 904 1113 ιι
934 1074 1129 1129 sedens
1176 1074 1547 1143 prophetatur,
1588 1082 1736 1129 stans

147 1184 273 1222 vero
301 1184 333 1222 a
376 1166 660 1237 Stephano
703 1166 1042 1237 praedicatur.
1095 1164 1274 1220 Primo
1318 1166 1557 1219 omnium
1596 1165 1739 1220 Deus

150 1259 238 1327 qui
284 1258 646 1328 incorporalis
684 1266 768 1313 est
804 1266 859 1312 et
886 1254 1167 1313 invisibilis
1197 1258 1303 1328 (est
1329 1259 1472 1312 enim
1499 1260 1737 1328 spiritus,

150 1350 283 1405 sicut
302 1351 382 1404 ait
410 1349 675 1406 Dominus
708 1367 721 1401 :
750 1349 891 1403 Deus
910 1358 1083 1403 autem
1108 1350 1319 1420 spiritus
1340 1358 1417 1403 est
1430 1350 1607 1422 [Joan.
1633 1346 1740 1421 tv])

152 1439 338 1493 sedere
390 1448 488 1493 aut
543 1448 689 1494 stare
743 1439 1015 1507 quomodo
1065 1439 1514 1509 potest?'Deinde
1559 1450 1739 1495 autem

154 1530 291 1598 quali
330 1530 595 1584 subsellio
624 1530 808 1584 sedeat
837 1530 996 1597 Deus,
1046 1532 1138 1599 qui
1168 1530 1405 1586 inﬁnitus
1430 1541 1529 1597 est,
1560 1540 1614 1587 et
1642 1534 1742 1587 im-

154 1634 388 1686 mensus,
417 1632 439 1658 ο
474 1630 528 1674 et
557 1622 695 1674 intra
717 1636 776 1675 se
804 1620 916 1689 ipse
945 1621 1113 1690 magis
1153 1629 1451 1676 creaturam
1496 1630 1740 1676 cunctam

154 1710 452 1763 contineat.
479 1708 605 1763 Haac
632 1718 810 1764 autem
844 1719 1130 1781 propterea
1160 1726 1191 1764 a
1220 1712 1419 1765 sanctis
1446 1711 1574 1765 viris
1601 1711 1741 1766 dicta

156 1799 384 1853 arbitror
412 1815 537 1854 esse
557 1799 627 1854 de
652 1800 911 1865 Domino;
943 1816 1048 1855 non
1069 1816 1176 1870 quo
1198 1801 1305 1855 sint
1331 1802 1599 1856 contraria
1621 1802 1741 1866 sibi,

1847 628 2198 683 describatur.
2228 629 2384 698 199
2402 627 2533 681 Nam
2558 629 2741 697 utique
2764 643 2865 698 pro
2893 635 3159 697 potestate
3177 628 3319 696 regis
3338 645 3425 685 se-

1831 718 1960 772 dere
1979 717 2191 781 dicitur,
2226 732 2325 786 pro
2354 717 2595 771 bonitate
2623 717 2997 771 intercessoris
3016 726 3162 772 stare
3188 718 3426 786 suggeri-

1833 818 1951 873 tur;
1977 809 2052 862 ait
2075 808 2215 862 enim
2236 808 2430 862 beatus
2456 808 2769 877 apostolus:
2803 805 2937 870 Quia
2985 808 3296 862 advocatum
3323 808 3423 860 ha-

1835 898 2009 953 bemus
2028 898 2165 969 apud
2186 897 2588 952 Patremlesum
2600 896 2857 953 Christum
2886 897 2937 967 (Ι
2963 898 3120 952 Joan.
3146 909 3227 952 ut.
3251 896 3426 953 Iudex

1835 1004 1964 1057 ergo
1993 997 2076 1044 est
2118 988 2378 1053 Christus,
2428 1003 2551 1043 cum
2595 988 2825 1053 residet;
2857 988 3149 1043 advocatus
3170 995 3274 1052 est,
3296 1002 3421 1041 cum

1836 1082 2097 1149 assurgit;
2116 1081 2279 1150 judex
2300 1081 2455 1151 plane
2475 1079 2671 1135 Judmis
2687 1090 2733 1145 ε,
2762 1081 3051 1135 advocatus
3069 1080 3386 1133 Christianis
3406 1096 3421 1131 :

1835 1170 1936 1227 bic'
1980 1172 2123 1226 enim
2167 1180 2316 1226 stans
2366 1172 2524 1241 200
2552 1171 2691 1240 apud
2719 1169 2965 1233 Patrem,
2996 1170 3425 1223 Christianorum

1840 1264 1967 1318 licet
1993 1262 2327 1333 peccantium
2352 1277 2543 1317 causas
2564 1269 2770 1326 exorat,
2796 1262 2869 1317 ibi
2893 1262 3094 1316 residet
3115 1277 3236 1316 cum
3266 1260 3427 1316 Patre

1843 1352 2233 1407 Pharisaeorum
2278 1352 2715 1422 persequentium
2758 1360 2981 1421 peccata
3026 1351 3425 1413 condemnans;

1846 1443 1950 1497 illis
1970 1442 2250 1509 indignans
2276 1443 2622 1497 vehementer
2642 1442 2933 1508 ulciscitur,
2957 1442 3041 1496 bis
3069 1441 3430 1495 interveniens

1847 1533 2042 1587 leniter
2061 1532 2365 1595 miseretur.
2393 1532 2482 1586 hic
2506 1537 2614 1585 stat
2642 1540 2700 1586 ut
2727 1532 2985 1601 suscipiat
3015 1531 3272 1599 Stephani
3294 1545 3427 1583 mar-

1846 1622 1981 1693 tyris
2007 1622 2271 1690 spiritum,
2296 1621 2369 1676 ibi
2400 1620 2602 1676 residet
2630 1628 2691 1675 ut
2717 1621 3039 1681 condemnet
3066 1619 3216 1675 Judte
3244 1618 3430 1689 prodi-

1848 1711 1983 1766 toris
2004 1711 2314 1765 admissum.

1494 1890 1841 1953 HOMILIA
1887 1893 2114 1953 LXIII.

1221 1989 1301 2044 De
1330 1990 1658 2045 solemnitate
1685 2000 1885 2046 sanctae
1914 1993 2247 2046 Pentecostes
2271 1990 2390 2045 III.

1573 2079 1968 2134 ADMONITIO.

224 2173 377 2228 lianc
402 2173 682 2228 bomiliam
713 2172 771 2227 S.
803 2172 1099 2239 Augustino
1135 2171 1265 2227 olim
1313 2187 1343 2225 a
1368 2170 1687 2239 quibusdam
1712 2170 1846 2226 falso
1888 2172 2176 2240 ascriptam
2205 2172 2456 2228 monachi
2478 2180 2787 2239 congregat.
2813 2172 2870 2226 8.
2904 2170 3077 2226 Mauri
3106 2172 3159 2226 in
3182 2170 3439 2241 appendiA

161 2258 276 2297 cem
321 2258 637 2296 sermonum
684 2242 741 2297 S.
789 2242 1036 2311 ejusdem
1080 2242 1321 2296 doctoris
1368 2241 1564 2311 merito
1586 2240 1910 2311 rejecerunt.
1940 2241 2058 2295 Non
2084 2242 2258 2295 minus
2286 2241 2419 2297 falso
2449 2242 2704 2295 attributa
2735 2241 2832 2295 fuit
2860 2240 2917 2295 S.
2948 2240 3379 2311 Ambrosianum
3410 2260 3440 2297 a

162 2313 436 2366 nonnullis
457 2312 597 2375 aliis,
625 2320 735 2365 tum
760 2308 836 2364 ab'
855 2326 922 2365 eo
951 2312 1041 2379 qui
1061 2326 1184 2365 eam
1215 2310 1484 2379 transtulit
1508 2310 1560 2362 in
1586 2309 1826 2363 codicem
1855 2308 2363 2365 Theodoricenscm.
2398 2310 2536 2365 Sunt
2558 2319 2737 2365 autem
2765 2312 2818 2364 in
2840 2327 2904 2366 ea
2925 2312 3193 2379 quaedam,
3224 2310 3441 2365 illorum

162 2381 322 2503 plane
350 2382 572 2447 similia,
602 2396 723 2449 qua:
748 2382 859 2434 suis
882 2378 1117 2433 homiliis
1137 2379 1195 2434 S.
1225 2378 1489 2433 Maximus
1512 2378 1578 2431 de
1598 2380 1788 2433 eodem
1816 2380 2074 2449 mysterio
2099 2395 2264 2448 agens
2293 2382 2606 2450 complexus
2627 2388 2727 2434 est.
2754 2380 2939 2448 Itaque
2970 2381 3259 2434 Maximum
3282 2379 3442 2446 hujus

184 2458 288 2503 tem
316 2465 439 2503 esse
467 2459 744 2503 auctorem
773 2449 1023 2503 arbitror.
1056 2448 1171 2503 Ooa
1192 2449 1362 2503 magis
1398 2448 1451 2501 in
1479 2448 1746 2502 sententia
1775 2449 2082 2503 conlirmor.
2115 2466 2234 2503 cum
2282 2465 2403 2503 eam
2432 2451 2486 2503 in
2513 2450 2891 2503 vetustissimis
2918 2450 3127 2503 duobus
3156 2450 3436 2503 codicibus

184 2458 288 2504 tem
316 2465 439 2504 esse
467 2448 744 2504 auctOrem
773 2449 1023 2503 arbitror.
1056 2448 1171 2515 Qua
1192 2449 1362 2515 magis
1398 2448 1451 2501 in
1479 2448 1746 2502 sententia
1775 2448 2082 2511 con’lirmor,
2115 2466 2234 2505 cum
2282 2465 2403 2504 eam
2418 2448 2486 2505 in
2513 2450 2891 2504 vetustissimis
2918 2450 3127 2505 duobus
3156 2450 3436 2504 codicibus

163 2520 333 2574 sancti
364 2518 639 2583 Dalmatii,
662 2527 717 2573 et
745 2518 1065 2572 Taurinensi
1090 2524 1280 2572 sancto
1310 2518 1407 2586 ipsi
1432 2517 1665 2571 Maximo
1696 2527 1973 2588 acceptam
1998 2518 2187 2574 referri
2208 2520 2403 2587 legam.

170 2607 1017 2679 Anconsuruu.-+Admirabilem
1037 2607 1462 2679 Christi_reditum
1490 2608 1561 2661 ad
1578 2609 1759 2662 uelum
1790 2614 1837 2672 Β
1863 2610 2059 2674 abiero,
2092 2610 2280 2678 inquit,
2312 2612 2380 2663 ad
2410 2610 2645 2679 Patrem,
2675 2611 2879 2664 mittam
2918 2610 3059 2665 vobis
3112 2608 3446 2663 Paracletum

232 2677 421 2747 probat
451 2678 512 2731 S.
546 2678 812 2747 episcopus
844 2693 909 2729 ea:
941 2678 1186 2730 descensu
1215 2677 1443 2746 Spiritus
1471 2680 1638 2731 sancti
1664 2696 1755 2731 su-

232 2746 326 2815 per
346 2749 646 2815 apostolos,
679 2746 904 2801 ostendit
932 2746 1070 2800 enim
1094 2747 1488 2817 promissionem
1516 2748 1628 2817 ejus
1658 2750 1757 2801 ad-

235 2817 509 2886 impletum
536 2832 668 2870 esse.

235 2967 530 3023 Sanctitati
583 2976 795 3029 vestrae,
852 2964 1131 3031 carissimi,
1186 2972 1435 3019 votorum
1474 2962 1583 3031 jam
1633 2971 1759 3017 nota

168 3057 328 3114 debet
353 3072 477 3112 esse
506 3056 780 3111 festivitas.
814 3054 952 3122 Quid
984 3055 1129 3109 enim
1158 3062 1213 3109 et
1237 3069 1342 3122 qua
1370 3053 1579 3107 ratione
1607 3067 1761 3107 cure-

169 3163 284 3202 mus
322 3163 393 3202 ex
433 3148 550 3216 ipsa
594 3147 907 3202 celebritate
962 3144 1335 3200 condiscimus.
1381 3142 1513 3196 Nam
1552 3157 1672 3196 cum
1707 3144 1758 3195 in

170 3238 399 3306 vestigia
431 3253 528 3291 sua
555 3236 747 3291 iterum
791 3236 1086 3291 revolvitur
1114 3242 1381 3288 transacta
1429 3233 1757 3297 solemnitas,

169 3328 444 3383 doctiores
493 3326 772 3391 ellicimur,
830 3327 957 3380 dum
1004 3341 1122 3380 eam
1176 3324 1369 3393 smpius
1405 3323 1757 3379 celebramus.

172 3415 533 3473 Pentecosten
562 3430 691 3484 ergo
718 3431 937 3484 agamus
958 3415 1136 3480 hodie,
1164 3415 1266 3468 hoc
1286 3420 1367 3468 est
1388 3414 1764 3482 quinquagesi-

170 3523 311 3560 mum
342 3507 491 3561 diem
521 3523 551 3560 a
583 3508 978 3561 resurrectione
1021 3505 1319 3569 dominica;
1360 3520 1465 3558 non
1486 3504 1629 3573 quod
1659 3506 1760 3559 hac

170 3595 271 3660 die,
304 3596 450 3650 sicut
479 3596 719 3665 plerique
756 3602 947 3664 putant
995 3595 1062 3649 ad
1099 3595 1265 3651 caelos
1293 3593 1539 3648 Salvator
1567 3609 1758 3648 ascen—

170 3686 325 3741 derit.
358 3687 497 3743 Nam
526 3696 649 3756 post
678 3687 1127 3742 resurrectionem
1156 3702 1277 3741 cum
1326 3687 1582 3755 apostolis
1608 3701 1759 3740 com-

170 3786 438 3841 moratus,
492 3778 895 3845 quadragesima
938 3777 1025 3831 die
1054 3775 1121 3829 ad
1166 3776 1261 3829 Dei
1286 3775 1456 3828 Patris
1483 3771 1758 3829 dexteram

172 3868 468 3930 remeavit;
500 3868 637 3921 sicut
665 3866 841 3921 Lucas
868 3865 1194 3933 evangelista
1243 3866 1317 3917 ait
1342 3883 1353 3916 :
1390 3862 1582 3927 Quibus
1605 3865 1760 3916 etiam

1861 2701 2041 2771 (Joan.
2094 2701 2223 2773 xvr).
2283 2701 2563 2757 Credimus
2601 2704 2743 2756 enim
2773 2702 2840 2756 ad
2883 2701 3100 2756 Patrem
3128 2701 3446 2770 pervenisse

1858 2792 2069 2856 Filium,
2092 2806 2212 2847 cum
2244 2792 2485 2847 videmus
2510 2792 2579 2845 ad
2607 2792 2883 2861 apostolos
2904 2791 3245 2845 descendisse
3276 2788 3447 2843 Para-

1860 2882 2076 2938 cletum.
2130 2880 2413 2936 Credimus
2468 2896 2698 2950 namque
2744 2897 2867 2935 eum
2920 2895 3150 2949 regnare
3179 2881 3231 2933 in
3272 2879 3445 2939 cmlis,

1858 2988 2017 3041 quem
2045 2972 2314 3027 cernimus
2338 2988 2562 3026 munera
2590 2979 2773 3026 sancta
2795 2970 2999 3025 donare
3028 2972 3080 3023 in
3110 2970 3287 3033 terris,
3311 2970 3447 3024 sicut

1859 3061 2115 3129 scriptum
2144 3069 2226 3114 est
2254 3076 2351 3130 per
2375 3062 2695 3129 prophetam
2724 3079 2739 3113 :
2767 3060 3065 3114 Ascendens
3085 3061 3143 3113 in
3172 3060 3337 3112 altum
3355 3074 3447 3111 σας

1860 3150 2215 3219 ptivamduxit
2236 3150 2601 3218 captivitatem,
2635 3150 2775 3203 dedit
2800 3150 2937 3203 dona
2965 3148 3255 3203 hominibus
3272 3148 3445 3218 (Psal.

1862 3238 1973 3307 ιχ).
2028 3238 2211 3291 Victor
2262 3240 2445 3307 utique
2465 3245 2796 3303 muneratur,
2820 3239 2993 3293 victor
3027 3239 3169 3291 dona
3198 3238 3444 3307 largitur,

1862 3328 2001 3382 unde
2029 3336 2083 3381 ct
2106 3327 2355 3381 Salvator
2382 3328 2555 3381 victor
2581 3328 2780 3382 diaboli
2802 3314 2927 3397 p05t
2955 3328 3305 3397 triumphum,
3339 3327 3447 3381 dis-

1860 3420 2065 3489 cipulos
2102 3435 2238 3487 quos
2274 3419 2521 3473 liberavit
2566 3434 2597 3471 a
2638 3419 2970 3487 captivitate,
3017 3419 3181 3472 etiam
3230 3418 3447 3471 benedi-

1860 3511 2039 3565 ctione
2067 3508 2273 3563 ditavit.
2324 3508 2593 3562 Liberavit
2637 3518 2816 3562 autem
2849 3523 2968 3573 nos,
3014 3522 3135 3561 cum
3164 3507 3232 3563 ad
3262 3522 3446 3560 resu-

1861 3600 2089 3669 gendum
2136 3614 2233 3669 per
2274 3614 2333 3652 se
2372 3599 2543 3668 ipsum
2591 3606 2792 3651 tartara
2821 3598 3081 3660 occlusit;
3111 3596 3303 3650 ditavit
3325 3612 3447 3659 nos,

1861 3706 1983 3744 cum
2012 3688 2079 3742 ad
2103 3688 2433 3757 regnandum
2464 3704 2561 3757 per
2626 3686 2961 3742 Paracletum
3009 3688 3166 3741 nobis
3211 3686 3449 3741 caelestia

1862 3779 2142 3833 reseravit.
2193 3777 2523 3843 Quibusdam
2548 3784 2729 3831 autem
2758 3777 2911 3843 quasi
2938 3775 3240 3845 profectum
3270 3776 3450 3843 gradi-

1862 3869 1984 3938 bus,
2006 3877 2133 3921 tunc
2152 3883 2181 3921 a
2212 3876 2383 3921 morte
2409 3867 2475 3919 ad
2500 3867 2660 3919 vitam
2682 3860 2965 3919 didicimus
2986 3880 3262 3929 remeare;
3289 3863 3452 3918 modo

170 3958 397 4012 exhibuit
427 3975 483 4012 se
502 3960 669 4029 ipsum
700 3960 863 4011 vivum
884 3967 998 4026 post
1022 3959 1315 4027 passionem
1344 3974 1509 4018 suam,
1541 3972 1631 4024 per
1654 3955 1763 4007 dies
1790 3966 1837 4028 ο
1866 3966 2045 4013 autem
2074 3957 2142 4011 de
2171 3957 2329 4011 terris
2359 3956 2424 4009 ad
2455 3956 2621 4009 caelos
2648 3956 2906 4009 docemur
2932 3954 3256 4018 ascendere;
3314 3954 3454 4007 sicut

169 4048 527 4119 quadraginta
556 4063 810 4117 apparens
839 4048 913 4099 eis
942 4045 1077 4115 (Act.
1117 4050 1177 4113 ι).
1223 4044 1584 4110 Quadraginta
1631 4057 1757 4109 ergo

170 4136 373 4190 dierum
404 4136 677 4190 curriculo
705 4134 1169 4190 conversationem
1192 4148 1340 4187 suam
1364 4132 1633 4202 discipulis
1648 4133 1758 4185 suis

170 4222 422 4283 Salvator
445 4228 705 4293 exhibuit,
757 4228 961 4281 scilicet
988 4232 1048 4279 ut
1073 4234 1223 4279 tanto
1250 4241 1475 4279 numero
1516 4240 1758 4278 resurre-

170 4319 362 4373 ctionis
394 4318 514 4387 eius
560 4317 730 4386 gratia
771 4316 1093 4381 lmtaremur,
1144 4324 1345 4385 quanto
1393 4324 1448 4369 et
1496 4315 1759 4384 passionis

170 4408 281 4478 ejus
310 4410 538 4479 injurias
558 4410 893 4475 ﬂeveramus,
920 4409 1251 4478 totidemque
1272 4410 1476 4464 dierum
1498 4411 1671 4479 spatio
1693 4425 1759 4464 eo

170 4504 523 4559 reﬁcerentur
551 4512 833 4572 pnnsente,
864 4519 971 4571 quo
1013 4502 1319 4571 jejunamus
1365 4503 1605 4557 absente.
1642 4501 1758 4556 Non

172 4592 330 4661 igitur
359 4593 527 4647 hodie
564 4592 809 4647 Christus
838 4593 1079 4646 ascendit
1107 4592 1171 4645 ad
1199 4593 1413 4656 caelum,
1445 4594 1537 4647 sed
1562 4590 1762 4646 Christi

169 4681 402 4751 Spiritus
457 4680 732 4735 descendit
760 4681 826 4735 de
851 4682 1010 4748 cmlo,
1039 4682 1177 4735 sicut
1198 4683 1309 4751 ipse
1347 4681 1606 4736 Do‘minus
1635 4697 1763 4750 pro—

170 4774 389 4828 mittens
421 4773 498 4825 ait
529 4790 541 4820 :
574 4771 701 4825 Cum
723 4782 891 4825 autem
920 4772 1196 4826 escendero
1219 4773 1286 4825 ad
1306 4771 1536 4838 Patrem,
1560 4772 1763 4825 mittam

171 4866 305 4920 robis
334 4865 694 4931 Paracletum,
712 4864 963 4935 Spiritum
984 4866 1235 4932 veritatis,
1260 4874 1309 4917 et
1332 4866 1441 4934 ipse
1458 4862 1657 4917 docebit
1674 4879 1761 4917 ros

171 4956 346 5009 omnia
368 4954 552 5026 (Joan.
598 4971 684 5008 xv:
711 4963 759 5007 et
790 4956 922 5021 xxv).
950 4953 1135 5021 Magna
1166 4954 1323 5023 plane
1339 4954 1533 5022 gratia,
1563 4953 1759 5022 duplex

171 5046 449 5112 gaudium,
496 5046 638 5114 quod
692 5047 982 5099 obeuntem
1008 5044 1277 5098 Christum
1309 5062 1414 5098 non
1446 5047 1757 5109 amittimus,

171 5145 227 5190 et
246 5139 553 5191 venientem
581 5136 838 5205 Spiritum
860 5136 1213 5205 possidemus.
1238 5135 1368 5189 Nam
1393 5136 1538 5189 illum
1570 5136 1765 5189 retine-

172 5240 287 5281 mus
317 5224 447 5281 ﬁdei
480 5227 691 5289 merito,
723 5225 864 5278 hunc
890 5224 1327 5279 sanctiﬁcationis
1354 5240 1595 5279 accessu.
1630 5224 1759 5277 Cum

1864 4048 2119 4116 scriptum
2149 4054 2231 4101 est
2258 4064 2270 4097 :
2303 4046 2423 4116 Ipse
2446 4063 2529 4098 ros
2557 4042 2757 4098 docebit
2777 4046 2951 4097 omnia
2983 4044 3165 4115 (Joan.
3190 4060 3301 4108 xlv,
3331 4043 3448 4113 26).

1861 4136 1996 4203 Quid
2021 4137 2179 4191 docet
2203 4135 2429 4205 Spiritus
2445 4136 2695 4189 sanctus?
2726 4134 2917 4203 Utique
2941 4135 3046 4190 hoc
3076 4134 3227 4189 novit
3255 4134 3454 4190 docere

1863 4227 2007 4296 quod
2054 4236 2301 4281 sanctum
2331 4234 2432 4281 est.
2464 4225 2601 4292 Quid
2642 4225 2801 4281 docet
2830 4242 2928 4279 nos
2956 4225 3302 4279 Paracletus?
3322 4224 3456 4279 Illud

1865 4318 2051 4387 utique
2089 4318 2247 4371 docet
2272 4317 2415 4386 quod
2441 4317 2569 4371 dicit
2605 4316 2855 4371 Salvator
2881 4335 2893 4368 :
2927 4316 3099 4369 Multa
3124 4315 3287 4369 habeo
3316 4315 3457 4369 vobis

1865 4410 2055 4476 dicere,
2082 4409 2177 4463 sed
2205 4426 2308 4463 non
2337 4410 2551 4478 potestis
2581 4418 2791 4478 portare
2816 4410 3001 4474 modo;
3026 4425 3143 4461 cum
3162 4409 3354 4463 venerit
3369 4409 3457 4462 ille

1866 4498 2096 4567 Spiritus
2144 4499 2395 4561 veritatis,
2444 4500 2556 4568 ipse
2607 4514 2692 4551 vos
2721 4497 2925 4551 docebit
2953 4499 3132 4551 omnia
3163 4497 3342 4567 (Joan.
3370 4514 3457 4553 va

1866 4588 1975 4657 η).
2000 4588 2181 4643 Bonus
2212 4586 2389 4656 itaque
2412 4590 2665 4655 magister
2693 4598 2776 4641 est
2795 4588 3123 4654 Paracletus,
3146 4590 3269 4656 quia
3296 4588 3459 4643 docet

1865 4694 1983 4747 qum
2012 4679 2255 4733 Christus
2276 4678 2517 4731 docenda
2548 4680 2802 4732 servavit.
2837 4678 2951 4732 Hoc
2978 4679 3119 4732 enim
3140 4678 3300 4732 docet
3328 4677 3459 4748 Spi-

1864 4770 1999 4824 ritus
2047 4778 2286 4834 sanctus,
2342 4770 2485 4838 quod
2537 4770 2795 4825 Dominus
2839 4769 3140 4825 docendum
3172 4770 3371 4824 habere
3396 4787 3458 4825 se

1864 4861 2013 4916 dicit.
2067 4861 2249 4915 Bonus
2302 4861 2461 4929 plane
2514 4861 2767 4928 magister
2796 4870 2901 4929 est,
2943 4862 3032 4931 qui
3062 4870 3458 4930 prmceptorum

1861 4960 2147 5007 exsecutor
2174 4960 2257 5006 est
2276 4950 2588 5006 Salvatoris.
2620 4950 2636 4988 τ
2666 4951 2893 5006 Necesse
2914 4960 2997 5006 est
3018 4952 3180 5020 igitur
3198 4960 3257 5005 ut
3302 4953 3461 5007 unius

1863 5043 1934 5099 sit
1977 5042 2291 5096 substantiae
2346 5050 2538 5095 natura
2591 5057 2710 5095 cum
2765 5040 3000 5101 Christo.
3042 5042 3190 5111 quod
3220 5042 3459 5096 videmus

1867 5132 2029 5185 unius
2057 5147 2177 5185 cum
2206 5130 2421 5184 Christo
2447 5132 2606 5201 θοι
2640 5146 2759 5185 esse
2787 5131 3067 5185 doctrin-.13.
3100 5129 3167 5182 Et
3196 5130 3342 5198 ideo,
3363 5147 3459 5185 ca-

1864 5222 2081 5285 rissimi,
2105 5222 2421 5275 mundemus
2444 5238 2542 5276 nos
2565 5223 2633 5276 ab
2652 5223 2799 5277 omni
2831 5222 3235 5290 inquinamento
3259 5236 3455 5284 carnis,

242 5344 266 5371 ⁸
297 5333 448 5389 Idem
469 5333 936 5405 cod.S.ACrucisin
958 5333 1175 5399 Minch,
1203 5332 1463 5401 Florent.,
1492 5334 1761 5399 Ambros,
1796 5341 1844 5400 ι)
1870 5334 2169 5405 modoejus
2194 5334 2447 5405 potentia,
2474 5335 2627 5388 modo
2659 5336 3037 5405 misericordia,
3062 5343 3167 5402 etc.

178 5414 231 5460 et
257 5405 314 5459 S.
349 5405 541 5459 Crucis
570 5405 623 5457 in
643 5402 779 5470 Jer.,
811 5404 879 5456 ad
899 5404 1167 5456 dexteram
1195 5405 1295 5456 sui.

243 5475 268 5512 δ
296 5474 446 5529 Idem
475 5473 598 5529 cod.
630 5472 687 5527 S.
719 5471 928 5541 Crucis,
961 5490 992 5525 a
1017 5472 1187 5525 Darid
1223 5474 1405 5527 sedens
1431 5474 1761 5543 praphetiza-

178 5555 275 5597 tur.

248 5623 269 5651 ο
298 5612 439 5695 Cod.
467 5611 738 5680 Ambros.,
770 5612 863 5666 sed
880 5613 989 5683 ipse
1014 5614 1180 5683 magis
1201 5622 1555 5665 creaturarum
1584 5613 1759 5666 omnia

177 5692 601 5807 cognl’deelilicod.
636 5751 911 5822 Atnbros.,
967 5752 1117 5822 modo
1146 5751 1271 5822 ejhsg
1307 5753 1557 5822 potentia,
1606 5752 1757 5822 modo

176 5822 283 5888 eius
314 5822 671 5877 misericordia
694 5820 1033 5875 describatur.
1086 5819 1217 5877 Cod.
1250 5819 1518 5879 S.Crucis
1543 5824 1593 5877 in
1620 5819 1756 5888 δεῖ..

1942 5416 1964 5441 ε
1992 5404 2135 5457 Idem
2164 5404 2286 5475 cod.
2318 5404 2588 5475 Ambros,
2613 5405 2781 5475 judea:
2809 5405 2964 5475 plane
3005 5404 3208 5459 Judwis
3232 5414 3339 5473 est,
3363 5406 3459 5458 ad-

1868 5482 2075 5529 vocatus
2101 5482 2177 5526 est
2201 5472 2529 5527 Christianis.

1945 5545 1960 5581 ί
1994 5542 2129 5597 Cod.
2166 5542 2438 5598 Pedonen.
2491 5544 2754 5597 vetustior
2778 5543 2925 5606 legit,
2955 5540 3178 5595 Necesse
3203 5543 3457 5614 estigitur

1866 5625 1920 5666 ut
1964 5614 2113 5666 unius
2156 5616 2223 5666 sit
2273 5614 2573 5667 substantia!
2618 5623 2768 5677 atque
2814 5622 3014 5666 naturas
3058 5627 3174 5664 cum
3222 5610 3455 5677 Christo,

1863 5685 2109 5765 quoniam
2136 5700 2252 5739 eum
2278 5683 2504 5738 videmus
2542 5678 2772 5754 ejusdem
2808 5698 2917 5736 esse
2964 5696 3079 5735 cum
3128 5678 3332 5735 Christo
3361 5681 3457 5736 do-

1871 5764 2071 5808 εει-ηραν.
