3924 6232
138 438 237 495 εει

1537 428 1814 486 llOMlLlA
1854 429 2028 485 LXIV.

3308 433 3415 489 382

138 549 394 613 Domino;
425 555 671 602 mortem
699 542 875 609 enim,
903 558 1061 613 quam
1104 540 1352 596 Salvator
1376 540 1621 607 dignatus
1647 549 1729 594 est
1756 548 1800 603 Α
1830 552 1879 594 et
1905 542 1950 593 si
1997 528 2255 593 tradidero
2284 557 2464 610 corpus
2494 558 2656 595 meum
2689 555 2732 608 υ,
2781 551 2836 597 ut
2874 546 3114 610 ardeam,
3144 549 3417 601 caritatem

137 656 232 709 pro
252 639 513 693 omnibus
530 636 664 707 pati,
688 636 827 689 hanc
856 635 943 689 ille
964 634 1164 703 primus
1192 631 1421 686 reddidit
1448 630 1733 684 Salvatori.

136 729 263 785 Post
286 730 401 785 haec
452 728 691 796 subjecit
728 726 1004 794 Scriptura
1059 738 1240 787 sacra,
1290 730 1345 775 et
1383 721 1457 775 ait
1489 739 1502 773 :
1537 720 1733 773 Positis

138 819 344 890 genibus
372 818 625 872 clamavit
652 817 827 869 dicens
856 832 874 871 :
907 824 931 850 ⁸
962 830 1023 866 ne
1050 822 1246 866 statuas
1289 812 1393 864 illis
1437 811 1529 864 hoc
1552 826 1736 879 pecca-

138 927 258 968 tum.
283 910 503 974 Videte,
543 908 877 962 dilectissimi
907 905 1123 969 fratres,
1156 905 1404 959 affectum
1434 904 1577 957 beati
1611 903 1732 968 viri;

136 1004 308 1055 videte
338 1015 599 1067 magnam
630 1008 684 1053 et
712 998 1073 1053 admirabilem
1110 997 1408 1055 caritatem.
1442 994 1499 1047 ln
1551 1009 1737 1063 perse-

137 1092 349 1144 cutione
378 1091 599 1160 positus
638 1095 773 1151 erat,
799 1096 854 1142 et
882 1102 978 1156 pro
1007 1086 1439 1155 persecutoribus
1460 1084 1733 1153 supplica-

136 1182 241 1241 bat,
274 1188 444 1247 atque
487 1179 545 1232 in
578 1178 665 1231 illa
706 1177 939 1246 lapidum
968 1176 1139 1239 ruina,
1171 1174 1383 1242 quando
1430 1175 1565 1227 alius
1594 1174 1733 1228 obli-

136 1272 261 1325 visci
294 1278 518 1339 poterat
540 1270 707 1322 etiam
729 1268 1038 1321 carissimos
1065 1282 1209 1329 suos,
1236 1266 1325 1318 ille
1348 1265 1572 1317 Domino
1595 1281 1740 1319 com.

138 1361 428 1415 mendabat
459 1359 713 1413 inimicos
744 1357 790 1410 δ.
818 1356 953 1421 Quid
977 1360 1117 1410 enim
1140 1356 1368 1416 dicebat,
1388 1371 1507 1409 cum
1532 1357 1735 1414 lapida-

137 1454 311 1507 retur?
359 1451 635 1513 Domine,
676 1465 741 1501 ne
779 1458 975 1502 statuas
1011 1447 1113 1501 illis
1152 1448 1247 1500 hoc
1284 1456 1574 1516 peccatum.
1612 1449 1734 1503 Plus

140 1542 314 1609 itaque
344 1551 481 1595 tunc
514 1540 729 1592 illorum
758 1538 973 1592 dolebat
1012 1546 1231 1606 peccata
1274 1553 1433 1604 quam
1484 1553 1579 1592 sua
1620 1539 1737 1592 vul-

140 1647 283 1695 nera,
316 1633 441 1701 plus
472 1632 689 1684 illorum
730 1630 1057 1699 impietatem
1086 1645 1244 1699 quam
1288 1645 1443 1683 suam
1474 1639 1730 1693 mortem;

140 1730 191 1775 et
211 1730 353 1776 recte
377 1722 524 1789 plus.
542 1721 598 1773 ln
621 1720 830 1774 illorum
860 1720 1058 1787 quippe
1081 1719 1357 1788 iniquitate
1386 1728 1539 1773 erant
1568 1720 1730 1773 multa

144 1822 161 1847 τ
197 1826 314 1877 quae
335 1811 549 1879 plangi,
600 1810 653 1863 in
701 1810 843 1863 illius
872 1817 1051 1863 autem
1081 1818 1252 1863 morte
1282 1826 1388 1862 non
1424 1821 1541 1863 erat
1587 1810 1731 1877 quod

1844 640 2015 682 autem
2042 646 2143 683 non
2176 627 2426 693 habuero,
2458 632 2590 683 nihil
2614 633 2743 685 mihi
2790 641 2998 702 prodest
3029 634 3093 705 (Ι
3124 634 3243 689 Cor.
3276 640 3411 707 xm).

1841 719 2010 784 Quam
2035 734 2149 772 rem
2174 720 2335 773 etiam
2366 720 2553 773 beatus
2579 720 2810 775 Joannes
2851 722 3149 789 conﬁrmat,
3183 726 3367 781 dicens
3401 746 3415 780 :

1843 806 2027 861 Omnis
2055 809 2140 878 qui
2158 817 2180 844 ο
2210 826 2312 861 non
2342 809 2511 879 diligit
2534 812 2747 879 fratrem
2772 829 2939 880 suum,
2962 823 3137 866 manet
3160 817 3213 871 in
3230 828 3414 872 morte.

1841 900 1907 954 Et
1932 902 2128 954 iterum
2161 919 2172 952 :
2209 899 2307 963 Qui
2336 902 2551 970 fratrem
2597 918 2745 954 suum
2798 904 2904 954 odit
2950 904 3209 959 homicida
3245 916 3321 960 est
3361 905 3415 976 (I

1838 990 1976 1044 Joan
2006 991 2106 1059 tu).
2132 989 2379 1044 Hocloco
2410 990 2627 1044 fratrem
2658 1008 2870 1046 onmem
2900 994 3172 1050 hominem
3202 1007 3417 1065 oportet

1840 1080 2092 1148 intelligi;
2145 1096 2330 1134 omnes
2379 1080 2431 1133 in
2487 1080 2698 1135 Christo
2750 1082 2939 1138 fratres
2984 1102 3185 1141 sumus.
3246 1088 3417 1144 Nemo

1839 1174 2023 1239 itaque
2051 1172 2165 1225 sine
2214 1171 2437 1225 caritate
2483 1172 2549 1226 de
2578 1174 2878 1241 virginitate
2906 1187 3209 1244 praesumat,
3257 1196 3417 1235 nemo

1838 1263 1907 1319 de
1931 1260 2303 1330 eleemosynis,
2331 1276 2487 1315 nemo
2526 1263 2592 1316 de
2621 1274 2645 1311 ρ
2677 1266 3009 1319 orationibus
3038 1267 3299 1333 conﬁdat;
3324 1272 3414 1336 qui

1838 1355 2071 1422 quandiu
2118 1356 2447 1409 inimicitiam
2476 1357 2529 1409 in
2572 1357 2733 1411 corde
2767 1360 3031 1423 tenuerit,
3065 1375 3238 1427 neque
3280 1362 3413 1427 istis,

1840 1460 2013 1512 neque
2044 1446 2160 1501 aliis
2182 1456 2209 1494 tt
2230 1447 2552 1513 quibuslibet
2579 1448 2733 1500 bonis
2781 1449 3032 1516 operibus
3060 1450 3271 1519 placare
3315 1454 3415 1506 sibi

1839 1534 2121 1588 Dominum
2172 1537 2388 1603 poterit.
2421 1535 2526 1589 Sed
2575 1537 2620 1590 si
2642 1538 2753 1591 vult
2780 1538 2977 1591 habere
3007 1539 3106 1593 sibi
3128 1543 3416 1610 propitium

1836 1624 2027 1691 Deum,
2078 1641 2183 1678 non
2233 1626 2548 1693 dedignetur
2588 1628 2771 1681 audire
2810 1630 3088 1683 consilium
3123 1641 3143 1667 ν
3185 1634 3414 1697 bonum;

1837 1715 2019 1767 audiat
2046 1730 2154 1768 non
2180 1730 2285 1781 me,
2313 1716 2404 1769 sed
2428 1717 2598 1784 ipsum
2616 1718 2897 1771 Dominum
2927 1734 3098 1772 suum.
3120 1721 3199 1783 Si,
3224 1722 3414 1789 inquit,

1837 1807 1992 1875 oﬂ'ers
2024 1822 2205 1859 munus
2235 1815 2374 1859 tuum
2405 1808 2473 1859 ad
2500 1809 2697 1870 altare,
2744 1818 2792 1861 et
2819 1810 2887 1861 ibi
2930 1812 3233 1865 recordatus
3257 1815 3415 1881 [ueris

141 1899 410 1954 debuisset
456 1901 664 1964 doleri;
697 1901 905 1954 illorum
937 1900 1264 1969 impietatem
1290 1916 1436 1955 mors
1463 1902 1727 1969 sequeha-
1762 1906 1802 1963 Β
1833 1899 1951 1967 quia
1982 1900 2145 1967 fraer
2186 1906 2300 1951 tuus
2330 1898 2480 1951 habet
2527 1901 2722 1968 aliquid
2752 1901 3023 1956 adversum
3059 1912 3136 1969 te,
3180 1905 3411 1975 relinque

142 1996 222 2041 tur
247 1999 474 2054 attenta,
502 1990 662 2057 hujus
688 1998 862 2043 autem
904 1997 1133 2043 mortem
1161 1991 1269 2044 vita
1300 1999 1583 2059 perpetua.
1602 1992 1728 2044 Imi-

142 2088 310 2133 temur
333 2094 467 2148 ergo
496 2082 553 2134 in
594 2080 793 2148 aliquo,
835 2079 1163 2134 dilectissimi
1209 2081 1421 2143 fratres,
1448 2083 1581 2134 tanti
1611 2096 1727 2133 ma~

140 2172 282 2236 gistri
305 2171 490 2237 fidem,
512 2181 624 2223 tam
655 2170 893 2239 pneclari
919 2171 1169 2238 martyris
1198 2170 1504 2235 caritatem;
1538 2170 1729 2237 diliga-

141 2278 254 2317 mus
282 2278 381 2317 nos
410 2265 521 2317 hoc
551 2263 730 2316 animo
760 2263 811 2315 in
855 2261 1093 2316 Ecclesia
1122 2262 1311 2316 fratres
1342 2271 1570 2327 nostros,
1622 2278 1729 2330 quo

141 2353 227 2407 ille
272 2360 401 2408 tunc
442 2353 636 2407 dilexit
666 2353 911 2407 inimicos
948 2368 1095 2408 suos.
1150 2353 1256 2407 Sed
1285 2354 1427 2421 quod
1467 2356 1620 2422 pejus
1645 2362 1728 2407 est

143 2444 419 2513 aliquoties
450 2460 563 2498 non
594 2444 766 2497 solum
813 2444 1056 2497 inimicos
1105 2459 1213 2497 non
1256 2444 1540 2511 diligimus,
1572 2444 1597 2479 ά
1628 2460 1729 2499 nec

143 2533 319 2587 amicis
345 2534 574 2601 quidem
608 2532 763 2586 ﬁdem
800 2534 1059 2601 integram
1090 2535 1438 2588 custodimus.
1471 2535 1576 2588 Sed
1603 2533 1730 2589 dicit

145 2622 328 2689 aliquis
361 2640 374 2675 :
410 2639 523 2677 non
552 2638 767 2691 possum
799 2623 1018 2689 diligere
1046 2624 1319 2677 inimicum
1346 2638 1544 2687 meum,
1567 2638 1727 2692 quem

144 2712 376 2777 quotidie
399 2712 551 2765 velut
600 2713 809 2765 hostem
840 2712 1017 2779 patior
1054 2712 1497 2765 crudelissimum.
1532 2712 1575 2764 Ο
1604 2712 1725 2780 qui-

144 2818 343 2873 cunque
382 2804 473 2857 ille
522 2819 600 2865 es,
645 2803 876 2856 attendis
904 2804 1030 2871 quid
1062 2803 1153 2856 tibi
1198 2802 1385 2856 fecerit
1433 2804 1629 2867 homo,
1674 2811 1729 2856 et

149 2908 246 2946 non
273 2894 586 2947 consideras
616 2892 741 2961 quid
775 2902 829 2946 tu
877 2892 1066 2946 ieceris
1094 2892 1239 2955 Deo;
1290 2908 1411 2945 cum
1466 2893 1609 2945 enim
1668 2903 1723 2945 tu
1751 2874 1764 2885 ’

149 2982 348 3037 'multo
371 2984 619 3050 graviora
643 2983 695 3035 in
726 2982 891 3035 Deum
920 2990 1137 3051 peccata
1169 2982 1519 3045 commiseris,
1557 2997 1725 3050 quare

152 3072 305 3143 205
349 3088 459 3127 non
501 3072 725 3128 dimittis
754 3072 956 3126 homini
987 3071 1004 3109 ί
1038 3088 1244 3141 parum,
1278 3082 1335 3125 ut
1357 3074 1447 3126 tibi
1480 3073 1619 3127 Deus
1642 3073 1725 3127 di-

148 3173 330 3228 gnetur
354 3164 631 3217 dimittere
661 3162 918 3215 multum?
934 3162 1130 3217 Recole
1154 3171 1178 3209 ε
1195 3163 1336 3231 quod
1363 3163 1453 3215 tibi
1485 3164 1536 3215 in
1558 3161 1731 3215 Evan-

1833 1986 1903 2040 ibi
1934 2003 2116 2039 "mnus
2143 1996 2281 2039 tuum
2312 1996 2430 2040 ante
2457 1988 2640 2050 altare,
2673 1999 2721 2041 et
2750 1991 2876 2042 vade
2904 1993 3046 2059 prius
3091 1994 3414 2047 reconciliati

1833 2079 1985 2148 fratri
2016 2086 2119 2142 tuo,
2152 2085 2201 2129 et
2226 2086 2346 2131 tunc
2368 2079 2573 2131 veniens
2604 2080 2790 2147 offeres
2820 2098 3003 2134 manus
3026 2090 3163 2135 tuum
3194 2082 3410 2153 (Matth.

1831 2168 1907 2237 v).
1941 2169 2007 2221 At
2038 2184 2133 2223 nos
2158 2184 2361 2237 pugnas
2386 2178 2404 2203 ⁸
2439 2171 2698 2226 habemus
2728 2173 3066 2238 intrinsecus,
3095 2185 3150 2229 et
3179 2176 3331 2230 dolos
3362 2178 3414 2231 in

1832 2258 1996 2311 corde
2041 2268 2332 2323 versantes,
2366 2261 2518 2327 quasi
2549 2265 2564 2298 ι
2591 2262 2784 2315 bonum
2807 2265 3186 2319 conscientiam
3216 2267 3414 2319 habea-

1830 2367 1967 2411 mus,
1995 2354 2362 2419 prmsumimus
2383 2354 2639 2407 accedere
2666 2355 2734 2408 ad
2754 2356 2951 2419 altare,
2983 2372 3089 2409 non
3122 2358 3369 2413 timentes
3393 2390 3413 2423 ο

1830 2443 1972 2509 quod
2002 2445 2256 2510 scriptum
2302 2450 2382 2497 est
2416 2461 2427 2493 :
2464 2441 2564 2504 Qui
2594 2446 2873 2499 manducat
2921 2455 2969 2499 et
3021 2446 3144 2499 bibit
3173 2448 3406 2519 indigne,

1822 2532 2078 2600 judicium
2100 2532 2195 2584 sibi
2220 2532 2497 2584 manducat
2529 2542 2555 2569 ιι
2584 2543 2632 2585 et
2654 2532 2775 2586 bibit
2803 2533 2855 2603 (1
2878 2534 2994 2593 Cor.
3030 2538 3125 2604 ιι).
3158 2536 3262 2590 Sed
3286 2538 3417 2592 dicit

1840 2624 1988 2690 205
2027 2622 2218 2688 aliquis
2252 2638 2263 2672 :
2294 2622 2509 2688 grandis
2555 2622 2707 2675 labor
2744 2632 2826 2677 est
2873 2624 3117 2679 inimicos
3167 2628 3412 2693 diligere,

1831 2728 1930 2781 pro
1961 2721 1989 2749 τ
2028 2713 2464 2781 persecutoribus
2500 2714 2819 2781 supplicare.
2854 2714 2960 2769 Nec
3006 2732 3104 2771 nos
3131 2730 3411 2785 negamus,

1831 2803 2045 2867 fratres,
2080 2817 2183 2854 non
2208 2817 2403 2870 parvus
2432 2802 2648 2870 quidem
2678 2803 2831 2857 labor
2872 2814 2956 2858 est
2984 2806 3036 2858 in
3068 2808 3168 2860 hoc
3198 2809 3412 2870 sarculo,

1830 2892 1922 2944 sed
1947 2890 2148 2957 grande
2170 2892 2271 2947 erit
2292 2893 2564 2960 priemium
2587 2894 2639 2945 in
2658 2892 2862 2958 futuro;
2888 2909 2984 2962 per
3011 2911 3247 2950 amorem
3270 2900 3411 2951 enim

1830 2981 1985 3034 unius
2009 2980 2239 3034 hominis
2268 2982 2466 3035 inimici
2494 2989 2520 3016 ³
2542 2979 2791 3035 elficieris
2812 2984 3015 3037 amicus
3037 2984 3150 3051 Dei,
3176 2987 3282 3038 imo
3308 3002 3414 3039 non

1828 3069 2000 3123 solum
2024 3070 2241 3132 amicus,
2257 3070 2349 3123 sed
2370 3071 2530 3123 etiam
2554 3070 2709 3132 illius,
2741 3073 3002 3140 sicutipse
3016 3073 3308 3127 Dominusy
3330 3076 3412 3128 di-

1830 3159 1901 3212 cit
1926 3176 1937 3209 :
1977 3158 2185 3227 Diligite
2206 3159 2446 3212 inimicos
2462 3170 2673 3221 rastros,
2699 3162 2981 3231 benefacite
2997 3163 3061 3215 iis
3080 3166 3167 3233 qui
3197 3166 3414 3219 oderunt

149 3252 278 3318 gelio
314 3252 531 3306 Veritas
560 3254 673 3321 ipsa
702 3253 1029 3321 promiserit,
1061 3260 1114 3306 et
1139 3268 1297 3321 quam
1338 3254 1432 3306 tibi
1460 3253 1721 3320 quodam-
1750 3260 1793 3319 ο
1828 3266 1914 3304 vos
1934 3290 1946 3313 ,
1977 3258 2030 3300 ut
2058 3250 2167 3302 sitis
2196 3250 2295 3317 ﬁlii
2326 3248 2497 3303 Patris
2530 3253 2683 3303 restri
2719 3252 2806 3321 qui
2840 3253 2891 3303 in
2942 3255 3081 3305 uelis
3129 3263 3205 3307 est
3250 3255 3414 3323 (Luc.

150 3341 297 3396 modo
324 3344 633 3397 cautionem
667 3342 871 3407 fecerit,
903 3344 988 3397 vel
1034 3344 1193 3411 quale
1227 3343 1251 3379 δ
1277 3351 1488 3420 pactum
1523 3343 1719 3396 inierit.

151 3431 207 3485 Si
234 3435 386 3499 enim,
413 3435 608 3503 inquit,
635 3436 935 3488 dimiseritis
958 3435 1245 3489 hominibus
1285 3445 1494 3504 peccata
1528 3422 1731 3502 eorum,

151 3525 360 3578 dimittet
386 3536 435 3580 et
457 3526 599 3581 vobis
638 3527 649 3563 ί
693 3528 850 3580 Pater
878 3538 1041 3581 vester
1063 3528 1280 3581 cadestis
1304 3536 1514 3597 peccata
1538 3536 1723 3580 vestra.

154 3615 209 3669 Si
236 3626 401 3671 autem
430 3636 541 3672 non
587 3619 919 3685 dimiseritis,
967 3636 1057 3672 nec
1104 3617 1269 3671 Pater
1308 3626 1468 3670 vester
1508 3619 1727 3671 dimittet

156 3706 355 3759 tdebita
371 3718 547 3761 uestra
572 3706 786 3776 (Matth.
817 3709 914 3774 vx).
958 3708 1181 3771 Videtis,
1207 3706 1399 3761 fratres
1417 3744 1430 3769 ,
1458 3708 1578 3774 quia
1601 3721 1721 3761 cum

154 3793 240 3848 Dei
266 3799 435 3865 gratia
464 3801 518 3851 in
550 3806 817 3867 potestate
840 3808 1021 3853 nostra
1051 3801 1281 3868 positum
1306 3808 1379 3853 est
1400 3839 1413 3863 ,
1445 3799 1673 3867 qualiter
1692 3815 1723 3852 a

155 3885 365 3941 Domino
388 3888 715 3956 judicemur.
754 3889 833 3953 Si,
861 3890 1049 3957 inquit,
1094 3891 1409 3952 dimiseritis,
1444 3890 1725 3942 dimittetur

155 3978 281 4034 vobis
302 3981 347 4034 ι.
379 3982 499 4035 Jam
530 3998 673 4052 saepe
714 3982 853 4047 dixi,
885 3984 1101 4049 fratres,
1134 3992 1189 4037 et
1215 3983 1521 4051 frequenter
1548 3982 1725 4036 dicere

158 4069 349 4135 debeo,
393 4089 557 4127 nemo
604 4089 663 4126 se
703 4074 1110 4139 circumveniat,
1162 4091 1319 4128 nemo
1375 4090 1433 4128 se
1474 4074 1720 4139 seducat;

163 4155 178 4195 ι
204 4161 285 4228 qui
316 4162 396 4216 vel
428 4178 596 4216 unum
626 4163 896 4217 hominem
930 4164 981 4216 in
1008 4164 1108 4217 hoc
1133 4164 1331 4217 mundo
1380 4164 1501 4217 odio
1542 4164 1723 4226 habet,

158 4250 396 4319 quidquid
432 4251 549 4305 Deo
587 4253 638 4305 in
690 4254 941 4321 operibus
976 4253 1128 4307 bonis
1158 4262 1196 4289 ω
1226 4253 1509 4318 obtulerit,
1554 4262 1723 4306 totum

160 4340 333 4407 perdit,
366 4344 494 4411 quia
528 4359 630 4396 non
666 4345 922 4397 mentitur
951 4343 1143 4398 Paulus
1182 4344 1454 4412 apostolus
1493 4344 1677 4397 dicens
1710 4362 1722 4396 :

162 4426 216 4481 Si
241 4432 421 4487 dedero
471 4448 647 4487 omnes
690 4434 960 4503 facultates
989 4451 1128 4487 meas
1156 4436 1211 4487 in
1242 4432 1381 4486 cibos
1419 4449 1721 4504 pauperum,

1828 3344 1924 3409 γι).
1950 3342 2003 3397 Si
2038 3351 2089 3397 te
2118 3344 2309 3411 aliquis
2352 3344 2512 3397 homo
2541 3344 2690 3396 dives
2731 3344 2784 3397 in
2815 3344 2919 3398 hoc
2946 3346 3138 3399 smeulo
3168 3347 3327 3399 vellet
3358 3347 3414 3397 li.

1827 3432 1957 3486 lium
1988 3433 2295 3501 adoptivum
2340 3432 2551 3497 facere;
2584 3432 2855 3500 quomodo
2899 3434 3146 3496 servires,
3171 3450 3303 3502 quas
3333 3436 3415 3489 in-

1829 3523 2115 3589 dignitates
2144 3524 2305 3577 etiam
2353 3538 2632 3577 servorum
2671 3524 2806 3590 ejus,
2837 3539 2957 3591 qua:
2983 3524 3199 3578 servitia
3244 3526 3414 3581 duris-

1830 3614 1985 3675 sima,
2021 3620 2075 3667 et
2112 3614 2396 3681 aliquoties
2433 3614 2595 3667 etiam
2636 3614 2939 3683 turpissima
2978 3615 3269 3669 sustineres
3302 3625 3323 3651 ι
3356 3624 3415 3670 ut

1829 3704 1895 3756 ad
1925 3703 2179 3756 caducam
2218 3710 2273 3756 et
2305 3702 2546 3771 fragilem
2590 3704 2954 3758 haereditatem
3002 3705 3143 3759 illius
3169 3707 3415 3773 perveni-

1828 3796 1949 3847 res?
1965 3792 2116 3858 Quod
2137 3806 2263 3859 ergo
2287 3793 2419 3847 alius
2437 3803 2491 3830 θα
2515 3795 2803 3848 sustineret
2825 3802 3046 3864 propter
3066 3796 3415 3851 substantiam

1830 3890 2121 3947 terrenam,
2154 3891 2212 3935 tu
2256 3884 2459 3938 sustine
2488 3892 2710 3952 propter
2752 3884 2919 3937 vitam
2954 3892 3229 3939 :cternam.
3261 3885 3410 3939 Con—

1830 3974 2091 4027 vincimur
2114 3974 2253 4028 enim
2276 3974 2570 4028 certissima
2606 3975 2814 4028 ratione
2843 3976 2967 4043 quia
2997 3984 3218 4043 propter
3246 3975 3413 4030 Deum

1827 4082 2111 4135 possumus
2157 4066 2390 4133 quidem,
2420 4066 2514 4120 sed
2545 4066 2791 4120 nolumus
2848 4066 3070 4133 injurias
3122 4065 3407 4119 sustinere.

1827 4156 2066 4225 Denique
2087 4159 2130 4211 si
2157 4158 2310 4212 nobis
2332 4158 2505 4226 aliqua
2524 4166 2714 4227 potens
2734 4173 2963 4227 persona
2990 4158 3236 4225 injuriam
3252 4157 3306 4194 [ιδ
3334 4158 3412 4211 fa-

1829 4250 1965 4311 ciat,
2013 4260 2068 4288 τε
2100 4249 2143 4303 si
2172 4248 2326 4303 nobis
2356 4249 2517 4302 etiam
2562 4250 2615 4303 in
2644 4248 2779 4304 facie
2806 4248 3115 4314 maledicat;
3156 4264 3254 4301 nec
3295 4264 3410 4302 res-

1828 4339 2067 4409 pondere
2093 4338 2291 4407 aliquid
2320 4354 2585 4409 asperum,
2614 4355 2719 4393 non
2768 4338 2940 4392 dicam
2963 4338 3137 4391 vicem
3186 4336 3413 4391 reddere

1834 4431 2123 4497 audemus;
2156 4428 2214 4469 δτι
2240 4433 2445 4501 quare?
2466 4446 2533 4487 ne
2554 4431 2619 4485 ab
2644 4430 2731 4485 illa
2752 4445 2979 4500 persona
2999 4437 3219 4498 potente
3240 4429 3414 4484 adhuc

225 4640 246 4664 ⁸
267 4630 402 4687 ιιΙεηι
432 4633 593 4690 codd.
627 4633 683 4689 S.
715 4636 900 4690 Crucis
924 4635 977 4689 in
1004 4635 1137 4701 Jer.,
1174 4647 1229 4692 et
1261 4636 1441 4691 Casin.
1471 4636 1589 4701 190,
1614 4635 1726 4691 Do-
1758 4637 1805 4698 Ι)
1834 4644 1961 4689 trem
1987 4652 2134 4689 suum
2158 4646 2330 4689 manet
2359 4636 2411 4687 in
2439 4643 2619 4687 morte.
2653 4634 2791 4689 Edit.
2815 4634 3006 4699 habet,
3043 4634 3226 4687 Omnis
3253 4636 3412 4700 enim,

163 4698 301 4763 mine,
331 4719 393 4756 ne
418 4714 643 4766 statuas,
678 4714 781 4759 etc.

223 4768 245 4804 δ
267 4768 394 4826 Cod.
426 4773 610 4827 Casin.
638 4772 758 4834 100,
790 4775 1033 4832 inimicos
1061 4792 1204 4829 suos.

190 4839 408 4956 ‘a'ulmdem
446 4843 571 4897 cod.
610 4842 665 4897 S.
696 4843 880 4898 Crucis
909 4846 962 4897 in
992 4844 1099 4898 Jer.
1156 4845 1306 4913 legit,
1334 4862 1447 4915 qua:
1474 4844 1727 4899 debebant

190 4920 268 4959 tan
310 4920 338 4963 ‘.

160 4920 190 4971 Ρ
225 4974 247 5061 ᾖ
274 4927 464 5061 ﬁnio,
499 4990 555 5034 et
572 4982 694 5061 cod.
724 4981 905 5061 Casin.
926 4982 1044 5047 100,
1072 4983 1166 5036 sed
1192 5000 1284 5037 nec
1309 4985 1508 5041 amicis.

226 5055 247 5122 ξ
274 5046 689 5122 gditiqmultum
718 5053 978 5122 graviora.

230 5114 247 5152 ί
424 5120 548 5191 Vat.
583 5114 740 5191 b951,
771 5122 964 5191 homini
991 5138 1226 5191 paruum.
1274 5168 1283 5173 ,

227 5194 249 5261 ξ
610 5189 794 5261 Laur.,
823 5200 878 5244 et
905 5185 1088 5261 editio,
1123 5190 1311 5245 Recole
1335 5192 1475 5261 quid.

228 5250 250 5330 ξ’
274 5255 408 5331 [dem
428 5250 852 5331 god.,et_edit.,
884 5260 959 5331 vel
987 5250 1137 5331 quale
1166 5250 1587 5329 tecum'pactum,
1619 5273 1721 5317 etc.

231 5326 243 5397 ξ
428 5326 555 5397 Vat.
586 5328 744 5391 4951,
775 5337 823 5381 et
851 5322 1184 5384 vobis'Pater
1223 5322 1434 5397 peccata
1461 5340 1649 5384 vestra.

230 5394 243 5440 Ι
269 5394 395 5450 Cod.
425 5396 574 5458 Vat.,
604 5414 699 5451 nec
727 5397 890 5452 Pater
914 5408 1075 5453 vester
1100 5394 1320 5452 dimittet
1350 5399 1487 5453 vobis
1513 5412 1723 5467 peccata

102 5504 105 5505 ν
168 5474 333 5517 reum.

228 5531 246 5607 ξ
274 5532 609 5607 βώμηΝαπι
636 5553 791 5607 ηερε.

235 5598 244 5634 ¹
274 5600 406 5677 Idem
435 5604 492 5661 S.
516 5598 721 5677 Crucis:
734 5606 785 5659 in
812 5606 942 5670 Jer.,
969 5606 1087 5677 quia
1114 5608 1199 5677 qui
1228 5608 1305 5660 vel
1332 5623 1508 5669 unam,
1538 5616 1643 5662 etc.

233 5671 424 5746 ll'“ldeni
454 5677 575 5731 cod.
603 5676 661 5729 S.
686 5675 873 5730 Crucis
896 5677 947 5729 in
963 5671 1313 5745 Jer.,obtulit,
1333 5685 1495 5731 totum
1516 5678 1712 5746 perdet.

226 5747 248 5773 ¹³
269 5738 418 5807 Edit.,
447 5746 522 5799 ita
543 5758 600 5797 ut
623 5746 855 5799 ardeam.

230 5813 252 5842 '
278 5808 406 5868 Idem
427 5816 547 5871 cod.
573 5815 631 5869 S.
651 5815 839 5871 Crucis
870 5816 920 5870 in
948 5812 1079 5882 lcr.,
1121 5814 1302 5871 Omnis
1329 5815 1414 5885 qui
1460 5816 1567 5871 odit
1597 5818 1708 5886 fra-

1830 4707 1917 4774 qui
1947 4723 2053 4776 non
2082 4706 2273 4776 diligit,
2302 4717 2407 4776 etc.

1842 4770 1853 4856 ξ
1896 4774 2110 4856 rlidem
2141 4770 2295 4856 codd:
2343 4774 2498 4855 Laur.
2534 4781 2597 4856 et.
2625 4771 2683 4827 S.
2711 4770 2895 4828 Crucis
2921 4773 2973 4827 in
2998 4773 3132 4841 Jer.,
3174 4790 3319 4827 nemo
3350 4773 3411 4825 de

1822 4844 2063 4915 jejuniis,
2090 4861 2237 4899 nemo
2263 4846 2324 4896 de
2352 4842 2689 4897 orationibus.

1900 4926 1928 4964 τι
1957 4912 2088 4969 Cod.
2123 4914 2243 4966 Vat.
2277 4914 2436 4977 4951,
2461 4928 2620 4981 neque
2640 4912 2760 4964 aliis
2789 4912 2936 4967 bonis
2959 4913 3218 4983 operibus.

1906 4994 1927 5021 "
1958 4982 2091 5038 Cod.
2126 4983 2308 5045 Laur.,
2340 4983 2613 5036 consilium
2641 4997 2827 5034 meum.

1903 5060 1924 5088 ⁸
1959 5052 2122 5117 Edit.,
2156 5052 2416 5104 habentes.

1904 5123 1922 5157 ί
1952 5121 2122 5177 Codd.
2152 5122 2209 5175 S.
2234 5120 2421 5175 Crucis
2449 5122 2502 5174 in
2524 5120 2663 5183 Jer.,
2698 5118 2818 5172 Vat.
2850 5130 2905 5173 et
2944 5119 3072 5172 edit.
3092 5161 3106 5184 ,
3135 5122 3285 5190 quasi
3319 5120 3407 5187 qui

1829 5190 2034 5255 bonam,
2067 5200 2172 5245 etc.

1901 5269 1927 5296 υ
1958 5259 2014 5314 In
2036 5260 2156 5314 cod.
2189 5260 2244 5314 S.
2277 5258 2464 5313 Crucis
2493 5259 2545 5311 in
2573 5257 2682 5311 Jer.
2720 5256 2872 5311 deest
2897 5266 2948 5310 et
2976 5258 3125 5312 bibit.

1899 5340 1927 5366 ν
1954 5329 2091 5399 Cod.
2116 5330 2269 5399 Vat.,
2300 5346 2393 5399 pro
2416 5326 3105 5399 peccatoﬁbuspsupplicare.

1902 5408 1926 5435 ι
1957 5397 2088 5453 Cod.
2113 5398 2236 5455 Vat.
2258 5394 2426 5465 £951,
2452 5407 2506 5478 et
2536 5396 2689 5476 edit,
2722 5394 2955 5517 egoen.
2980 5398 3173 5478 amicus
3204 5394 3320 5449 Dei.

1902 5478 1929 5517 γ
1958 5467 2100 5517 Idem
2130 5469 2249 5517 cod.
2279 5467 2425 5517 Vat..
2455 5482 2585 5517 sicut
2614 5481 2723 5517 mse
2795 5481 2994 5517 ommus
3023 5466 3176 5517 dixit.

1899 5478 1929 5517 γ
1958 5467 2100 5522 Idem
2130 5469 2249 5523 cod.
2279 5467 2425 5529 Vat.,
2455 5469 2585 5519 sicut
2614 5467 2723 5533 ipse
2744 5466 2994 5519 Dominus
3023 5466 3176 5517 dixit.

1903 5548 1924 5574 ι
1957 5536 2134 5591 Editio
2162 5538 2305 5590 addit
2333 5538 2580 5589 convicia.

1898 5616 1954 5643 ιιι
1983 5606 2115 5660 Cod.
2146 5606 2204 5659 S.
2237 5605 2418 5659 Crucis
2448 5606 2500 5657 in
2528 5603 2637 5657 Jer.
2661 5612 2716 5655 et
2739 5602 2889 5666 edit.,
2921 5602 3156 5656 susinet.

1896 5674 1953 5713 ιιι»
1981 5675 2177 5739 Ειλιίιίο,
2209 5677 2350 5745 μυξη.

1898 5756 1950 5782 ετ
1982 5746 2115 5799 Cod.
2148 5738 2461 5808 Vat.'495l,
2488 5746 2530 5796 si
2554 5758 2653 5794 non
2682 5743 2834 5794 etiam
2861 5742 2915 5793 in
2938 5739 3090 5811 facie.

1892 5812 1946 5851 (Μ
1980 5814 2145 5879 Edit.,
2174 5830 2331 5883 quare
2359 5814 2490 5867 hoc?
