3924 6232
518 414 623 471 883

1727 416 1781 471 S.
1825 411 2067 469 DIAXIMI
2106 411 2555 469 TAURINENSIS

520 527 726 596 majora
762 540 925 596 quam
967 525 1285 596 pertulimus
1329 524 1615 593 patiamur.
1684 522 1841 590 Quod
1870 524 2033 595 206
2074 538 2104 576 a
2135 528 2179 585 Α
2211 536 2327 576 mus
2364 522 2657 583 hominem,
2717 521 2803 576 hic
2847 521 3013 577 Deum
3072 522 3259 577 timere
3315 522 3587 576 nolumus.
3647 522 3797 578 Unde

521 617 678 671 nobis
722 621 1007 684 extorquet
1053 615 1290 670 hominis
1330 615 1510 679 timor,
1539 624 1565 651 ι
1601 614 1863 669 debuerat
1891 614 2105 683 exigere

526 702 723 759 Christi
766 719 937 759 amor.
966 704 1025 759 Si
1062 719 1191 772 ergo
1220 714 1412 774 potens
1452 719 1683 773 persona
1728 704 1879 757 saevit
1919 712 2106 758 contra

523 811 641 860 nos,
691 804 933 851 tacemus
979 805 1035 852 et
1082 796 1215 851 nihil
1241 797 1420 852 dicere
1472 796 1585 850 ausi
1630 811 1850 860 sumus;
1892 795 1937 849 si
1977 810 2108 848 vero

524 884 553 925 δ
574 895 665 940 aut
692 887 933 957 aequalis,
965 895 1057 941 aut
1082 886 1217 941 forte
1245 885 1465 941 inferior
1491 886 1577 939 vel
1604 886 1775 939 levem
1800 884 1953 939 nobis
1982 898 2111 939 con-

524 975 800 1029 tumeliam
830 975 1035 1041 fecerit,
1070 987 1091 1014 ε
1119 976 1270 1043 quasi
1301 974 1410 1029 fera
1433 975 1605 1028 bestia
1630 976 1750 1029 sine
1778 974 1883 1027 ulla
1904 974 2113 1043 patien-

525 1066 599 1118 tia
638 1080 701 1120 ac
738 1067 854 1120 sine
891 1066 1068 1135 aliqua
1112 1065 1204 1119 Dei
1234 1065 1687 1134 contemplatione
1715 1064 2105 1131 consurgimus,

526 1164 583 1211 et
607 1164 701 1211 aut
726 1157 780 1211 in
809 1158 1058 1227 prasenti
1084 1164 1321 1211 nostram
1362 1156 1609 1223 injuriam
1637 1156 1985 1220 vindicamus,
2017 1163 2111 1209 aut

526 1253 673 1299 certe
700 1244 766 1299 ad
786 1246 1046 1313 majorem
1067 1248 1236 1301 vicem
1262 1246 1589 1301 reddendam
1612 1254 1850 1300 nostrum
1873 1246 2107 1299 animum

527 1348 906 1402 prtcparamus.
938 1334 1075 1400 Quid
1096 1344 1179 1390 est
1208 1337 1332 1401 hoc,
1364 1335 1389 1373 ἀ
1412 1336 1627 1403 quando
1659 1345 1853 1404 potens
1878 1350 2106 1404 persona

528 1421 682 1476 nobis
708 1422 952 1490 injuriam
977 1424 1173 1489 intulit,
1197 1425 1463 1494 patienter
1491 1433 1514 1461 ο
1542 1426 1872 1492 accepimus;
1894 1423 2109 1492 quando

528 1500 766 1578 inferior,
798 1512 964 1567 nimio
994 1511 1177 1569 furore
1204 1514 1611 1569 succendimur?
1639 1512 1794 1579 Quod
1823 1513 1894 1567 ibi
1928 1514 2109 1567 timui-

2213 611 2228 650 ¹
2254 626 2382 681 ergo
2411 628 2528 677 nos,
2552 612 2762 677 fratres,
2785 625 3042 683 quantum
3067 629 3369 683 possumus,
3394 629 3518 668 cum
3529 613 3627 669 Dei
3650 614 3797 682 adju-

2206 704 2347 757 torio
2375 718 2470 757 cor
2517 712 2758 757 nostrum
2800 703 2869 757 ad
2915 705 3227 775 patientiam
3272 720 3662 775 przeparemus,
3697 716 3723 752 ε
3750 714 3798 759 et

2212 792 2265 846 in
2295 793 2543 847 omnibus
2561 794 2717 849 malis
2743 794 3048 849 hominibus
3076 794 3411 849 medicorum
3439 795 3612 849 vicem
3646 809 3800 862 agere

2211 883 2537 948 studemus,
2565 893 2747 939 etnon
2778 885 2922 954 ipsos
2949 886 3215 949 homines,
3252 885 3350 939 sed
3379 885 3407 922 δ
3438 886 3659 939 illorum
3688 901 3799 938 ma-

2214 974 2385 1027 litiam
2406 973 2531 1027 odio
2559 974 2883 1040 habeamus;
2916 991 3016 1045 pro
3046 976 3201 1029 bonis
3231 990 3468 1038 oremus,
3500 990 3563 1029 ιιι
3590 991 3801 1045 semper

2211 1064 2278 1117 ad
2300 1064 2521 1118 meliora
2551 1064 2913 1120 conscendant
2936 1084 2949 1131 ;
2971 1082 3068 1135 pro
3096 1066 3267 1130 malis,
3299 1072 3357 1119 ut
3384 1067 3495 1119 cito
3527 1066 3599 1119 ad
3629 1080 3803 1120 emen—

2210 1152 2484 1207 dationem
2512 1151 2633 1208 vita:
2661 1153 2677 1191 ί
2712 1170 2809 1224 per
2829 1156 3157 1224 pmnitentim
3181 1155 3414 1208 lamenta
3448 1155 3764 1221 confugiant
3788 1172 3799 1217 ;

2212 1256 2372 1311 quam
2398 1258 2509 1297 rem
2532 1244 2809 1297 orantibus
2837 1244 2991 1299 nobis
3012 1244 3124 1313 ipse
3159 1251 3417 1313 prmstarc
3444 1243 3703 1311 dignetur
3716 1245 3799 1311 qui

2211 1346 2331 1386 cum
2360 1331 2519 1387 Patre
2539 1342 2595 1387 et
2620 1333 2821 1403 Spiritu
2849 1343 3038 1389 sancto
3066 1334 3195 1388 vivit
3236 1342 3291 1388 et
3330 1344 3528 1403 regnat
3567 1334 3711 1389 Deus
3750 1334 3799 1387 in

2215 1423 2409 1477 smcula
2428 1424 2767 1480 saeculorum.
2792 1424 2979 1481 Amen.

1864 1601 2209 1662 HOMILIA
2254 1602 2445 1663 LXV.

1515 1698 1580 1753 In
1607 1699 1690 1753 die
1716 1700 1999 1752 nativitatis
2018 1701 2188 1753 sancti
2208 1698 2428 1753 Joannis
2454 1700 2703 1771 Baptist
2727 1701 2753 1755 I
2767 1743 2779 1756 .

1973 1784 2365 1840 ADMONITIO.

602 1874 763 1956 liulla
790 1875 878 1931 hic
899 1884 1179 1956 n_os_urg_et
1207 1891 1307 1956 nec
1336 1876 1480 1956 inter
1494 1874 1710 1930 codices
1731 1890 1891 1956 mss,
1916 1877 2184 1956 nec_inter
2206 1878 2440 1956 editores
2468 1880 2846 1949 discrepantia,
2878 1896 2997 1956 cum
3026 1882 3184 1935 simili
3208 1885 3427 1938 omnino
3453 1885 3793 1956 inscriptione

527 1942 585 2019 β.
614 1943 903 2019 Maximum
926 1942 1339 2019 hujus'homiliaa
1366 1953 1639 2019 auctorem
1661 1946 1969 1998 exhibeant.
1990 1944 2197 2019 __Longa
2222 1948 2331 2019 erit
2363 1948 2597 2019 ipsorum
2629 1942 2962 2003 enumeratio
2982 1990 2997 2014 ,
3029 1966 3095 2004 ex
3126 1967 3231 2019 qua
3264 1962 3411 2007 tanto
3440 1942 3645 2009 certior
3672 1957 3792 2009 ﬁdes

528 2012 544 2067 i
613 2014 657 2067 is
680 2014 981 2069 habebitur.
1001 2012 1339 2069 Bibliotheca
1368 2015 1623 2067 Vaticana
1688 2022 1880 2067 uatuor
1905 2014 2119 2068 codices
2148 2016 2301 2069 nobis
2332 2012 2575 2085 praebuit,
2599 2019 2803 2073 scilicet
2825 2012 2991 2083 6i5l,
3016 2012 3286 2088 pag.'156,
3323 2021 3481 2085 1146,
3513 2039 3639 2092 pag,
3672 2024 3795 2084 209.

528 2028 686 2135 θέοι).
719 2097 838 2135 nail.
873 2084 960 2135 59.
992 2100 1022 2135 a
1056 2092 1225 2135 tergo.
1267 2083 1423 2135 1277.
1459 2097 1580 2135 nan.
1626 2028 1715 2135 ἦ.
1758 2099 1789 2135 a
1829 2091 1999 2135 temo.
2051 2083 2182 2135 Tres
2210 2085 2345 2135 alios
2373 2086 2584 2135 codices
2606 2103 2726 2135 cum
2758 2097 2943 2135 nostro
2985 2104 3083 2135 ms.
3130 2090 3456 2135 mntulimm
3489 2092 3540 2135 in
3574 2095 3791 2135 arnhis'n

564 2082 686 2153 269,
719 2097 838 2152 pag.
873 2084 960 2146 59,
992 2100 1022 2137 a
1056 2092 1227 2153 tergo,
1267 2083 1423 2153 1277,
1459 2097 1580 2153 pag.

1758 2099 1789 2136 a
1829 2091 1999 2149 tergo.
2051 2083 2182 2137 Tres
2210 2083 2345 2138 alios
2373 2086 2584 2139 codices
2606 2103 2726 2140 cum
2757 2097 2943 2141 nostro
2985 2083 3110 2141 nisi
3130 2083 3541 2145 contulimus'in
3574 2083 3791 2147 archiva

527 2149 809 2206 Casinensi
846 2153 933 2219 12,
975 2167 1095 2273 pag.
1137 2152 1261 2217 321,
1302 2152 1424 2217 104,
1455 2149 1577 2232 pag.
1624 2152 1743 2233 166,
1778 2167 1809 2232 a
1838 2160 2009 2232 tergo,
2041 2168 2147 2238 cxi,
2177 2168 2300 2233 pag.
2323 2155 2422 2234 _70.
2468 2154 2704 2209 Vidimus
2733 2158 2894 2210 etiam
2925 2158 2978 2210 in
3009 2157 3351 2239 Vallicellana
3380 2159 3517 2214 duos
3546 2162 3727 2223 rodit,
3761 2161 3790 2212 7

528 2219 594 2273 Δ.
627 2229 682 2273 et
708 2236 796 2273 xv.
826 2235 945 2273 patr.
1015 2222 1104 2273 53.
1136 2237 1167 2273 a
1196 2232 1367 2273 tergo.
1400 2230 1454 2273 et
1499 2237 1550 2273 ιη
1589 2220 1931 2273 CtstercnenSI
1979 2221 2035 2273 S.
2085 2223 2273 2273 (.rucls
2321 2232 2372 2273 In
2410 2222 2703 2273 Jerusalem
2736 2225 2855 2273 cod.
2893 2243 2961 2273 xu
3005 2227 3372 2273 lectmnarmm
3403 2244 3523 2273 ητις-
3562 2230 3652 2273 63-
3707 2229 3790 2273 His

528 2194 804 2285 Ᾰζῖῖῖἕξ
826 2194 945 2290 ιῖειῖ.

1015 2222 1104 2286 53,
1136 2237 1167 2294 a
1196 2232 1367 2294 tergo,
1400 2220 1471 2276 eti
1499 2222 1550 2274 in
1589 2220 1931 2294 Cisterciensi
2085 2220 2273 2294 Crucis
2321 2224 2372 2277 in
2410 2222 2703 2294 Jerusalem
2736 2225 2855 2280 cod.
2892 2243 2961 2279 xu
3005 2227 3372 2281 lectionarinm
3403 2244 3525 2294 pag.
3562 2230 3652 2283 63.
3706 2220 3792 2283 His

529 2290 824 2366 Wunt
862 2290 1299 2366 conﬁ_r_mat_iones
1330 2291 1557 2366 duorum
1597 2290 1839 2366 codicum
1869 2292 2215 2366 Augieﬁnsiun}
2256 2309 2321 2345 xv
2364 2300 2417 2345 et
2442 2310 2604 2366 _xvi._._
2628 2293 2967 2366 Novariensis
2994 2294 3079 2366 43,
3113 2310 3231 2363 pag.
3270 2296 3354 2366 76,
3390 2290 3794 2366 Ratisponensis

530 2353 587 2411 S.
622 2357 962 2423 Emmerami,
993 2359 1352 2425 Martinensis,
1387 2359 1724 2412 Ambrosiani
1765 2360 1901 2426 sign.

2024 2358 2124 2435 ῼξ,
2146 2359 2483 2435 _\_’eronen_sis
2512 2361 2607 2435 451
2627 2401 2641 2425 ,
2670 2378 2733 2416 ac
2764 2364 2978 2435 tandem
3024 2358 3279 2435 Βιτὲνίιῖήῆ
3312 2358 3564 2420 Εοοιεςίαξ
3594 2368 3793 2435 Strigo—

531 2426 1489 2504 nie_nsi_s._Editoribuspmmittimus
1530 2428 1807 2504 Alcuinum
1836 2441 1954 2496 pag.
1988 2428 2114 2504 3_lj_.
2146 2428 2480 2504 Mplto_enjm
2517 2430 2634 2499 ipso
2673 2434 3001 2504 posteriores
3024 2432 3483 2504 suntﬁynmicus
3510 2451 3633 2504 pag.
3674 2426 3789 2499 i§5,

532 2494 835 2570 Qalesinius
883 2494 1481 2570 pag._24_7,__Cumdius
1527 2505 1657 2570 tom.
1708 2496 1795 2561 ιν,
1827 2494 1963 2570 pag.
2014 2496 2137 2557 595,
2184 2494 2552 2570 Combeﬁsius'
2576 2494 2705 2552 torri.
2740 2500 2827 2566 Vl,
2858 2514 2976 2570 pag.
3012 2500 3133 2567 ηε,
3161 2494 3481 2570 Ηδῇνηιιιιάυε
3511 2494 3635 2570 pag.
3668 2494 3789 2569 3l'l,

532 2520 835 2549 uatcsuuus
884 2520 1002 2566 pag.
1056 2520 1177 2563 ut,
1226 2520 1481 2551 nummus
1528 2520 1657 2549 tum.
1708 2520 1795 2561 Iv,
1845 2520 1963 2563 pag.
2014 2520 2137 2557 ova,
2184 2520 2532 2551 uumueusnus
2576 2520 2705 2552 ι’)ῐῐι.
2749 2520 2827 2566 Vl,
2858 2520 2976 2569 pag.
3012 2520 3133 2567 1η,
3163 2520 3481 2557 navnauuus
3512 2520 3579 2570 pa
3622 2545 3635 2556 .

531 2562 864 2637 igiargarinus
910 2567 963 2619 in
1009 2566 1146 2620 Bibl.
1177 2566 1330 2637 Max.
1382 2574 1510 2619 tom.
1548 2564 1631 2637 Yl,
1664 2578 1785 2633 pag.
1825 2565 1915 2631 32,
1945 2580 2172 2633 quorum
2204 2568 2440 2621 omnium
2482 2569 2759 2637 inscriptio
2787 2579 2907 2623 est:
2942 2568 3006 2623 In
3047 2570 3131 2623 die
3164 2560 3444 2625 nativitatis
3492 2520 3648 2627 8.50

538 2630 782 2701 Baptistae
809 2650 968 2703 quam
990 2650 1089 2689 nos
1116 2636 1277 2688 etiam
1304 2630 1703 2703 assumpsimus.

533 2720 923 2777 Annuus-mror.
947 2756 1019 2765 -
1040 2723 1220 2793 Sancti
1261 2731 1512 2792 martyres
1549 2725 1801 2793 cruciatus
1831 2731 2121 2793 cruentam-
2155 2730 2195 2784 Β
2222 2732 2394 2793 peret.
2456 2724 2695 2793 Denique
2735 2725 3006 2780 Elisabeth
3044 2728 3133 2780 illa
3162 2736 3313 2781 vetus
3344 2729 3555 2791 mulier,
3582 2738 3638 2784 et
3665 2745 3794 2785 nova

720 2803 933 2864 mortem
961 2810 1053 2862 pro
1082 2790 1285 2864 Christo
1315 2790 1515 2864 fortiter
1556 2792 1825 2864 tolerantes
1870 2792 2113 2864 honorem

658 2862 830 2915 omina
857 2861 1143 2931 primunt:
1178 2861 1374 2915 .Ioan‘ni
1411 2861 1661 2927 Baptista
1688 2862 1861 2913 datum
1895 2871 1972 2912 est
2000 2861 2113 2931 glo-

605 2930 816 3001 riﬁcare
856 2930 1149 3001 Dominum_
1175 2932 1531 3000 prmnientis
1570 2931 1752 3001 gratia:
1779 2930 2111 3001 plenitudine,

605 3000 928 3070 parandique
948 3002 1082 3054 viam
1112 2999 1462 3069 Redemptoris

611 3177 624 3225 i
661 3174 1067 3228 Solemnitatem
1111 3175 1265 3230 nobis
1294 3174 1623 3228 diversorum
1655 3178 1945 3244 martyrum
1966 3217 1979 3235 ,
2010 3174 2117 3227 fra-

538 3274 649 3320 tres
675 3266 937 3319 carissimi
962 3305 977 3329 ,
1025 3267 1145 3319 vita:
1172 3265 1445 3334 prscsentis
1481 3281 1704 3319 occasus
1727 3305 1741 3328 ,
1793 3274 1848 3319 et
1876 3274 2119 3333 suscepta

538 3356 609 3410 ab
638 3357 715 3409 eis
746 3371 841 3425 pro
880 3356 1079 3409 Christi
1108 3356 1323 3409 nomine
1356 3356 1531 3422 passio
1558 3357 1907 3409 consecravit.
1938 3355 2119 3409 Multi-

539 3446 702 3501 moda
762 3462 991 3516 namque
1066 3455 1303 3500 veterum
1350 3446 1613 3500 relatione
1659 3446 1939 3500 didicimus
1985 3463 2121 3501 non-

540 3538 717 3590 nullos
763 3544 1057 3605 martyrum
1103 3544 1403 3604 prostratos
1443 3536 1641 3601 gladio,
1694 3535 1801 3603 igni
1830 3537 1963 3590 alios
1987 3552 2121 3589 con-

542 3634 826 3688 crematos,
862 3626 1168 3693 complures
1190 3626 1479 3679 bestiarum
1511 3626 1829 3679 dilaceratos
1851 3625 2119 3691 dentibus,

543 3716 849 3770 innumeros
870 3715 956 3770 etk
972 3717 1081 3785 jam
1099 3716 1259 3771 variis
1286 3723 1670 3769 tormentorum
1697 3716 2017 3769 cruciatibus
2042 3716 2123 3768 af-

542 3809 740 3872 fectos,
789 3815 969 3876 spreta
1013 3808 1095 3861 sui
1136 3808 1377 3877 corporis
1424 3816 1596 3860 morte
1642 3805 1956 3858 Christiana:
2004 3806 2126 3859 iidei

545 3900 906 3955 testiinonium
945 3899 1258 3953 reddidisse.
1315 3899 1510 3951 Beatus
1540 3914 1667 3954 vero
1697 3897 1934 3966 Baptista
1965 3896 2127 3950 Joan-

545 4005 662 4054 nes,
694 3988 847 4057 cujus
876 3989 1033 4059 207
1067 4004 1207 4043 nunc
1250 3988 1535 4041 festivitate
1582 3988 1841 4051 lmtamur,
1887 3986 2125 4042 cmlestia

2222 2823 2414 2878 mater,
2442 2828 2561 2881 qua:
2590 2824 2715 2868 ante
2742 2824 2953 2884 partum
2983 2831 3137 2869 suum
3168 2817 3236 2870 dc
3267 2816 3427 2870 futuri
3461 2816 3555 2872 filii
3589 2819 3795 2872 laetaba-

2217 2912 2305 2957 tur
2329 2902 2527 2968 oflicio,
2562 2905 2797 2959 venienti
2827 2906 2892 2959 ad
2922 2921 2980 2959 se
3008 2906 3181 2960 beatae
3203 2906 3383 2962 Mariae
3417 2909 3472 2962 in
3506 2909 3627 2977 ipso
3663 2908 3794 2962 salu—

2223 2993 2444 3048 tationis
2472 3008 2721 3058 occursu,
2750 2995 2824 3048 ait
2849 3012 2860 3046 :
2906 2993 3067 3058 Ecce,
3097 3010 3162 3048 ex
3188 3012 3285 3066 quo
3309 3004 3334 3031 ο
3363 2999 3505 3066 facta
3527 3013 3628 3051 rex
3665 2997 3796 3050 satu-

2221 3085 2429 3136 tationis
2478 3092 2580 3136 tua:
2624 3083 2678 3135 in
2719 3082 2927 3136 auribus
2970 3085 3126 3149 meis,
3165 3083 3411 3137 exultavit
3452 3093 3482 3133 ι’
3522 3086 3580 3138 in
3618 3085 3794 3155 gaudio

2218 3176 2395 3244 infans
2435 3176 2488 3227 in
2527 3185 2673 3229 utero
2712 3192 2824 3228 meo
2860 3173 3009 3246 (Luc.
3036 3174 3097 3242 ι).
3142 3174 3277 3240 Quid
3299 3176 3403 3229 hoc
3430 3185 3513 3229 est
3541 3175 3791 3235 miraculi,

2222 3265 2442 3331 fratres;
2475 3280 2594 3333 qua:
2624 3274 2892 3319 tantorum
2920 3266 3131 3319 novitas
3158 3266 3497 3333 gaudiorum,
3524 3274 3584 3320 ut
3608 3268 3795 3320 habere

2223 3371 2281 3407 se
2309 3355 2360 3407 in
2392 3362 2545 3407 utero
2586 3352 2858 3407 Elisabeth
2902 3361 3189 3407 testaretur
3237 3352 3492 3406 infantem
3516 3390 3532 3415 ,
3588 3353 3677 3421 qui
3708 3366 3797 3405 nec

2222 3442 2347 3497 dmn
2391 3443 2733 3510 semetipsum
2779 3442 3053 3507 sentiens,
3080 3442 3403 3495 dominicum
3438 3440 3551 3509 jam
3585 3442 3798 3495 sentiret

2224 3532 2551 3585 adventum?
2598 3532 2738 3585 Vere
2782 3531 2869 3584 ltic
2916 3531 3152 3585 omnium
3190 3531 3531 3584 beatissimus
3560 3530 3798 3599 parvulo-

2225 3640 2341 3678 rum
2370 3665 2383 3687 ,
2426 3624 2518 3691 qui
2567 3623 2707 3675 intra
2760 3623 2965 3676 viscera
3009 3622 3183 3675 adhuc
3223 3628 3466 3675 materna
3505 3620 3796 3686 conclusus,

2228 3716 2417 3769 aalcsse
2455 3714 2791 3767 Salvatorem
2833 3713 3051 3774 mundi,
3100 3712 3223 3782 quia
3269 3727 3369 3766 nec
3418 3722 3527 3766 tum
3556 3726 3797 3766 sermone

2227 3811 2462 3874 poterat,
2503 3803 2817 3872 prophetico
2840 3802 3035 3869 gaudio
3061 3801 3335 3857 revelavit.
3368 3800 3552 3855 Nullus
3578 3802 3795 3869 ignorat,

2230 3898 2519 3960 carissimi,
2546 3911 2761 3949 omnem
2789 3895 3068 3963 parvulum
3086 3936 3101 3958 ,
3130 3902 3376 3947 materno
3404 3893 3471 3947 ab
3500 3901 3651 3947 utero
3678 3908 3797 3962 pro-

2230 3988 2480 4042 deuntem
2498 4029 2512 4051 ,
2546 3987 2684 4040 intra
2713 3987 2824 4055 ipsa
2854 3986 2985 4038 lucis
3014 3984 3232 4038 εισι-ἀίει
3254 3984 3459 4039 maestis
3486 3998 3798 4052 concrepare

545 4080 742 4133 mundo
780 4080 971 4146 gaudia
1008 4079 1174 4132 sterili
1216 4080 1282 4131 ab
1325 4087 1478 4131 utero
1518 4078 1675 4131 hodie
1718 4086 1873 4132 natus
1918 4076 1933 4114 1
1978 4078 2127 4131 inve-
2153 4088 2197 4149 ρ
2232 4082 2525 4150 vagitibus;
2554 4079 2701 4133 solus
2732 4078 2965 4147 Baptista
2996 4075 3205 4130 Domini
3238 4076 3374 4129 ultra
3404 4075 3572 4143 legem
3593 4089 3797 4128 nascen-

552 4172 649 4225 xit.
680 4170 745 4222 Et
776 4171 850 4223 illi
876 4170 1091 4238 quidem
1132 4168 1426 4223 indubitata
1466 4168 1578 4236 jam
1617 4168 1785 4236 gloria
1814 4175 2125 4235 regnantem

549 4260 779 4316 confessi
817 4268 939 4315 sunt
985 4260 1079 4313 Dei
1106 4259 1338 4324 Filium;
1388 4260 1477 4314 hic
1505 4267 1685 4312 autem
1715 4268 1769 4313 et
1799 4260 2128 4313 nasciturum

552 4351 836 4405 Dominum
873 4350 1201 4421 prophetalis
1234 4350 1449 4417 spiritus
1491 4350 1844 4403 illustratione
1866 4348 2127 4418 prtevidit,

549 4447 604 4494 et
632 4447 816 4493 natum
853 4440 1129 4508 privilegio
1170 4440 1355 4507 gratia:
1388 4440 1670 4506 singularis
1700 4438 1953 4492 ostendit.
2001 4448 2039 4474 ω
2070 4438 2127 4491 In

550 4540 758 4586 tantum
807 4539 984 4585 autem
1031 4531 1276 4600 specialis
1312 4532 1364 4584 in
1408 4546 1473 4585 eo
1516 4530 1769 4600 prazfulsit
1808 4530 2035 4595 electio,
2070 4538 2129 4583 ut

551 4636 678 4679 ante
702 4632 1002 4679 mereretur
1026 4626 1344 4678 annuntiare
1373 4622 1656 4676 Dominum
1686 4638 1844 4691 quam
1876 4621 2127 4675 nascendi

550 4716 759 4772 initium
789 4715 873 4770 vel
905 4716 1169 4784 linguam,
1202 4725 1228 4751 υ
1257 4730 1419 4785 quam
1449 4715 1728 4768 enuntiare
1756 4721 1955 4783 posset,
1988 4714 2128 4768 acci-

621 4838 647 4866 ι
677 4824 809 4881 Cod.
843 4826 1029 4892 Laur.,
1078 4825 1279 4878 deberet
1322 4842 1353 4876 a
1395 4822 1538 4876 nobis
1586 4822 1819 4891 exigere.
1852 4831 1951 4875 etc.
1987 4820 2120 4875 Cod.

550 4898 641 4954 cit.
677 4895 741 4947 1‘2
764 4895 820 4949 S.
848 4895 1033 4950 Crucis
1057 4896 1109 4947 in
1140 4893 1273 4957 ιω..
1298 4892 1536 4947 debuerat
1557 4911 1585 4943 a
1616 4892 1759 4945 nobis
1776 4894 2121 4962 exigere,etc.

628 4967 651 5004 ιτ
684 4964 823 5019 Edit.
856 4965 1024 5018 Maur.
1051 4965 1136 5019 hic
1164 4964 1364 5018 omittit
1393 4962 1706 5031 particulam
1737 4972 1845 5013 aut.

627 5046 649 5103 ς
679 5035 815 5089 Cod.
851 5034 1031 5103 Laur.,
1061 5035 1357 5103 moxiquasi
1388 5036 1510 5103 [em
1532 5032 1719 5103 bestiae.

622 5102 648 5141 ἀ
680 5099 1043 5159 Codd.‘Laur.
1080 5102 1147 5154 12
1177 5099 1234 5156 Si
1268 5099 1455 5156 Crucis
1480 5102 1532 5155 in
1563 5100 1696 5168 Jer.,
1723 5109 1777 5155 et
1806 5100 1961 5168 edit,
1990 5099 2127 5166 Quid

550 5186 627 5231 est
655 5176 768 5239 hoc,
793 5174 927 5242 quod
987 5174 1175 5234 nando,
1198 5183 1302 5226 etc.

628 5258 652 5321 ξ
848 5242 917 5321 ig
1022 5242 1206 5321 Crucis
1236 5240 1444 5321 inger},
1474 5241 1770 5321 accipimus.

628 5314 647 5353 ί
680 5313 849 5371 Codd.
883 5312 1065 5375 Laur.,
1097 5310 1243 5376 Vat.,
1268 5310 1425 5373 4951,
1448 5320 1503 5365 et
1528 5310 1681 5373 edit.,
1710 5310 1856 5364 Unde
1876 5328 1998 5381 rogo
2019 5328 2123 5376 ros,

555 5388 742 5457 fratres
772 5383 1057 5443 carissimi,
1086 5391 1329 5452 quantum
1358 5396 1449 5434 nos
1478 5397 1670 5443 sumus,
1702 5389 1806 5434 et".

628 5463 653 5501 s
686 5451 829 5505 Idem
852 5451 971 5505 cod.
1004 5450 1188 5505 Laur"
1212 5461 1285 5503 ut.

744 5467 829 5506 Cm
852 5467 971 5506 C00.
1004 5467 1188 5511 Laur“
1212 5467 1285 5503 ιιι.

2230 4173 2361 4225 tium
2392 4172 2726 4224 nativitatem
2754 4184 2901 4223 suam
2933 4167 3127 4220 lzetitize
3154 4166 3512 4220 exsultatione
3533 4166 3794 4235 praevenit.

2229 4263 2297 4317 Et
2324 4279 2485 4331 quam
2508 4262 2713 4325 decuit,
2752 4259 2961 4323 fratres,
2988 4267 3043 4311 ut
3064 4259 3129 4311 de
3157 4266 3330 4311 matre
3352 4258 3523 4311 sterili
3550 4272 3794 4312 nascere-

2230 4362 2335 4416 tur,
2383 4354 2473 4421 qui
2522 4351 2897 4405 fecunditatem
2939 4349 3160 4416 virginis
3200 4348 3500 4410 revelabat;
3546 4355 3794 4415 quatenus

2232 4444 2530 4498 mirabilem
2562 4449 2771 4510 partum
2796 4439 3115 4493 mirabiliter
3136 4447 3293 4491 natus
3319 4437 3635 4491 ostenderet.
3665 4435 3793 4489 Illud

2235 4535 2399 4586 etiam
2429 4548 2588 4601 quam
2615 4528 2954 4598 stupendum,
2979 4542 3247 4595 quamque
3277 4523 3630 4593 magniﬁcum,
3657 4526 3792 4592 quod

2235 4622 2523 4676 Zacharias
2560 4618 2846 4683 sacerdos,
2896 4625 3053 4686 pater
3096 4615 3308 4671 futurus
3344 4615 3645 4686 prophetae;
3674 4616 3791 4684 quia

2234 4714 2338 4767 huc
2360 4714 2549 4781 ipsum,
2581 4710 2725 4781 quod
2746 4708 3050 4775 gerebatur,
3081 4706 3272 4775 angelo
3294 4704 3530 4774 loquenti
3558 4719 3655 4759 non
3676 4720 3787 4759 creo

2233 4818 2475 4885 Μαι-1³η,
2510 4818 2871 4873 δοιρηιηίιιιιεε
2898 4814 3063 4869 nobis.

2308 4890 2327 4926 ι
2365 4880 2599 4956 Uterque
2636 4887 2757 4941 cod.
2802 4886 3079 4956 Ambros,
3130 4882 3188 4956 S_.
3230 4882 3420 4956 Crucis
3436 4881 3504 4956 Δἰει
3532 4880 3785 4956 Jer:.__Ve-

2235 4975 2375 5017 ron..
2426 4949 2664 5011 Vallicel.
2708 4956 2739 5007 7
2782 4955 2858 5017 Α.
2889 4964 2945 5009 et
2981 4963 3089 5007 tres
3136 4952 3307 5006 Vatic.
3359 4950 3528 5013 1269.
3578 4949 3698 5003 1277
3739 4962 3790 5006 et

2238 5028 2397 5085 1196.
2430 5030 2581 5081 etiam
2606 5027 2780 5080 rariis.

2317 5098 2329 5134 ¹
2368 5099 2501 5151 C'nl.
2536 5096 2677 5157 \’:tt.,
2709 5094 2932 5147 σάυειὶε.

2310 5178 2348 5204 ω
2381 5168 2521 5221 Idem
2546 5154 2749 5219 cod.'S.
2802 5160 2987 5217 Crucis
3015 5158 3067 5212 in
3092 5159 3203 5212 Jcr.
3225 5198 3239 5219 ,
3271 5167 3327 5211 et
3355 5157 3562 5221 Vallic.,
3593 5154 3649 5209 Iit
3679 5167 3779 5212 tunc

2238 5249 2341 5291 tum
2364 5236 2604 5304 specialis
2616 5237 2677 5304 in
2707 5232 2856 5285 beato
2876 5229 3080 5304 Joanne
3108 5227 3364 5297 prwfulsit
3395 5227 3587 5304 electio,
3614 5234 3709 5280 etc.

2302 5318 2325 5343 υ
2358 5298 2490 5361 Cod.
2522 5304 2579 5358 S.
2613 5303 2843 5355 Emtner.
2868 5344 2881 5364 ,
2915 5300 3143 5365 linguam
3225 5315 3323 5365 qua
3373 5298 3630 5348 enuntiare
3676 5314 3777 5362 μοι.

2229 5379 2313 5439 sit,
2346 5377 2571 5445 accepit;
2597 5371 2721 5427 cod.
2746 5385 2876 5425 vero
2904 5368 2962 5422 S.
2982 5365 3180 5445 _Cr_ucis
3203 5365 3411 5445 ipsi?"
3438 5381 3551 5433 qua:
3569 5366 3771 5421 nuntian

2232 5435 2434 5517 posset,
2466 5435 2757 5512 acciperet;
2801 5449 2856 5493 et
2895 5437 3017 5492 cod.
3061 5436 3178 5489 Vat.
3214 5435 3379 5495 1269,
3412 5450 3512 5503 qua
3532 5450 3632 5485 eant
3657 5450 3768 5493 nun.

627 5486 654 5558 ί
1212 5486 1413 5575 u(erucis
1443 5522 1495 5574 in
1528 5518 1663 5585 Jer.,
1691 5528 1746 5575 et
1773 5519 1899 5576 cdit.
1930 5518 2126 5583 Maur.,
2156 5486 2208 5546 D

554 5608 802 5659 ipsorum.

636 5661 649 5698 ί
686 5659 885 5725 Editio,
916 5676 1004 5728 per
1024 5660 1324 5728 patientiam
1353 5659 1675 5728 confugiant.

634 5732 649 5779 ι
688 5729 823 5783 Cod.
857 5722 976 5782 Vat.
1024 5722 1188 5793 6451,
1235 5738 1289 5782 et
1339 5722 1562 5797 uterque
1598 5727 1717 5780 cod.
1769 5725 2037 5797 Ambros”
2068 5722 2125 5778 S.

559 5799 881 5854 Emmeram.
912 5798 1142 5865 Ratisp.,
1182 5794 1485 5861 Veroncn.,
1524 5806 1576 5851 et
1617 5806 1723 5851 tres
1760 5794 2037 5860 Casinen.,
2077 5802 2132 5847 et

2310 5593 2334 5618 ο
2366 5585 2507 5638 Idem
2539 5581 2659 5637 cod.
2710 5579 2859 5643 Vat.,
2903 5575 3199 5639 Veronen.,
3248 5572 3353 5627 ddo
3400 5570 3647 5636 Vallicel.,
3689 5586 3764 5628 ne:

2235 5669 2340 5707 non
2370 5653 2645 5714 Casincn.,
2680 5652 2829 5720 facta
2848 5655 2941 5720 est.

2306 5734 2332 5773 ι
2362 5722 2495 5778 Cod.
2526 5711 3035 5776 ﬂaﬂineniomittit
3053 5715 3107 5767 in
3141 5711 3348 5786 gaudio.
