3924 6232
102 397 236 451 383

1509 393 1792 449 "Oﬁlle
1835 395 1989 491 ιξν.

3311 393 3415 447 586

101 505 266 558 didit
291 545 308 570 ,
356 519 516 557 usum
545 512 566 538 η
599 502 867 570 loquentis
898 501 1077 554 amisit
1103 542 1115 564 ,
1143 501 1340 564 donec,
1378 503 1731 570 promissione
1759 503 1996 571 A.mino,
2043 510 2210 554 rectas
2249 504 2403 571 {urite
2443 503 2652 554 semitas
2693 502 2787 555 Dei
2835 504 3018 555 nostri.
3056 503 3195 557 Vere
3225 504 3416 572 dignus

103 593 429 660 completa,
463 600 622 645 natus
651 589 778 643 novi
817 589 1050 642 hominis
1080 604 1254 657 prmco
1283 598 1514 657 paterna:
1543 589 1732 655 lingua:

107 685 351 736 vincula
386 685 675 736 relaxaret.
722 680 793 733 Os
831 681 973 734 enim
1015 681 1155 748 quod
1201 679 1420 746 angelus
1448 679 1730 741 clauserat,

105 774 440 840 promissus
481 773 549 824 ab
593 771 781 838 angelo
822 768 957 822 ﬁlius
1000 769 1274 822 reseravit.
1354 768 1486 821 Nam
1515 784 1634 822 cum
1664 768 1732 822 de

109 865 543 932 nuncupatione
608 861 812 930 parvuli
872 868 1259 927 cognatorum,
1324 859 1730 926 vicinorumque

109 956 417 1008 hmsitaret
447 954 744 1012 arbitrium,
780 951 1161 1021 proprietatem
1193 951 1306 1004 Veri
1336 950 1565 1002 nominis
1593 948 1728 1016 ejus,

108 1060 300 1112 quam
334 1044 361 1082 δ
397 1045 586 1110 angelo
633 1043 867 1095 dictante
906 1041 1198 1107 didicerat,
1226 1047 1440 1108 recepta
1475 1050 1496 1077 ε
1521 1038 1730 1107 pristini

110 1137 319 1189 subito
372 1137 536 1205 208
583 1132 835 1186 facultate
872 1131 1161 1195 sermonis,
1208 1139 1362 1198 pater
1396 1138 1574 1182 mutus
1604 1143 1731 1198 ape-

112 1225 278 1289 ruit;
314 1234 377 1278 ut
407 1226 521 1292 ejus
553 1224 886 1276 nativitatem
918 1221 1276 1290 praeceptione
1313 1220 1514 1274 etelesti
1540 1219 1732 1273 tacitus

113 1313 522 1383 exspectabat,
549 1312 658 1364 nati
681 1310 1002 1364 vocabulum
1035 1309 1362 1376 loqueretur,
1393 1316 1447 1361 et
1473 1322 1731 1374 agnosce-

114 1415 217 1459 ret
248 1404 447 1458 anxius
468 1417 650 1462 senex,
681 1417 779 1470 per
803 1416 924 1454 eum
946 1415 1006 1454 se
1033 1399 1133 1453 sibi
1167 1398 1449 1463 redditum,
1480 1414 1639 1467 quem
1662 1399 1729 1453 de

116 1508 188 1547 se
229 1509 344 1546 non
397 1491 697 1544 crediderat
735 1490 1080 1542 nasciturum.
1138 1487 1248 1541 Nec
1285 1488 1554 1541 dubitaret
1592 1488 1729 1542 ultra

119 1584 354 1638 cmlitus
387 1581 532 1634 illum
560 1581 642 1634 vel
672 1581 990 1649 promissum
1019 1579 1201 1640 fuisse,
1234 1579 1318 1632 vel
1340 1588 1546 1646 natum,
1577 1579 1729 1648 cujus

119 1688 327 1738 causa,
351 1680 408 1725 et
429 1671 671 1723 amisisse
699 1669 990 1738 probabat,
1023 1677 1078 1722 et
1105 1670 1371 1736 recepisse
1400 1684 1721 1723 sermonem.

121 1764 278 1830 Quid
301 1765 437 1826 hac,
470 1761 686 1824 fratres,
718 1760 972 1827 religione
1000 1759 1324 1826 gloriosius?
1353 1759 1486 1824 Quid
1517 1760 1615 1813 hac
1640 1760 1723 1812 in-

1835 591 2021 643 beatus
2050 589 2304 653 Joannes,
2336 591 2488 659 cujus
2513 592 2824 660 prophetica
2854 600 2997 645 esset
3020 593 3291 656 nativitas,
3323 595 3413 660 qui

1834 687 1890 731 et
1920 679 2022 731 illis
2049 679 2116 732 de
2140 681 2471 747 parentibus,
2496 696 2724 749 quorum
2755 690 2898 734 esset
2921 681 3202 750 desperata
3233 691 3412 751 postc-

1834 768 1999 832 ritas,
2055 769 2148 822 Dei
2197 786 2420 824 munere
2464 779 2796 825 nasceretur.
2848 771 2978 825 Nam
3004 781 3152 826 tanta
3177 775 3411 827 auctori-

1835 866 1962 921 tate,
2009 866 2266 927 tantoque
2313 858 2540 912 docendi
2590 860 2830 929 pondere
2876 861 2928 914 in
2977 877 3165 915 vocem
3213 871 3410 916 sancta:

1833 946 2228 1014 praedicationis
2267 949 2427 1018 209
2474 949 2687 1016 erupit,
2721 958 2758 985 π’
2789 958 2843 1002 et
2875 950 3159 1004 instantem
3200 951 3409 1006 Domini

1835 1040 2107 1092 nuntiaret
2138 1038 2444 1102 adventum,
2471 1047 2522 1093 et
2549 1040 2600 1093 in
2628 1040 2847 1095 semitas
2869 1050 3041 1094 rectas
3069 1041 3206 1095 male
3226 1043 3410 1096 viven-

1832 1122 1966 1180 tium
2015 1128 2268 1195 dirigeret
2309 1131 2655 1197 pravitatem.
2688 1139 2715 1166 ⁸³
2745 1131 2880 1196 Quid
2920 1140 3002 1186 est
3031 1133 3199 1198 enim,
3228 1144 3412 1203 parate

1831 1219 1963 1271 viam
1992 1218 2226 1282 Domino,
2259 1220 2358 1274 nisi
2387 1220 2696 1274 adventanti
2719 1222 2784 1275 de
2813 1222 2951 1276 caelo
2973 1222 3160 1289 judici,
3183 1233 3408 1291 purgato

1832 1323 1860 1359 a
1890 1309 2032 1362 vitiis
2061 1319 2298 1377 pectore,
2325 1310 2579 1378 simplicis
2603 1311 2780 1364 cordis
2810 1312 3168 1365 habitaculum
3196 1328 3406 1382 prcha-

1832 1399 1990 1451 rare?
2022 1407 2045 1433 ο
2076 1397 2210 1464 Quid
2259 1407 2338 1452 est
2361 1439 2375 1463 ,
2427 1409 2589 1452 rectas
2634 1402 2788 1470 facile
2831 1403 3038 1454 semitas
3068 1401 3194 1467 Dei,
3221 1403 3321 1456 nisi
3352 1413 3408 1456 ut

1833 1489 1967 1542 tales
1995 1498 2206 1543 actuum
2251 1499 2462 1544 tuorum
2508 1491 2606 1544 tibi
2637 1493 2846 1545 munias
2869 1494 3008 1556 vias;
3040 1507 3173 1561 quas
3201 1510 3408 1562 peram-

1830 1577 2018 1631 bulare
2053 1579 2314 1647 propitius
2361 1580 2581 1632 veniens
2622 1579 2686 1633 ad
2715 1587 2767 1633 te
2795 1579 3052 1635 Dominus
3079 1583 3406 1636 delectetur?

1831 1669 1922 1723 ltle
1951 1670 2089 1723 viam
2118 1669 2342 1723 Domino
2371 1685 2468 1725 suo
2500 1681 2526 1719 [ι
2556 1679 2739 1740 parat,
2772 1672 2862 1739 qui
2893 1672 3208 1725 luxuriantis
3231 1673 3407 1726 carnis

1832 1775 2088 1828 respuens
2110 1771 2135 1808 τι
2165 1761 2489 1828 voluptates,
2542 1768 2655 1815 toto
2685 1761 2880 1815 mentis
2926 1776 3035 1815 sua:
3063 1761 3254 1829 spiritu
3295 1777 3408 1814 sus-

123 1855 351 1922 signius
385 1851 518 1906 ﬁde?
545 1852 598 1905 in
626 1866 732 1919 qua
761 1851 956 1904 sterilis
983 1851 1246 1919 concipit,
1272 1859 1449 1903 mutus
1471 1851 1725 1918 loquitur,
1761 1852 1803 1913 Β
1833 1865 2030 1917 pensus
2057 1851 2123 1902 ad
2165 1849 2350 1913 Deum,
2390 1851 2574 1917 vigore
2602 1864 2660 1903 se
2683 1851 2944 1904 castitatis
2967 1851 3214 1918 accingit.
3256 1852 3407 1922 Opti-

126 1945 279 1997 etin
327 1949 539 1996 secreto
587 1949 952 1994 maternorum
998 1941 1265 1994 viscerum
1313 1941 1516 2009 parvuli
1562 1941 1725 1994 totius

127 2014 329 2087 mundi
357 2032 549 2098 gaudia
569 2030 596 2067 ιι
621 2029 796 2084 futura
839 2031 1138 2100 pneludunt
1162 2049 1176 2096 ;
1216 2047 1315 2085 nec
1342 2031 1484 2085 enim
1515 2040 1728 2100 poterat

128 2123 312 2176 veteri
362 2122 463 2174 sub
511 2121 626 2187 lege
655 2119 894 2174 ordinem
925 2136 1078 2173 suum
1115 2121 1355 2174 mortalis
1385 2136 1600 2174 servare
1629 2139 1726 2174 na-

128 2222 318 2264 turam
340 2252 354 2274 ,
411 2209 625 2277 quando
664 2225 761 2278 per
793 2224 984 2262 novam
1019 2209 1318 2264 Divinitatis
1341 2211 1585 2278 gratiam,
1630 2228 1728 2267 no-

125 2317 266 2355 vum
302 2300 465 2353 saluti
510 2300 744 2354 omnium
777 2300 1086 2370 mysterium
1115 2302 1425 2368 parabatur.
1476 2301 1574 2356 Hic
1600 2318 1728 2371 ergo

127 2402 221 2448 est
253 2389 524 2452 Joannes,
557 2392 622 2442 de
650 2405 756 2457 quo
787 2389 1128 2457 prophetavit
1160 2389 1323 2442 lsaias
1352 2389 1572 2444 dicens:
1615 2391 1730 2446 Vox

127 2485 420 2536 clamantis
436 2482 488 2532 in
512 2481 744 2534 deserto:
765 2479 960 2533 Parate
979 2482 1112 2533 viam
1139 2479 1370 2545 Domini,
1389 2491 1553 2535 rectas
1576 2484 1731 2551 facile

129 2571 359 2624 semitas
387 2568 484 2622 Dei
509 2569 678 2622 nostri
699 2568 853 2639 (lsai.
879 2569 991 2637 ιι).
1023 2569 1156 2630 Vox,
1191 2570 1380 2638 inquit,
1412 2570 1726 2636 clamantis;

127 2680 304 2732 quam
333 2664 474 2718 bene
499 2679 602 2717 vox
631 2662 844 2726 dicitur,
869 2664 958 2730 qui
992 2663 1290 2716 venientem
1323 2663 1392 2717 de
1421 2663 1730 2717 coelestibus

130 2756 188 2806 in
221 2768 392 2809 carne
439 2753 670 2806 hominis
717 2751 1058 2818 Unigenitum
1108 2752 1200 2807 Dei
1248 2754 1410 2823 pleno
1446 2753 1595 2806 laetus
1636 2769 1731 2808 ore

129 2844 432 2897 clamabat.
480 2842 648 2896 Recte
677 2858 782 2896 vox
809 2842 1022 2906 dicitur,
1048 2844 1198 2911 cujus
1222 2845 1497 2898 intonante
1523 2859 1727 2912 praeco-

131 2937 231 2988 nio
274 2943 673 2989 sacramentum
723 2935 1107 3003 redemptionis
1151 2935 1416 3003 humanae,
1446 2935 1602 2989 surda
1631 2935 1730 2990 du-

131 3025 269 3078 dum
307 3025 474 3093 eaapit
514 3024 700 3078 audire
748 3025 1066 3078 mortalitas.
1126 3023 1196 3079 Ut
1223 3025 1365 3079 enim
1394 3025 1731 3080 venerandus

133 3117 385 3186 Baptista
409 3124 559 3170 muto
582 3116 722 3185 patri
750 3116 956 3184 aperuit
989 3116 1248 3184 linguam,
1276 3117 1347 3170 ita
1382 3125 1404 3152 ε
1435 3132 1593 3171 aures
1630 3116 1730 3170 ho-

1831 1957 1970 1993 mam
2001 1949 2154 2009 parat
2176 1941 2403 1994 Domino
2434 1942 2596 2008 viam,
2619 1940 2710 2008 qui
2736 1941 3092 2006 cogitationes
3121 1957 3246 1995 suas
3274 1960 3404 1997 ava-

1829 2032 1962 2083 ritia:
1995 2031 2235 2085 ﬂuctibus
2265 2039 2554 2084 aestuantes
2577 2071 2591 2094 ,
2641 2047 2846 2085 serena:
2897 2031 3239 2086 conscientia:
3268 2041 3407 2088 tran-

1829 2122 2095 2190 quillitate
2125 2122 2434 2189 compescit.
2467 2121 2617 2173 Viam
2648 2120 2871 2172 Domino
2904 2129 3075 2188 parat,
3109 2122 3200 2190 qui
3229 2121 3407 2175 idoli-

1830 2226 1946 2263 rum
1983 2220 2001 2245 '
2035 2225 2187 2272 vana,
2213 2217 2373 2275 atque
2400 2210 2636 2262 omnimn
2663 2209 3132 2276 'superstitionum
3157 2208 3406 2276 ﬁgmenta

1831 2301 2169 2362 conculcans,
2204 2316 2366 2352 unum
2399 2299 2495 2353 Dei
2525 2300 2627 2352 vivi
2659 2300 2880 2361 cultum,
2908 2309 2961 2352 et
2989 2299 3142 2353 ﬁdem
3166 2302 3408 2354 veritatis

1834 2395 2068 2462 inquirit.
2121 2394 2433 2462 Quicunque
2479 2409 2608 2447 vero
2661 2395 2994 2463 voluptuosis
3039 2395 3220 2449 saeculi
3249 2395 3408 2464 hujus

1833 2486 2046 2554 languet
2093 2484 2391 2547 illecebris,
2442 2484 2820 2552 cupiditatibus
2867 2486 3104 2539 avaritia:
3152 2484 3408 2540 ferventis

1839 2579 1852 2610 ι
1891 2575 2123 2636 insanit,
2164 2566 2216 2626 iii
2261 2574 2493 2627 lratcrna
2543 2573 2662 2626 odia
2705 2572 2881 2627 feralis
2919 2574 3128 2626 invidia:
3169 2574 3409 2629 faucibus

1834 2664 2120 2717 inardescit
2162 2673 2322 2730 atque
2362 2661 2426 2715 ad
2464 2662 2838 2716 contumeliam
2880 2662 2972 2716 Dei
3003 2663 3406 2732 omnipotentis,

1834 2764 1857 2789 υ
1891 2770 2049 2822 super
2078 2753 2344 2808 anfractas
2377 2753 2674 2807 dtemonum
2705 2755 2924 2808 semitas
2946 2756 3208 2809 erraticus
3235 2757 3410 2811 viator

1830 2846 1994 2914 210
2023 2843 2216 2898 incedit
2241 2861 2252 2894 :
2286 2860 2392 2898 non
2423 2851 2577 2912 parat
2607 2841 2838 2896 Domino
2867 2844 3004 2896 viam
3023 2885 3037 2908 ,
3070 2845 3164 2898 sed
3193 2845 3410 2900 inimico

1833 2936 1995 2988 miser
2034 2950 2132 2988 suo
2171 2933 2495 2987 exitiabilem
2526 2933 2579 2986 in
2614 2932 2958 3000 semetipsum
2983 2942 3010 2969 ν
3041 2932 3297 3001 patefacit
3327 2934 3410 2986 in-

1831 3038 2092 3092 gressum.
2125 3021 2186 3076 Hi
2219 3037 2417 3089 mores,
2439 3031 2492 3075 et
2510 3022 2622 3075 vita
2653 3020 2957 3089 hujusmodi
2990 3022 3165 3090 ampla
3196 3023 3411 3089 itinera,

1832 3124 1886 3168 et
1933 3115 2254 3181 largissimas
2303 3114 2414 3166 vias
2460 3112 2700 3166 barbaris
2738 3111 3046 3164 nationibus
3077 3111 3128 3164 in
3159 3112 3408 3168 exsilium

132 3208 352 3259 minnm
390 3204 644 3259 salutaris
683 3205 866 3272 gratiae
895 3204 1170 3259 innovavit
1204 3202 1223 3242 ί
1265 3205 1525 3258 auditum.
1555 3214 1575 3252 ε
1608 3204 1735 3258 Cla-
1763 3204 1810 3267 C
1840 3206 2137 3260 communis
2177 3203 2362 3257 salutis
2410 3201 2676 3272 aperiunt.
2729 3199 2795 3253 lli
2841 3215 3020 3254 mores
3060 3201 3272 3268 plebem
3313 3201 3411 3257 Dei

132 3306 257 3352 mat
281 3305 462 3350 autem
509 3296 562 3348 in
590 3296 828 3360 deserto,
861 3295 950 3349 ubi
982 3292 1009 3330 ἰ
1033 3295 1464 3364 praedicationem
1487 3295 1602 3363 ejus
1632 3309 1730 3350 nec

133 3384 388 3438 insolens
418 3383 569 3436 turba
600 3391 989 3451 perstreperet,
1019 3383 1246 3437 inﬁdelis
1269 3384 1468 3437 rideret
1493 3385 1726 3450 auditor,

131 3475 237 3528 sed
277 3473 332 3526 hi
375 3481 582 3525 tantum
630 3471 858 3526 audirei
907 3481 1158 3542 possunt,
1201 3473 1298 3540 qui
1349 3473 1727 3542 praedicantem

132 3562 369 3616 verbum
397 3561 604 3624 salutis,
624 3576 749 3614 cura
778 3569 982 3614 tantum
1008 3561 1171 3614 divini
1197 3562 1370 3616 cultus
1394 3570 1729 3630 expeterent,

132 3662 196 3707 et
252 3652 598 3706 adverterent
633 3667 754 3705 eum
784 3662 910 3704 vera
958 3653 1237 3706 enuntiare
1287 3653 1353 3706 de
1377 3651 1614 3721 Christo,
1639 3654 1730 3722 qui

138 3747 153 3792 t
202 3757 307 3812 per
355 3742 706 3796 assertionem
750 3741 1009 3809 justitite,
1067 3741 1092 3777 κ
1141 3749 1200 3794 ut
1251 3741 1458 3796 illicitas
1501 3741 1730 3798 Herodis

135 3834 366 3902 nuptias
411 3833 742 3900 increparet,
788 3847 890 3885 nec
929 3845 1109 3899 regem
1139 3832 1403 3886 timuisset
1431 3830 1723 3899 oﬁ‘endere,

137 3939 249 3978 nec
295 3923 602 3991 squalorem
649 3923 880 3977 carceris
919 3922 1270 3988 declinasset,
1321 3938 1419 3978 nec
1447 3926 1726 3995 tyrannico

137 4013 328 4081 gladio
360 4011 642 4081 refugisset
673 4012 865 4068 occidi.
907 4012 1199 4067 Audiamus
1227 4012 1402 4068 adhuc
1430 4016 1723 4083 paululum,

138 4105 370 4167 fratres,
405 4101 535 4172 quid
568 4102 635 4155 ad
665 4101 962 4171 profectum
1006 4102 1245 4155 omnium
1275 4112 1515 4157 nostrum
1543 4103 1731 4159 Salva-

140 4194 282 4248 toris
308 4193 530 4246 nuntius
551 4192 874 4261 praedicabat
907 4209 920 4244 :
954 4189 971 4227 ι
1007 4191 1222 4256 Parate,
1249 4192 1434 4261 inquit,
1467 4194 1600 4247 viam
1627 4195 1732 4251 Do-

219 4371 245 4398 ι
277 4360 451 4415 Codd.
498 4360 556 4415 S.
606 4360 872 4427 Emmer.,
922 4359 979 4414 S.
1029 4359 1216 4416 Crucis
1255 4362 1308 4416 in
1353 4360 1487 4426 Jer.,
1519 4373 1575 4418 et
1601 4365 1721 4420 Vat.

142 4430 307 4500 4269,
328 4448 486 4500 rusum
509 4431 744 4500 loquendi
766 4432 957 4483 amisit.

222 4499 256 4571 bj
282 4499 429 4571 Idem
458 4499 581 4554 eod.
603 4499 660 4552 S.
684 4499 944 4571 Emmer.,
973 4499 1206 4571 quamab
1236 4501 1416 4571 angelo
1438 4504 1725 4558 nuntiante.

143 4569 782 4650 Cod.nver_onen.,nquod
809 4569 872 4648 ab
896 4569 1076 4650 angelo
1099 4569 1346 4650 dictante,
1377 4580 1482 4626 etc.

1836 3293 2064 3348 inimicis
2091 3291 2338 3361 gentibus
2369 3289 2499 3358 jugo
2541 3291 2749 3343 misera:
2778 3289 3106 3356 captivitatis
3134 3288 3414 3346 addicunt.

1836 3385 1902 3439 lli
1928 3399 2104 3440 mores
2132 3390 2366 3437 armatos
2409 3379 2671 3448 dissipant
2689 3379 2916 3448 populos
2935 3418 2951 3443 ,
2983 3386 3038 3432 et
3066 3378 3297 3432 munitas
3326 3379 3412 3433 di-

1835 3485 1998 3530 ruunt
2026 3475 2288 3528 civitates.
2325 3481 2350 3507 ι
2373 3469 2574 3540 Ecquid
2602 3470 2784 3538 plura,
2817 3468 3114 3522 carissimi?
3140 3468 3414 3538 Quidquid

1835 3566 2107 3636 potentiae,
2139 3561 2399 3632 quidquid
2426 3561 2618 3614 virium
2647 3558 2891 3612 videmus
2919 3558 2972 3610 in
2997 3558 3262 3614 hostibus.
3293 3574 3413 3612 cor-

1834 3656 2083 3724 ruptione
2105 3655 2225 3707 vita:
2246 3660 2462 3714 nostne,
2489 3659 2776 3716 nostraque
2801 3646 3120 3702 inﬁdelitate
3149 3648 3411 3711 nutritur;

1836 3757 1890 3801 et
1919 3746 2042 3800 inde
2071 3755 2181 3807 est,
2224 3743 2368 3813 quod
2397 3742 2528 3796 nihil
2558 3740 2672 3794 fusa
2719 3738 2786 3792 ad
2822 3736 2993 3791 Deum
3026 3737 3416 3806 supplicatione

1833 3837 2133 3907 poscimus;
2180 3835 2304 3902 quia
2352 3831 2740 3886 incessabiliter
2770 3829 2975 3897 impiis,
3008 3828 3293 3896 pravisque
3316 3827 3414 3881 de-

1832 3927 2043 3982 sideriis
2072 3925 2425 3985 inhaerentes,
2450 3921 2589 3974 viam
2623 3919 2850 3972 Domino
2887 3923 3076 3970 nostro
3118 3915 3416 3970 secundum

1832 4016 2146 4086 prophetica
2177 4012 2377 4067 monita
2401 4025 2508 4064 non
2536 4019 2566 4057 1
2594 4021 2976 4077 prteparamus.
3026 4003 3252 4073 Propter
3273 4006 3416 4073 quod

1833 4111 2168 4159 revertentes
2198 4101 2266 4155 ad
2299 4097 2594 4154 beatissimi
2629 4103 2897 4166 prmcepta
2927 4093 3170 4159 Joannis,
3201 4103 3223 4130 ι
3253 4108 3415 4162 pare-

1836 4213 1956 4252 mus
1986 4195 2212 4250 Domino
2232 4193 2371 4246 viam
2390 4232 2404 4255 ,
2436 4197 2611 4243 rectas
2640 4185 2898 4240 faciamus
2941 4185 3159 4240 semitas
3199 4183 3293 4237 Dei
3317 4198 3416 4238 no-

1832 4351 2050 4415 Veron.,
2073 4357 2128 4402 ut
2148 4357 2197 4402 et
2217 4347 2474 4415 instanter
2499 4341 2706 4415 Domini
2722 4341 2986 4415 nuntiaret
3013 4341 3303 4415 adventum.

1901 4432 1925 4456 υ
1956 4410 2088 4474 Cod.
2115 4418 2385 4478 Ambros.,
2411 4410 2546 4476 Quid
2559 4423 2634 4465 est
2649 4412 2792 4479 enim
2805 4426 2993 4479 parare
3014 4410 3229 4479 Domino
3244 4411 3417 4464 viam!

1829 4489 1965 4544 Cod.
1995 4504 2119 4542 vero
2144 4485 2210 4540 12
2227 4486 2283 4540 S.
2309 4477 2494 4539 Crucis
2524 4483 2575 4534 in
2603 4481 2733 4542 Jer.,
2760 4477 2896 4542 Quid
2930 4486 3004 4531 est
3038 4481 3173 4532 enim
3193 4478 3417 4532 Domino

1830 4576 2018 4630 parare
2056 4559 2208 4616 viam.
2251 4555 2352 4608 nisi
2392 4554 2700 4606 adventante
2733 4552 2797 4602 de
2835 4550 2958 4602 caelo
2988 4549 3182 4617 judice,
3223 4565 3417 4619 purga-

226 4650 248 4677 ε
283 4637 459 4692 Codd.
503 4637 561 4691 S.
603 4635 790 4692 Crucis
828 4637 884 4691 in
915 4635 1053 4705 Jer.,
1082 4645 1137 4691 et
1162 4637 1385 4700 Veron.,
1415 4650 1614 4711 recepta
1641 4659 1731 4696 εει-ο
1833 4640 1900 4691 ιον
1934 4638 2040 4683 θῑεο
2656 4689 2667 4700 .
3321 4687 3334 4698 .

146 4709 255 4779 bito
284 4709 503 4779 pristini
525 4707 768 4779 facultate
795 4723 1063 4779 sermonis.
1762 4761 1804 4779 ﬂ
1845 4767 1879 4779 ﬁ
1905 4697 2104 4779 °Mldem
2123 4693 2246 4750 cod.
2276 4693 2545 4755 Ambros.,
2568 4687 2704 4752 Quid
2725 4698 2801 4741 est
2825 4695 2988 4740 rectas
3010 4687 3180 4756 facere
3206 4695 3421 4742 semitas

221 4778 247 4815 ά
281 4761 422 4847 Cod.
454 4761 737 4847 ﬂaminem
768 4777 966 4847 omittit
995 4779 1191 4847 futura.
1760 4761 1806 4819 D
1834 4767 1973 4846 Dei?!

228 4856 252 4883 ε
285 4846 423 4900 Cod.
452 4845 687 4910 Martin.,
719 4847 794 4898 ita
820 4845 1027 4899 auribus
1049 4846 1331 4899 hominum.

229 4915 248 4954 ί
283 4915 456 4970 Codd.
489 4915 609 4970 Vat.
640 4923 697 4969 et
733 4914 933 4969 Veron.
955 4953 970 4977 ,
997 4917 1255 4968 innovavit
1284 4915 1484 4969 auditu.
1529 4916 1736 4970 Clama-

148 4985 332 5041 nsabat
351 4995 542 5038 autem.

227 5066 253 5100 It
285 5053 420 5108 Cod.
453 5053 654 5116 Casin.,
685 5051 956 5106 Clamabat
983 5063 1168 5106 autem.

228 5124 252 5161 1·
287 5123 434 5178 ldem
461 5123 582 5178 eod.
617 5123 731 5175 Vat.
767 5122 864 5187 10,
904 5123 1323 5194 pra’dicationem
1355 5124 1467 5193 ejus
1508 5123 1736 5178 insolens

153 5194 436 5316 mrib‘ldem
463 5259 586 5315 cod.
617 5259 676 5313 S.
718 5259 903 5314 Crucis
942 5262 994 5315 in
1031 5260 1166 5325 Jer.,
1208 5269 1435 5330 possent.
1468 5259 1602 5316 Cod.
1633 5260 1736 5315 Ca-

154 5335 284 5395 sin.,
315 5331 497 5382 audire
516 5333 732 5397 possint.

233 5403 247 5452 i
288 5399 763 5482 Cod.‘.Amh.ros..,_.
790 5398 848 5452 S.
897 5398 1084 5454 Crucis
1113 5401 1165 5453 in
1208 5397 1317 5455 Jer.
1359 5408 1415 5454 et
1442 5399 1738 5464 Veronen.,

157 5489 252 5542 pro
280 5477 570 5522 assertione
600 5477 831 5532 iustitiae.

230 5541 256 5578 ι
285 5539 424 5593 Cod.
457 5537 742 5592 Martinen.
775 5538 974 5591 omittit
1002 5544 1077 5589 ut.

234 5610 253 5649 ι
659 5607 920 5690 Ambros:
947 5615 1004 5661 et
1037 5605 1096 5660 S.
1134 5604 1319 5660 Crucis
1366 5605 1419 5659 in
1457 5602 1591 5671 Jer.,
1636 5602 1743 5657 Pa-

160 5691 292 5745 rate,
325 5677 518 5746 inquit,
547 5679 680 5730 viam
709 5675 938 5730 Domini.

230 5760 272 5788 ι·
303 5746 446 5802 Idem
467 5745 587 5800 cod.
611 5744 669 5799 S.
693 5744 880 5801 Crucis
900 5746 951 5800 in
972 5743 1082 5799 Jer.
1112 5758 1208 5812 pro
1231 5753 1279 5795 et
1300 5743 1523 5810 lcgitut;
1547 5750 1601 5796 et
1620 5742 1740 5796 cod.

1915 4847 1941 4885 ρ
1969 4836 2114 4890 Idem
2143 4833 2264 4888 cod.
2296 4832 2568 4893 Ambros,
2604 4826 2702 4880 Ille
2729 4827 2864 4878 viam
2898 4823 3123 4878 Domino
3162 4840 3254 4878 suo
3279 4841 3419 4892 prie-

1841 4915 2137 5030 ραζαδοᾱά.
2167 4970 2412 5024 Ambros.
2448 4976 2503 5022 et
2532 4965 2756 5028 Veron.,
2787 4962 3097 5016 luxuriantis
3130 4962 3303 5014 carnis
3332 4978 3416 5016 re-

1843 5061 2028 5114 spuens
2058 5044 2384 5096 roluntatem.

1923 5124 1944 5151 τ
1975 5113 2106 5163 Cod.
2143 5110 2264 5163 Vat.
2297 5105 2432 5159 {209

1923 5124 1944 5151 τ
1975 5113 2106 5168 Cod.
2143 5113 2264 5172 Vat,
2297 5113 2450 5171 1209,

1918 5191 1940 5218 ⁸
1983 5184 2130 5237 Alter
2169 5179 2290 5234 cod.
2327 5175 2449 5229 Val.

1841 5263 2032 5306 menta.

1922 5324 1939 5357 ⁸
1975 5320 2107 5376 Cod.
2136 5318 2360 5378 Veron.,
2389 5311 2635 5367 incumbit
2660 5315 2727 5364 et.

1918 5399 1943 5426 “
1973 5389 2144 5443 Codd.
2175 5377 2354 5439 Casin.
2390 5392 2445 5436 et
2477 5383 2695 5443 Veron.,
2727 5395 2816 5448 per
2844 5377 3130 5444 anfractus.

1923 5472 1934 5492 ‘
1972 5459 2106 5513 Cod.
2142 5458 2361 5516 Veron.,
2394 5453 2658 5522 patefacit.

1919 5539 1942 5566 ι
1973 5529 2108 5582 Cod.
2144 5527 2360 5584 Veron.,
2387 5522 2454 5573 Et
2482 5522 2622 5591 qtﬂd.

1919 5609 1943 5644 ἱ
1975 5598 2108 5651 Cod.
2139 5595 2359 5655 Veron.,
2393 5608 2495 5643 non
2516 5604 2778 5659 paramus.

1929 5678 1948 5705 ι
1976 5667 2112 5722 Cod.
2145 5664 2202 5717 S.
2231 5661 2420 5717 Crucis
2449 5661 2502 5713 in
2531 5659 2665 5724 Jer.,
2698 5667 3067 5726 pra'paremus.

2540 5105 2558 5157 i
2586 5104 2842 5157 idolorum
2869 5101 3113 5169 profana.

2523 5172 2642 5236 196,
2671 5167 2895 5225 omnium
2923 5169 3277 5239 superttitiosa
3314 5167 3415 5238 ﬁg-
