3924 6232
1733 356 1789 410 5.
1831 357 2080 412 MAXIM!
2120 354 2578 412 TAURINENSIS

1810 478 2156 537 HOMlLlA
2208 476 2493 536 LXVIII.

1305 577 1369 633 In
1411 579 1581 633 natali
1621 581 2044 634 beatissimorum
2086 580 2234 634 Petri
2269 589 2318 632 et
2361 578 2519 633 Pauli
2555 577 2914 646 apostolov-um
2956 575 3004 628 1.

1955 669 2357 724 ADMONITIO.

527 359 626 415 59!
1733 359 1789 410 S.
1831 359 2080 412 MAXIM!

2205 359 2578 412 .URINENSIS
3664 359 3758 415 39!

593 767 841 822 Eximias
869 766 1149 822 orationes
1177 767 1538 836 panegyricas
1565 767 1632 822 de
1660 767 2006 836 principibus
2033 769 2402 834 apostolorum
2428 764 2592 819 Petro
2615 773 2667 819 et
2693 765 2862 836 Paulo
2890 765 3145 819 habuisse
3173 763 3230 818 S.
3257 765 3553 836 Maximum
3582 777 3679 819 tam
3699 783 3760 821 ex

519 838 810 893 codicibus
833 852 994 897 mss.,
1015 833 1266 904 quam‘ex
1293 833 1626 891 ed'itionibns
1649 833 1886 890 constat.
1912 833 2151 888 Primum
2179 835 2556 890 testiinonium
2583 835 2805 888 tradidit
2827 835 3165 895 Gennadius,
3192 836 3380 889 dicens
3405 833 3462 889 S.
3486 836 3760 889 antistitem

522 907 924 960 Taurinenscm
955 915 1222 960 tractatus
1255 907 1306 958 in
1341 907 1553 959 laudem
1583 907 1961 973 apostolorum
1995 905 2289 969 scripsisse
2314 952 2323 966 ,
2349 919 2455 972 qua
2484 905 2719 973 generali
2748 905 3222 973 co|nmendatione
3245 919 3440 957 omnes
3467 907 3764 972 complexus

521 985 606 1031 ost
639 975 891 1044 homilias
920 985 975 1028 et
1011 991 1296 1030 sermones
1317 1015 1331 1030 .
1364 991 1504 1043 quos
1539 971 1650 1044 ipse
1682 990 1780 1042 pro
1813 975 2155 1028 celebrandis
2189 975 2289 1027 SS.
2327 971 2588 1044 apostolis
2623 971 2781 1044 Petro
2811 972 3061 1044 etnPanlo
3095 973 3302 1044 habuit.
3323 973 3518 1044 iHuj'ts
3553 971 3765 1027 holnilie

521 1046 700 1099 sancti
730 1043 955 1098 Maximi
989 1061 1183 1098 nomen
1214 1042 1572 1112 praeferentes
1591 1045 1955 1096 meminerunt
1982 1045 2197 1096 codices
2221 1045 2329 1095 duo
2352 1043 2604 1112 Vaticani
2627 1042 2761 1112 1273
2790 1057 2840 1110 p.
2866 1042 2934 1095 54
2960 1058 2988 1094 a
3017 1053 3187 1109 tergo.
3215 1042 3432 1112 I277p.
3460 1043 3528 1095 54
3556 1059 3582 1094 a
3609 1053 3762 1109 tergo,

523 1123 577 1166 et
606 1123 718 1167 tres
744 1114 1097 1177 Casinenses,
1130 1111 1232 1167 102
1268 1129 1318 1177 p.
1357 1115 1457 1168 155
1483 1129 1512 1166 a
1546 1123 1719 1182 tergo,
1756 1114 1857 1166 109
1889 1129 1939 1180 p.
1974 1113 2042 1167 88
2073 1128 2100 1165 a
2133 1121 2306 1182 tergo,
2336 1113 2441 1168 305
2473 1129 2526 1181 p.
2565 1111 2682 1164 l7t.
2715 1111 2770 1163 In
2805 1113 2996 1182 horum
3031 1126 3316 1182 numerum
3349 1111 3603 1182 ducimus
3629 1120 3766 1182 vctu-

518 1183 827 1238 stissimnm
851 1183 1097 1237 codicem
1123 1183 1577 1241 Ambrosianum,
1606 1179 1975 1235 a'Mabillonio
1999 1191 2051 1235 et
2078 1179 2374 1235 Muralorio
2397 1179 2582 1233 multis
2604 1180 3249 1248 _c_ommemlatum.eique
3275 1196 3517 1233 comvntn
3555 1179 3767 1248 Sangal-

519 1252 750 1315 lensem,
778 1253 1107 1318 Augiensem
1136 1251 1336 1305 deinde
1365 1268 1452 1318 xv,
1479 1250 1932 1318 [tatisponensem
1966 1248 2036 1318 S._
2053 1250 2382 1318 Enumerami
2411 1249 2589 1318 p354,
2604 1246 2969 1318 Veronensem
2997 1247 3288 1318 431,4duos
3328 1249 3576 1318 Belgicus
3602 1246 3769 1301 Marii-

525 1314 743 1370 nensem
773 1329 828 1368 et
870 1314 1376 1380 Camberonensem,
1412 1314 1806 1370 Vallicell’anum
1837 1330 1982 1369 num.
2012 1315 2072 1378 9;
2104 1330 2168 1368 ac
2208 1314 2424 1370 tandem
2450 1315 2518 1368 99
2559 1315 2616 1371 S.
2644 1315 2830 1370 Crucis
2859 1316 2911 1369 in
2940 1314 3258 1377 Jerusalem,
3291 1318 3380 1382 qui
3412 1314 3655 1370 eamdem
3694 1318 3766 1370 De

521 1385 698 1452 natale
724 1394 1020 1440 sanctorum
1046 1384 1189 1438 Petri
1225 1394 1274 1436 et
1303 1383 1459 1436 Pauli
1504 1384 1758 1437 inscribit.
1819 1382 1934 1435 Non
1967 1398 2218 1450 negamus
2240 1384 2503 1452 quosdam
2537 1399 2907 1452 amanuenses
2930 1382 3206 1452 fuisseiqui
3248 1385 3386 1452 hanc
3416 1385 3680 1440 homiliam
3709 1386 3762 1440 S.

521 1401 698 1436 natale
724 1401 1020 1440 sanctorum
1046 1401 1189 1438 rem
1225 1401 1274 1436 et
1303 1401 1458 1436 ratus
1504 1401 1758 1437 InscrlDll.
1822 1401 1934 1435 non
1967 1401 2218 1450 negamus
2245 1401 2258 1432 ι
2285 1401 2503 1436 uosaam
2543 1401 2894 1438 amanuenses
2930 1401 3090 1437 luisse
3117 1401 3206 1452 qui
3249 1401 3386 1438 nano
3417 1401 3680 1440 nominam
3709 1401 3762 1440 δ.

521 1451 688 1523 [poni
709 1452 915 1520 Magno‘
929 1455 1303 1523 attribuerunt,
1325 1462 1382 1506 ut
1411 1453 1563 1506 nobis
1585 1452 1828 1523 occurrit
1847 1452 1898 1504 in
1928 1452 2198 1523 codicibus
2237 1401 2498 1523 Vaticano
2528 1449 2683 1516 ηδε),
2707 1466 2826 1523 pag.
2855 1451 2939 1513 52,
2965 1451 3208 1523 Basilica:
3231 1452 3291 1523 _S.
3326 1451 3470 1507 Petri
3502 1454 3536 1506 9
3579 1456 3620 1507 Α
3655 1471 3766 1523 pag.

520 1518 631 1590 £00,
653 1536 682 1573 a
712 1518 882 1588 tergo,
911 1531 966 1576 et
990 1523 1042 1575 in
1071 1521 1257 1576 codice
1284 1539 1341 1583 ιι,
1371 1523 1497 1576 olim
1539 1522 1667 1574 bibl.
1698 1520 1754 1574 S.
1790 1520 1999 1590 Crucisi
2014 1521 2203 1573 Minor.
2236 1535 2357 1588 pag.
2385 1518 2506 1584 ἥδ,
2554 1535 2693 1574 nunc
2709 1518 3111 1590 Laurentiano;
3154 1520 3247 1574 sed
3285 1523 3521 1590 suspicio
3551 1518 3767 1578 omnis-2

521 1587 1332 1669 Balleriniishsublataest,_cum
1362 1605 1481 1669 eam
1511 1591 1652 1669 inter
1675 1587 2249 1669 sermones_Leonin_os
2280 1603 2383 1641 non
2412 1590 2761 1669 susceperint.
2796 1588 2861 1669 Et
2888 1591 3130 1656 quamvis
3157 1587 3446 1669 sequentes
3470 1593 3690 1669 homilim
3720 1596 3768 1669 in

506 1658 792 1732 'veteribus
814 1658 870 1713 S.
904 1658 1098 1732 Leonis
1120 1659 1528 1732 collectionibus
1556 1660 1766 1732 insertae
1795 1659 2150 1732 inveniantur,
2176 1657 2559 1732 h_:nc_profecto
2580 1657 2634 1710 S.
2669 1656 2904 1732 Maximo
2932 1673 3144 1732 semper
3164 1656 3465 1732 adjudicata
3497 1660 3616 1732 f_uit,
3639 1663 3768 1732 quod

520 1725 589 1778 ad
605 1726 860 1800 majorem
881 1729 996 1800 ejus
1018 1729 1694 1800 probationem_notandum
1715 1735 1851 1800 erat.
1862 1725 2146 1800 Codicibus
2176 1726 2408 1800 Maximo
2433 1725 2838 1800 suffragantibus
2863 1725 3186 1800 respondent
3208 1725 3480 1800 editores,
3495 1725 3769 1800 Gymnicus

605 1743 686 1778 ma
714 1743 860 1782 orem
881 1743 996 1794 ejus
1018 1743 1388 1798 prooauonem
1405 1743 1694 1781 notandum
1715 1743 2146 1780 erat.comcinus
2176 1743 2408 1778 maxumo
2433 1743 2838 1792 sunraganuuus
2863 1743 3186 1795 respondent
3208 1743 3461 1792 editores,
3495 1743 3769 1800 tiymmcus

591 1808 644 1866 g.
675 1743 797 1849 905.
831 1798 983 1866 cujus
1011 1799 1200 1866 titulus
1215 1806 1297 1866 est
1327 1816 1338 1849 :
1372 1796 1439 1849 In
1460 1796 1622 1848 natali
1646 1796 2055 1866 beatissimorum
2079 1794 2224 1866 ﬂeui
2250 1803 2297 1846 et
2327 1793 2484 1866 Pauli
2509 1795 2875 1866 apostolorum,
2906 1794 3208 1850 Galesinius
3232 1813 3356 1866 pag.
3391 1798 3513 1861 l50,
3546 1799 3770 1854 Combe-

588 1865 669 1916 ius
699 1872 830 1918 tom.
866 1864 931 1918 Vl
951 1880 1072 1933 pag.
1103 1864 1226 1926 204,
1257 1865 1511 1919 Cumdius
1541 1874 1669 1918 tom.
1695 1863 1781 1925 IV,
1806 1879 1926 1932 pag.
1954 1863 2086 1933 Ml,
2107 1862 2432 1933 Raynaudus
2451 1862 2569 1930 pag.
2591 1863 2715 1922 2‘28.
2750 1863 3077 1933 Margarinus
3108 1866 3160 1918 in
3189 1862 3443 1921 Biblioth.
3478 1868 3618 1921 Max.
3650 1879 3771 1925 tom.

520 1929 590 1985 Vl
628 1946 768 2014 pag:-
783 1933 873 2014 ὄρ,
899 1929 989 2014 qui
1027 1929 1567 2014 :eamdemﬁyrnnici
1599 1929 2000 2014 inscriptionem
2029 1929 2387 2014 adoptariint.‘
2405 1929 3182 2014 Prmtermittimus'recensere
3210 1939 3578 2014 a_uctore§__qui
3608 1939 3772 2014 verbis

521 1999 692 2077 sancti
720 1999 936 2077 Maximi
964 2004 1044 2056 usi
1085 2011 1210 2056 sunt
1237 2002 1304 2056 ad
1333 1999 1662 2077 probandum
1679 2000 1832 2077 ‘Petri
1855 1999 2149 2077 primatum
2170 2001 2224 2054 in
2265 1999 2522 2077 Ecclesia,
2553 2001 2912 2072 collatamque
2940 2004 2989 2057 ei
3017 2004 3070 2056 in
3098 2005 3336 2059 clavibus
3362 2021 3390 2058 a
3420 1999 3638 2060 Christo
3663 2008 3770 2077 ple-

522 2084 646 2123 nam
667 2069 939 2136 judicandi
963 2068 1458 2139 potestatemfcum
1486 2071 1600 2124 haec
1627 2071 1763 2123 adeo
1794 2068 1919 2124 nota
1947 2071 2052 2123 sint
2079 2078 2138 2122 ut
2170 2069 2379 2123 notiora
2402 2068 2514 2124 ﬁeri
2544 2068 2829 2137 nequeant.

522 2161 1254 2230 Aeculanum—Principes
1285 2161 1630 2230 apostolorum
1671 2158 1852 2230 Petrus
1874 2169 1923 2230 et
1954 2160 2099 2212 Pau-
2130 2162 2174 2220 Α
2204 2159 2404 2221 vivere,
2430 2157 2620 2226 quibus
2647 2159 2756 2212 vita
2787 2174 2892 2214 non
2922 2169 3038 2214 erat
3059 2162 3174 2215 sine
3201 2161 3434 2218 Christo.
3470 2164 3600 2218 Erat
3623 2165 3771 2220 Chri-

590 2230 668 2282 lus
691 2231 944 2299 miriﬁcis,
965 2232 1126 2300 iisque
1152 2228 1426 2300 verissimis
1455 2229 1691 2282 laudibus
1732 2245 1763 2279 a
1789 2228 1848 2300 .
1867 2228 2101 2281 Maximo

588 2298 892 2370 efferuntur,
923 2298 1084 2370 atque
1104 2300 1362 2370 imprimis
1385 2299 1568 2370 Petrus
1587 2339 1602 2362 ,
1632 2314 1696 2370 ea:
1719 2298 1872 2370 cujus
1899 2301 2104 2370 confes-

587 2371 735 2421 sione
773 2366 1056 2420 dirinitatis
1091 2367 1282 2420 Christi
1310 2370 1355 2421 ei
1386 2368 1630 2420 traditum
1659 2366 1815 2434 fuisse
1853 2366 2104 2419 universa

590 2436 839 2490 Ecclesite
875 2438 1219 2506 principatum
1248 2438 1402 2507 plane
1439 2438 1508 2489 ad
1535 2436 1799 2488 veritatem
1827 2437 2098 2506 cognosci-

591 2515 696 2557 tur.

589 2594 1019 2650 Gloriosissimos
1065 2593 1385 2650 Christiana:
1427 2595 1549 2652 ﬁdei
1595 2596 1865 2667 principes
1908 2594 2103 2648 annuis

519 2699 546 2723 ι
577 2687 1008 2740 solemnitatibus
1033 2687 1380 2751 honorantes,
1405 2685 1594 2743 fratres
1621 2687 1899 2751 carissimi,
1929 2686 2104 2754 ipsum

521 2775 806 2830 Dominum
835 2791 901 2830 ac
929 2776 1094 2829 Deum
1124 2785 1388 2843 nostrum,
1418 2778 1509 2844 qui
1539 2776 1696 2845 hujus
1720 2784 1906 2832 auctor
1933 2783 2016 2829 est
2038 2773 2102 2825 ﬁ-

519 2863 639 2931 dei,
670 2863 851 2918 debita
896 2865 1155 2932 religione
1207 2881 1543 2919 veneramur.
1578 2865 1820 2935 Apostoli
1871 2878 2101 2932 namque

519 2952 712 3006 Latino
750 2969 1000 3009 sermone
1045 2953 1298 3009 dicuntur
1337 2956 1514 3019 missi;
1546 2957 1638 3025 qui
1667 2970 1795 3024 ergo
1833 2956 2102 3010 honorant

519 3046 711 3097 missos
742 3042 1082 3098 manifestum
1130 3052 1213 3098 est
1251 3043 1277 3081 δ
1326 3045 1592 3100 honorare
1635 3060 1730 3099 eos
1768 3046 2097 3110 mittentem;

517 3134 774 3202 quoniam
817 3133 1045 3202 dignitas
1090 3151 1209 3204 quzc
1257 3135 1494 3191 defertur
1541 3137 1826 3202 ministris,
1868 3137 1943 3190 illi
1985 3138 2100 3191 sine

516 3223 682 3278 dubio
727 3224 880 3292 cujus
921 3227 1149 3280 ministri
1173 3235 1296 3281 sunt
1323 3227 1631 3292 exhibetur;
1663 3236 1721 3280 ut
1743 3229 1818 3281 ait
1843 3229 1955 3297 ipse
1976 3227 2098 3281 Sal-

522 3325 673 3366 vator
704 3325 725 3350 ε
769 3314 833 3366 ad
863 3314 1152 3383 discipulos
1187 3332 1314 3368 suos
1348 3334 1358 3366 :
1392 3314 1490 3378 Qui
1515 3334 1599 3370 vos
1622 3318 1783 3378 audit,
1818 3335 1896 3370 me
1931 3317 2094 3381 audit,

515 3412 569 3456 et
594 3403 681 3472 qui
708 3419 795 3456 vos
821 3400 846 3439 δ
873 3405 1073 3473 recipit,
1135 3422 1214 3458 me
1267 3407 1445 3476 recipit
1488 3405 1635 3477 (Luc.
1679 3424 1748 3471 x;
1780 3406 1968 3461 Matth.
2017 3407 2094 3476 ι).

2205 2257 2319 2303 stus
2344 2250 2423 2302 eis
2453 2250 2650 2313 vivere,
2681 2250 2806 2317 quia
2829 2257 3002 2304 totum
3032 2252 3344 2319 proﬁciebat
3372 2253 3573 2308 Christi
3596 2254 3772 2310 Eccle—

2203 2339 2315 2397 siis.
2339 2337 2481 2407 quod
2519 2339 2792 2391 vivebant.
2821 2337 2946 2391 Erat
2975 2341 3053 2392 eis
3091 2349 3147 2393 et
3184 2343 3320 2395 mori
3360 2343 3598 2406 lucrum,
3644 2345 3653 2382 ¹
3689 2346 3771 2413 qui

2205 2427 2296 2480 tali
2325 2434 2499 2480 morte
2529 2426 2693 2478 vitam
2720 2427 2820 2480 sibi
2849 2429 3224 2481 mercabantur
3248 2440 3527 2484 mternam.
3561 2431 3685 2485 Erat
3703 2435 3772 2486 eis

2204 2517 2339 2569 mori
2371 2517 2594 2574 lucrum,
2627 2529 2853 2582 quorum
2883 2517 3216 2584 corruptioni
3243 2519 3574 2588 incorruptio
3602 2538 3771 2576 succc-

2203 2604 2382 2669 debat,
2411 2611 2468 2657 et
2504 2603 2698 2656 damna
2744 2605 3084 2672 prmsentium
3124 2613 3424 2676 temporum
3475 2610 3617 2664 lucra
3658 2627 3772 2680 pcr-

2204 2705 2366 2765 petua
2394 2697 2773 2764 sequebantur.
2801 2696 2906 2750 Sed
2938 2698 3049 2766 jam
3078 2701 3462 2763 necessarium,
3500 2704 3770 2764 carissimi.

2205 2803 2344 2851 reor,
2377 2795 2436 2841 ut
2465 2787 2711 2856 proprias
2736 2803 2918 2840 eorum
2950 2791 3316 2859 specialesque
3363 2794 3588 2847 virtutes
3628 2803 3773 2862 prout

2203 2877 2425 2932 ariditas
2464 2878 2653 2946 lingua:
2698 2887 2898 2932 nostra;
2935 2880 3240 2949 ingeniique
3285 2884 3518 2937 tenuitas
3564 2886 3770 2952 patitur.

2204 2969 2312 3022 imo
2337 2977 2395 3022 ut
2421 2969 2726 3024 misericors
2758 2968 2900 3024 Deus
2939 2972 3186 3026 annuerit
3226 2974 3632 3043 proloquamur.
3686 2975 3773 3028 llic

2204 3059 2383 3126 itaque
2416 3059 2503 3112 ille
2529 3067 2611 3112 est
2639 3057 2861 3122 Petrus,
2891 3060 2980 3127 qui
3018 3059 3322 3115 conﬁtendo
3366 3061 3637 3116 Christum
3677 3063 3773 3116 Do-

2202 3149 2404 3202 minum
2447 3149 2555 3202 vivi
2595 3148 2686 3202 Dei
2728 3163 2845 3203 esse
2873 3149 3078 3211 Filium,
3110 3149 3431 3204 validissima
3482 3153 3773 3220 invii-taque

2201 3237 2356 3290 nobis
2393 3236 2644 3291 credendi
2692 3236 3034 3292 fundamenta
3081 3240 3378 3292 constituit.
3417 3250 3456 3276 υο
3487 3241 3621 3294 Nam
3652 3258 3776 3310 per-

2201 3326 2478 3379 cunctanti
2527 3325 2753 3380 Domino
2795 3328 2913 3393 quis
2959 3342 3075 3380 esse
3112 3328 3179 3380 ab
3226 3329 3531 3384 hominibus
3573 3333 3771 3386 dicere-

2202 3423 2288 3468 tur
2314 3417 2590 3484 re3p0ndit
2614 3435 2626 3469 :
2663 3416 2736 3469 Tu
2765 3433 2818 3470 es
2839 3416 3072 3470 Christus
3103 3416 3150 3469 F
3155 3418 3274 3471 ilius
3301 3419 3402 3472 Dei
3429 3422 3528 3473 vivi
3570 3421 3772 3488 (Ναυῆ.

521 3503 544 3527 ε
580 3490 716 3545 Vere
748 3492 903 3545 beata
933 3495 1296 3560 apostolorum
1323 3497 1530 3556 merita.
1565 3497 1616 3548 in
1647 3497 1837 3564 quibus
1863 3496 2097 3550 serri-
2129 3517 2175 3575 Β
2205 3507 2344 3573 ni);
2388 3506 2438 3559 id
2466 3515 2583 3560 est:
2619 3515 2674 3561 ιυ
2713 3507 2939 3561 Domine
2967 3507 3033 3561 de
3062 3524 3226 3562 carne
3269 3511 3489 3577 virginis
3517 3512 3689 3565 far-tus
3725 3526 3774 3566 es

515 3588 632 3633 stus
659 3579 676 3616 τ
702 3589 758 3633 et
779 3581 945 3649 recipi
974 3582 1244 3649 praedicat,
1275 3592 1330 3638 et
1355 3583 1543 3638 audiri.
1577 3584 1722 3638 Beati
1753 3585 2094 3639 nihilominus

515 3677 571 3722 et
600 3669 694 3732 illi,
723 3683 952 3736 quorum
984 3679 1009 3715 ε
1037 3670 1254 3724 devotio
1280 3671 1453 3726 delata
1484 3675 1741 3742 apostolis
1787 3674 2014 3728 recurrit
2040 3676 2091 3728 in

513 3758 806 3811 Clu-istum.
833 3757 1099 3814 Tenentes
1123 3761 1320 3828 itaque,
1347 3761 1554 3828 fratres,
1587 3773 1749 3817 tanta:
1787 3763 1944 3832 hujus
1969 3780 2096 3833 pro-

513 3848 782 3901 missionis
823 3846 982 3903 ﬁdem
1009 3849 1076 3904 de
1115 3851 1388 3920 suppliciis
1418 3863 1628 3921 patrum
1661 3863 1964 3909 nostrorum
1997 3871 2093 3924 pro

513 3935 709 3991 Christi
739 3937 1076 3992 confessione
1103 3941 1386 4008 susceptis,
1417 3939 1664 3995 ﬁdelibus
1684 3943 1890 4010 gaudiis
1910 3943 2092 3997 exsul-

512 4035 720 4092 tetnus;
747 4029 1021 4096 quoniam,
1053 4030 1144 4097 qui
1181 4029 1249 4084 de
1275 4039 1566 4101 martyrum
1605 4043 1778 4086 morte
1808 4032 1832 4069 ιι
1864 4033 2089 4100 lmtalur,

511 4126 776 4188 martyres
822 4133 930 4171 non
967 4117 980 4154 ί
1030 4118 1239 4173 dubitat
1285 4136 1406 4174 cum
1454 4119 1668 4177 Christo
1696 4137 1923 4192 regnare
1972 4133 2096 4194 post

514 4213 763 4262 mortem.
820 4206 928 4260 Nos
980 4223 1111 4262 vero
1162 4206 1515 4264 Eeclesiarum
1571 4213 1808 4266 omnium
1859 4217 1872 4263 t
1937 4229 2091 4268 reve-

513 4297 847 4351 rentissimos
891 4307 1092 4366 patres,
1138 4298 1354 4354 Petrum
1404 4302 1522 4356 dico
1570 4311 1623 4356 et
1664 4301 1904 4369 Paulum,
1964 4306 2094 4373 piis-

515 4383 665 4439 simis
711 4386 900 4440 studiis
945 4387 1288 4455 honoremus,
1337 4391 1529 4459 quibus
1567 4391 1761 4447 Christi
1809 4405 2095 4463 puestante

512 4472 702 4538 gratia,
761 4475 935 4528 factus
979 4485 1064 4529 est
1111 4478 1268 4532 hodie
1297 4478 1362 4534 de
1413 4491 1586 4535 morte
1632 4485 1852 4546 natalis,
1901 4488 2092 4554 quibus

515 4560 638 4616 linis
688 4563 818 4616 vita!
867 4565 1078 4618 vivendi
1141 4567 1348 4621 initium
1402 4569 1578 4634 dedit;
1626 4573 1857 4640 quibus,
1916 4585 1974 4630 ut
2016 4579 2092 4633 ait

517 4657 676 4727 21⁸1
725 4657 1001 4725 apostolus
1058 4656 1253 4714 Paulus
1307 4660 1525 4731 (Philip.
1580 4664 1650 4728 ι),
1711 4665 1890 4720 vivere
1935 4667 2092 4722 Chri-

509 4751 626 4800 stus
658 4743 682 4782 ¹ι
712 4755 845 4810 erat,
879 4754 934 4800 et
955 4748 1091 4801 mori
1121 4748 1344 4802 lucrum.
1379 4749 1504 4804 Erat
1533 4753 1714 4820 utique
1742 4754 1987 4810 Christus
2010 4760 2090 4813 eis

583 4867 609 4928 ξι
639 4857 773 4928 Cod.
798 4856 1004 4928 Casin..
1037 4859 1414 4928 festivitatibus.

579 4926 613 5010 ἢ
637 4926 1074 5010 CodLAmbrOsL,
1100 4929 1649 5010 manifestumnesteos
1678 4932 1937 5010 honorare
1957 4938 2079 4989 mit-

509 4999 693 5049 tentem
713 5013 731 5049 :
763 4997 890 5050 item
913 4995 1066 5050 codd.
1101 4995 1334 5059 Martio,
1360 5006 1414 5052 et
1432 4997 1613 5055 Cnsin.
1640 5003 1838 5056 omittit
1865 5021 1972 5059 eos.

591 5075 614 5140 ς
640 5065 787 5140 ρος⁵
813 5064 975 5140 εξεεὶζῖ
1004 5065 1258 5140 S._Petri,
1281 5067 1549 5140 discipulis
1574 5071 1702 5140 suis.

578 5130 606 5170 ⁸
632 5127 802 5188 Codd.
828 5131 881 5197 2,
906 5133 1032 5186 olim
1055 5135 1113 5189 S.
1137 5127 1322 5191 Crucis
1345 5127 1534 5191 Minor.
1561 5138 1848 5206 Convent.,
1871 5151 1926 5197 et
1948 5142 2082 5199 Har-

506 5203 698 5284 tinen.,
728 5211 774 5256 et
797 5206 884 5275 qui
912 5219 998 5258 vos
1023 5207 1234 5276 spernit,
1264 5222 1346 5258 me
1384 5209 1599 5277 spernit.
1629 5218 1679 5261 et
1721 5212 1807 5278 qui
1836 5203 1920 5266 eos
1947 5216 2079 5268 reci-

503 5280 765 5462 :nggg.
817 5337 1099 5396 Manineii.
1148 5341 1310 5397 habet
1361 5342 1493 5399 Vere
1519 5345 1785 5403 beatorum
1817 5354 2077 5420 apostolo-

580 5476 598 5514 ί
625 5476 758 5530 Cod.
787 5476 937 5532 basi].
970 5478 1026 5532 S.
1054 5477 1194 5534 Petri
1218 5481 1418 5538 omittit
1441 5494 1508 5540 et.

577 5545 763 5627 “uim
787 5546 906 5627 θθᾲο
1009 5547 1184 5627 Pario
1209 5567 1422 5620 quorum
1451 5557 1705 5627 confessio
1745 5560 1919 5614 delata
1954 5577 2077 5627 apo-

502 5613 649 5667 stolis
675 5615 902 5668 decurrit
920 5617 974 5669 in
1004 5613 1187 5671 ipsum.

789 5684 909 5738 Vat.
943 5680 1100 5753 1277,
1125 5688 1382 5745 testantur.

580 5749 596 5788 ί
623 5749 767 5808 Idem
795 5754 940 5820 cod.,
967 5771 1068 5809 non
1087 5749 1358 5818 dubitant.

2195 3595 2457 3662 Christus,
2501 3607 2525 3633 η
2556 3599 2648 3666 qui
2689 3599 2782 3652 Dei
2832 3600 2932 3652 vivi
2981 3615 3040 3654 es
3085 3599 3252 3655 Filius
3291 3603 3654 3670 sempiternus
3686 3623 3698 3656 :
3725 3613 3774 3656 ti

2195 3685 2417 3740 Domine
2442 3687 2509 3741 ab
2532 3688 2838 3742 horninibus
2861 3697 3017 3742 natus
3039 3704 3096 3742 es
3121 3689 3303 3753 homo,
3335 3693 3425 3758 qui
3461 3704 3486 3728 υ
3521 3694 3772 3761 incogita-

2195 3777 2287 3831 bili
2333 3779 2614 3846 majestate
2653 3777 2796 3833 Deus
2836 3795 2895 3833 es
2919 3780 3059 3849 apud
3089 3781 3256 3834 Deum
3289 3800 3301 3834 :
3335 3790 3392 3835 tu
3422 3799 3483 3838 es
3511 3784 3772 3846 Christus,

2197 3865 2286 3934 qui
2315 3881 2414 3935 pro
2455 3867 2824 3937 redemptione
2871 3877 3051 3922 nostra
3102 3871 3167 3923 ad
3209 3873 3513 3940 passionem
3568 3877 3774 3930 veniens

2202 3955 2538 4023 impassibilis
2565 3972 2847 4025 permanes
2887 3958 3026 4026 apud
3057 3956 3289 4014 Patrem.
3332 3960 3461 4026 Quis
3491 3963 3655 4030 igilur
3681 3981 3774 4017 un-

2199 4058 2358 4112 quam
2403 4045 2454 4097 in
2501 4053 2707 4099 tantum
2752 4046 2857 4118 hoc
2887 4047 3338 4117 incomprehensa:
3369 4051 3602 4108 Deitatis
3627 4068 3768 4106 arca-

2199 4151 2325 4189 num
2361 4147 2387 4185 P
2425 4136 2643 4190 humani
2681 4153 2872 4194 sensus
2915 4139 3164 4193 attollere
3202 4142 3467 4209 potuisset
3512 4145 3769 4200 obtutum.

2199 4225 2300 4277 nisi
2331 4226 2396 4278 ab
2423 4240 2517 4279 ore
2547 4224 2691 4280 Petrl
2735 4227 2985 4280 salutaris
3013 4226 3170 4296 hujus
3200 4229 3320 4283 fidei
3349 4232 3550 4285 veritas
3579 4233 3769 4287 radias-

2198 4317 2318 4369 set?
2345 4315 2473 4381 Quis
2503 4317 2813 4371 meritorum
2864 4317 2981 4385 ejus
3024 4319 3268 4385 gloriam,
3299 4322 3543 4387 quamvis
3592 4337 3769 4389 nugor.

2194 4406 2521 4473 aequiparare
2558 4416 2584 4455 (ι
2613 4414 2796 4475 posset
2821 4407 3054 4474 eloquio,
3082 4423 3112 4460 a
3139 4423 3248 4476 quo
3294 4410 3449 4463 nobis
3495 4411 3769 4485 adoranda:

2193 4491 2484 4548 divinitatis
2531 4493 2660 4548 ﬁdes
2700 4502 2756 4549 et
2783 4495 2944 4565 erepit
2973 4503 3028 4549 et
3069 4499 3384 4564 permanet?
3418 4509 3439 4535 τ
3468 4500 3600 4566 quid
3631 4507 3766 4552 tanto

2194 4582 2482 4649 gloriosius
2524 4583 2662 4650 viro,
2709 4585 2801 4652 qui
2847 4583 3005 4639 ﬁdem
3051 4586 3243 4639 secreti
3292 4586 3653 4642 inscrutabilis
3690 4587 3763 4640 lo-

2191 4672 2405 4739 quendo
2441 4673 2624 4740 edidit,
2671 4674 2903 4729 vivendo
2949 4675 3150 4740 docuit,
3199 4676 3456 4746 patiendo
3507 4678 3764 4733 limavit?

2194 4763 2263 4817 Ut
2289 4773 2467 4820 autem
2508 4764 2860 4820 confessionis
2901 4775 2922 4802 ⁸
2954 4766 3114 4835 hujus
3139 4775 3337 4835 quanta
3385 4778 3530 4823 esset
3563 4768 3760 4838 magni-

2260 4883 2273 4943 l
2307 4871 2440 4943 Cod.
2468 4873 2563 4928 cit.
2592 4872 2649 4927 S.
2679 4873 2840 4937 Petri,
2869 4877 3340 4943 reverendissimos.

2263 4942 2286 4977 *
2311 4941 2370 4994 In
2398 4943 2518 4996 cod.
2546 4943 2793 4997 Ambros.
2819 4941 3126 4999 deest—erat.

2264 5008 2280 5046 ι
2314 5010 2478 5065 [idem
2500 5012 2658 5066 codd.
2682 5012 2741 5066 S.
2767 5012 2954 5068 Crucis
2977 5015 3030 5067 in
3050 5013 3183 5077 Jer.,
3209 5015 3458 5070 Ambros.
3503 5025 3562 5071 et
3598 5016 3754 5070 Vero-

2186 5093 2337 5144 nen.,
2361 5083 2482 5146 quia
2511 5083 2602 5134 tuli
2630 5082 2726 5135 hac
2745 5092 2930 5136 morte.

2261 5159 2299 5186 ηι
2323 5149 2454 5204 Cod.
2481 5149 2688 5206 (iusim.
2715 5149 2858 5205 Nam
2881 5153 3002 5206 auia
3023 5163 3375 5206 percunctanti

2261 5169 2299 5186 --
2323 5169 2454 5204 wn.
2481 5169 2688 5216 malm,
2715 5169 2760 5202 ιν
2772 5169 2858 5205 am
2881 5169 3395 5274 ganges-cunctanti.

2251 5216 2436 5294 '_Cod.
2461 5218 2753 5294 veronen_.,
2781 5223 2866 5291 qui
2885 5223 2980 5276 viri
3055 5224 3100 5294 ei
3121 5237 3173 5274 es
3195 5221 3365 5275 Filius
3392 5225 3746 5294 sempiternus:

2182 5297 2233 5340 tu
2258 5287 2478 5342 Domine
2502 5287 2803 5344 hominibus
2819 5304 2971 5344 natus
2997 5307 3050 5344 es
3079 5292 3248 5344 homo.

2254 5368 2279 5394 ο
2479 5356 2785 5430 ﬂaminem,
2803 5362 2903 5430 qui
2929 5359 3336 5430 inexcogitabili.

2253 5437 2279 5475 ρ
2306 5427 2438 5481 Cod.
2464 5429 2556 5481 cit.
2583 5425 2638 5481 S.
2671 5429 2814 5483 Petri
2831 5425 3034 5482 omittit
3063 5425 3294 5482 humani.

2253 5507 2276 5544 ιη
2301 5495 2432 5567 Cod.
2456 5495 2660 5567 Casin.,
2688 5499 2870 5567 possit.

2256 5575 2274 5601 τ
2456 5565 2637 5640 Casin.
2667 5564 2936 5640 l'fl9lcgit,
2961 5569 3044 5640 qui
3077 5577 3220 5640 tanto
3243 5570 3537 5640 gloriosior.

2253 5643 2274 5668 ι
2298 5633 2428 5686 Cod.
2453 5633 2512 5712 s._
2539 5634 2678 5712 Petri
2705 5625 2883 5699 habet,
2907 5625 3389 5703 έοίιτρυεοκίέδωξ
3408 5638 3550 5697 Petri
3563 5643 3738 5712 quanta

2177 5712 2309 5756 esset
2340 5704 2659 5773 magnitudo.
