3924 6232
122 362 224 418 593

1495 355 1775 413 ilOMlLlA
1816 355 2042 412 LXVIII.

3265 363 3375 418 δεμ

121 477 252 529 tudo
299 475 551 528 Salvator
597 474 930 537 ostenderet,
973 470 1053 524 ait
1073 469 1122 525 ei
1150 488 1160 522 :
1191 470 1376 523 Beatus
1401 485 1482 533 es,
1517 471 1699 525 Simon
1727 473 1775 535 Α
1805 469 2047 538 Domine,
2079 470 2243 525 libera
2270 486 2379 536 me,
2398 472 2465 527 de
2492 486 2552 527 se
2577 471 2779 527 difﬁsus
2797 482 2901 541 est,
2922 488 3031 528 non
3056 472 3124 528 de
3144 474 3375 533 υυωὶυο

124 562 406 618 Bar-Jona
435 574 460 602 ⁸
501 566 626 632 quia
655 579 774 616 cara
813 571 860 614 et
898 563 1110 631 sanguis
1139 577 1241 614 non
1269 561 1506 637 reuelauit
1541 562 1706 632 218

123 652 239 721 tibi,
273 654 361 707 sed
388 653 554 706 Pater
581 669 745 719 meus,
770 653 800 691 δ
828 651 913 721 qui
941 652 994 704 in
1031 650 1171 703 caelis
1205 656 1282 702 est
1312 647 1408 703 {et
1446 648 1537 703 tibi
1573 648 1707 705 dabo

122 744 297 796 claues
323 743 469 813 regni
497 742 742 795 calorum
766 740 976 812 (Matth.
1011 757 1127 803 xvi,
1156 738 1250 804 47,
1277 738 1389 809 19).
1421 738 1554 806 Quis
1580 755 1710 810 ergo

124 834 404 888 Christum
433 847 534 903 per
557 848 791 898 carnem,
821 840 878 888 et
898 834 950 886 in
973 847 1132 887 carne
1158 839 1341 886 natum
1369 832 1707 901 omnipoten-

125 925 198 977 tis
230 922 413 977 Patris
454 938 576 978 esse
621 922 811 976 Filium
846 923 1046 976 sentire
1085 922 1368 990 potuisset,
1399 921 1499 984 nisi
1526 921 1710 997 pr0pi-

126 1014 241 1066 tius
276 1024 296 1050 ε
325 1012 434 1067 hoc
460 1013 576 1081 ipse
614 1010 775 1066 Pater
801 1026 899 1081 per
919 1008 1137 1065 Petrum
1179 1010 1334 1065 nobis
1362 1011 1651 1064 revelasset
1678 1023 1718 1064 ε

125 1104 308 1159 εωιοῖ
336 1100 365 1140 ἀ
392 1099 510 1157 Hoc
539 1102 612 1156 illi
639 1100 907 1156 confessio
932 1099 1078 1155 dedit
1121 1107 1182 1153 ut
1204 1107 1331 1153 ante
1357 1099 1532 1154 claves
1559 1098 1708 1166 regni

129 1202 154 1229 ο
205 1192 475 1248 calorum
513 1192 780 1260 acciperet
829 1205 989 1258 quam
1033 1189 1154 1244 caeli
1203 1187 1396 1256 januas
1441 1187 1705 1241 introiret.

136 1281 157 1320 ί
183 1281 300 1337 Sed
329 1296 400 1335 ne
427 1295 532 1349 qua
562 1296 677 1343 vos,
709 1270 921 1343 fratres,
952 1279 1018 1333 de
1045 1277 1261 1333 creditis
1287 1276 1450 1332 Petro
1471 1276 1708 1332 clavibus

127 1372 286 1440 regni
313 1385 467 1426 more
486 1379 790 1425 nostrarum
809 1368 1039 1423 clavium
1063 1367 1314 1437 cogitatio
1342 1375 1554 1423 terrena
1581 1380 1706 1436 per-

127 1474 374 1521 moveat.
403 1464 578 1519 Clavis
618 1464 761 1518 enim
807 1463 928 1518 (mli
969 1463 1145 1531 lingua
1187 1468 1272 1516 est
1308 1458 1453 1516 Petri
1484 1478 1497 1512 :
1526 1469 1552 1507 ι
1581 1459 1708 1529 quia

128 1557 466 1625 singulorum
513 1555 704 1610 merita
750 1553 1047 1620 censendo,
1098 1551 1375 1622 apostolus
1424 1550 1708 1618 unicuique

127 1660 362 1716 regnum
390 1643 420 1682 ιι
446 1645 704 1701 cmlorum
747 1651 840 1698 aut
885 1643 1092 1711 claudit;
1117 1649 1210 1695 aut
1248 1641 1438 1710 aperit.
1483 1639 1599 1694 Non
1626 1645 1710 1693 est

127 1751 266 1805 ergo
310 1735 477 1790 clavis
520 1735 627 1788 ista
653 1732 895 1787 mortalis
937 1731 1157 1785 artiﬁcis
1182 1738 1366 1800 aptata
1400 1744 1583 1794 manu,
1613 1728 1708 1783 sed

1808 559 2091 613 dubitavit.
2123 559 2200 614 Ne
2233 561 2353 628 quis
2392 575 2521 630 ergo
2562 563 2806 616 timorem
2835 562 2975 617 hunc
3001 561 3374 630 gloriosissiml

1809 647 1952 704 Petri
1981 649 2138 704 ducat
2167 649 2220 704 in
2247 651 2437 705 vitium
2479 668 2494 704 :
2525 650 2775 721 quoniam
2804 652 2964 708 timor
2989 652 3110 718 iste,
3130 654 3375 722 quamvis

1814 743 1832 778 ί
1866 742 2093 804 primam
2119 742 2235 811 ejus
2262 743 2556 798 turbaverit
2584 741 2759 810 ﬁdem,
2793 742 3172 801 recidentia
3189 752 3372 800 tamen

1807 829 1861 883 in
1886 844 1954 884 eo
1982 838 2244 898 reparata:
2270 831 2600 887 credulitatis
2635 833 2861 887 ornavit.
2893 832 2992 887 Hic
3029 841 3114 888 est
3159 833 3369 901 Petrus,

1808 917 1896 972 cui
1943 916 2184 974 Christus
2232 919 2490 974 Dominus
2535 922 2966 976 communionem
3015 922 3098 976 sui
3140 923 3370 978 nominis

1808 1007 2035 1062 libenter
2075 1008 2310 1062 indulsit.
2344 1008 2414 1063 Ut
2439 1010 2601 1077 enim,
2627 1012 2765 1064 sicut
2791 1013 3066 1080 apostolus
3093 1011 3294 1068 Paulus
3312 1013 3367 1084 (ι

1808 1095 1928 1151 Cor.
1958 1096 2013 1166 ι)
2044 1098 2277 1164 edocuit,
2307 1106 2335 1134 υ
2366 1107 2516 1168 petra
2541 1107 2660 1155 erat
2684 1099 2963 1167 Christus;
2993 1103 3066 1156 ita
3093 1118 3190 1172 per
3214 1101 3371 1158 Chri-

1806 1193 1949 1239 stum
1976 1183 2166 1240 Petrus
2191 1185 2358 1242 factus
2383 1195 2465 1241 est
2490 1196 2664 1256 petra,
2690 1189 2902 1244 dicente
2921 1191 2972 1244 ei
3001 1191 3226 1248 Donnno
3250 1209 3263 1243 :
3295 1191 3371 1245 Tu

1806 1290 1859 1328 es
1903 1274 2113 1340 Petrus,
2138 1284 2187 1329 et
2215 1291 2368 1344 super
2394 1276 2527 1329 lianc
2552 1286 2752 1347 petram
2776 1278 3044 1349 aediﬁcabo
3084 1278 3372 1337 Ecclesia.

1807 1381 1972 1418 meam
2000 1365 2214 1437 (Matth.
2243 1366 2374 1436 xvr).
2399 1366 2530 1420 Na
2557 1368 2697 1424 sicut
2717 1368 2773 1425 in
2801 1369 3016 1426 deserto
3043 1379 3070 1406 '
3102 1369 3375 1426 dominico

1808 1459 2008 1514 sitienti
2035 1460 2233 1530 populo
2273 1475 2410 1529 aqua
2451 1459 2602 1515 fluxit
2643 1475 2676 1515 e
2701 1469 2853 1530 petra
2881 1460 3074 1532 (Exod.
3102 1461 3254 1529 xm),
3298 1462 3373 1517 ita

1808 1551 2059 1606 universo
2086 1550 2287 1606 mundo
2311 1549 2545 1620 perﬁdize
2583 1552 2831 1621 ariditate
2859 1559 2885 1588 κ
2915 1553 3152 1608 lassatim
3187 1553 3254 1608 de
3280 1566 3379 1609 oro-

1809 1638 1953 1694 Petri
2003 1639 2122 1695 fons
2160 1639 2445 1694 salutifera
2487 1640 2839 1696 confessionis
2890 1642 3129 1697 emersit.
3157 1641 3257 1697 llic
3292 1649 3377 1698 est

1809 1727 2018 1795 Petrus,
2045 1729 2129 1784 cui
2150 1728 2390 1784 Christus
2413 1744 2727 1785 ascensurus
2753 1730 2819 1784 ad
2849 1729 3059 1785 Patrem
3083 1731 3378 1801 pascendas

128 1825 261 1880 data
306 1840 337 1878 a
378 1824 595 1877 Christo
636 1829 873 1892 potestas
911 1829 994 1875 est
1033 1819 1320 1888 judicandi.
1350 1818 1589 1887 Denique
1635 1819 1710 1871 ait
1741 1839 1783 1896 Β
1809 1827 1840 1869 1
1862 1818 2098 1874 oviculas
2137 1833 2260 1873 suas
2291 1832 2562 1887 agnosque
2591 1819 2928 1873 commendat
2959 1820 3134 1889 (Joen.
3167 1820 3242 1890 ιι)
3273 1836 3288 1885 ;
3319 1828 3380 1875 ut

136 1915 153 1950 ί
191 1916 273 1968 eis
304 1932 316 1965 :
355 1910 585 1976 Quorum
623 1911 920 1964 remiseritis
954 1917 1192 1979 peccata,
1221 1909 1438 1962 remissa
1475 1917 1624 1974 sunt,
1662 1915 1711 1960 et

128 2020 353 2075 quorum
383 2003 396 2052 ἰ
435 2002 778 2067 detinueritis,
808 2000 1014 2053 detenta
1040 2007 1158 2052 sunt
1186 1997 1368 2066 (lana.
1408 1996 1485 2066 χ).
1516 1994 1615 2050 Hic
1633 2003 1716 2052 est

129 2095 353 2161 Petrus,
382 2107 542 2162 quem
571 2091 766 2145 Christi
794 2104 912 2144 esse
938 2086 1448 2144 conﬁdentissimum
1475 2085 1712 2154 subjecta

130 2185 378 2254 thigiis
403 2184 519 2252 ejus
546 2182 713 2236 maria
734 2181 1129 2251 probaverunt;
1161 2194 1285 2232 nam
1311 2193 1342 2232 a
1363 2177 1588 2232 Domino
1616 2191 1714 2233 suo

128 2291 308 2332 novos
346 2275 448 2329 sibi
475 2273 592 2329 dari
621 2273 675 2326 in
702 2269 948 2326 ﬂuctibus
983 2284 1226 2340 gressus,
1257 2276 1318 2323 ut
1345 2267 1513 2323 ﬁdelis
1539 2282 1713 2338 popo-

128 2368 259 2431 scit,
298 2373 355 2420 et
383 2364 409 2402 κ
438 2371 498 2418 ιιι
539 2362 765 2418 dilectus
805 2361 1130 2431 promeruit;
1161 2360 1252 2430 qui
1292 2360 1361 2413 ob
1399 2360 1504 2413 hoc
1541 2358 1712 2413 solum

131 2459 146 2506 i
192 2457 467 2528 trepidare
494 2455 638 2510 visus
667 2463 752 2510 est
785 2461 845 2508 ut
876 2452 1132 2521 fragilitas
1154 2452 1385 2505 humana
1419 2465 1712 2519 cognosce—

128 2557 220 2603 ret
256 2555 461 2617 quanta
489 2553 636 2601 esset
670 2545 809 2599 inter
841 2544 1123 2598 Dominum
1165 2556 1481 2610 servumque
1508 2541 1712 2596 distan-

130 2641 231 2703 tia,
262 2637 392 2692 dum
433 2643 715 2704 aggravata
744 2634 977 2702 peccatis
1004 2648 1128 2687 caro
1163 2632 1441 2700 mergitur,
1466 2640 1504 2667 ω
1533 2639 1588 2685 et
1616 2632 1715 2684 im-

130 2729 392 2784 maculati
421 2727 594 2782 nescit
621 2726 799 2796 planta
840 2723 1103 2779 desidere.
1131 2733 1158 2759 ιι
1188 2723 1443 2778 Similiter
1468 2731 1524 2778 et
1553 2722 1704 2788 illud,

131 2835 225 2886 ne,
257 2820 385 2873 dum
406 2832 568 2886 super
592 2832 756 2884 aquas
775 2816 1052 2870 ambulans
1076 2813 1265 2869 Petrus
1285 2814 1423 2885 pede
1446 2815 1714 2882 intrepido

131 2909 479 2978 pervenisset
504 2907 572 2960 ad
592 2906 881 2971 Christum,
910 2905 1120 2960 Domini
1146 2904 1283 2959 forte
1319 2905 1402 2959 sui
1431 2905 1715 2958 virtutibus

130 3011 164 3036 ο
196 2989 528 3069 mquaretur.
558 2997 663 3052 Sed
685 2997 810 3064 quid
830 2997 978 3050 illum
1008 3002 1287 3065 tantopere
1307 2994 1533 3049 dicimus
1552 2995 1716 3064 trepi-

129 3090 316 3155 dasse,
350 3099 376 3137 P
404 3103 526 3142 cum
559 3102 722 3157 prava
753 3085 1036 3154 trepidatio
1062 3101 1156 3138 sua
1185 3085 1441 3153 majorem
1471 3084 1714 3154 proﬁciat

1813 1921 1952 1978 quos"
1996 1910 2085 1964 ille
2130 1909 2345 1978 pietatis
2387 1908 2733 1963 miseratione
2763 1908 3081 1975 redemerat,
3123 1910 3212 1965 hic
3256 1908 3378 1967 ﬁdei

1812 2017 1921 2055 sua:
1949 2001 2146 2055 virtute
2176 2007 2435 2056 servaret.
2464 2000 2531 2054 Et
2559 2008 2706 2056 recte
2744 2015 2870 2055 sane
2893 2002 2942 2055 ei
2981 2001 3182 2057 arbiter
3205 2003 3378 2057 occul-

1812 2098 1988 2144 torum
2015 2090 2111 2145 Dei
2137 2090 2302 2144 Filius
2327 2090 2620 2160 pascendas
2650 2100 2674 2127 ⁸
2703 2106 2832 2146 oves
2867 2092 3198 2162 tuendasque
3225 2107 3346 2148 corn

1813 2179 1974 2245 misit,
2006 2179 2094 2235 cui
2135 2187 2356 2238 noverat
2382 2181 2436 2234 in
2465 2181 2749 2236 nutriendo
2773 2196 2933 2250 grege
2968 2183 3238 2238 dominico
3279 2198 3379 2238 nec

1812 2269 2045 2324 studium
2071 2268 2279 2336 deesse,
2324 2285 2423 2325 nec
2452 2269 2627 2324 ﬁdem.
2661 2270 2758 2327 Hic
2786 2280 2868 2326 est
2898 2271 3108 2338 Petrus,
3134 2274 3224 2342 qui
3253 2273 3378 2328 dum

1813 2360 1881 2413 ad
1920 2374 2133 2414 crucem
2169 2368 2421 2429 tanquam
2466 2361 2705 2416 cruciﬁxi
2749 2362 3036 2432 discipulus
3076 2363 3379 2427 duceretur,

1812 2465 1982 2504 verso-
2012 2464 2069 2504 se
2099 2465 2329 2520 poscens
2373 2467 2598 2521 corpore
2645 2454 2898 2521 crucitigi,
2926 2456 3227 2524 passionem
3273 2471 3380 2510 non

1813 2537 2010 2602 timuit,
2037 2539 2130 2593 sed
2156 2540 2513 2607 aequalitatem
2552 2542 2728 2596 crucis
2766 2542 3046 2600 dominicas
3079 2543 3380 2610 declinavit,

1815 2638 1874 2686 ut
1901 2630 2210 2686 ostenderet
2236 2632 2496 2688 universis
2518 2632 2839 2689 admiranda:
2866 2651 2925 2690 se
2951 2636 3264 2691 humilitatis
3285 2638 3382 2692 vir.
3488 2667 3497 2674 -

1815 2731 1980 2777 tutem
2011 2723 2244 2793 novique
2289 2725 2528 2796 mysterii
2563 2725 2898 2795 disciplinam
2920 2736 2976 2765 ιι
3005 2736 3060 2782 et
3089 2727 3227 2783 inter
3268 2737 3382 2785 tor-

1815 2823 1994 2869 menta
2036 2830 2297 2870 servasse.
2328 2815 2498 2882 Quam
2539 2831 2776 2881 securus,
2825 2818 3104 2884 carissimi,
3146 2820 3384 2887 perrexit

1816 2905 2005 2960 Petrus
2033 2905 2101 2958 ad
2128 2920 2363 2970 crucem,
2394 2906 2486 2974 qui
2515 2906 2730 2974 repulso
2777 2907 2969 2962 timore
3013 2910 3221 2973 mortis,
3263 2923 3383 2964 mo-

1815 2997 1985 3051 riendi
2015 2997 2260 3050 ordinem
2292 3004 2400 3051 tam
2431 2996 2623 3050 acerba
2648 2995 2706 3035 δι’
2737 2998 2787 3050 in
2818 2997 3066 3064 passione
3100 2998 3379 3065 quaesivit!

1817 3088 1954 3153 Quid
1979 3088 2141 3141 etiam
2183 3087 2250 3142 de
2276 3085 2659 3155 gloriosissimo
2687 3086 2914 3141 referam
2955 3086 3151 3156 Paulo,
3182 3089 3236 3143 in
3278 3103 3384 3158 quo

131 3179 200 3233 ad
236 3178 441 3232 ﬁdem?
469 3186 528 3230 ut
557 3177 698 3231 enim
718 3174 942 3229 credidit
974 3185 1000 3222 ιι
1034 3172 1222 3228 Petrus
1250 3173 1476 3242 imperio
1503 3172 1713 3227 Domini
1743 3187 1788 3248 ρ
1817 3174 2073 3229 Dominus
2102 3172 2260 3231 ﬁdem
2288 3175 2515 3230 nom'iniv
2535 3176 2636 3242 sui,
2661 3175 2785 3229 dum
2807 3176 2976 3245 ipsam
3005 3174 3163 3231 ﬁdem
3185 3188 3236 3215 τε
3258 3193 3385 3247 per--

131 3274 218 3327 sui
252 3286 412 3342 posse
440 3285 500 3325 se
542 3284 574 3323 a
614 3266 860 3322 ﬂuctibus
899 3266 1208 3330 sustentari,
1238 3266 1311 3318 ita
1354 3265 1717 3331 nihilominus,

134 3373 157 3401 τ
185 3364 315 3418 dum
348 3360 628 3428 mergitur,
655 3357 877 3414 credidit
901 3357 1066 3426 ipsius
1093 3355 1304 3409 Domini
1329 3355 1408 3409 sui
1437 3369 1496 3408 se
1523 3354 1719 3407 virtute

129 3452 475 3510 salvandum.
510 3450 644 3503 Vere
664 3449 802 3503 beati
826 3446 990 3510 Petri,
1016 3456 1035 3481 ⁸
1055 3453 1111 3500 et
1136 3445 1262 3500 dum
1285 3445 1530 3514 trepidat,
1553 3445 1716 3498 mira-

131 3547 262 3602 bilis
289 3545 443 3610 ﬁdes,
469 3543 592 3610 quia
624 3555 722 3595 nec
747 3538 1080 3609 perurgentis
1109 3539 1268 3609 219
1298 3536 1520 3608 Periculi
1545 3535 1718 3606 potuit

131 3639 364 3693 turbare
403 3633 667 3696 formido;
715 3630 1004 3685 clamando
1050 3632 1193 3685 enim
1239 3630 1362 3684 dum
1404 3629 1662 3699 mergitur
1703 3647 1715 3681 :

210 3867 236 3894 ι
271 3855 406 3910 Cod.
440 3852 562 3906 Vat.
597 3851 751 3918 1277,
777 3849 896 3921 quia
925 3863 1028 3902 non
1063 3863 1204 3914 caro,
1235 3858 1284 3902 et
1326 3849 1540 3920 sanguis
1587 3866 1722 3904 reve-

135 3928 266 3982 tavit
292 3925 404 3985 tibi,
437 3930 543 3975 etc.

211 3998 241 4036 δ
267 3984 438 4049 Codd.
465 3991 520 4044 8.
551 3987 696 4058 Petri
713 3986 780 4041 L0
801 3986 864 4058 Ε,
895 3994 950 4041 et
967 3984 1240 4058 Casinen.,
1272 3990 1358 4058 qui
1378 3997 1452 4042 est
1473 3989 1526 4041 in
1554 3989 1713 4042 caelis.

214 4070 239 4096 ⁸
266 4063 403 4118 Cod.
429 4060 484 4114 S.
513 4058 656 4113 Petri
677 4057 709 4109 9
732 4059 796 4122 A,
822 4057 991 4126 hoc_et
1008 4059 1120 4126 ipse
1149 4056 1324 4110 Pater.

209 4128 237 4166 ἀ
265 4131 437 4188 Codd.
481 4129 538 4185 8.
581 4127 764 4183 Crucis
811 4135 867 4181 et
910 4123 969 4179 S.
1003 4123 1178 4193 Petri,
1208 4126 1323 4181 Hoc
1363 4127 1439 4182 illi
1459 4129 1713 4198 confessio

137 4205 304 4258 dedit.

216 4285 241 4311 ο
266 4268 440 4325 Codd.
469 4267 742 4330 Ambros,
776 4264 1067 4332 Veronen.,
1096 4263 1347 4320 Casinen.
1390 4273 1446 4320 et
1488 4265 1543 4320 S.
1577 4265 1719 4321 Petri

139 4344 210 4398 40
235 4342 299 4402 F.
325 4340 473 4409 regni
499 4338 734 4409 creastis.

220 4413 239 4450 ι
274 4403 424 4464 [dem
455 4406 576 4475 cod.
608 4405 876 4475 Ambros,
904 4403 1009 4475 Sed
1028 4420 1344 4475 nequaquam
1370 4420 1476 4475 v95,
1511 4407 1718 4475 fratres,

139 4485 206 4536 de
228 4477 465 4534 creditis.
487 4474 619 4529 Cod.
646 4473 701 4526 S.
726 4472 869 4529 Petri
897 4477 929 4527 9
959 4472 1023 4538 A,
1053 4473 1116 4525 de
1137 4472 1337 4529 traditis
1379 4472 1553 4528 Petro.
1587 4474 1719 4528 Cod.

141 4553 452 4609 Veronen.,
479 4544 582 4600 Sed
610 4561 768 4613 neque
793 4558 901 4613 vos,
933 4542 1227 4613 [ratres,‘de
1241 4543 1470 4613 greditis.

216 4632 244 4667 ιι
274 4618 424 4672 Idem
472 4613 594 4668 cod.
615 4610 907 4677 δίει-11618,
928 4611 1104 4682 lingua
1130 4621 1204 4666 est
1232 4610 1396 4678 Petri,
1421 4631 1519 4683 qua
1545 4614 1723 4684 singu-

140 4693 320 4746 lorum
341 4693 543 4739 merita.

217 4759 245 4840 ξι
270 4754 456 4840 Codd.
488 4753 787 4840 Ambros?“
809 4749 1099 4814 Veronen.,
1141 4750 1388 4806 Casinen.
1410 4757 1464 4804 et
1487 4750 1721 4817 Martin.,

921 4889 1150 4970 Denique
1169 4889 1242 4941 ait

223 4967 238 5017 i
275 4960 415 5017 Cod.
445 4959 712 5018 Ambros,
739 4967 786 5010 et
807 4975 1020 5025 quorum
1037 4959 1360 5022 retinueritis,
1379 4968 1574 5011 retenta
1591 4970 1725 5012 sunt.

141 5034 327 5092 codd.
381 5028 438 5082 S.
480 5026 624 5082 Petri
653 5027 685 5079 9
714 5028 777 5090 A,
808 5038 863 5080 et
885 5027 1221 5093 Casinenses,
1244 5043 1456 5083 necnon
1486 5028 1728 5083 Vaticani

143 5104 292 5163 {269
317 5108 378 5154 et
406 5097 744 5166 1277_legunt
764 5106 960 5166 retenta
987 5105 1152 5150 erunt.

219 5176 245 5211 ιι
278 5170 420 5226 Cod.
448 5166 504 5220 8.
531 5164 673 5219 Petri
695 5167 739 5219 A
763 5164 812 5229 9,
838 5175 888 5219 et
910 5177 965 5218 ut
989 5166 1203 5219 dilectus
1222 5167 1518 5235 promeruit.

225 5243 242 5281 ι
273 5239 419 5295 Cod.
445 5236 560 5289 Vat.
587 5235 746 5303 I277,
776 5235 1060 5303 trepidasse
1082 5238 1218 5289 visus
1237 5245 1333 5288 est.

218 5324 260 5351 II
289 5308 429 5367 00d.
453 5304 544 5375 ,S.
581 5303 724 5375 Petri
763 5303 914 5375 ltili,
944 5316 992 5358 et
1016 5304 1346 5375 immaculata
1374 5306 1533 5357 nescit
1559 5305 1737 5375 planta

144 5382 410 5439 residere.
435 5373 568 5430 Cod.
597 5372 718 5427 Vat.
757 5373 908 5436 1277,
934 5376 1115 5442 planta
1139 5372 1417 5442 subsidere.

221 5462 248 5488 ι
269 5446 458 5516 Codd.
490 5443 608 5516 Vat.
640 5442 772 5516 12.69
794 5452 849 5497 et
869 5441 1024 5510 1277,
1049 5442 1295 5500 Casinen.
1321 5455 1378 5496 et
1403 5441 1459 5496 S.
1502 5441 1646 5497 Petri
1689 5443 1740 5509 9,

149 5521 217 5586 Α,
251 5513 430 5574 Simul
458 5521 504 5566 et
530 5513 682 5586 illud.

226 5599 252 5625 ο
276 5586 427 5652 Idem
449 5581 568 5652 qod.
598 5581 845 5635 Ambros.
871 5580 1132 5635 virtutibus
1153 5589 1517 5652 cowquaretur.

225 5667 255 5706 Ρ
286 5651 424 5708 Cod.
469 5649 764 5720 Veronen.,
805 5667 945 5720 curm
959 5653 1045 5718 pia
1071 5649 1339 5720 trepidatio
1367 5666 1460 5702 sua
1490 5653 1736 5720 majorem

149 5721 468 5798 ναίει-ὄιαό
494 5718 824 5788 [idem.Cod.
848 5719 905 5772 8.
923 5717 1062 5773 Petri
1080 5717 1231 5783 40F,
1264 5737 1375 5773 cum
1397 5721 1482 5789 pia
1512 5717 1737 5788 trepida-

523 5811 794 5872 Ρλτιιοι.
849 5810 1029 5869 LVII.

1751 4670 1800 4726 Ι)
1906 4684 1916 4715 ¹
1947 4670 2079 4735 Cod.
2105 4670 2170 4735 Sf
2191 4682 2331 4735 Petri
2357 4681 2395 4734 9

1820 3267 2163 3337 sequebatur,
2195 3266 2397 3334 elegit?
2426 3265 2525 3332 Qui
2554 3266 2679 3320 dum
2709 3267 2854 3321 velut
2882 3268 3173 3322 acerrimus
3199 3284 3386 3337 perse-

1819 3367 1975 3415 cutor
1988 3356 2044 3395 άά
2060 3357 2413 3412 Christianam
2438 3365 2613 3413 vastat
2633 3358 2942 3424 Ecclesiam,
2979 3359 3194 3414 inimico
3214 3360 3387 3415 adhuc

1820 3448 1937 3517 ejus
1967 3449 2021 3503 in
2060 3457 2279 3517 pectore
2308 3447 2539 3502 amicum
2584 3448 2685 3502 sibi
2733 3463 2829 3503 cor
2855 3446 3098 3503 Christus
3144 3449 3384 3516 invenit;

1819 3542 2053 3612 dumque
2097 3539 2411 3609 temporalia
2440 3538 2583 3609 capit
2627 3539 2692 3595 ad
2739 3540 2996 3610 supplicia
3035 3541 3386 3606 Christianos,

1821 3632 1936 3701 ipse
1962 3637 2279 3701 perpetuam
2307 3638 2494 3699 captus
2521 3628 2590 3684 ad
2618 3631 2863 3698 gratiam,
2894 3629 3062 3685 factus
3101 3640 3184 3686 est
3209 3633 3389 3688 subito

1816 3851 1958 3904 tione
1985 3866 2099 3915 sua,
2130 3859 2236 3904 etc.
2261 3848 2427 3903 Codd.
2455 3863 2582 3902 vero
2605 3847 2822 3917 Bclgici,
2845 3846 3157 3916 Martinen.,
3175 3847 3399 3903 etCam-~

1821 3921 2080 3974 beronen.
2113 3918 2313 3972 habent
2335 3935 2513 3986 parva.

1893 4000 1920 4038 ιι
1949 3987 2078 4042 Cod.
2106 3983 2386 4041 Martinen.
2413 3987 2611 4043 omittit
2632 3984 2849 4052 Petrus;
2877 3985 2932 4040 in
2955 3983 3086 4041 Cod.
3139 3985 3387 4044 Ambros.

1821 4058 1972 4113 deest
1993 4075 2046 4111 se
2075 4075 2106 4109 a
2135 4059 2391 4125 fluctibus.

1897 4139 1917 4164 τ
1943 4127 2087 4181 ldem
2115 4127 2243 4196 cod.
2259 4127 2293 4180 2
2314 4126 2369 4180 S.
2397 4125 2584 4182 Crucis
2604 4125 2820 4190 Minor.,
2845 4125 3391 4196 dumimergiturtere-

1821 4197 1954 4250 didit
2005 4198 2164 4265 ipsius
2213 4195 2423 4250 Domini
2468 4198 2563 4248 sui.
2605 4196 2912 4258 ltemcodd.
2939 4189 3246 4265 Verod.,et
3266 4189 3388 4249 Vat.

1828 4265 1964 4319 19.77
1996 4262 2120 4335 legit
2140 4283 2339 4335 possea
2361 4267 2596 4334 ﬂuctibus
2625 4267 2935 4335 sustentari;
2964 4266 3037 4317 ita
3061 4262 3392 4335 nihilominus

1825 4332 2088 4403 mergitur,
2142 4336 2262 4389 dum
2291 4332 2506 4398 credidit
2533 4335 2694 4404 ipsius
2722 4334 2930 4388 Domini
2956 4337 3036 4387 sui
3064 4335 3247 4387 uirtute
3286 4332 3392 4387 sal-

1826 4405 2062 4466 randum.

1903 4484 1922 4509 ⁵
1955 4473 2117 4527 Iidem
2148 4473 2302 4528 codd.
2322 4472 2390 4528 rS.
2438 4472 2643 4538 Crucis,
2675 4473 2730 4527 S.
2761 4473 2906 4530 Petri
2934 4471 2968 4525 9
2993 4473 3056 4535 Δ,
3080 4470 3202 4526 Vat.
3235 4472 3393 4539 1277,

1825 4551 1879 4614 et
1892 4542 2166 4614 Casinen.,
2197 4543 2328 4596 Vere
2357 4543 2490 4596 beati
2510 4541 2656 4596 Petri
2680 4553 2776 4607 est,
2794 4553 2841 4596 et
2869 4545 2996 4614 dum,
3014 4539 3396 4614 trepidath-

1827 4613 2297 4696 bilislﬁdesgqu‘am
2319 4629 2408 4696 nec
2432 4629 2524 4696 per
2550 4614 2776 4694 urgentis
2805 4613 3032 4694 periculi.

1907 4699 1916 4715 ι
1947 4699 2079 4735 Coo.
2105 4699 2160 4735 δ.
2191 4699 2331 4735 rem
2357 4699 2389 4734 υ
2419 4699 2482 4749 Α,
2513 4699 2739 4752 quamvis
2766 4699 3006 4750 primum.

1900 4759 1924 4784 υ
1955 4750 2087 4805 Cod.
2119 4750 2420 4813 Martinam,
2446 4760 2589 4813 petra
2609 4761 2798 4804 autem.

1907 4831 1926 4856 ν
1959 4820 2090 4892 God.
2121 4820 2176 4874 S.
2202 4819 2540 4892 Petri,_Nam
2560 4822 2691 4892 sicut
2713 4823 2768 4874 in
2791 4821 2990 4876 deserto
3034 4824 3185 4892 jussu
3231 4823 3397 4876 domi-

1830 4893 1945 4944 nico
1983 4891 2180 4961 sitienti
2228 4890 2413 4959 popqu
2438 4907 2570 4961 aqua
2598 4890 2790 4961 efﬂuxit
2809 4908 2836 4943 e
2863 4890 3132 4961 petra,‘ita
3157 4892 3396 4961 universo

1831 4960 2022 5029 mundo
2062 4958 2302 5029 perﬁdiae
2331 4958 2570 5012 ariditate
2616 4958 2808 5013 lassata
2837 4958 2901 5012 de
2945 4977 3033 5013 ore
3072 4960 3234 5012 Petri.
3261 4958 3394 5013 Cod.

1831 5028 2158 5093 Martinen.,°'
2189 5029 2442 5093 lassanti;
2496 5029 2616 5082 cod.
2670 5044 2794 5083 vero
2841 5029 3252 5094 Camberoncu.,
3285 5029 3397 5082 las-

1833 5107 1963 5151 salo.

1909 5176 1932 5201 ι
1964 5166 2125 5219 lidem
2153 5166 2308 5220 codd.
2333 5165 2388 5220 S.
2420 5164 2609 5220 Crucis
2639 5165 2826 5220 Minor.
2852 5167 3116 5221 Convent.
3165 5166 3218 5220 in
3259 5165 3398 5219 Lau-

1839 5251 1977 5294 rcn.,
2019 5235 2310 5297 Veronen.,
2346 5235 2587 5291 Vaticani
2615 5234 2753 5288 {£69
2777 5244 2833 5290 et
2853 5234 3010 5298 1277,
3041 5242 3096 5288 et
3121 5233 3395 5297 Casinen.,

1839 5305 2070 5374 perﬁdia:
2098 5304 2337 5374 ariditate
2359 5307 2598 5374 lassanti.

1914 5386 1939 5420 Υ
1964 5374 2094 5444 Cod.
2117 5374 2173 5444 8.
2202 5373 2394 5428 Petri9
2415 5374 2480 5439 Α,
2503 5373 2762 5444 agriculos
2781 5391 2918 5440 suas,
2942 5389 3169 5443 omne.

1920 5453 1940 5479 '-
1972 5443 2103 5497 Cod.
2130 5443 2332 5508 Casin.,
2355 5460 2466 5497 oves
2487 5443 2625 5496 suas.

1920 5522 1976 5548 η
2007 5512 2136 5566 Cod.
2171 5513 2226 5566 S.
2255 5512 2398 5566 Petri
2426 5512 2494 5564 40
2517 5511 2576 5572 Ρ,
2599 5512 2753 5564 etiam
2773 5514 2907 5566 inter
2935 5521 3202 5566 tormenta.

1914 5582 1969 5618 δι’
1993 5581 2126 5639 Cod.
2152 5583 2266 5634 Vat.
2304 5581 2437 5635 1269
2466 5581 2662 5633 omittit
2681 5582 2756 5633 in.

1917 5662 1970 5720 ες
2000 5650 2165 5705 Codd.
2199 5651 2318 5704 Vat.
2343 5659 2397 5703 ct
2419 5651 2619 5720 Casin.,
2645 5661 3044 5720 persequeretur.

1912 5719 1967 5758 δά
1998 5719 2128 5776 Cod.
2161 5721 2464 5784 Martinen.,
2486 5719 2915 5772 Christianorum.

2815 5804 2890 5863 13
