3910 6238
78 410 163 462 597

1474 400 1758 461 HOMILIA
1798 400 1959 455 LXI.

3220 399 3325 456 398

78 523 440 572 Ancousxrcu.
464 550 538 559 α-
567 518 843 587 Utriusque
870 518 1089 586 apostoli
1110 516 1396 587 privilegia,
1430 517 1635 587 grgtia-
1669 525 1712 577 Α
1744 514 1851 569 Sed
1876 514 1988 582 jam
2036 514 2310 569 veniamus
2355 514 2419 567 ad
2466 514 2830 568 beatissimum
2874 516 3122 579 Paulum;
3173 520 3326 586 cujus

136 606 239 640 rum
262 605 504 649 munera,
537 599 587 640 et
614 582 932 642 excellentia:
955 582 1323 657 prwrogativas
1355 584 1415 639 S.
1432 582 1637 637 ’Μακί-

136 674 238 710 mus
264 658 508 711 celebrat.

139 793 421 861 Apostolici
462 792 659 846 natalis
688 791 913 860 gaudio,
956 790 1150 845 fratres
1177 788 1469 854 carissimi,
1501 784 1646 841 Pen.

79 894 123 937 et
144 881 301 946 Pauli,
323 898 559 951 quorum
581 885 741 938 hodie
760 883 1082 938 beatissimis
1102 880 1440 950 passionibus
1456 879 1648 948 jucun-

79 976 266 1037 damur,
290 976 467 1030 laetior
495 991 596 1045 per
625 976 928 1030 universum
958 974 1218 1028 mundum
1241 972 1438 1027 Christi
1468 971 1649 1026 exsul-

82 1072 146 1116 tat
169 1063 426 1131 Ecclesia:
462 1082 583 1134 qua:
609 1066 736 1120 licet
761 1067 999 1120 omnium
1028 1074 1051 1101 η
1083 1080 1141 1119 se
1169 1074 1476 1119 sanctorum
1504 1078 1651 1117 mar-

81 1154 202 1222 tyrio
222 1164 365 1209 certa
394 1156 472 1209 sit
510 1155 791 1220 adornari;
829 1154 1259 1225 quandoquidem
1290 1154 1433 1207 videt
1453 1154 1519 1207 de
1547 1153 1653 1207 hoc

82 1244 259 1297 saaculo
304 1245 457 1312 ipsos
505 1243 629 1297 ﬁdei
683 1252 865 1313 patres
918 1252 973 1297 et
1028 1244 1314 1310 magistros
1360 1250 1653 1312 martyrum

82 1333 445 1401 triumphasse.
472 1332 611 1399 Quid
640 1334 782 1387 enim
806 1333 1062 1400 insignius
1090 1332 1273 1398 Petro,
1297 1332 1387 1400 qui
1413 1332 1466 1385 in
1492 1346 1653 1386 carne

84 1423 287 1489 positus,
315 1438 629 1477 mensuram
652 1423 828 1477 carnis
856 1436 1124 1489 egressus,
1149 1421 1422 1477 Christum
1449 1420 1653 1484 Jesum,

85 1510 107 1548 δ
135 1511 229 1565 vivi
257 1512 351 1566 Dei
380 1512 581 1566 Filium
610 1528 796 1566 verum
827 1512 1131 1576 conﬁtetur,
1163 1518 1218 1565 et
1245 1510 1388 1579 quod
1417 1510 1655 1564 omnium

88 1600 243 1655 adhuc
270 1603 585 1657 mortalium
615 1612 802 1671 pectus
830 1603 1060 1667 latebat,
1094 1603 1266 1670 prima
1306 1600 1451 1654 Petri
1480 1600 1657 1667 lingua

86 1706 208 1746 novo
226 1700 307 1747 est
331 1707 588 1746 sermone
608 1692 871 1747 confessa.
896 1691 1053 1757 Quid,
1081 1691 1273 1745 fratres
1298 1691 1425 1751 mei,
1449 1690 1656 1757 magni-

86 1780 312 1838 ﬁcentius
340 1782 531 1846 Petro,
565 1784 657 1851 qui
705 1791 867 1837 tantm
896 1782 1249 1837 confessionis
1275 1782 1487 1847 merito,
1535 1796 1657 1835 cum

1751 613 1896 658 tanta
1926 614 2007 658 est
2036 604 2379 659 nihilominus
2406 604 2680 674 plenitudo
2710 605 2866 671 fidei,
2916 614 2973 659 ut
3002 608 3325 675 peculiarem

1749 694 2142 762 quodammodo
2163 709 2284 748 eum
2304 695 2406 749 sibi
2424 694 2614 750 ducem
2636 695 2703 749 ad
2724 696 3069 750 illuminanda
3090 699 3327 765 gentium

1750 783 1912 838 corda
1942 790 2256 838 cunctorum
2300 784 2553 853 prtescius
2599 783 2848 839 Salvator
2872 794 2897 831 ε
2928 785 3167 853 eligeret.
3200 786 3330 843 Erat

1751 877 1894 930 enim
1922 884 2027 929 tam
2072 877 2372 945 praecipuus
2399 878 2453 930 in
2481 876 2725 931 doctrina
2742 917 2757 941 ,
2802 876 2967 929 animi
2994 876 3190 932 virtute
3218 887 3328 933 tam

1749 973 1962 1035 potens,
1987 966 2292 1021 innocentia
2320 974 2375 1020 et
2404 967 2708 1035 integritate
2737 974 2844 1020 tam
2874 977 3110 1031 sanctus,
3136 974 3196 1021 ut
3222 984 3332 1022 uno

1752 1055 2048 1124 eodemque
2078 1063 2320 1125 tempore
2347 1057 2469 1112 hinc
2494 1072 2615 1112 eum
2646 1058 2952 1113 sacerdotes
2975 1076 3040 1116 ac
3066 1062 3335 1131 principes

1752 1144 2056 1201 Iudaeorum
2094 1161 2191 1215 per
2234 1148 2630 1203 aemulationem
2676 1148 2808 1215 legis
2847 1150 3097 1219 antiquas,
3126 1150 3248 1205 data
3280 1153 3335 1205 in

1754 1236 2086 1292 Christianos
2111 1238 2463 1311 persequendi
2494 1240 2833 1305 auctoritate,
2862 1241 3180 1309 dirigerent;
3212 1241 3337 1296 hinc

1756 1327 1904 1381 illum
1924 1327 1990 1381 ad
2010 1326 2259 1382 Ecclesia:
2278 1328 2527 1383 solatium
2557 1336 2719 1397 atque
2748 1330 2985 1384 omnium
3004 1330 3338 1386 credentium

1758 1414 1783 1452 ιλ
1816 1416 2205 1471 ﬁrmamentum
2232 1416 2477 1473 Christus
2510 1428 2724 1474 vocaret
2757 1436 2787 1475 e
2822 1421 2992 1488 cmlo;
3038 1424 3189 1493 cujus
3222 1424 3233 1461 ί
3270 1426 3339 1479 ab

1757 1508 1862 1562 hoc
1890 1517 2015 1562 sunt
2042 1524 2073 1562 a
2103 1508 2332 1563 Domino
2359 1510 2547 1564 στεροίί
2575 1512 2713 1565 oculi
2732 1551 2746 1577 ,
2779 1520 2866 1577 ut,
2895 1524 3142 1585 suscepta
3169 1516 3343 1585 gratia

1759 1600 2030 1665 veritatis,
2060 1599 2268 1654 caelesti
2297 1601 2411 1655 acie
2441 1608 2497 1655 et
2534 1601 2736 1657 lumine
2772 1604 3000 1660 clariore
3042 1606 3340 1675 fulgereut;

1758 1692 2066 1760 pariterque
2091 1689 2398 1745 adverteret
2427 1690 2587 1763 225
2614 1691 2901 1747 Christiani
2932 1697 3165 1752 nominis
3190 1698 3343 1766 prin-

1759 1798 1889 1852 ceps
1910 1782 2117 1836 futurus
2140 1781 2429 1849 Christum,
2459 1798 2617 1851 quem
2647 1786 3087 1853 persequebatur,
3112 1786 3345 1843 aecandi

84 1875 401 1944 corruptibili
420 1873 601 1929 adhuc
628 1883 773 1930 esset
797 1875 850 1928 in
877 1890 1123 1945 corpore,
1155 1884 1209 1929 et
1235 1890 1333 1929 nec
1374 1874 1500 1928 dum
1543 1874 1656 1944 ipse
1690 1881 1735 1941 Β
1762 1871 2201 1941 illuminandique
2220 1872 2421 1926 habere
2445 1874 2719 1927 virtutem.
2746 1873 3007 1929 Utautem
3024 1886 3344 1945 prceteream

88 1966 400 2021 ascendisset
429 1967 485 2020 in
512 1968 743 2030 cmlum,
788 1981 1009 2035 regnum
1050 1967 1121 2023 illi
1162 1968 1381 2022 cmleste
1420 1974 1476 2020 et
1512 1965 1663 2020 clau-

89 2052 203 2108 dere
240 2062 294 2109 et
320 2055 540 2124 aperire
583 2056 903 2124 permissum
931 2056 1049 2109 est?
1078 2054 1214 2121 Quid
1242 2054 1522 2109 sublimius
1550 2054 1667 2123 ejus

92 2141 185 2196 ﬁde
219 2144 329 2211 qui,
380 2144 665 2212 gradiente
713 2144 942 2199 Domino
981 2161 1145 2215 super
1192 2161 1377 2213 aquas,
1422 2144 1667 2199 humanae

87 2234 395 2290 conditionis
427 2237 649 2301 oblitus,
676 2237 816 2290 viam
846 2237 945 2291 sibi
974 2237 1027 2290 in
1057 2237 1304 2291 ﬂuctibus
1331 2236 1446 2289 dari
1482 2244 1537 2290 et
1565 2252 1664 2306 po-

85 2326 246 2393 poscit
272 2336 295 2365 ε
328 2335 386 2381 et
419 2327 647 2391 meruit;
680 2334 933 2394 tantaque
961 2327 1158 2381 mentis
1186 2326 1302 2394 ejus
1343 2323 1665 2381 conﬁdentia

86 2412 193 2478 fuit,
234 2424 292 2469 ut
328 2416 582 2472 crederet
628 2432 687 2472 se
732 2432 891 2486 posse
938 2432 1036 2486 per
1078 2415 1235 2470 fidem
1278 2412 1423 2486 quod
1466 2415 1668 2469 sciebat

86 2507 274 2562 homini
301 2509 643 2579 impossibile
667 2524 763 2579 per
804 2510 1085 2562 naturam?
1131 2508 1263 2561 Nam
1312 2508 1436 2577 quia
1480 2516 1665 2575 postea
1704 2562 1705 2565 η

87 2600 433 2667 mergebatur,
478 2607 539 2653 ut
582 2600 712 2652 mihi
739 2599 969 2663 videtur,
1021 2598 1383 2653 necessarium
1431 2596 1547 2661 fuit,
1598 2612 1666 2651 ne

87 2692 209 2745 tanti
254 2692 592 2746 sublimitate
642 2689 886 2745 miraculi
942 2689 997 2743 in
1048 2689 1337 2758 perniciem
1391 2686 1529 2741 forte
1582 2688 1663 2741 sui

86 2792 281 2850 aequata
310 2783 531 2839 Christo
556 2782 731 2837 carnis
767 2781 1026 2849 fragilitas
1064 2780 1390 2849 superbiret.
1423 2776 1447 2813 ἀ
1485 2778 1667 2831 Fuerit

86 2876 235 2947 223
275 2884 430 2931 certe
478 2875 801 2929 inﬁrmitatis
845 2888 1151 2943 corporea},
1182 2872 1325 2940 quod
1355 2871 1514 2940 paulo
1545 2878 1667 2940 post

89 2965 280 3027 timuit;
311 2967 437 3035 quis
466 2976 488 3003 ε
517 2974 695 3020 tamen
722 2964 957 3032 ambigat
985 2962 1312 3017 inimitabilis
1335 2959 1455 3015 ﬁdei
1482 2959 1663 3023 fuisse,

1762 1962 2011 2017 artera‘i
2050 1976 2170 2030 qua:
2199 1977 2321 2015 eum
2351 1962 2600 2015 universo
2628 1962 2745 2016 orbi
2783 1963 3081 2018 mirabilem
3124 1966 3345 2030 faciunt,

1764 2067 1929 2107 unum
1959 2052 2108 2117 illud,
2138 2052 2282 2121 quod
2309 2051 2375 2105 ad
2416 2067 2602 2107 omnes
2628 2051 2744 2120 ejus
2772 2053 2966 2108 sufﬁcit
2995 2054 3197 2121 laudes,
3228 2056 3350 2126 quis

1764 2147 1943 2202 valeat
1971 2146 2236 2199 aestimare
2263 2152 2476 2212 quantae
2524 2145 2593 2197 sit
2621 2145 2823 2213 gloriae,
2856 2145 3000 2213 quod
3039 2161 3163 2201 cum
3210 2147 3352 2203 inter

1770 2238 2018 2293 homines
2051 2241 2071 2273 κ
2106 2244 2307 2304 ageret,
2332 2237 2548 2306 speciali
2570 2237 2800 2304 quadam
2824 2237 3128 2293 Divinitatis
3153 2239 3349 2305 gratia.

1771 2336 1825 2384 et
1852 2327 2131 2398 paradisus
2156 2327 2229 2380 illi
2256 2327 2620 2395 penetrabilis,
2648 2334 2703 2380 et
2729 2327 2925 2381 cmlum
2954 2326 3197 2397 pervium
3223 2328 3354 2382 fuit?

1770 2418 1907 2485 Quid
1930 2430 2078 2485 ergo,
2101 2418 2310 2483 fratres,
2329 2418 2433 2471 hoc
2450 2417 2672 2471 doctore
2688 2416 3001 2485 perfectius,
3026 2420 3194 2487 quiin
3216 2419 3356 2476 cmlo

1769 2508 1955 2562 didicit
1980 2506 2162 2576 1'quod
2184 2507 2237 2559 in
2264 2508 2419 2561 terris
2440 2506 2696 2561 doceret?
2740 2506 2875 2573 Quid
2897 2510 3003 2565 hoc
3029 2519 3167 2564 teste
3195 2526 3355 2566 vera-

1767 2600 1913 2663 cius,
1944 2608 1983 2635 ιιι
2010 2599 2095 2653 cui
2123 2599 2333 2653 elevato
2362 2614 2524 2667 super
2551 2600 2716 2654 cmlos
2757 2600 2925 2655 oculis
2975 2601 3153 2656 videre
3181 2610 3236 2656 et
3263 2616 3358 2672 ap-

1767 2689 1998 2758 probare
2020 2702 2333 2744 coneessum
2361 2697 2445 2743 est
2466 2688 2609 2756 quod
2643 2690 2986 2759 posrmodum
3016 2692 3357 2761 promitteret

1767 2778 2086 2832 credituris?
2105 2777 2231 2832 Hmc
2252 2787 2376 2832 sunt
2397 2779 2557 2847 igitur
2577 2779 2945 2848 apostolorum
2968 2760 3113 2837 Petri
3133 2790 3190 2837 et
3210 2760 3360 2839 Pauli

1769 2868 2034 2938 stupenda
2086 2869 2307 2934 merita;
2358 2878 2385 2904 ιι
2443 2883 2542 2938 per
2586 2868 2702 2924 haec
2746 2870 3056 2927 incedentes
3104 2872 3359 2928 miracula

1769 2959 2128 3029 apostolatum
2166 2975 2322 3012 suum
2362 2959 2592 3014 Domino
2632 2975 2697 3015 ac
2724 2960 2837 3016 Deo
2867 2970 3057 3018 nostro
3099 2960 3363 3020 effusione

88 3056 220 3122 quod
246 3072 372 3112 eum
402 3056 820 3112 descendentem
863 3054 931 3109 de
976 3055 1128 3120 navi,
1178 3053 1421 3114 tremula,
1452 3060 1505 3105 et
1538 3050 1554 3089 τ
1585 3053 1666 3104 in-

90 3158 332 3201 concussa
382 3147 636 3201 humanis
678 3145 946 3212 gressibus
991 3145 1154 3199 maris
1198 3143 1339 3198 unda
1377 3144 1663 3197 sustinuit?
1692 3119 1739 3181 δ

1428 3234 1776 3295 HOMILIA
1822 3234 2022 3295 LXX.

942 3336 1022 3390 De
1049 3336 1227 3391 eodem
1256 3334 1420 3388 natali
1450 3333 1553 3389 SS.
1589 3336 1937 3403 apostolorum
1964 3334 2109 3389 Petri
2136 3343 2186 3389 et
2214 3335 2372 3391 Pauli
2398 3332 2513 3390 III.

1535 3423 1925 3479 ADMONITIO.

155 3524 301 3579 lianc
327 3537 549 3592 quoque
591 3523 866 3577 homiliam
912 3521 1187 3577 Ballerinii
1229 3520 1286 3575 S.
1335 3519 1580 3592 Maximo
1618 3529 1802 3575 nostro
1849 3521 2248 3592 adjudicarunt,
2298 3523 2577 3592 perpensis
2616 3530 2741 3578 ante
2787 3530 2903 3579 tum
2930 3523 3223 3592 Vaticanis,
3250 3535 3365 3584 tum

156 3537 301 3579 Hanc
368 3540 441 3578 uo
482 3538 549 3578 ue
593 3537 866 3577 nommam
914 3537 1187 3577 baltermn
1229 3537 1286 3575 δ.
1335 3537 1569 3574 maxumo
1618 3537 1802 3575 nosuo
1849 3537 2248 3590 aujumcarunt,
2298 3537 2577 3592 perpensis
2616 3537 2741 3578 ante
2787 3537 2903 3579 tum
2937 3537 3223 3592 vaucants,
3250 3537 3365 3584 tum

89 3539 406 3677 basiliuerg.
443 3537 591 3647 ἔδειτί
621 3608 749 3677 mss.
781 3592 1073 3677 codicibus,
1098 3606 1329 3677 quorum
1350 3590 1608 3677 nonnjulli
1636 3591 1875 3677 eamdem
1995 3591 2160 3677 Leoni
2191 3591 2382 3677 hlaqu
2414 3592 2728 3677 inscribunt.
2761 3592 2929 3649 Multo
2956 3595 3366 3677 eniltt'superio-

88 3679 172 3718 res
204 3671 332 3717 sunt
365 3670 679 3732 numeroet
708 3662 1022 3732 excellentia
1050 3660 1265 3732 codices
1311 3660 1402 3729 qui
1444 3659 1617 3732 eidem
1647 3661 1869 3732 antistiti
1900 3661 2215 3732 Taurinensi
2256 3662 2645 3732 suﬂragantur;
2689 3678 2813 3732 nam
2845 3673 3044 3732 prmter
3082 3659 3369 3722 Vaticanus

88 3733 218 3787 duos
255 3732 397 3804 1275
427 3745 552 3804 ρος.
579 3730 650 3784 56
678 3740 733 3785 et
764 3730 897 3804 1277
928 3744 1058 3804 pag._
1078 3728 1164 3804 5Q,
1196 3728 1437 3804 duosque
1468 3728 1683 3804 Vallicel

1780 3745 1841 3783 os
1884 3746 1969 3804 sv,
2001 3745 2121 3804 pag.
2154 3730 2214 3783 71
2248 3741 2338 3804 _et-
2362 3730 2418 3804 A_
2453 3728 2647 3804 7_pag_.
2699 3731 2821 3804 1}}7,
2850 3728 3146 3804 'conceptis
3190 3737 3371 3792 verbis

91 3816 281 3856 nomen
309 3797 708 3869 ejus'deferunt
726 3801 899 3869 codex
929 3797 1083 3853 itus.
1116 3798 1305 3869 Crucis
1328 3799 1381 3851 in
1410 3797 1705 3869 Jerusalem
1738 3812 1856 3867 pag.
1886 3799 1972 3863 77,
2004 3797 2175 3854 codex
2213 3801 2348 3855 alter
2386 3799 2442 3853 S.
2488 3798 2696 3863 Crucis,
2722 3800 2911 3856 Minor.
2945 3820 2982 3857 ιι
3024 3797 3076 3857 iii
3109 3802 3367 3859 Laurent.

91 3885 207 3940 pag.
235 3867 359 3935 ΕΒ,
386 3870 657 3940 Farfensis
696 3868 1069 3940 B,_At_1giensis
1105 3882 1193 3940 sv,
1223 3867 1582 3940 Martinensis,
1618 3867 1939 3940 Veronensis
1966 3869 2089 3933 457,
2122 3869 2335 3940 duoque
2364 3870 2577 3923 demum
2608 3870 2973 3937 Ambrosiaui;
3006 3874 3211 3940 scilicet
3232 3874 3273 3929 C
3301 3874 3371 3929 93

92 3935 497 4005 vetustissimus,
528 3950 581 3993 et
610 3938 653 3992 Η
686 3938 803 3993 146.
838 3935 934 4008 His
962 3954 1089 3991 mss.
1123 3937 1271 3991 libris
1301 3938 1625 4008 antiquitate
1642 3939 1994 4008 omniumque
2039 3935 2435 4008 existimatione
2474 3940 2895 4008 praeclarissimis
2924 3935 3130 3997 accedii
3160 3943 3374 4001 Alcuiui

94 4011 479 4071 testimonium,
508 4009 600 4077 qui
639 4024 737 4063 suo
785 4010 836 4061 in
867 4007 1182 4062 Homiliario
1226 4014 1536 4061 memorata:
1568 4007 1845 4071 editionis,
1880 4021 1997 4076 pag.
2033 4007 2121 4073 71,
2164 4007 2218 4061 S.
2254 4007 2489 4064 Maximo
2533 4024 2652 4064 eam
2683 4011 2887 4065 tribuit.
2916 4011 2985 4065 Et
3010 4028 3077 4067 ne
3104 4014 3373 4068 editorum

94 4081 303 4148 nomina
333 4093 456 4146 qum
490 4094 653 4145 supra
680 4078 960 4131 retulimus
1002 4078 1195 4148 iterum
1240 4084 1566 4148 repetamus,
1611 4084 1713 4148 _sat_
1742 4078 2021 4148 monuisse
2059 4080 2161 4133 erit
2212 4080 2412 4133 nullum
2452 4080 2672 4148 reperiri
2726 4097 2835 4134 non
2882 4082 3205 4137 concordem
3250 4099 3372 4139 cum

95 4144 496 4218 Gymnico'pag.
534 4144 654 4213 115,
681 4148 823 4217 apud
861 4160 1022 4214 quem
1054 4153 1139 4200 est
1164 4145 1385 4201 humilia
1415 4145 1572 4199 tertia
1594 4145 1661 4199 de
1689 4144 1975 4201 festivitate
2004 4147 2099 4203 SS.
2134 4150 2501 4218 apostolorum
2516 4144 2671 4203 'Petri
2697 4158 2753 4204 et
2781 4148 2951 4205 Pauli.

1774 3051 1954 3106 devoti
1983 3051 2257 3120 sanguinis
2285 3059 2686 3107 consecrarunt.

96 4262 482 4318 Aacunxruu.
507 4260 979 4331 —Comparantur
1016 4260 1239 4331 inuicem;
1274 4260 1407 4331 duo_
1425 4257 1669 4325 apostoli,
1702 4260 1751 4319 ῐ)
1779 4260 2004 4313 rabilem
2054 4259 2233 4323 ﬁdem,
2281 4260 2694 4328 passionemque
2722 4272 3029 4327 germanam
3076 4261 3225 4316 omni
3269 4275 3371 4316 nos

159 4350 291 4425 ξιξαε
318 4334 571 4425 laudatur
614 4349 646 4385 a
685 4326 811 4412 ﬁne,
843 4331 976 4411 alter
998 4346 1043 4425 α.
1074 4329 1335 4425 dectﬁnq.
1356 4326 1557 4425 Ῥεῖν-ἕλε
1586 4344 1675 4425 ηει-

1784 4350 2091 4409 devotione.
2115 4348 2321 4415 fratres,
2355 4364 2574 4403 necesse
2597 4358 2679 4403 est
2699 4350 2989 4411 celebrare,
3018 4353 3146 4420 quia
3175 4357 3230 4406 et
3257 4352 3374 4406 lau-

685 4393 727 4412 .,
800 4393 806 4395 .
857 4401 868 4411 ,
1110 4399 1122 4410 ,
1378 4399 1388 4409 ,
1438 4414 1449 4425 ,
1587 4393 1593 4396 .
1786 4393 2091 4409 “meum.-.
2116 4393 2321 4415 ..ν-ων,
2355 4393 2574 4403 "ww-..
2599 4393 2679 4403 ν..-
2701 4393 2989 4411 πωπω,
3022 4393 3146 4420 qu...
3176 4393 3230 4406 ν.
3258 4393 3345 4406 η...

160 4393 1680 4510 fﬁj’jﬂﬂ‘f‘ﬁ‘ﬁﬁm’ﬁfjfﬁ‘jflﬁff‘ifﬁﬁfgf,ﬁ’fﬁ;,$3332
1787 4439 1980 4493 dabilis
2006 4454 2101 4493 eos
2129 4441 2237 4492 vita
2268 4440 2332 4495 ad
2361 4440 2803 4507 gloriosis‘simum
2826 4442 3373 4510 perduxit’occasum,

161 4467 399 4541 supernis
423 4470 702 4524 luminibus
730 4471 1037 4535 illustratus,
1061 4469 1366 4523 Constitutus
1388 4476 1463 4519 est
1486 4467 1680 4537 magis-
1787 4467 2101 4541 υξιυιιξδηξευδ
2135 4467 2255 4541 me.

1791 4539 1845 4584 et
1873 4531 2125 4585 miriﬁcus
2170 4530 2348 4584 obitus
2391 4540 2705 4599 perpetuam
2752 4533 3048 4587 transmisit
3087 4532 3157 4588 ad
3185 4535 3373 4589 vitam.

163 4550 235 4593 ter
262 4552 313 4594 et
343 4543 526 4595 doctor
554 4541 801 4595 aentium.

163 4559 235 4593 ιεν
262 4559 313 4594 ει
343 4559 526 4595 απιον
552 4559 801 4611 genuum,
1791 4559 1845 4584 Ct
1874 4559 2125 4585 ιιιιιιιιυυο
2170 4559 2348 4584 υυιιυδ
2394 4559 2705 4599 pulpcsudtu
2753 4559 2789 4585 ιι
2802 4559 3048 4587 ειιιδιιιιδιι
3087 4559 3157 4588 au
3188 4559 3373 4589 null".

162 4631 610 4689 Beatissimorum
640 4631 1009 4701 apostolorum
1034 4628 1175 4684 Petri
1206 4638 1260 4684 et
1289 4627 1437 4682 Pauli
1467 4628 1683 4695 inscpa-
1790 4623 1855 4677 Et
1886 4623 2011 4676 licet
2036 4622 2091 4675 in
2122 4621 2282 4675 Petro
2331 4618 2462 4675 ﬁdes
2508 4621 2765 4685 emineat,
2816 4621 2871 4675 in
2917 4619 3086 4678 Paulo
3132 4622 3377 4678 doctrina

1863 4797 1892 4837 ει
1920 4800 2053 4855 Cod.
2083 4799 2475 4859 Camberonen,
2506 4797 2707 4867 omittit
2740 4812 2929 4853 vocem
2974 4798 3379 4867 ﬁrmamentum.

1871 4868 1883 4906 ⁸
1920 4869 2052 4924 Cod.
2086 4871 2204 4924 Vat.
2254 4868 2410 4927 1277,
2442 4869 2587 4927 cuius
2616 4866 2678 4920 ob
2708 4867 2801 4920 hoc
2841 4866 3017 4921 statim
3045 4878 3165 4922 sunt
3202 4868 3381 4921 cmeati

1793 4940 1959 4999 oculi;
1990 4940 2111 4994 cod.
2137 4941 2194 4994 S.
2218 4938 2363 4992 Petri
2388 4937 2455 4990 40
2482 4936 2544 5003 F,
2566 4938 2711 5007 cujus
2736 4937 2797 4992 ob
2822 4937 2918 5007 (ξος
2936 4948 3066 5007 sunt
3094 4955 3125 4991 a
3154 4936 3381 4989 Domino

165 4821 190 4849 ⁸
221 4810 359 4867 Cod.
384 4810 553 4876 Farl.,
580 4826 695 4880 qua:
724 4810 839 4863 licet
866 4808 1093 4864 omnium
1120 4816 1415 4880 sanctorum
1438 4806 1686 4880 martyrio

98 4891 228 4936 certe
255 4882 325 4945 sit
363 4874 704 4943 adornatida;
736 4880 913 4932 Itorum
949 4888 1125 4936 tamen
1170 4878 1385 4931 victoria
1414 4874 1689 4945 gloriosius

98 4943 421 5014 illustratur;
461 4952 666 5021 quando
700 4950 929 5021 quidem.
980 4945 1215 5021 CodLS.
1256 4943 1440 5000 Crucis
1470 4945 1521 4997 in
1552 4943 1685 5021 Jer.,

101 5023 279 5101 Irarum
327 5014 500 5101 tumcf:
529 5014 745 5073 victoria
785 5018 1057 5089 gloriosius
1095 5016 1417 5079 illustratur;
1447 5014 1689 5085 quoniam

101 5090 711 5297 “imdiétf’fm
741 5156 1002 5211 Christum
1020 5152 1217 5220 Iesum,
1249 5152 1348 5207 Dei
1376 5153 1469 5207 vivi
1492 5151 1686 5205 Filium

103 5243 195 5282 con
239 5238 400 5282 ιειιιιν.

103 5238 400 5282 conﬁtetur.

175 5289 210 5335 ι’
227 5297 368 5351 Cod.
403 5294 555 5351 128.
584 5293 773 5350 Crucis
815 5296 869 5350 in
912 5295 1044 5359 Jer.,
1104 5294 1412 5364 promeruit;
1460 5291 1581 5346 cod.
1628 5289 1684 5344 S.

106 5362 247 5421 Petri
276 5366 370 5429 40,
400 5365 463 5429 F,
487 5375 536 5420 et
556 5368 738 5435 poscit,
770 5375 819 5419 et
845 5368 1048 5420 meruit.

176 5436 202 5471 ἀ
407 5436 467 5488 11
496 5430 589 5506 qui
618 5450 800 5506 quira,
845 5444 900 5490 et
923 5436 1043 5490 cod.
1078 5433 1149 5487 12
1173 5432 1229 5489 S.
1262 5432 1447 5488 Crucis
1475 5432 1528 5485 in
1558 5430 1689 5495 Jer.,

108 5502 258 5566 Fuit;
301 5502 612 5569 ﬂaminem,
644 5502 839 5558 Fuerat
861 5514 1014 5558 certe.

176 5574 852 5654 39°9°.Ha"i'!89.v_‘t"‘.‘
862 5582 1042 5654 ante?!
1071 5572 1317 5654 ιῑν.ηένέ9αετ

113 5714 125 5725 .
178 5644 197 5681 τ
217 5644 431 5698 Cod.S.
455 5643 597 5700 Petri
624 5641 765 5710 40F,
788 5651 842 5698 et
861 5642 964 5696 210
992 5643 1055 5708 D,
1088 5641 1345 5698 Vallicell.
1365 5642 1395 5694 7
1419 5642 1483 5707 A,
1510 5641 1694 5709 legunt

107 5730 434 5769 inconcessa.

178 5797 201 5833 κ
230 5784 370 5840 Cod.
400 5783 712 5849 Martinen.,
745 5784 973 5852 elegerit.

1794 5009 1973 5064 cwcati
2002 5010 2155 5072 oculi,
2182 5018 2237 5062 ut
2257 5025 2457 5076 suscep.
2480 5004 2641 5076 grat.,'
2664 5008 2785 5061 cod.
2819 5004 2987 5073 Farf.,
3014 5009 3159 5061 verit.
3192 5007 3383 5059 calcati

1793 5081 1983 5133 lumine
2012 5077 2231 5132 clarior’e
2260 5079 2532 5148 fulgerem.
2562 5079 2723 5148 Atque
2760 5086 2818 5128 ut
2855 5093 3032 5148 omnes
3062 5077 3384 5130 adverterent

1791 5148 2073 5203 Christiani
2122 5146 2353 5202 nominis
2391 5146 2871 5218 princeps'futurus
2900 5146 3190 5207 Christum,
3235 5160 3383 5215 quem

1791 5219 2203 5289 persequebatur,
2232 5226 2341 5289 etc.

1868 5289 1882 5337 ἱ
1922 5283 2052 5343 Cod.
2086 5287 2154 5341 12
2180 5288 2235 5341 S.
2260 5286 2445 5357 Crucis
2471 5285 2660 5357 ianer.
2693 5285 2843 5357 legit,
2869 5301 2984 5357 qua!
3008 5283 3213 5339 beatum
3232 5284 3383 5337 Pau-

1796 5358 1903 5412 lum
1931 5360 2167 5411 universo
2198 5356 2627 5426 orbimirabilem
2654 5355 2875 5426 faciunt.

1871 5428 1893 5465 ιι
1922 5426 2057 5481 Cod.
2089 5428 2181 5482 cit.
2218 5426 2285 5479 12
2310 5425 2367 5480 S.
2391 5424 2579 5480 Crucis
2602 5418 2663 5478 in'
2682 5423 2814 5487 Jer.,
2839 5423 3071 5494 degeret;
3101 5421 3222 5481 eod.
3254 5418 3380 5474 Vat.

1798 5497 1955 5558 1277,
1984 5500 2120 5551 inter
2148 5498 2376 5568 homines
2406 5495 2540 5568 agit.
2579 5561 2621 5568 __
2739 5559 2868 5568 _‘__
3049 5560 3060 5568 _
3122 5559 3135 5568 _
3294 5555 3343 5568 -.

1874 5567 1891 5606 1
1925 5568 2169 5633 Quatuor
2196 5559 2469 5627 Casinenf,
2502 5560 2557 5618 et
2579 5561 2698 5616 Vat.
2733 5559 2891 5625 1277,
2921 5560 3060 5629 quod
3100 5559 3303 5613 doceret
3324 5559 3405 5613 int

1800 5645 1874 5691 ter
1878 5654 1949 5691 rts
1954 5677 1967 5689 .

1871 5718 1908 5744 ιιι
1939 5705 2071 5760 Cod.
2103 5721 2159 5763 Il.
2192 5705 2273 5758 cui
2292 5704 2497 5758 elevatis
2527 5720 2677 5773 super
2704 5699 2854 5773 caelos
2885 5698 3065 5751 oculis.

1871 5785 1896 5813 ¹¹
1926 5776 2069 5832 Idem
2103 5775 2223 5829 cod.
2254 5791 2310 5835 tt,
2341 5783 2388 5827 et
2415 5788 2509 5839 per
2534 5770 2642 5827 Ita'c
2671 5770 2980 5827 incedentes,
3008 5778 3111 5819 etc.
