3910 6238
569 422 673 474 599

1795 423 1853 478 S.
1891 416 2137 475 MAXIMI
2174 416 2314 473 TAU
2322 415 2628 472 RINENSIS
3743 411 3828 462 ³00

570 534 871 604 pnccellat;
901 540 925 569 ³
951 540 1004 586 et
1031 529 1395 598 magisterium
1441 536 1619 583 tamen
1649 529 1800 583 Pauli
1833 531 1952 585 lidei
1982 532 2156 601 pleui-
2190 537 2234 594 Α
2267 529 2403 584 Dens
2458 531 2552 582 scit
2577 568 2592 593 ,
2641 536 2846 598 raptum
2901 528 3212 598 hujusmodi.
3283 525 3352 578 Et
3407 527 3513 578 scio
3557 525 3831 595 Intjuutodi

570 629 702 683 tudo
717 635 820 687 est,
833 632 886 680 ot
901 623 1187 679 credulitas
1202 621 1347 676 Petri
1363 622 1620 676 doctrinm
1635 631 1717 676 est
1731 622 2157 687 fundamentum;

569 734 708 787 quos
736 723 884 770 tanta
911 714 1146 769 caelestis
1173 713 1454 766 electionis
1481 713 1720 780 dignatio
1751 712 1776 750 δ
1803 713 2072 777 visitavit,
2105 723 2163 766 ut

2264 625 2523 678 hominem
2553 623 2656 676 sive
2700 623 2756 674 in
2802 638 3033 691 corpore,
3084 622 3189 673 sire
3234 629 3385 673 extra
3431 633 3611 686 corpus
3650 621 3828 680 nescio,

2266 718 2404 771 Deus
2434 720 2547 784 scit,
2578 719 2822 788 quoniam
2861 726 3037 785 raptas
3064 724 3138 769 est
3180 717 3233 768 in
3264 715 3583 785 paradisum,
3613 724 3663 767 et
3692 717 3824 766 audi-

573 809 660 861 hic
691 806 842 860 lieret
885 805 956 860 de
993 805 1265 872 piscatore
1309 802 1519 868 doctor,
1571 803 1662 857 ille
1703 803 1772 857 de
1817 812 2164 873 persecutore
2263 809 2333 862 rit
2363 825 2559 860 arcana
2590 808 2752 878 226
2787 805 2960 868 verba,
3012 823 3126 877 quc
3153 823 3254 859 non
3303 806 3421 858 licet
3471 805 3661 860 homini
3711 806 3831 872 loqui

570 902 846 954 defensor.
865 898 974 952 Sed
1001 897 1056 950 in
1077 897 1184 950 hoc
1202 895 1590 964 omnipotentis
1607 894 1704 949 Dei
1729 895 2021 949 attollenda
2050 911 2165 948 ma-

571 991 741 1059 jestas
768 997 879 1053 est,
918 988 1011 1056 qui
1060 987 1410 1056 inspiratione
1454 986 1682 1039 mirabili
1729 986 1888 1056 325
1936 985 2164 1039 docendi

575 1081 803 1147 gratiam
848 1079 1034 1132 tribuit
1082 1077 1362 1146 imperito,
1405 1077 1780 1154 etDinimicum
1829 1076 1955 1130 fecit
1983 1091 2167 1130 amare

577 1174 720 1244 quod
751 1173 962 1237 oderat,
1002 1180 1058 1226 et
1085 1171 1264 1235 tidem,
1291 1185 1452 1239 quam
1481 1170 1859 1238 impugnabat,
1899 1184 2163 1222 asserere.

578 1265 722 1318 Illius
748 1262 1100 1333 piscationem
1147 1276 1255 1314 non
1286 1259 1531 1323 abstulit,
1564 1259 1661 1316 sed
1703 1267 1958 1322 mutavit;
2009 1259 2168 1326 hujus

576 1354 798 1408 easeavit
822 1354 1010 1407 oculos
1035 1361 1110 1414 ut,
1147 1351 1460 1420 purgatiore
1487 1358 1708 1418 recepto
1733 1349 1956 1413 lumine,
1977 1350 2165 1402 claris-

577 1445 727 1497 sima:
771 1443 968 1496 mentis
1013 1441 1129 1494 acie
1177 1440 1317 1492 ultra
1365 1440 1656 1492 humanum
1703 1438 1886 1492 videre
1930 1450 1952 1477 ε
2001 1440 2170 1508 possit

579 1539 877 1601 aspectum.
919 1527 946 1567 ἀ
993 1527 1266 1595 Quantum
1312 1529 1474 1596 igitur
1517 1528 1695 1581 meriti
1741 1527 1886 1595 apud
1933 1538 1957 1566 ο
2000 1527 2169 1582 Deum

577 1638 734 1677 suum
763 1621 955 1676 Petrus
983 1629 1133 1686 erat,
1175 1630 1232 1673 ut
1263 1625 1313 1674 el
1341 1628 1464 1687 post
1503 1619 1764 1672 navicula:
1800 1633 1982 1687 parvze
2007 1617 2175 1672 remi-

2269 901 2285 967 (
2304 897 2365 951 11
2392 896 2512 952 Cor.
2549 900 2662 966 xu).
2696 897 2835 962 Quid
2865 898 2968 950 hoc
2995 896 3255 966 Apostolo
3288 893 3727 963 magniﬁcentius,
3763 895 3835 947 cui

2268 991 2321 1045 in
2350 990 2528 1043 medio
2557 990 2864 1043 mortalium
2895 990 3219 1050 constituto,
3269 996 3324 1040 et
3368 1001 3530 1056 supra
3573 985 3737 1041 ctrlos
3773 985 3839 1040 ire

2267 1079 2473 1139 datum,
2524 1087 2580 1131 et
2625 1079 2689 1131 ad
2741 1087 2912 1131 terras
2956 1078 3132 1131 redire
3159 1092 3474 1131 concessum
3522 1077 3636 1130 est?
3667 1074 3690 1111 ¹ι
3719 1075 3842 1138 Quid

2268 1168 2373 1222 hoc
2400 1169 2612 1220 beatius
2634 1168 2770 1232 viro,
2791 1168 2881 1234 qui
2912 1167 3051 1219 inter
3071 1175 3276 1219 secreta
3303 1166 3534 1234 paradisi
3569 1163 3586 1202 ι
3617 1163 3843 1223 ediscere

2269 1259 2465 1311 meruit
2505 1257 2650 1325 quod
2698 1273 2797 1311 nec
2834 1257 3009 1324 lingua
3058 1256 3288 1310 hominis
3343 1256 3487 1322 loqui
3528 1255 3731 1324 possit,
3762 1270 3845 1306 nec

2269 1348 2553 1414 quisquam
2604 1355 2901 1400 mereretur
2941 1346 3163 1400 auJire?
3197 1355 3234 1380 ιιι
3273 1344 3339 1396 Ει
3385 1360 3506 1399 cum
3555 1352 3717 1398 tanta:
3754 1344 3843 1396 sint

2268 1439 2611 1492 sublimitatis
2655 1439 2742 1492 illa
2783 1453 2902 1506 quia:
2932 1439 3144 1503 docuit,
3185 1446 3241 1491 ut
3280 1438 3738 1506 comprehendere
3789 1452 3843 1489 ea

2272 1545 2424 1582 mens
2456 1531 2685 1581 humana
2718 1545 2824 1582 non
2855 1532 3052 1597 possit;
3077 1539 3292 1596 quantm
3322 1529 3447 1582 illud
3471 1536 3721 1596 putamus
3740 1542 3848 1580 esse

2268 1617 2454 1686 glorias
2481 1617 2626 1687 quod
2671 1619 2900 1686 prodere
2941 1619 3041 1673 sibi
3081 1620 3273 1672 asserit
3324 1634 3432 1673 non
3483 1620 3678 1674 licere?
3721 1617 3846 1683 Quid

578 1708 723 1781 giuin
753 1711 918 1764 totius
945 1708 1194 1763 Ecclesiae
1222 1708 1582 1778 gubernacula
1604 1708 1982 1762 traderentur?
2016 1707 2034 1744 ί
2064 1708 2173 1762 Aut
2273 1709 2435 1761 etiam
2465 1709 2534 1761 de
2561 1706 2720 1762 Petro
2741 1708 2989 1770 referam,
3019 1709 3174 1778 cujus
3195 1717 3342 1762 tanta
3365 1725 3396 1762 a
3422 1709 3535 1764 Deo
3563 1718 3644 1764 est
3670 1723 3849 1777 appro-

577 1808 844 1869 quantum
875 1799 928 1863 in
959 1798 1295 1868 apostolatus
1331 1797 1418 1852 sui
1457 1797 1756 1853 ministerio
1782 1798 2169 1867 complacuissc
2271 1800 2398 1852 bata
2421 1798 2649 1867 justitia,
2683 1808 2707 1834 ιι
2754 1807 3013 1867 tantaque
3059 1801 3108 1854 ei
3155 1809 3399 1870 potestas
3427 1801 3686 1855 attributa
3723 1800 3849 1868 judi-

577 1892 793 1946 Christo
817 1890 1086 1944 credimus
1113 1889 1360 1955 Paulum,
1398 1889 1483 1943 cui
1517 1897 1722 1943 tantum
1755 1888 1968 1957 placere
1995 1891 2170 1958 potuit
2202 1901 2244 1959 Β
2273 1891 2451 1951 candi,
2478 1899 2535 1943 ut
2553 1891 2607 1943 in
2631 1891 2853 1945 arbitrio
2873 1890 2991 1959 ejus
3011 1901 3305 1961 poneretur
3331 1893 3553 1948 caeleste
3570 1892 3852 1962 judicium?

579 1983 930 2053 persecutor?
975 1979 1184 2036 Placuit
1212 1982 1353 2035 enim
1373 2019 1388 2043 ,
1432 1982 1558 2050 quia
1606 1996 1713 2034 non
1745 1981 1908 2048 iniqui
1939 1983 2175 2050 pectoris
2275 1981 2568 2051 Perspicite
2595 1997 2744 2051 ergo,
2777 1991 2833 2038 et
2873 1984 3136 2040 aestimate
3163 1993 3365 2054 quanto
3396 1986 3551 2040 nobis
3577 1987 3646 2039 sit
3675 1983 3851 2039 Petrus

578 2074 778 2138 studio,
823 2071 919 2126 sed
961 2071 1219 2140 simplicis
1263 2072 1578 2139 ignorantia:
1625 2071 1840 2130 incauta
1884 2072 2172 2128 devotione
2273 2077 2552 2145 apostolus
2599 2078 2807 2132 honore
2854 2079 3215 2144 reverendus,
3267 2080 3420 2148 cujus
3467 2079 3784 2133 sententiam
3811 2077 3854 2130 in

577 2164 838 2218 certabat.
872 2160 1137 2230 Denique,
1166 2170 1226 2215 ut
1257 2161 1489 2231 primum
1518 2161 1765 2216 sensibus
1791 2161 1909 2231 ejus
1941 2163 2172 2232 Spiritus
2278 2169 2442 2223 terris
2473 2170 2738 2238 prolatam
2777 2171 3088 2240 sempiterni
3113 2171 3310 2240 judicis
3337 2172 3563 2239 :equitas
3593 2185 3698 2224 non
3727 2178 3751 2204 ο
3778 2183 3852 2221 rc-

577 2258 822 2314 veritatis
844 2255 1051 2311 infusus
1072 2265 1176 2322 est,
1200 2254 1435 2310 ostendit
1459 2255 1736 2317 continuo,
1759 2271 1867 2310 non
1888 2271 1946 2311 se
1970 2256 2169 2312 Christi
2278 2263 2450 2332 pellit.
2478 2261 2548 2315 Et
2576 2263 2697 2316 ideo
2719 2263 3004 2331 dil'genter
3033 2263 3293 2316 intendite
3329 2278 3450 2331 qua:
3477 2262 3548 2316 sit
3570 2261 3687 2330 ejus
3710 2271 3737 2314 ι
3756 2259 3848 2327 glo-

578 2351 795 2405 szevisse
823 2350 978 2416 odio,
1020 2348 1115 2404 sed
1157 2363 1342 2402 amore
1369 2355 1609 2417 paternm
1638 2349 1767 2416 legis
1799 2358 1824 2394 8
1855 2349 2172 2404 innocenter
2275 2351 2372 2406 rite
2398 2351 2735 2420 magnitudo,
2767 2352 2853 2407 cui
2884 2352 3009 2406 dum
3037 2352 3217 2406 claves
3239 2365 3260 2398 η
3284 2352 3434 2419 regni
3463 2351 3851 2406 committuntur

576 2456 809 2498 errasse.
868 2440 946 2496 De
971 2457 1081 2511 quo
1123 2440 1253 2509 quid
1283 2453 1413 2509 ergo
1441 2440 1776 2508 potissimum
1806 2440 2017 2495 dicam?
2047 2456 2169 2494 cum

581 2533 920 2586 falelissimus
948 2531 1064 2600 ipse
1103 2530 1205 2585 sibi
1251 2530 1323 2584 sit
1365 2530 1554 2584 testis:
1588 2527 1615 2566 ιι
1644 2531 1736 2598 qui
1764 2545 1884 2584 cum
1916 2545 2017 2585 nec
2044 2546 2169 2584 suas

579 2626 710 2680 velit
732 2625 941 2692 jactare
968 2623 1153 2679 laudes
1172 2666 1188 2689 ,
1229 2622 1243 2659 ί
1279 2630 1336 2676 et
1361 2621 1558 2676 Christi
1600 2631 1822 2692 cuperet
1851 2623 2170 2675 annuntiare

579 2716 952 2785 majestatem,
1006 2712 1358 2768 verecundius
1403 2712 1547 2781 quod
1614 2713 1668 2765 in
1715 2727 1775 2766 se
1828 2721 2038 2781 gestum
2093 2720 2175 2764 est

579 2804 885 2860 conﬁtetur.
920 2802 989 2858 Ut
1019 2803 1162 2857 enim
1201 2802 1350 2856 velut
1375 2801 1442 2855 de
1471 2802 1643 2856 altero
1676 2802 1906 2872 quodam
1934 2819 1947 2853 :
1984 2804 1998 2851 l
2051 2799 2174 2854 Scio

580 2896 879 2959 hominem,
938 2894 1145 2964 inquit,
1191 2895 1248 2947 in
1290 2892 1494 2948 Christo
1548 2903 1668 2946 ante
1715 2909 1880 2946 annos
1926 2902 2173 2962 quatuor-

579 2988 774 3054 deciat,
815 2986 922 3042 sive
965 2987 1023 3041 in
1077 3000 1320 3055 corpore,
1376 2985 1482 3037 sive
1527 2998 1675 3037 extra
1733 3000 1918 3053 corpus
1971 2986 2174 3046 nescio,

2281 2443 2505 2504 teterni,
2542 2453 2561 2480 τ
2594 2443 2790 2498 uelum
2832 2443 2907 2497 illi
2947 2443 3198 2498 claudere
3225 2453 3279 2496 et
3307 2443 3518 2512 aperire
3554 2442 3851 2512 permissum

2275 2540 2376 2586 est.
2402 2531 2607 2586 Horum
2650 2533 2853 2602 itaque,
2895 2534 3189 2597 carissimi,
3226 2549 3322 2602 per
3360 2534 3669 2587 universum
3713 2549 3848 2586 mun-

2281 2623 2409 2676 dum
2456 2623 2764 2676 veneranda
2820 2622 2980 2677 hodie
3035 2623 3216 2692 passio
3269 2622 3576 2677 celebratur
3617 2641 3630 2676 :
3678 2622 3851 2676 borum

2283 2713 2444 2766 hodie
2492 2727 2759 2766 concursu
2810 2722 2830 2747 '
2883 2713 3160 2767 laetissimo
3207 2712 3406 2767 excolit
3454 2711 3626 2766 Roma
3673 2720 3850 2778 many.

2282 2804 2448 2870 rium;
2496 2813 2553 2858 et
2593 2819 2823 2873 quorum
2853 2805 3051 2859 dudum
3082 2806 3244 2874 impia
3276 2805 3295 2840 ‘
3331 2813 3612 2874 persecuta
3640 2813 3722 2859 est
3746 2817 3849 2858 san-

2281 2896 2496 2963 guinem
2523 2935 2540 2961 ,
2591 2911 2780 2951 eorum
2826 2912 2967 2952 nunc
3023 2895 3278 2966 peculiari
3327 2895 3523 2952 devota
3569 2894 3849 2965 pati-aciein

2286 2988 2547 3055 gloriatur
2575 2997 2628 3043 ιι.

1906 3075 2247 3136 HOMILIA
2299 3077 2526 3137 LXXI.

1429 3173 1509 3228 De
1530 3175 1707 3228 eodem
1739 3176 1902 3228 natali
1931 3173 2036 3228 SS.
2069 3178 2418 3240 apostolorum
2451 3175 2598 3229 Petri
2627 3185 2675 3230 et
2707 3175 2862 3229 Pauli
2893 3174 2994 3229 IV.

2029 3262 2416 3317 ADMONITIO.

655 3360 725 3414 Ut
749 3359 926 3414 omnis
951 3357 1337 3428 suppositionis
1359 3366 1543 3411 notam
1575 3357 1642 3410 ab
1665 3356 1768 3410 hac
1798 3355 2010 3410 Maximi
2041 3355 2261 3428 humilia
2301 3370 2672 3428 amoveamus,
2701 3355 2846 3428 quod
2876 3355 3246 3428 discrepantes
3286 3357 3429 3428 inter
3444 3370 3512 3428 se
3535 3355 3750 3410 codices
3778 3357 3846 3408 in-

581 3433 884 3493 veniantur,
916 3425 1096 3498 opera:
1123 3429 1357 3496 pretium
1387 3428 1490 3481 erit
1510 3443 1605 3480 eos
1631 3434 2012 3498 recensere,»et
2051 3426 2177 3494 quid
2208 3426 2272 3478 de
2313 3427 2415 3498 illis
2444 3426 2731 3498 peritiores
2778 3427 2836 3498 in
2861 3434 2975 3478 arte
3005 3425 3520 3498 criticmjudicariut
3550 3440 3842 3498 agnoscere:

582 3501 701 3556 Non
732 3494 1159 3564 eosdem—pigeat
1185 3512 1613 3551 commemorare
1643 3511 1882 3564 persmpe
1907 3496 2095 3548 allatos
2143 3510 2269 3547 mss.
2301 3495 2531 3557 codices,
2565 3496 2769 3550 scilicet
2795 3495 3185 3564 Veronensemi
3205 3494 3327 3556 451,
3362 3495 3682 3564 Vaticanum
3729 3494 3844 3564 ηπ

581 3585 703 3641 pag.
741 3568 829 3641 7_7,
871 3563 1286 3641 Ambrosiaan
1312 3565 1529 3641 illius.
1555 3566 1740 3620 Crucis
1772 3567 1823 3618 iu
1847 3563 2140 3641 Jerusalem
2168 3581 2242 3641 xu
2273 3578 2393 3632 pag.
2425 3565 2511 3626 60,
2539 3565 2859 3641 [fugitansem
2891 3580 2982 3641 xv,
3010 3581 3044 3618 ιι
3073 3564 3129 3618 S.
3157 3563 3344 3641 Crucis
3374 3563 3567 3641 Minor.
3597 3581 3720 3635 pag.
3730 3563 3843 3641 1‘29.

582 3633 724 3694 nunc
756 3638 1196 3700 Laurentianum,
1230 3635 1636 3689 Vallicellanum
1667 3652 1733 3688 xv
1767 3648 1886 3702 pag.
1941 3634 2025 3698 72,
2059 3634 2505 3701 Ratisponcnsem
2543 3634 2600 3687 S.
2652 3633 2975 3689 Emmerami
3005 3649 3124 3702 pag.
3157 3633 3242 3695 55,
3293 3633 3697 3696 Martiuensem,
3730 3634 3840 3688 Far-

581 3713 787 3764 l'enscui
813 3708 873 3775 Β,
904 3709 1252 3761 Casinensem
1279 3723 1367 3759 cxi
1397 3721 1521 3774 pag.
1565 3706 1635 3760 8'5
1662 3721 1691 3758 a
1723 3715 1897 3770 tergo.
1936 3703 1999 3756 Hi
2030 3719 2215 3757 omnes
2244 3705 2293 3754 in
2323 3704 2461 3775 serie
2491 3704 2828 3775 liomiliarum
2868 3704 2936 3758 de
2963 3702 3058 3758 SS.
3095 3704 3364 3772 Apostolis
3391 3702 3554 3759 Petro
3583 3713 3641 3758 et
3680 3704 3841 3763 Paulo,

621 3794 715 3832 uas
739 3773 1083 3832 concorditer
1108 3775 1164 3829 S.
1194 3773 1427 3830 Maximo
1457 3777 1754 3839 ascribunt,
1787 3775 1921 3827 hanc
1963 3776 2122 3827 etiam
2163 3773 2609 3842 coniiplectuiitur.
2659 3773 2907 3842 Quinque
2955 3784 3132 3828 autem
3176 3783 3301 3826 sunt
3343 3775 3563 3828 codices
3609 3775 3670 3830 S.
3705 3775 3842 3828 Leoni

621 3795 715 3832 uas
739 3795 1083 3832 concorditer
1109 3795 1164 3829 δ.
1194 3795 1427 3830 maXImO
1457 3795 1754 3839 ascrmunl,
1787 3795 1921 3827 nam:
1963 3795 2122 3827 euam
2163 3795 2609 3840 cumpucuuutur.
2659 3795 2907 3842 “umque
2955 3795 3132 3828 amem
3176 3795 3301 3826 sunt
3343 3795 3563 3828 coutccs
3610 3795 3670 3830 δ.
3705 3795 3842 3828 beam

579 3795 773 3915 giagno
804 3847 1079 3900 homiliam
1110 3855 1450 3915 asserentes;
1491 3847 1698 3900 scilicet
1729 3845 2118 3915 Laurentianus
2141 3841 2395 3915 59,_Plut.
2430 3858 2517 3895 xlv
2540 3857 2660 3915 pag.
2699 3843 2824 3915 155,
2857 3842 3166 3915 basilica}_S.
3201 3842 3493 3915 Petriduo,
3524 3844 3592 3897 40
3621 3844 3665 3898 F
3690 3843 3844 3898 ειειο

631 3960 644 3980 ,
675 3911 783 3970 duo
812 3919 940 3969 item
970 3916 1312 3978 Casinenses,
1347 3914 1452 3966 H5
1479 3931 1598 3984 pag.
1635 3915 1754 3977 161,
1786 3923 1841 3966 et
1872 3914 1972 3963 104
2001 3928 2122 3981 pag.
2156 3913 2177 3962 1

2312 3911 2461 3964 Alter
2488 3914 2661 3966 codex
2688 3914 2998 3968 Casinensis
3023 3913 3126 3984 126
3151 3927 3272 3982 pag.
3307 3913 3427 3966 148.
3461 3914 3730 3969 Veuerah.
3761 3915 3841 3966 Be-

581 3989 662 4041 dze
694 4003 887 4039 nomen
919 3985 1105 4039 refert.
1133 3984 1192 4038 In
1213 3985 1399 4039 codice
1428 3982 1608 4038 autem
1639 3985 2006 4038 Ottoboniano
2038 3984 2137 4034 ltiti
2168 3982 2295 4034 nulli
2327 3984 2531 4034 auctori
2559 3984 2776 4036 homilia
2804 3986 3072 4037 tribuitur.
3097 3983 3460 4048 Quatstiouem
3491 4000 3598 4037 non
3631 3993 3737 4038 tam
3765 3986 3842 4034 ab-

581 4059 813 4111 solutam
845 4065 1094 4124 putamus
1124 4070 1154 4108 a
1182 4054 1372 4122 majori
1400 4055 1648 4110 codicum
1691 4054 2074 4107 allirmantium
2108 4067 2346 4124 numero,
2381 4053 2473 4104 sed
2499 4062 2554 4104 et
2597 4068 2626 4104 a
2649 4053 2988 4124 iBalleriniis,
3010 4055 3101 4122 qui
3127 4055 3179 4105 in
3211 4052 3525 4121 przefatione
3555 4055 3620 4107 ad
3653 4067 3839 4108 sertuo-

583 4141 679 4180 nes
706 4127 762 4180 S.
797 4122 992 4179 Leuius
1020 4141 1050 4178 a
1081 4124 1138 4180 S.
1171 4125 1406 4179 Maximo
1434 4127 1784 4195 repetendam
1812 4126 2129 4178 docuerunt.
2157 4122 2248 4174 llis
2273 4131 2572 4173 consonant
2598 4123 2834 4177 editores
2863 4139 3051 4176 omnes
3079 4138 3240 4192 supra
3271 4127 3578 4177 memorati.

584 4219 738 4288 227
769 4217 1161 4270 Ancuuenruu.
1186 4249 1256 4258 —-
1277 4216 1510 4270 Christus
1534 4216 1750 4270 Petrum
1768 4218 2116 4288 piscatorem,
2132 4223 2178 4265 et
2208 4219 2250 4275 (ζ
2285 4228 2401 4265 rum
2430 4212 2590 4268 hodie
2621 4216 2854 4269 natalem
2898 4216 3212 4270 solemniter
3257 4216 3614 4280 celebramus,
3669 4216 3846 4272 cunctis

681 4287 880 4358 ’aulum
904 4296 1288 4358 persecutorem
1305 4289 1372 4339 ad
1403 4289 1726 4358 [nudandam
1756 4287 2041 4339 Ecclesium
2071 4287 2172 4358 ele-

653 4358 744 4425 git.
770 4357 1045 4425 Utriusque
1065 4356 1387 4411 admirabilis
1403 4356 1476 4410 est
1496 4360 1696 4420 electio,
1719 4359 2043 4425 divinumque
2070 4356 2172 4406 eri-

657 4429 838 4495 gendw
889 4425 1136 4497 Ecclesia:
1185 4444 1309 4494 opus
1364 4430 1626 4491 ostendit;
1677 4428 1810 4497 quod
1855 4426 2040 4478 Petrus
2103 4429 2171 4477 ad

657 4494 996 4564 acquirendas
1020 4494 1126 4549 Deo
1143 4497 1398 4564 homines,
1425 4497 1621 4551 Paulus
1649 4494 1819 4550 autem
1846 4498 1913 4548 ad
1941 4514 2024 4548 eos
2046 4499 2165 4548 doc-

659 4567 1186 4638 trinailluminaudos
1216 4570 1465 4638 assumpti
1501 4571 1644 4632 sint;
1686 4567 2037 4620 Ecclesiamm
2076 4585 2168 4637 ap-

657 4637 833 4704 pellati
861 4638 1131 4691 σοικσηηε.

660 4745 1100 4801 Beatissimorum
1142 4748 1508 4817 apostolorum
1547 4751 1744 4818 passio,
1778 4749 1991 4817 fratres,
2033 4769 2171 4820 qut)-

660 4866 683 4933 _‘
700 4853 963 4933 Q‘od:Vat.
979 4854 1083 4933 5§9
1099 4865 1154 4933 et
1167 4855 1429 4933 S.Pet.__4tl
1445 4857 1483 4909 F
1497 4860 1751 4933 omittunt
1767 4862 2082 4933 particulam
2100 4876 2166 4919 et.

661 4924 686 4960 δ
716 4923 850 4977 Cod.
874 4934 983 4987 tres
1007 4924 1210 4990 Casin.,
1242 4927 1548 4982 sublimauit.

663 5005 683 5029 ε
714 4994 883 5047 Codd.
936 5010 973 5048 ιι
1019 4994 1075 5048 S.
1122 4993 1309 5051 Crucis
1356 4997 1571 5064 Minon,
1603 5007 1658 5054 et
1704 4998 1772 5052 l2
1812 4999 1871 5055 S.
1903 5001 2091 5063 Crucis
2120 5009 2171 5061 in

586 5064 724 5123 Jcr.,
755 5073 944 5123 posset.

659 5082 699 5115 r.
905 5082 944 5117 ι.

659 5132 684 5216 εξ
1032 5137 1154 5216 31‘s.
1185 5135 1614 5216 Crucis_|linor.,
1639 5138 1840 5216 Quanti
1858 5144 2033 5216 igitur,
2065 5159 2171 5202 etc.

666 5215 689 5239 ⁸
719 5204 889 5277 codd:
911 5205 1005 5270 ’17,
1038 5206 1174 5261 PluL
1221 5224 1327 5269 xiv,
1379 5205 1658 5270 La.treut.,
1709 5204 1947 5277 Parieti,
2009 5204 2174 5272 Vero-

591 5273 828 5349 Iict_i.,_Si.
858 5272 1065 5349 ᾔει-40
1096 5277 1154 5349 F_,
1311 5277 1373 5349 D,
1394 5277 1516 5334 Vat.
1545 5279 1853 5349 {277,apud
1877 5272 2171 5342 Dominum.

670 5343 685 5378 ί
978 5344 1091 5403 Pet.
1115 5345 1217 5402 210
1248 5348 1310 5413 D,
1343 5347 1695 5416 Alqutmttmt.

665 5422 686 5489 ξ
887 5415 1009 5489 Vat.
1038 5417 1191 5489 L217,
1220 5418 1369 5489 quasi
1398 5413 1714 5473 innocenter.

667 5479 866 5557 LCod.‘
885 5482 1014 5552 Reg.
1044 5485 1160 5550 5'39,
1179 5479 1336 5542 'véllet
1356 5489 1577 5557 jactare,
1608 5500 1714 5544 etc.
1738 5492 1871 5547 Cod.
1899 5511 2026 5549 vero
2053 5496 2170 5549 Vat.

594 5549 760 5625 1277,
784 5555 869 5623 qui
889 5549 988 5625 nec
1001 5572 1120 5612 suas
1148 5549 1282 5624 uelit,
1312 5549 1446 5622 etc,
1478 5560 1548 5612 ita
1565 5549 1632 5612 vet
1653 5563 1807 5616 codd.
1839 5575 1944 5618 tres
1971 5564 2151 5619 Casiu.

607 5694 618 5704 .
723 5622 855 5677 Cod.
889 5623 1009 5680 Vat.
1036 5625 1190 5691 1269,
1219 5622 1477 5683 etChristi
1519 5636 1827 5686 annuntiare
1861 5637 2031 5703 cupiat
2060 5655 2173 5688 ma—

589 5703 848 5764 jestatem.

670 5777 682 5850 ξ
982 5769 1070 5850 qui
1103 5769 1414 5850 Slnlj).-,‘Q’ttt'd'
1440 5771 1605 5850 l’aulo
1637 5775 1887 5850 apostolo,
1922 5785 2024 5850 etc.

669 5836 688 5870 δ
723 5834 857 5887 (loti.
891 5837 942 5889 S.
985 5837 1091 5890 Ιίξι,
1138 5834 1196 5892 it)
1230 5840 1283 5906 l",
1314 5841 1449 5903 Quid
1481 5852 1648 5892 autem
1671 5834 1782 5894 'hoc
1818 5845 2025 5904 beatius,
2061 5859 2165 5901 etc.

2280 4313 2363 4355 est
2380 4305 2692 4358 honoranda
2716 4306 3076 4369 credentibus,
3097 4324 3232 4376 quos
3255 4323 3351 4376 pro
3373 4308 3596 4374 justitia:
3627 4310 3844 4379 pietatis-

2279 4408 2383 4460 que
2416 4395 2746 4461 plenitudine
2797 4395 3045 4450 Salvator
3101 4397 3281 4450 mundi
3311 4397 3547 4452 humano
3587 4399 3766 4466 generi
3802 4406 3846 4448 ct

2279 4494 2456 4553 patres
2468 4501 2589 4540 esse
2609 4486 2756 4542 dedit
2770 4495 2822 4540 et
2830 4487 3058 4555 judices.
3078 4486 3302 4552 Quanta:
3328 4496 3505 4542 autem
3530 4488 3842 4558 integritatis,

2277 4585 2560 4643 quantmvc
2587 4578 2803 4645 pietatis
2841 4579 3040 4632 fuerint
3071 4580 3194 4634 hinc
3223 4581 3306 4632 vel
3351 4582 3584 4634 maxime
3599 4581 3847 4651 perviden-

2279 4670 2399 4721 dum
2425 4679 2527 4737 est,
2553 4671 2697 4739 quod
2721 4672 2808 4725 ille
2829 4687 2923 4725 eos
2952 4671 3020 4724 ad
3044 4673 3476 4726 emendationem
3505 4675 3742 4744 corrupti
3764 4689 3843 4726 sm-

2273 4763 2374 4814 culi
2386 4805 2400 4829 ,
2423 4773 2477 4816 et
2493 4765 2845 4818 ministerium
2859 4780 2965 4818 su.e
2981 4765 3273 4818 voluntatis
3288 4765 3470 4832 elegit,
3483 4782 3644 4834 quem
3662 4783 3758 4820 non
3772 4763 3844 4816 ial-

2359 4870 2518 4907 ll‘nrl
2577 4873 2835 4907 ΙΙιη-ιὲ-ηιη
2914 4874 2966 4907 Αἱ

2359 4871 2371 4907 ¹
2406 4871 2541 4926 Cod.
2574 4873 2883 4940 Martinen.,
2912 4874 3130 4928 discere.

2352 4951 2389 4976 ’τι
2419 4942 2552 5013 Cod.
2578 4943 2861 4999 Martinen.
2895 4946 3056 4998 habet
3085 4944 3152 4997 Et
3184 4947 3230 4998 si
3253 4953 3414 4999 tanta:
3437 4948 3564 5013 sint,
3597 4957 3704 5004 etc.

2351 5020 2375 5046 υ
2406 5012 2537 5066 Cod.
2591 5013 2884 5078 Veronen.,
2933 5024 3224 5086 quantaque
3266 5018 3312 5068 ei
3356 5012 3587 5086 potestas
3627 5017 3844 5072 attributa

2351 5092 2356 5131 ε
2382 5085 2667 5133 iudicandi.
2699 5082 2869 5133 Codd.
2904 5101 3034 5133 vero
3076 5084 3199 5133 Vat-
3233 5084 3365 5133 Rea-
3395 5084 3515 5133 559-
3549 5087 3606 5133 Β-
3634 5087 3766 5133 Petri
3791 5083 3842 5133 l0

2281 5092 2356 5164 est
2370 5085 2667 5163 judicandi.
2699 5082 2869 5165 Codd.
2904 5082 3034 5147 vero
3076 5082 3199 5138 Vat.
3233 5082 3366 5152 Reg;
3395 5084 3516 5166 5.59,
3549 5087 3606 5140 S.
3634 5085 3814 5141 Pctnl

2282 5150 2310 5203 Ι·
2329 5191 2341 5213 ,
2373 5162 2438 5225 et
2458 5153 2876 5225 Casm.,_cutqae
2899 5164 3044 5225 tanta
3063 5163 3291 5225 potestas
3313 5155 3562 5211 attributa
3583 5169 3680 5220 est,
3703 5166 3794 5211 ειν.

2353 5233 2377 5257 ο
2410 5224 2542 5294 Cod.
2576 5223 2632 5277 S.
2668 5223 2885 5279 Ρειζιο
2913 5223 2973 5291 F,
2996 5240 3100 5278 non
3130 5224 3364 5294 repellat.

2354 5305 2376 5341 Ρ
2409 5292 2542 5365 Qud.
2577 5294 2716 5365 _V_.Ill.
2745 5294 2775 5346 7
2805 5295 3006 5349 omittit
3031 5292 3218 5349 vocem
3247 5294 3451 5365 glorier.

2354 5375 2378 5410 ει
2409 5363 2543 5433 Cod.
2576 5363 2804 5430 Veron.,
2832 5364 2977 5433 regni
3007 5363 3268 5418 calorum.

2355 5444 2372 5468 τ
2405 5432 2542 5486 Cod.
2583 5433 2712 5500 Reg.
2747 5435 2868 5488 Vat.
2893 5432 3026 5498 7559,
3057 5435 3214 5488 etiam
3242 5432 3426 5487 caelum
3453 5435 3556 5498 illi,
3587 5446 3692 5491 etc.

2356 5513 2374 5538 ⁸
2409 5501 2578 5556 Codd.
2611 5503 2813 5557 Veron.
2845 5513 2900 5558 et
2928 5512 3039 5559 tres
3060 5503 3265 5559 Casin..
3296 5505 3588 5558 laetissima.

2358 5577 2366 5604 ι
2405 5543 2710 5628 ῡέἷιῖρὸιῖῖ
2725 5543 3658 5645 ἶὶζἐἷ’ςῖὶοέἶι“ἇζὲἐιὶι’ἓῖι’ᾗὲἔ’ξὲηε
3696 5588 3834 5644 perse-

2278 5652 2394 5692 cuta
2408 5652 2505 5703 est,
2536 5651 2643 5697 etc.

2348 5721 2375 5746 ἰ
2407 5712 2539 5763 Cod.
2571 5712 2692 5766 Val.
2726 5712 2860 5780 Reg.
2900 5711 3002 5766 559
3030 5713 3174 5767 addit
3210 5731 3258 5766 at
3280 5715 3501 5767 .ciliante
3531 5713 3746 5769 Domino
3770 5726 3836 5761 tw-

2275 5791 2382 5833 stro
2410 5781 2534 5900 Issa
2565 5782 2793 5848 Christo,
2826 5783 2912 5852 qui
2943 5784 3060 5836 t-it'it
3081 5794 3128 5838 et
3153 5786 3401 5854 regnatin
3423 5787 3621 5841 secula
3650 5791 3831 5840 saculo-

2278 5869 2406 5900 ῖιιηι.
2496 5868 2627 5900 ηιρη.

2278 5869 2406 5901 ῖιιηι.
2451 5868 2627 5901 amen.
