3910 6238
530 426 632 481 607

1730 421 1784 476 S.
1829 419 2073 475 MAXIM]
2113 417 2567 474 TAURINENSIS

3713 419 3818 475 ωε

525 536 864 592 homiliarum
887 534 955 590 de
982 533 1081 591 SS.
1108 533 1366 604 apostolis
1391 531 1551 604 Petro
1571 539 1625 585 et
1649 529 1837 604 Paulo,
1869 547 2099 604 quorum
2128 531 2387 604 praeclara
2410 530 2602 604 merita
2615 529 2850 604 _stric_t_i_m
2871 529 3264 604 complectitur,
3291 543 3413 604 esse
3439 528 3709 604 videatur.
3735 528 3813 582 Es

524 607 682 676 titulo
709 607 802 676 qui
828 613 909 660 est
937 605 993 658 in
1019 600 1205 676 codice
1234 603 1358 676 :_De
1381 603 1441 656 S.
1473 601 1631 676 Petro
1660 600 1962 676 homilial,
1991 601 2234 676 arguitur
2254 602 2387 676 alias
2408 601 2589 676 plures
2615 600 2864 676 humilias
2892 600 2945 652 in

3033 614 3258 652 onorem
3305 597 3406 652 SS.
3435 599 3811 667 apostplorum

522 676 583 732 S.
606 665 894 729 Maximum
913 674 1233 731 confecisse.
1266 672 1373 728 Nos
1401 672 1648 726 eamdem
1674 686 1737 726 ac
1762 665 1984 740 reliquis
2011 665 2138 726 huic
2168 665 2834 740 homiliaz’inscriptionem
2864 669 3233 739 apposuimus,
3265 683 3389 723 cum
3419 665 3486 722 in‘
3497 683 3562 723 ea
3585 665 3742 722 Petri
3762 677 3813 722 et

523 743 678 800 Pauli
701 745 859 799 simul
879 746 1220 801 celebrentur
1248 741 1494 810 insignia.

522 939 1286 1010 Διιουιιιιητωιβ-ΞᾏΡειηιιη
1298 938 1495 1010 Iudicis
1512 940 1772 1010 praecipue
1785 939 2102 1010 destinatum
2131 937 2185 997 Α
2211 935 2385 1006 pretia
2415 943 2661 1004 erogant,
2693 943 2856 1005 atque
2876 936 3175 991 sanctitatis
3195 936 3479 991 thesauros
3499 935 3806 1002 eﬂundunt,

592 1011 904 1079 apostolum,
949 1018 998 1062 et
1045 1008 1571 1079 Paulumi‘gentilib‘us
1599 1008 1780 1062 datum
1833 1009 2102 1079 doctorem

590 1076 912 1135 demonstrat
938 1079 1223 1150 Maximus.
1250 1076 1454 1150 Etcum
1472 1087 1685 1150 uterque
1709 1094 1804 1150 pro
1825 1076 1950 1147 ﬁdei
1980 1091 2102 1150 pro-

590 1151 869 1222 pagatione
912 1149 1221 1222 laboraucrit
1276 1147 1347 1222 σά
1401 1147 1671 1214 Coronam,
1708 1147 1875 1222 effuso
1904 1147 2103 1216 pariter

589 1218 684 1290 pro
706 1219 909 1275 Christo
937 1219 1214 1290 sanguine,
1243 1218 1394 1272 ambo
1413 1218 1775 1288 pervenerunt.

587 1389 996 1445 Exsultemusin
1017 1389 1263 1456 Domino,
1277 1389 1486 1456 fratres,
1505 1389 1650 1460 quod
1670 1390 2099 1446 beatissimorum

519 1480 662 1536 Petri
703 1489 756 1537 et
783 1481 936 1535 Pauli
962 1482 1158 1536 natalis
1185 1490 1267 1536 est
1305 1481 1486 1546 hodie,
1515 1491 1678 1550 atque
1705 1482 1772 1536 de
1809 1482 1915 1537 diei
1943 1482 2100 1551 hujus

516 1582 664 1627 tanta
720 1573 1062 1629 solemnitate
1117 1573 1380 1643 spirituali
1434 1573 1771 1644 iucunditate
1836 1573 2096 1629 lzetemur.

515 1663 688 1725 lloille
715 1665 858 1718 enim
905 1663 1244 1720 beatissimus
1271 1662 1361 1718 ille
1405 1661 1614 1730 Petrus,
1657 1663 1744 1717 cui
1792 1678 1824 1716 a
1871 1663 2098 1718 Domino

515 1751 640 1807 tidei
695 1767 806 1807 sua:
853 1748 1050 1808 merito
1097 1753 1292 1808 tradita
1337 1752 1436 1807 fuit
1490 1753 1578 1806 illa
1630 1761 1871 1822 potestas
1900 1753 2098 1822 ligandi

513 1853 677 1914 atque
730 1844 971 1898 solvendi
1012 1860 1176 1914 super
1223 1853 1441 1907 terram,
1491 1845 1667 1900 crucis
1693 1845 1936 1914 patibulo
1976 1845 2095 1900 εωιί

510 1947 702 1989 serena
732 1933 1050 2002 penetravit.
1078 1933 1249 1989 Hodie
1270 1932 1470 1988 Paulus
1490 1934 1580 1988 ille
1604 1949 1698 1989 vas
1718 1935 2020 2000 electionis,
2043 1944 2097 1989 et

512 2022 708 2078 doctor
749 2023 1008 2090 gentium,
1056 2023 1184 2077 dato
1234 2023 1620 2091 gloriosissimo
1648 2025 1844 2094 capite,
1877 2025 2097 2080 immor-

512 2113 677 2167 talem
704 2127 957 2168 coronam
987 2113 1233 2168 obtinuit.
1277 2112 1509 2168 Necesse
1538 2124 1620 2168 est
1648 2123 1830 2169 autem
1859 2122 1917 2168 ut
1943 2116 2095 2185 paria

511 2205 1040 2275 prmelarissimorum
1089 2205 1456 2276 apostolorum
1499 2205 1698 2261 fuerint
1725 2208 1936 2275 merita,
1960 2223 2096 2278 quo-

2207 1040 2431 1095 operum
2458 1027 2664 1082 meritis
2690 1027 2910 1082 omnino
2931 1042 3109 1097 pares.
3151 1026 3266 1082 Etsi
3295 1028 3440 1082 enim
3470 1025 3668 1083 Petrus
3683 1044 3808 1083 cum

2203 1116 2420 1174 Christo
2441 1120 2495 1174 in
2517 1120 2674 1175 terris
2693 1120 2918 1184 vixerit,
2951 1119 3178 1175 Paulum
3201 1129 3380 1175 tamen
3403 1121 3565 1188 idem,
3593 1121 3730 1176 dum
3753 1122 3808 1176 in

2205 1212 2379 1282 ipsum
2407 1214 2688 1269 credentes
2705 1221 3020 1283 persecutor
3040 1213 3271 1268 furiosus
3299 1214 3577 1279 existeret,
3603 1230 3808 1269 evoca-

2202 1303 2280 1356 vit
2307 1317 2339 1357 e
2367 1304 2526 1359 cmlo.
2549 1304 2642 1359 ille
2665 1303 2732 1359 ab
2759 1303 2947 1359 eodem
2968 1302 3206 1368 Christo,
3222 1303 3351 1358 dum
3379 1304 3433 1358 in
3457 1306 3613 1359 terris
3629 1314 3803 1371 esset,

2201 1390 2552 1461 Evangelium
2599 1395 2825 1462 accepit.
2881 1393 3016 1447 Dum
3045 1409 3176 1448 vero
3203 1395 3393 1448 beatus
3421 1394 3487 1448 ad
3517 1393 3803 1448 dexteram

2203 1481 2375 1538 Patris
2402 1483 2614 1539 sederet
2634 1485 2687 1537 in
2717 1483 2889 1552 cmlis,
2915 1482 3112 1539 Paulus
3151 1485 3217 1539 ab
3249 1485 3363 1554 ipso
3392 1487 3619 1553 gratiam
3652 1501 3802 1554 prm-

2200 1573 2484 1628 dicationis
2513 1574 2761 1628 obtinuit.
2793 1573 3044 1641 Quinimo
3073 1581 3129 1629 et
3155 1575 3221 1629 ad
3244 1575 3437 1630 cmlum
3469 1590 3641 1645 usque
3668 1578 3802 1631 sub-

2198 1665 2356 1730 latus,
2391 1681 2496 1720 non
2527 1673 2752 1729 tantum,
2794 1664 2939 1734 quod
2985 1680 3094 1719 non
3143 1666 3404 1730 audierat,
3449 1665 3810 1735 Evangelium

2199 1756 2410 1820 didicit;
2442 1755 2538 1809 sed
2565 1766 2621 1811 et
2648 1756 2853 1810 audivit
2892 1771 3088 1812 arcana
3132 1757 3319 1823 verba,
3349 1771 3471 1826 quae
3507 1773 3617 1812 non
3675 1757 3806 1812 licet

2198 1849 2402 1904 homini
2429 1848 2596 1917 loqui.
2633 1847 2916 1903 Instabiles
2942 1847 3110 1901 maris
3139 1847 3309 1902 undas
3336 1847 3530 1902 dubius
3556 1862 3628 1902 ne
3651 1861 3802 1902 mer-

2198 1949 2415 2010 geretur
2440 1938 2636 1994 Petrus
2673 1939 2919 1994 calcavit.
2952 1937 3162 1993 Paulns'
3183 1953 3315 1993 vero
3345 1946 3505 1995 nocte
3533 1947 3587 1994 et
3623 1939 3718 1994 die
3747 1939 3802 1994 iu

2197 2029 2462 2102 profundo
2491 2030 2657 2084 maris
2695 2028 2815 2092 fuit,
2865 2043 3042 2098 neque
3087 2029 3311 2083 marinis
3338 2027 3496 2082 undis
3521 2027 3796 2094 iactatum

2197 2121 2408 2192 pondus
2435 2120 2734 2186 abhorruit,
2767 2119 2861 2174 sed
2888 2119 3054 2174 veluti
3080 2133 3292 2196 sacrum
3343 2118 3654 2187 depositum
3683 2117 3800 2171 vio-

2195 2211 2312 2265 lare
2329 2225 2438 2265 non
2467 2208 2694 2274 audens,
2724 2208 2904 2265 vivum
2945 2207 3214 2272 reddidit;
3244 2208 3370 2276 quia
3398 2205 3716 2261 famulatrix
3740 2206 3800 2259 ἱιο

511 2311 629 2351 rum
657 2296 880 2367 mqualis
928 2295 1028 2350 fuit
1057 2297 1108 2350 in
1139 2297 1347 2352 unitate
1373 2312 1514 2352 verae
1546 2296 1669 2353 ﬁdei
1717 2298 1950 2367 gloriosa
1999 2314 2097 2369 pro
2129 2306 2176 2365 B
2202 2299 2490 2356 lum°unda
2519 2299 2828 2355 custodiens
2864 2299 3087 2354 illmsum
3132 2300 3344 2368 populis
3380 2305 3544 2367 atque
3579 2298 3800 2353 incolu-

511 2384 728 2441 Christo
757 2385 1042 2442 confessio.
1068 2385 1281 2442 Etenim
1310 2387 1356 2443 si
1383 2387 1573 2443 Petrus
1602 2388 1668 2443 ad
1698 2388 2095 2459 priedicandam

513 2477 709 2533 Iudaeis
753 2478 948 2534 Christi
998 2481 1227 2547 gratiam
1268 2480 1471 2535 electus
1511 2480 1726 2544 dicitur,
1778 2478 1975 2535 Paulus
2030 2480 2097 2535 ad

512 2570 833 2626 erudiendas
860 2578 1049 2639 gentes
1097 2586 1206 2642 pra:
1231 2572 1440 2630 caneris
1494 2571 1753 2641 apostolis
1819 2571 2096 2626 ordinatus

509 2647 678 2716 fuisse
705 2661 934 2716 videtur.
967 2660 1310 2731 Evangelium
1341 2663 1393 2717 in
1412 2661 1612 2729 Judzea,
1647 2663 1736 2718 ubi
1751 2663 1864 2733 jam
1891 2665 1959 2718 ab
1982 2664 2097 2734 ipso

516 2751 741 2805 Domino
782 2758 966 2805 nostro
997 2749 1118 2805 fidei
1152 2752 1356 2806 semina
1379 2753 1614 2821 plantata
1643 2751 1873 2818 fuerant,
1907 2749 2097 2809 Petrus

514 2842 786 2912 prmdicat.
836 2841 1032 2898 Paulus
1059 2859 1186 2898 vero
1204 2845 1452 2912 gentibus
1489 2843 1754 2913 despecta:
1777 2845 1950 2900 crucis
1978 2845 2096 2915 glo-

515 2933 670 2997 riam,
699 2947 822 3000 quas
858 2933 985 3003 ipsis
1014 2933 1232 3002 quidem
1257 2934 1540 2989 videbatur
1586 2935 1899 3001 ignominia,
1929 2949 2096 2989 vene-

515 3021 733 3077 randam
755 3024 1026 3093 proponit.
1059 3021 1249 3079 Petrus
1283 3022 1516 3090 Judzeos,
1545 3024 1633 3095 qui
1664 3023 1732 3078 ab
1760 3032 1916 3078 utero
1945 3038 2096 3079 erra-

514 3120 718 3179 veraut,
772 3113 840 3167 ad
878 3129 1017 3169 vene
1070 3113 1254 3169 salutis
1308 3113 1521 3168 reduxit
1572 3115 1858 3168 tramitem.
1906 3111 2098 3169 Paulus

513 3213 718 3274 gentes,
740 3220 864 3274 quin
887 3204 1054 3260 Deum
1077 3220 1184 3260 non
1209 3214 1488 3272 noverant,
1517 3205 1723 3262 caelesti
1744 3205 2004 3275 sapientia
2030 3205 2095 3259 il-

513 3296 721 3351 lustrat.
751 3295 938 3351 Petrus
966 3296 1187 3350 fratrum
1217 3313 1435 3353 suorum
1468 3297 1808 3352 durissimam
1833 3297 2098 3351 cervicem

515 3386 736 3441 emollit.
767 3385 970 3441 Paulus
991 3388 1227 3456 gentium
1249 3403 1445 3441 caecam
1469 3387 1692 3457 dissipat
1719 3387 2093 3454 ignorantiam.

510 3478 825 3533 Discumnt
851 3478 1030 3548 itaque
1058 3494 1155 3548 per
1183 3479 1489 3534 universum
1519 3479 1773 3532 mundum
1805 3478 2098 3532 beatissimi

513 3573 767 3642 apostoli,
793 3573 1060 3640 gentibus,
1092 3573 1325 3640 regibus,
1377 3581 1432 3627 et
1472 3573 1592 3627 tiliis
1618 3572 1801 3636 Israel,
1855 3587 2015 3642 quam
2066 3589 2095 3627 a

2201 2406 2342 2445 mem
2380 2391 2556 2445 adhoc
2573 2377 2905 2444 reservabat.
2937 2389 3177 2444 Fuerunt
3205 2403 3336 2457 ergo
3361 2389 3662 2443 beatissimi
3691 2387 3798 2442 Pe-

2203 2489 2314 2535 trus
2343 2489 2396 2535 et
2445 2479 2643 2534 Paulus
2681 2495 2840 2551 pares
2868 2480 3077 2534 meritis
3114 2479 3455 2547 aequalesque
3480 2479 3793 2533 virtutibus.

2198 2569 2336 2637 Quid
2364 2570 2557 2624 mirum
2585 2583 2734 2637 ergo,
2768 2569 2810 2623 si
2842 2585 2946 2622 una
2975 2569 3084 2631 die,
3135 2569 3328 2623 eodem
3375 2569 3430 2622 in
3459 2569 3603 2635 loco,
3637 2569 3796 2623 unius

2199 2662 2360 2716 etiam
2383 2662 2596 2732 tyranni
2627 2661 2843 2730 impiam
2890 2661 3082 2714 mortis
3110 2660 3408 2714 toleravere
3440 2660 3794 2713 sententiam.

2200 2749 2316 2805 Una
2358 2751 2500 2805 enim
2542 2751 2839 2818 eademque
2867 2749 2953 2804 die
2982 2750 3124 2818 passi
3154 2759 3297 2813 sunt,
3332 2757 3388 2803 ut
3417 2749 3483 2803 ad
3512 2748 3790 2804 Christum

2199 2841 2358 2896 ambo
2375 2842 2577 2910 pariter
2601 2841 2976 2909 pervenirent;
3002 2855 3110 2894 uno
3139 2839 3193 2892 in
3223 2840 3363 2904 loco,
3388 2855 3455 2893 ne
3477 2840 3634 2893 alteri
3656 2855 3790 2909 quo-

2198 2945 2304 3000 que
2328 2930 2620 3000 spectatrix
2653 2930 2904 2999 triumphi
2927 2929 3096 2984 Roma
3123 2929 3354 2992 deesset,
3383 2930 3484 2983 sub
3508 2945 3616 2983 uno
3646 2929 3791 2983 deni.

2197 3037 2304 3091 que
2330 3021 2630 3089 eodemque
2651 3028 3018 3090 persecutore,
3049 3028 3110 3073 ut
3130 3034 3322 3089 nempe
3348 3019 3537 3072 similis
3563 3019 3792 3073 crudeli-

2199 3124 2278 3169 tas
2308 3122 2592 3181 utrumque
2621 3113 3042 3179 constringeret;
3074 3118 3134 3165 ut
3166 3125 3396 3179 quorum
3425 3126 3533 3163 una
3562 3110 3782 3164 eadem—

2197 3219 2302 3275 que
2352 3203 2528 3258 fuerat
2572 3217 2786 3272 semper
2830 3200 2954 3266 fidei
2995 3199 3323 3270 przedicatio,
3357 3199 3546 3254 eadem
3572 3212 3789 3267 quoque

2199 3305 2339 3352 esset
2366 3305 2421 3350 et
2448 3295 2637 3349 mortis
2661 3309 2844 3356 causa,
2874 3301 3033 3360 atque
3055 3291 3300 3354 occasio;
3343 3298 3398 3344 et
3423 3289 3515 3358 qui
3540 3288 3788 3343 eamdem

2199 3386 2355 3441 fidem
2386 3401 2415 3438 a
2437 3384 2652 3439 Christo
2681 3389 3019 3452 acceperant,
3052 3396 3152 3450 pro
3181 3380 3371 3434 eadem
3398 3392 3619 3448 quoque
3647 3392 3788 3432 mar-

2200 3475 2319 3546 tyrii
2344 3475 2574 3544 palmam
2616 3481 2954 3528 mererentur
2982 3471 3204 3541 (Desunt
3232 3469 3404 3523 decem
3435 3470 3606 3531 linem,
3634 3467 3786 3522 oblit-

2201 3575 2364 3620 terato
2393 3567 2707 3629 charactere,
2736 3580 2828 3618 nec
2850 3571 3082 3617 remanet
3111 3563 3215 3615 nisi
3234 3561 3546 3628 conclusio).
3579 3561 3635 3615 Si
3657 3573 3784 3628 ergo

514 3661 726 3717 Christo
766 3662 994 3718 Domino
1032 3671 1356 3733 acceperunt
1385 3663 1542 3718 ﬁdem
1588 3663 1897 3732 praedicent,
1930 3663 2094 3717 mira-
2123 3667 2169 3726 ο
2201 3667 2462 3728 martyres
2478 3657 2823 3720 honoramus,
2846 3652 3119 3708 Christum
3139 3667 3355 3722 quoque
3381 3652 3436 3706 in
3462 3650 3785 3722 martyribus

515 3753 647 3808 culis
687 3752 1024 3807 confirment.
1075 3752 1244 3808 Erant
1287 3767 1475 3808 revera
1523 3753 1600 3808 sal
1633 3760 1807 3816 terrae,
1839 3767 1944 3821 quo
1974 3769 2094 3808 cre-

515 3844 751 3899 dentium
776 3845 1012 3898 omnium
1043 3845 1365 3899 condiuntur
1394 3845 1604 3908 animae,
1636 3852 1798 3912 atque
1827 3843 2097 3898 inviolatae

517 3937 578 3989 ab
625 3945 825 3990 aeterna
856 3937 1135 4006 putredine
1182 3935 1574 3990 custodiuntur.
1617 3933 1721 3988 Per
1751 3942 1946 3988 terram
1975 3934 2093 3986 uni-

514 4039 720 4080 versam
745 4028 904 4099 238
930 4034 1146 4082 mternzn
1173 4026 1360 4082 salutis
1406 4025 1674 4097 spiritales
1700 4023 2097 4093 dispensatores

2201 3763 2539 3803 veneramur.
2573 3747 2667 3801 Sin
2715 3761 2846 3800 vero
2874 3753 3091 3815 sanctos
3115 3744 3439 3813 spernimus,
3489 3742 3784 3805 Christum,

2202 3839 2293 3908 qui
2343 3839 2394 3892 in
2445 3837 2644 3891 sanctis
2689 3844 2790 3901 est,
2842 3834 3143 3898 irridemus,
3203 3836 3318 3902 ipsa
3359 3834 3540 3887 divina
3565 3835 3787 3887 veritate

2205 3932 2416 3986 dicente
2442 3949 2454 3982 :
2490 3927 2590 3994 Qui
2611 3945 2697 3983 eos
2722 3929 2937 3997 spernit,
2964 3944 3042 3982 me
3060 3929 3254 3996 spernit
3286 3924 3436 3997 (Luc.
3463 3941 3516 3988 ι,
3547 3924 3665 3993 16).
3688 3921 3788 3976 Ex-

2205 4021 2373 4090 plicit.

1811 4239 2157 4305 HOMILIA
2201 4242 2491 4304 LXXIV.

1526 4386 1592 4441 In
1622 4387 1786 4441 natali
1821 4386 1880 4442 S.
1916 4385 2188 4440 Laurentii
2208 4387 2373 4442 levita
2391 4395 2441 4441 et
2467 4390 2708 4460 martyn‘s
2733 4389 2781 4446 Ι.

1946 4517 2338 4575 ADMONITIO.

587 4664 1004 4742 237_Ex_ms_s.
1043 4662 1405 4742 monumentis
1444 4661 1509 4742 in.
1536 4658 1733 4712 seriem
1771 4656 2108 4742 redigendi},
2152 4670 2335 4742 quem”
2351 4655 2791 4742 ιιιῄὲξηῑιοηιὶιίᾗ
2826 4656 3483 4742 attactgrcmp‘rqhaverint
3504 4658 3790 4742 scrip-mres

519 4725 1354 4807 coris‘thbit._Vaticani‘quatuor
1392 4729 1638 4807 codices,
1663 4742 1877 4807 _r_iempe
1921 4725 2060 4779 1275
2101 4739 2238 4807 ρῖιβΖ
2269 4725 2359 4789 85,
2407 4725 2538 4807 1ἓ117
2568 4741 2691 4807 pag.
2723 4727 2813 4807 95,
2833 4726 2986 4807 ,1269
3007 4725 3253 4807 .pag.'_81l_,
3278 4734 3334 4781 et
3354 4726 3530 4807 Vatic.
3567 4725 3788 4807 Ottobo—

519 4795 707 4866 nianus
737 4804 838 4860 106
876 4818 1006 4874 pag.
1038 4795 1161 4874 203,
1200 4796 1632 4874 concor;diter_§.
1656 4795 1877 4874 Maximi
1918 4811 2117 4874 nomen
2143 4795 2692 4874 deferunt._§i_milem
2712 4797 2977 4874 _es_bibeut
3006 4797 3409 4874 inscriptionem
3440 4804 3552 4850 tres
3578 4799 3787 4853 codices

520 4865 838 4936 Casinenses
867 4865 896 4928 ὁ
928 4865 1099 4931 ιῖοὺίε,
1131 4877 1190 4924 ut
1217 4867 1522 4939 superiores
1541 4867 1791 4939 _Vaticani
1813 4905 1826 4929 ,
1860 4866 2118 4939 recogniti
2141 4907 2156 4930 ,
2185 4866 2389 4918 scilicet
2418 4865 2521 4918 104
2549 4866 2728 4939 pag._l_
2740 4867 2830 4933 5'5,
2865 4866 2967 4919 109
2996 4879 3116 4935 pag.
3285 4881 3313 4939 a
3333 4875 3514 4939 tergo,
3551 4882 3651 4939 ορ
3671 4880 3782 4939 pag.

520 4949 646 5006 104.
692 4947 737 5012 Q

742 4953 934 5000 uatuor
975 4950 1231 5009 pnetcrea
1269 4933 1335 4993 ex
1366 4938 1496 4992 bibl.
1541 4935 1899 5009 Laurentiana
1936 4933 2178 5009 proferre
2214 4950 2503 5009 possumus
2531 4933 2644 5009 :59
2673 4935 2814 5009 Plut.
2845 4953 2952 4990 xvn
2968 4933 3104 5009 pag,
3141 4937 3262 4997 l70,
3295 4935 3544 5009 l22__pag.
3582 4933 3708 5009 153,
3737 4943 3786 4989 et

521 5004 624 5074 171
653 5004 774 5083 βιῖςζ.
816 5012 919 5067 ἳιϐ
950 5004 1088 5083 bibl.
1121 5009 1247 5063 olim
1288 5005 1970 5083 :egliliumnmajor.eccles.
1998 5004 2263 5083 Floreat...
2289 5015 2343 5083 et
2371 5023 2419 5083 ll
2435 5005 2490 5060 S.
2530 5005 2718 5083 Crucis
2748 5005 2937 5083 Minor.
2968 5005 3108 5083 Plut.
3142 5022 3333 5083 xgsm.
3375 5004 3786 5083 His_suc_cetlunt

521 5091 628 5144 duo
651 5074 978 5142 Vallicellani
1001 5082 1031 5133 '7
1065 5080 1111 5132 Α
1131 5087 1185 5133 et
1217 5095 1302 5141 xv,
1336 5076 1689 5130 Vercelleusis
1718 5075 1816 5139 81,
1852 5076 2259 5144 Ratisponensis
2288 5075 2346 5129 S.
2379 5075 2724 5140 Emmerami,
2757 5075 3038 5144 Augiensis
3067 5094 3153 5140 xv,
3185 5074 3540 5144 Mutinensis,
3574 5074 3633 5129 S.
3664 5075 3782 5130 Cruv

522 5143 683 5212 eisin
710 5153 1003 5210 Jerusalem
1033 5168 1123 5213 xu,
1155 5158 1209 5203 et
1243 5147 1509 5201 Farfensis
1550 5147 1609 5198 Β.
1653 5146 1794 5199 inter
1823 5143 2177 5200 Maximianus
2204 5161 2483 5199 sermones
2512 5147 2757 5200 eamdem
2788 5143 2952 5201 habet
2981 5146 3237 5200 Alcuinus
3265 5157 3386 5266 plaga
3419 5143 3548 5205 551.
3581 5144 3784 5212 ipsique

523 5226 856 5266 ινίιηιιιηιιηιη
887 5227 1210 5266 consuerunt
1234 5217 1505 5266 Ballerinii
1535 5216 1590 5266 in
1623 5225 1918 5266 memorata
1944 5215 2093 5266 nrmf.
2127 5228 2248 5266 nati.
2278 5214 2404 5266 387.
2444 5230 2565 5266 cum
2593 5216 2722 5266 olim
2751 5215 2807 5266 S.
2843 5216 3010 5266 Leoni
3040 5215 3231 5266 Magno
3311 5213 3555 5266 omiliam
3605 5214 3784 5266 inscri—

523 5226 858 5282 tribucndam
887 5227 1210 5277 censuerunt
1234 5217 1506 5272 Balleriuii
1535 5216 1590 5269 in
1623 5225 1919 5269 memorata
1944 5215 2093 5283 praef.
2127 5228 2248 5282 pag.
2278 5214 2404 5279 587,
2444 5230 2565 5269 cum
2593 5216 2722 5270 olim
2751 5215 2807 5268 S.
2843 5216 3010 5271 Leoni
3040 5215 3231 5282 Magno

3311 5213 3555 5267 omiliam
3605 5214 3786 5269 inscri—

523 5281 684 5368 ptam?
703 5294 1021 5355 invenerint,
1062 5288 1518 5343 consentientibus
1541 5301 1699 5353 supra
1731 5281 2010 5340 recensitis
2039 5281 2332 5350 codicibus,
2374 5294 2429 5339 et
2453 5283 2778 5339 editionibus
2806 5285 3051 5356 Gymnici
3080 5299 3210 5407 ι)θῇ
3227 5282 3348 5346 281,
3375 5281 3641 5363 Calesinii
3673 5295 3780 5352 pag.

527 5367 628 5407 me
680 5361 981 5407 Cnmhnﬁsii
1017 5369 1147 5407 mm-
1194 5357 1256 5407 Vl
1293 5372 1410 5407 nae.
1462 5355 1582 5407 626.
1625 5353 1832 5407 Cumdii
1875 5364 2005 5407 tom.
2050 5355 2114 5406 ιγ
2145 5368 2266 5407 nag.
2309 5353 2429 5407 481.
2459 5354 2740 5407 Ravuaudi
2769 5370 2890 5407 nati.
2923 5354 3046 5407 25L
3081 5363 3137 5407 et
3216 5366 3448 5407 arttartm
3478 5352 3620 5407 Bibl.
3657 5355 3780 5407 Max.

527 5353 648 5430 ise,
680 5361 983 5430 Combefisii
1010 5353 1147 5414 tom.
1194 5357 1256 5430 vl
1282 5372 1410 5430 pag.
1462 5355 1582 5430 62s,
1625 5353 2022 5430 Cumdii__tom_._
2050 5355 2097 5406 ιι

2202 5368 2266 5420 ig.
2309 5353 2429 5413 481,
2459 5354 2740 5430 Rayuaudi
2769 5353 2890 5430 pag.
2923 5354 3046 5430 251,
3081 5363 3137 5408 et

3216 5351 3448 5420 argarini
3478 5352 3620 5408 Bibl.
3657 5355 3783 5408 Max.

529 5423 646 5494 PP.
666 5444 796 5492 tom.
829 5429 897 5486 Vl
923 5446 1046 5501 pag.
1076 5430 1166 5482 '57.
1193 5423 1394 5494 Quibus
1423 5425 1716 5496 exploratis
1746 5426 1870 5478 nulli
1902 5425 2121 5478 dubium
2150 5440 2269 5499 esse
2299 5433 2497 5493 potest,
2533 5426 2674 5479 hanc
2696 5423 2972 5480 homiliam
2998 5424 3114 5480 fore
3139 5423 3372 5479 Maximo
3393 5423 3780 5478 ascribendam.

529 5624 690 5697 238
711 5607 2105 5697 Ancuus_xru‘u._—.—-sanctitmlevituntanim'litntitme-
2139 5620 2188 5678 Ι)
2286 5629 2526 5697 tanquam
2575 5622 2760 5690 pignus
2805 5620 3117 5673 imminentis
3162 5618 3273 5688 ejus
3317 5618 3539 5688 glorise,
3580 5614 3788 5693 eleganti

600 5677 788 5754 ἷὲἦιξα,
821 5705 851 5740 a
873 5685 1148 5739 ministerii
1174 5681 1500 5754 sublimitate,
1526 5677 1888 5754 a_tibei'rilittzte
1910 5677 1958 5725 in
1982 5691 2108 5742 prm-

601 5777 746 5831 peres
777 5747 1040 5812 Mittimus
1064 5752 1401 5831 commendat.
1444 5749 1501 5801 S.
1542 5747 1678 5798 Xisti
1708 5755 1862 5825 .ponlq
1890 5755 1936 5831 et
1968 5761 2107 5831 niur-

605 5815 729 5903 tyris
772 5827 1065 5882 taticiniunt
1113 5825 1174 5878 de
1230 5821 1461 5892 proximo
1506 5817 1750 5888 martyrio
1786 5817 1862 5868 sui
1916 5815 2109 5870 (cz'ila'.

2283 5689 2578 5743 laudatione
2607 5689 2840 5743 eLrornat.

2281 5823 2530 5876 Sanctum
2562 5830 2666 5889 est,
2697 5819 2904 5886 fratres,
2940 5835 2999 5876 ac
3031 5820 3141 5876 Deo
3170 5819 3448 5891 placitum,
3485 5830 3543 5874 ut
3577 5821 3784 5878 natalem
