3910 6238
524 323 623 379 Ill

1758 322 1812 378 S.
1854 319 2096 378 MAXIM!
2136 319 2588 380 TAURINENSIS

3716 325 3814 380 ll!

519 444 671 494 certa
718 436 980 494 relatione
1021 436 1302 493 didicimus
1325 476 1340 503 ,
1389 451 1513 492 cum
1562 436 1882 491 venerabilis
1924 434 2112 490 Xistus
2139 439 2193 497 Α
2217 435 2562 491 conscientiae
2589 435 2879 505 puritatem
2903 475 2918 502 ,
2967 432 3220 491 devotam
3259 433 3372 490 Deo
3411 433 3652 492 offerens
3693 451 3807 490 ani-

519 528 829 598 apostolica:
856 528 1000 584 sedis
1039 527 1348 584 sacerdotio
1378 527 1704 595 fungeretur,
1740 535 1765 564 ι
1794 533 1851 582 et
1877 526 2109 581 sanctis-

518 619 658 674 simo
699 620 975 675 Laurentii
1010 619 1375 676 archidiaconi
1413 619 1710 673 ministerio
1738 617 1982 673 Romana
2009 616 2107 672 ﬂo-

516 718 666 766 reret
711 708 952 766 Ecclesia
975 752 989 777 ,
1041 709 1241 765 invidia
1299 709 1520 764 ardente
1566 709 1765 765 diaboli
1788 749 1802 773 ,
1847 709 2106 764 adversus

518 815 717 856 nomen
757 810 814 856 et
858 800 1016 856 fidem
1059 799 1260 856 Christi
1295 798 1508 853 ﬂamma
1533 799 1829 853 durissimae
1853 813 2108 869 persecu-

514 893 682 948 tionis
727 892 1036 958 incanduit;
1083 899 1246 960 atque
1292 898 1352 945 ut
1395 890 1752 961 perniciosius
1779 889 2104 945 dominicum

513 995 730 1051 gregem
751 983 932 1038 feralis
959 983 1144 1037 bestia:
1171 981 1346 1036 rabies
1375 980 1622 1036 insatiata
1650 978 1678 1018 δ
1707 981 1969 1047 laniaret,
2000 996 2102 1037 no-

511 1072 671 1126 cendi
713 1072 908 1127 artifex
948 1073 1195 1128 inimicus
1227 1071 1548 1142 cpervigilis
1579 1073 1728 1142 prius
1758 1071 1978 1126 molitur
2003 1087 2101 1128 cu-

514 1163 748 1218 stodiam
772 1165 1004 1233 pastoris
1031 1164 1258 1234 eripere.
1304 1163 1378 1216 Et
1396 1163 1516 1218 ideo
1537 1163 1744 1218 Xistum
1769 1173 1893 1218 ante
1913 1179 2102 1221 omnes

511 1269 784 1310 summum
823 1255 1036 1310 Domini
1073 1256 1408 1310 sacerdotem
1438 1257 1588 1310 furor
1614 1256 1826 1323 gentilis
1854 1257 2101 1325 aggredi-

511 1354 618 1412 tur,
652 1353 714 1400 ut
745 1346 1110 1401 ecclesiastica
1147 1331 1419 1410 membra,
1450 1354 1562 1400 tam
1597 1348 1775 1403 valido
1795 1347 1822 1384 ά
1857 1357 2100 1404 tmncala

511 1435 720 1504 capite,
780 1435 930 1489 velut
985 1436 1277 1490 munimine
1328 1435 1559 1506 prmsidii
1606 1438 1841 1494 cmlestis
1893 1448 2096 1508 amoto,

503 1533 762 1581 cruentus
794 1532 1110 1597 persecutor
1151 1528 1450 1582 invaderet.
1495 1527 1602 1582 Sed
1625 1543 1852 1597 magnus
1881 1530 1971 1584 ille
1999 1530 2096 1585 Xi-

501 1625 648 1685 stus,
678 1619 770 1688 qui
799 1621 1099 1675 commissis
1123 1630 1146 1657 ε
1170 1621 1273 1675 sibi
1303 1637 1333 1674 a
1365 1621 1475 1675 Deo
1505 1623 1696 1676 ovibus
1725 1622 1971 1678 adfuerat
1996 1640 2094 1694 pa-

501 1718 620 1776 stor
662 1710 716 1763 in
764 1710 949 1774 terris,
995 1711 1181 1765 aderat
1210 1719 1472 1779 patronus
1500 1727 1531 1766 e
1559 1713 1719 1769 cmlo.
1759 1711 2001 1782 Denique
2029 1714 2087 1769 8.

2215 540 2359 580 mam
2377 567 2392 591 ,
2426 533 2480 579 et
2507 525 2866 581 castissimum
2890 523 3109 580 tradens
3143 525 3488 594 persequenti
3515 539 3723 594 corpus
3743 524 3804 578 ad

2211 630 2445 686 poenam,
2477 615 2607 670 illud
2631 615 2998 684 evangelictun
3024 630 3282 670 servans:
3319 612 3499 672 Nolite
3519 615 3704 668 timere
3721 630 3800 668 eos

2209 709 2295 778 qui
2323 707 2563 762 occidunt
2595 723 2810 778 corpus,
2844 706 3074 761 animum
3101 716 3395 760 autemnon
3419 714 3638 776 possunt
3667 707 3798 759 occi-

2209 801 2331 856 dere
2363 799 2576 872 (Matth.
2611 801 2690 872 x).
2748 799 3098 870 Excogitatur
3135 799 3318 867 itaque
3354 799 3408 852 in
3449 797 3794 852 Laurentium

2208 890 2376 946 ferale
2401 898 2730 946 tormentum
2749 931 2764 957 ,
2813 898 2899 956 ut,
2950 890 3042 958 qui
3069 897 3218 943 metu
3245 889 3438 944 mortis
3467 904 3574 944 non
3602 903 3793 942 move-

2206 981 2384 1047 batur,
2431 982 2727 1037 acerbitate
2773 981 3026 1050 supplicii
3070 979 3440 1048 frangeretur;
3489 979 3585 1035 sed
3634 995 3795 1048 quem

2205 1086 2422 1126 suarum
2451 1071 2794 1127 confortabat
2821 1070 3105 1125 multitudo
3141 1069 3399 1124 virtutum
3442 1085 3550 1125 non
3579 1077 3796 1139 poterat

2204 1164 2422 1219 vincere
2444 1163 2755 1235 magnitudo
2782 1177 3086 1233 pinnarum.
3119 1159 3348 1216 Paratur
3373 1177 3505 1231 ergo
3535 1162 3790 1217 craticula

2204 1253 2327 1320 igne
2347 1267 2605 1308 succensa
2624 1291 2639 1319 ,
2669 1267 2789 1322 qua:
2821 1252 3158 1322 triumphalis
3185 1252 3440 1324 martyris
3468 1261 3525 1307 ct
3552 1252 3790 1305 animum

2202 1343 2485 1417 fatigaret,
2534 1351 2589 1399 et
2617 1359 2814 1416 corpus
2853 1353 3124 1400 exureret.
3165 1343 3270 1401 Sed
3313 1345 3496 1413 ignara
3531 1345 3647 1399 veri
3677 1352 3789 1397 tur-

2200 1435 2270 1490 ba
2295 1437 2764 1506 persequentium,
2796 1445 2852 1491 et
2879 1437 3158 1492 diabolicis
3197 1437 3471 1492 obcaecata
3511 1437 3788 1499 tenebris,

2203 1544 2310 1583 non
2348 1527 2564 1584 videbat
2609 1528 2753 1598 quod
2811 1528 3026 1584 adustio
3082 1527 3174 1583 illa
3225 1527 3594 1584 membrorum
3658 1527 3788 1582 Πάθη

2201 1618 2266 1673 lis
2308 1619 2473 1673 animi
2520 1627 2666 1674 esset
2699 1627 2903 1675 a2terna
2950 1620 3229 1690 purgatio;
3295 1627 3352 1674 et
3397 1633 3599 1689 corpus
3648 1618 3788 1688 quod

2201 1711 2672 1780 corrumpentibus
2712 1709 2942 1766 ﬂammis
2974 1726 3212 1782 praesens
3258 1711 3368 1766 vita
3404 1712 3691 1768 desereret
3726 1709 3789 1764 ad

504 1798 888 1867 Laurentium,
917 1803 1070 1871 quasi
1095 1803 1206 1871 jam
1236 1803 1505 1873 pontiﬁcis
1530 1806 1613 1860 sui
1641 1807 1838 1861 solatio
1865 1807 2095 1863 destitu-
2126 1800 2172 1860 Β
2201 1801 2662 1871 incorruptionem
2722 1802 2939 1858 vivendi
2983 1802 3235 1857 damnata
3283 1809 3460 1856 morte
3512 1802 3786 1856 transiret.

501 1899 616 1944 tum
633 1932 649 1955 ,
681 1890 750 1945 ad
771 1893 1046 1947 subeunda
1077 1894 1338 1963 supplicia
1360 1910 1550 1949 manus
1569 1910 1775 1965 pagana
1804 1901 2094 1968 perquirit:

503 1996 669 2050 quem
717 1983 978 2037 mirabilis
1046 1982 1229 2040 Xistus
1275 1984 1534 2040 adversus
1593 1988 1775 2040 omnia
1829 1989 2100 2045 saevientis

506 2071 694 2126 mundi
736 2073 876 2126 mala
913 2074 1173 2128 vaticinio
1214 2075 1517 2145 prophetici
1552 2079 1816 2132 sermonis
1843 2081 2096 2134 armavit.

505 2159 641 2214 Nam
685 2177 807 2216 cum
853 2162 996 2217 idem
1027 2161 1348 2219 Laurentius
1372 2166 1681 2234 passionem
1712 2175 2014 2236 paternam,
2037 2177 2101 2223 ut

504 2254 781 2322 piissimus
801 2253 941 2309 ﬁlius
968 2255 1344 2310 inconsolabili
1371 2273 1607 2312 mazrore
1634 2257 1884 2325 deﬂeret,
1913 2257 2097 2316 Xistus

501 2349 845 2416 pnescientia
894 2351 1066 2403 sancti
1105 2348 1340 2418 Spiritus
1386 2349 1665 2416 edocente,
1699 2351 1874 2407 futura
1901 2353 2096 2421 digno-

495 2453 674 2503 sceus,
702 2438 777 2491 ait
798 2438 874 2492 illi
896 2456 908 2490 :
936 2438 1156 2507 Depone
1182 2453 1419 2504 omnem,
1438 2440 1530 2504 lili,
1556 2439 1623 2494 de
1650 2457 1768 2496 mea
1790 2450 1967 2498 morte
1995 2445 2094 2497 tri-

495 2528 736 2593 stitiam;
767 2544 868 2584 nec
897 2529 1041 2584 enim
1070 2529 1160 2583 diu
1189 2545 1308 2584 mea
1351 2538 1406 2584 te
1439 2531 1782 2586 contristabit
1808 2533 2051 2587 absentia
2077 2552 2090 2586 :

501 2625 626 2688 post
663 2618 896 2673 triduum
933 2635 1022 2674 me
1059 2621 1320 2699 sequeris.
1370 2619 1489 2686 Quo
1528 2636 1789 2691 responso
1815 2637 1968 2678 mens
1995 2624 2093 2678 de-

497 2717 626 2763 vota
673 2718 958 2779 [ercepto,
1016 2712 1369 2766 indubitatam
1419 2715 1718 2784 suscipiens
1771 2716 1976 2786 optimo
2022 2717 2091 2775 ab

499 2799 774 2864 antistite,
808 2808 864 2855 et
892 2800 1092 2856 Christi
1122 2810 1384 2874 martyre,
1415 2805 1728 2870 veritatem,
1761 2807 1893 2860 nihil
1919 2809 2092 2876 magis

497 2905 612 2961 pra:
639 2891 892 2947 omnibus
931 2902 1109 2959 curat,
1141 2909 1305 2963 quam
1336 2904 1393 2949 ut
1433 2897 1658 2951 avaritia
1694 2901 2088 2968 per-sequentis,

497 2980 684 3052 ‘quod
718 2981 787 3037 de
827 2991 1003 3038 morte
1034 2993 1346 3040 sanctorum
1383 2988 1740 3043 contristabat
1769 2988 2084 3060 Ecclesiam,

491 3073 561 3128 de
593 3074 774 3143 praeda
802 3073 1055 3130 Ecclesia:
1082 3076 1342 3144 gaudium
1363 3093 1471 3133 non
1499 3080 1740 3154 haberet.
1768 3080 1979 3138 Invenit
2007 3086 2089 3139 vir

2200 1891 2340 1946 Vere
2379 1891 2802 1962 incomparabile
2847 1892 3099 1947 salutaris
3137 1891 3261 1947 ﬁdei
3290 1891 3452 1960 hujus
3477 1907 3786 1947 sacramen-

2202 1989 2333 2048 tum,
2363 1996 2475 2050 quo
2503 1997 2601 2052 per
2629 1991 2898 2038 tormenta
2926 1983 3203 2038 beatitudo
3231 1983 3508 2053 quaeritur,
3541 1991 3598 2038 et
3639 1981 3786 2036 ﬂam-

2197 2073 2302 2128 mis
2345 2070 2683 2142 refrigerium
2716 2083 3067 2143 praeparatur,
3102 2072 3264 2145 252
3296 2081 3356 2127 ut
3382 2074 3458 2127 ait
3483 2073 3785 2143 patriarcha

2198 2165 2369 2220 David
2421 2166 2601 2220 verbis
2658 2175 2956 2237 martyrum
3000 2165 3187 2220 dicens
3230 2182 3242 2219 τ
3297 2163 3656 2218 Tramieimus
3702 2180 3785 2235 per

2197 2257 2371 2326 ignem
2411 2265 2477 2332 et.
2501 2273 2690 2327 aquam
2711 2296 2728 2321 ,
2769 2265 2819 2310 et
2869 2253 2893 2292 δ
2931 2256 3190 2311 induisti
3228 2271 3322 2310 nos
3367 2255 3422 2308 in
3460 2256 3783 2325 refrigerium

2200 2344 2374 2416 (Paul.
2398 2346 2548 2416 va).
2602 2346 2888 2402 Transibat
2935 2361 3034 2416 per
3078 2347 3255 2414 ignem
3287 2353 3338 2400 et
3375 2360 3571 2414 aquam
3599 2346 3782 2400 beatus

2199 2438 2522 2494 Laurentius
2540 2481 2556 2506 ,
2587 2455 2708 2494 cum
2748 2439 2876 2494 hinc
2905 2453 3026 2493 eum
3057 2439 3332 2493 mortifera
3361 2439 3546 2492 mundi
3575 2438 3779 2492 ﬂamma

2196 2536 2463 2597 torreret,
2495 2529 2621 2584 hinc
2654 2529 2890 2585 ctelestis
2921 2527 2939 2568 ί
2974 2529 3159 2598 irrigui
3195 2529 3372 2583 vitalis
3401 2527 3544 2582 unda
3570 2526 3781 2598 perfun-

2195 2620 2371 2676 deret.
2413 2620 2699 2676 Transibat
2739 2636 2842 2691 per
2873 2621 3054 2690 ignem
3076 2629 3134 2676 et
3160 2635 3386 2691 aquam,
3418 2635 3541 2675 cum
3569 2621 3678 2674 vim
3707 2618 3781 2672 fu-

2196 2713 2366 2768 reutis
2414 2712 2645 2767 incendii
2689 2712 2858 2766 divini
2904 2711 3068 2767 fontis
3113 2712 3402 2767 clementia
3433 2719 3776 2782 temperaret.

2197 2805 2436 2860 Ardebat
2474 2818 2604 2872 ergo
2653 2803 3007 2869 Laurentius,
3039 2801 3133 2857 sed
3154 2802 3404 2858 vincebat
3446 2802 3585 2870 ignis
3607 2801 3696 2856 ille
3716 2800 3779 2855 de

2194 2911 2304 2965 quo
2335 2897 2406 2950 ait
2439 2896 2724 2950 Salvator:
2757 2893 2943 2966 Ignem
2980 2897 3092 2949 veni
3121 2893 3328 2963 mittere
3356 2894 3410 2946 in
3443 2902 3656 2959 terram,
3683 2892 3697 2942 i
3733 2901 3778 2945 et

2194 3003 2348 3057 quam
2367 2987 2503 3052 volo,
2533 2998 2591 3040 at
2611 2988 2794 3041 ardeat
2822 2985 2974 3056 (Luc.
3006 2988 3122 3054 xu).
3166 2983 3210 3039 Ο
3234 2999 3435 3039 novum
3459 2984 3776 3039 mirandum-

2194 3079 2332 3149 que!
2367 3081 2523 3135 unius
2558 3079 2908 3148 ejusdemque
2936 3079 3038 3133 viri
3077 3085 3133 3132 et
3166 3076 3396 3132 ﬂammis
3437 3093 3635 3147 corpus
3661 3093 3776 3132 ure-

491 3165 969 3236 prudentissimus,
1018 3171 1159 3225 unde
1197 3172 1376 3226 acrius
1412 3189 1567 3228 suum
1609 3185 1792 3245 posset
1832 3185 2088 3246 torquere
2115 3156 2161 3219 (ἶ
2193 3174 2371 3237 batur.
2405 3179 2462 3226 ει
2489 3172 2728 3226 ardentis
2765 3169 2888 3224 ﬁdei
2917 3169 3097 3224 calOl‘e
3125 3183 3279 3225 meus
3307 3169 3474 3237 ignita
3497 3169 3775 3233 Γθτνεδειις

492 3263 777 3310 tortorem.
821 3256 1048 3312 Omnem
1092 3260 1254 3328 igitur
1289 3262 1544 3319 Ecclesia:
1571 3281 1788 3321 censum
1807 3307 1822 3331 ,
1867 3278 2086 3324 cuncta-
2190 3262 2330 3317 sicut
2357 3261 2717 3329 loquebantur
2742 3259 2809 3313 ad
2839 3259 3066 3314 invicem
3098 3257 3121 3296 κ
3152 3258 3449 3327 evangelici
3469 3259 3570 3313 viri
3599 3257 3791 3314 dicen--

490 3361 600 3416 que
628 3348 770 3402 sacri
797 3362 927 3403 vasa
948 3350 1264 3420 ministerii,
1293 3369 1361 3408 ne
1386 3370 1451 3409 ea
1480 3356 1769 3426 sacrilegus
1793 3360 2087 3414 macularet
2187 3362 2271 3408 les
2297 3371 2309 3406 ε
2344 3351 2537 3406 Nonne
2565 3369 2652 3406 cor
2673 3360 2905 3406 ηοηνωη
2929 3350 3118 3403 "de"!
3143 3359 3257 3403 έναι
3296 3353 3312 3385 ³
3350 3349 3407 3402 in
3441 3349 3587 3404 ηοῦίε
3619 3351 3674 3403 in
3695 3351 3774 3403 σία

488 3445 773 3506 aspectus,
823 3443 1135 3497 convocatis
1175 3444 1395 3514 inopum
1425 3447 1622 3512 turbis,
1655 3449 1742 3516 pia
1768 3451 2083 3516 erogatione
2189 3441 2340 3514 (LUC-
2369 3442 2514 3511 XIV)?
2565 3439 2664 3496 Ubi
2711 3454 2840 3508 81‘80
2884 3455 2981 3494 εον
3021 3439 3204 3505 πόθι,
3237 3437 3506 3494 ﬂammam
3535 3439 3773 3493 ωευιδη

483 3525 795 3595 distribuit,
841 3538 900 3584 ut
935 3531 1146 3587 futurus
1175 3543 1381 3606 martyr
1409 3536 1463 3590 in
1490 3537 1847 3592 retributione
1874 3539 2081 3594 omlesti
2188 3549 2297 3589 non
2326 3533 2598 3598 sentiunt;
2625 3533 2714 3587 ubi
2743 3531 2943 3588 Christi
2973 3531 3108 3599 ignis
3131 3539 3409 3601 operatur,
3450 3531 3653 3586 diaboli
3678 3545 3773 3587 ne-

485 3619 710 3687 pariter,
743 3627 800 3675 et
820 3624 1069 3678 mercede
1109 3626 1192 3679 sui
1229 3626 1536 3694 sanguinis,
1569 3636 1624 3683 et
1649 3637 1812 3683 tantm
1839 3630 2078 3684 liberali-
2183 3639 2337 3680 cesse
2377 3631 2460 3678 est
2515 3623 2762 3678 vincatur
2799 3622 3108 3677 incendium
3150 3637 3166 3674 :
3209 3630 3268 3678 et
3307 3621 3400 3676 ubi
3428 3621 3523 3676 Dei
3553 3622 3771 3692 spiritus

485 3711 616 3764 tatis
644 3715 868 3782 praemio
893 3713 1176 3781 ditaretur,
1209 3733 1317 3772 non
1343 3717 1596 3773 dubitans
1615 3726 1671 3775 et
1699 3721 1752 3774 iu
1782 3702 2077 3791 selnetipso
2182 3715 2374 3781 fervet,
2405 3713 2596 3782 frigida
2627 3711 2686 3768 ﬂt
2714 3713 2930 3767 ﬂamma
2972 3712 3302 3768 mortalium.
3333 3721 3374 3749 ω
3412 3710 3480 3766 Et
3507 3713 3634 3767 hinc
3659 3721 3762 3780 est,

673 3818 733 3857 se
761 3803 922 3859 ﬁdem
952 3807 1170 3863 Christo
1195 3825 1312 3875 suo,
1344 3819 1400 3866 et
1427 3812 1826 3866 ecclesiasticas
1852 3829 1986 3882 opes
2018 3814 2073 3869 in

2193 3805 2444 3862 carissimi
2466 3843 2483 3870 ,
2541 3802 2688 3872 quod
2738 3802 3065 3872 triumphum
3115 3802 3262 3856 beati
3304 3799 3582 3857 Laurentii
3623 3810 3768 3858 totus

481 3893 811 3973 pauperibus
855 3907 1214 3952 servaturum.
1262 3898 1490 3971 Propter
1531 3903 1675 3971 quod
1723 3903 1973 3973 protinus
2001 3904 2071 3959 ad
2179 3895 2379 3966 ubique
2419 3893 2649 3949 mundus
2693 3907 2934 3948 consona
2987 3891 3149 3947 hodie
3185 3891 3478 3948 devotione
3521 3892 3765 3949 concele-

479 3983 713 4039 trihunal
741 3971 951 4055 rapitur
990 3988 1278 4058 impiorum
1310 3991 1388 4046 vir
1415 3971 1758 4061 simplicitate
1787 3995 2066 4059 innocens,
2175 3987 2318 4050 brat.
2350 3994 2377 4022 ³
2407 3985 2534 4041 hinc
2576 3985 2720 4055 (ιιιυά
2766 3983 3184 4053 inseparabilem
3233 3982 3394 4038 ﬁdem
3439 3982 3556 4051 clm
3593 3983 3764 4038 λαῖον

478 4071 702 4127 νὶηιιιίγ
725 4073 1077 4144 fortissimus;
1131 4080 1263 4133 nihil
1311 4096 1443 4136 sane
1480 4082 1640 4136 aliud.
1660 4082 1912 4138 deferens
1935 4084 2071 4153 judi-
2175 4079 2346 4135 Roma
2361 4078 2619 4142 miratur,
2650 4075 2743 4147 qui
2762 4073 2927 4130 radiis
2949 4074 3138 4130 aeterni
3161 4073 3292 4130 solis
3311 4088 3569 4129 accensus
3588 4073 3758 4144 ignem

477 4162 621 4218 tanti
665 4177 828 4232 quam
874 4173 901 4215 α
942 4167 1076 4224 vivae
1123 4171 1318 4225 mentis
1363 4174 1748 4240 constantiam,
1791 4183 1847 4230 et
1889 4177 2066 4232 illasze
2173 4173 2354 4230 surculi
2381 4171 2652 4242 patienter
2677 4166 2964 4233 sustinuit.
2989 4174 3050 4223 et
3074 4164 3410 4224 conﬁdenter
3435 4167 3626 4233 evasit,
3653 4175 3757 4224 etc.

1773 4286 2121 4350 HOMILIA
2165 4286 2455 4350 LXXVI.

1807 4384 1883 4439 De
1907 4388 2087 4442 eodem
2113 4388 2282 4442 natali
2312 4384 2433 4440 ΙΙΙ.

1929 4475 2302 4532 ADMONITIO

541 4559 809 4629 “anilia,
829 4576 991 4631 quam
1010 4567 1459 4634 septuagesimam
1482 4577 1692 4624 sextam
1711 4569 1962 4634 dicimus,
1992 4569 2401 4638 inscriptionem
2426 4564 2733 4634 huiusmodi
2769 4581 2784 4619 :
2815 4561 2884 4619 1η
2906 4559 3178 4618 nativitate
3205 4559 3586 4628 S._Laureatii,
3614 4576 3747 4632 pne-

541 4640 660 4702 aint
670 4632 889 4688 codices
909 4633 1151 4690 Vaticani
1183 4645 1310 4700 tres,
1335 4638 1388 4691 id
1409 4646 1490 4695 est
1514 4637 1655 4692 1275
1674 4653 1793 4702 pag.
1825 4639 1915 4702 81,
1951 4639 2088 4692 1177
2110 4652 2231 4702 pag.
2265 4637 2356 4702 55,
2398 4648 2454 4693 et
2480 4635 2876 4692 Ottobonianus
2908 4632 3010 4688 l06
3039 4645 3163 4702 pag.
3197 4631 3328 4702 210,
3352 4641 3462 4688 tres
3507 4629 3743 4688 Lauren—

471 4631 651 4716 l'erunt
670 4632 889 4688 codices
909 4631 1151 4690 Vaticani
1183 4631 1310 4700 tres,
1335 4638 1388 4691 id
1409 4646 1490 4695 est
1514 4637 1655 4692 1275
1674 4653 1793 4763 pag).
1825 4639 1915 4705 81,
1949 4631 2088 4692 1177
2110 4631 2231 4709 pag.
2265 4637 2356 4702 55,
2398 4648 2454 4693 et
2480 4631 2876 4692 Ottobonianus
2908 4632 3010 4688 l06

471 4710 604 4776 tiam
632 4701 703 4776 ξε)
725 4702 1006 4776 [ξίιιιηινιι
1053 4720 1174 4776 pag.
1200 4705 1342 4776 171,
1379 4723 1587 4763 necnon
1618 4709 1725 4763 duo
1792 4711 1882 4765 ibi.
1908 4709 2036 4764 olim
2075 4709 2218 4763 mdil.
2251 4708 2382 4764 eccl.
2418 4707 2706 4776 metropol.
2741 4704 2983 4759 Floreat.

471 4701 604 4774 tiani
632 4701 703 4774 39
725 4702 1006 4774 Plut.xvu
1053 4720 1174 4774 pag.
1220 4705 1342 4772 171,
1379 4723 1587 4763 necnon
1618 4701 1725 4763 duo

2741 4674 3741 4773 ἓῖὄῖεἱιῖῘίῆἳὲι’ί’·ῑί,ῖιῖἓῃξῖἶξὶ›ἒᾴξ

467 4766 592 4850 2‘6;
634 4771 919 4850 ﬁttgiensis
955 4766 1070 4850 xix,"
1090 4766 1497 4850 Katisponensis
1520 4777 1578 4833 8.
1607 4777 1933 4850 Emmerami
1963 4791 2086 4850 pag.
2113 4778 2206 4846 37,
2239 4766 3080 4850 MartinensisLBeneventanus,
3110 4766 3739 4850 demum'Farfeitsis'sig.

467 4839 531 4911 Β,
557 4841 720 4911 cuius
739 4842 929 4900 titulus
957 4862 971 4899 :
1001 4845 1187 4902 Sermo
1211 4839 1354 4919 infra
1381 4858 1615 4904 octavam
1636 4850 1698 4906 S.
1730 4839 2223 4918 Laurentiiﬁerm'o
2252 4849 2391 4903 beati
2411 4845 2638 4903 Maximi
2673 4845 2906 4917 ερὶεεορὶ
2921 4862 2941 4911 ;
2983 4851 3149 4915 atque
3171 4843 3230 4902 in
3268 4857 3374 4899 uno
3399 4857 3616 4914 quoque
3649 4839 3740 4900 e6-

537 5050 566 5110 !
602 5041 738 5100 Cod.
765 5042 1005 5110 “anim,
1031 5045 1366 5101 sanctissimi;

531 5109 563 5152 δ
599 5112 734 5170 Cod.
758 5114 884 5171 Vat.
915 5109 1075 5180 1277,
1104 5124 1326 5170 voraret.

535 5191 582 5266 ’Δ
767 5182 836 5266 12
857 5183 1002 5253 Vat.,
1035 5185 1328 5257 pervigilem
1355 5186 1566 5240 molitur
1591 5187 1733 5255 prius
1762 5186 2048 5241 custodiam

462 5261 689 5324 partem
713 5261 964 5324 arripere.

529 5319 562 5407 ξ
600 5321 749 5407 idem
771 5324 899 5407 god:
931 5323 1000 5376 12
1041 5322 1099 5406 8..
1129 5323 1316 5380 Crucis
1357 5323 1573 5407 inierat
1593 5333 1833 5407 truncato
1854 5326 2042 5396 capite.

537 5399 564 5460 ξ
601 5391 734 5446 Cod.
764 5391 970 5460 Casiu.,
1001 5396 1085 5460 qui
1111 5410 1294 5449 comm.
1322 5410 1355 5446 a
1378 5393 1486 5450 Deo
1507 5396 1606 5450 tibi
1633 5394 1826 5450 ovibus.

537 5410 564 5430 υ
601 5410 734 5446 nou.
767 5410 970 5455 ωιειυ..
1069 5410 1294 5449 ισοηιπι.
1322 5410 1355 5446 α
1378 5410 1482 5450 uec

537 5457 558 5498 ί
599 5460 732 5519 Cod.
761 5454 884 5516 vat.
921 5410 1076 5528 ηῗςῗ,
1107 5465 1194 5528 qui
1209 5463 1276 5518 de
1300 5473 1482 5520 morte.

496 5537 561 5616 ἐς
590 5514 760 5613 nisi.
782 5514 1076 5616 enatis
1095 5514 1599 5616 giganteis)”.
1631 5544 1687 5591 et
1723 5533 1846 5589 γει.
1881 5533 2044 5604 ηπ,

535 5755 550 5781 ι
582 5741 713 5797 Cod.
745 5742 984 5808 Marum.
1017 5746 1228 5799 caelestis
1259 5748 1565 5812 irriguimtis
1594 5747 1754 5800 unda.

2072 5048 2128 5110 D
2229 5049 2244 5099 i
2283 5047 2427 5103 idem
2457 5045 2580 5117 cod.
2630 5045 2722 5117 12,
2740 5043 2944 5117 etquid
2970 5045 3107 5117 volo,
3136 5042 3240 5117 nisi
3277 5052 3335 5117 ut
3370 5040 3584 5117 ardenti
3617 5044 3737 5117 item

2151 5119 2272 5174 cod.
2319 5119 2442 5172 Vat.
2504 5116 2664 5180 1277,
2697 5110 2904 5171 γλιιῑα
2953 5131 3008 5170 n.
3042 5110 3102 5183 7,
3141 5113 3265 5169 Vat.
3297 5110 3513 5183 Ottob.;
3545 5112 3736 5183 Belgici

2150 5204 2301 5252 vero,
2334 5187 2550 5242 Martia.
2597 5194 2656 5242 et
2697 5184 3052 5254 Camberon.,
3083 5182 3152 5238 et
3195 5199 3344 5253 quem
3392 5182 3507 5238 volo
3553 5193 3610 5237 ια
3650 5182 3734 5239 ar-

2151 5257 2448 5382 deg‘Codd.
2493 5325 2618 5381 Vat.
2653 5325 2787 5380 1277
2814 5331 2871 5380 et
2915 5323 3124 5392 ϐιαία,
3153 5323 3226 5378 ad
3265 5323 3485 5385 inritet!
3523 5322 3620 5378 viri
3661 5325 3734 5380 illi

2151 5397 2417 5479 dicentes:
2449 5395 2641 5451 Nonne
2695 5413 2784 5450 cor
2821 5403 3056 5450 nostram
3107 5395 3297 5448 ardens
3343 5392 3490 5448 nobis
3530 5404 3642 5449 erat
3681 5398 3730 5450 in

2150 5469 2365 5590 magna
2389 5537 2511 5592 cod.
2538 5535 2606 5588 12
2630 5535 2685 5590 8.
2718 5534 2906 5590 Crucis
2927 5534 2984 5590 in
3010 5533 3122 5590 Jer.
3147 5533 3304 5590 deest
3324 5533 3382 5587 in
3405 5533 3577 5588 nobis.

2223 5616 2258 5643 σι
2284 5607 2417 5660 Cod.
2453 5607 2572 5659 Vat.
2611 5605 2767 5670 1277,
2800 5603 2943 5658 Hinc
2967 5613 3063 5659 eu.

2213 5677 2409 5800 ;.(C0d.
2447 5677 2512 5732 12
2540 5677 2595 5732 8.
2640 5676 2825 5732 Crucis
2857 5677 2908 5730 in
2937 5674 3073 5743 πει,
3104 5676 3222 5730 hinc
3250 5683 3329 5730 est
3366 5672 3504 5744 quod
3532 5673 3725 5747 intapeo

2148 5764 2206 5798 ra
2241 5763 2383 5800 κεπτ.
