3910 6238
130 317 223 373 113

1478 316 1760 375 IIOMILIA
1802 320 2052 381 LXXVII.

3312 340 3414 395 4H

128 453 260 518 rum,
286 446 573 523 auctorem
602 436 1099 523 ejusdein'te'giuius
1120 434 1287 490 fuisse
1314 436 1625 523 episcopum
1656 438 2062 523 Taurinensem.
2093 443 2401 523 Maximum.
2428 447 2662 518 ldipsum
2684 450 2955 507 luculente
2984 462 3204 523 prmstat
3229 456 3413 513 Alcui—

128 524 224 561 uus
242 508 297 560 iu
325 505 654 560 Honiiliario
683 520 808 576 pag.
832 505 957 572 557,
987 514 1042 561 et
1066 521 1188 560 cum
1209 522 1275 560 eo
1300 505 1536 561 editores
1557 524 1782 577 operum
1807 514 1984 567 sancti
2014 513 2252 570 Maximi.

126 621 525 714 Aacuuenruu.
552 606 1723 714 Aqugtttgintotltm-t‘fettﬂti‘1431513113?
1753 628 1797 684 Λ
1831 642 1928 694 per
1958 630 2279 698 prophetam
2309 631 2576 687 dicentem
2610 651 2625 688 :
2660 634 2727 688 Et
2755 637 2800 689 si
2831 646 3069 694 transeas
3106 657 3200 709 per
3223 644 3413 714 ignem,

192 693 423 760 perfecta
450 691 676 743 caritate
705 692 1195 758 inﬂammatus,non
1235 692 1389 742 cessit
1437 693 1725 760 furentibus

193 758 486 824 incendiis,
536 760 615 811 ita
661 776 755 813 nos
786 777 817 811 a
847 760 1039 813 Christi
1078 760 1319 813 societate
1368 758 1479 813 non
1529 772 1727 816 moveat

193 829 325 898 ignis
334 830 679 951 tignorum
702 831 1112 897 tribulationum,
1139 838 1188 883 et
1229 830 1441 898 ﬂamma
1472 832 1728 885 malorum

194 914 327 951 saxa
483 916 555 951 m.

194 914 555 951 swcutarium.

197 1077 505 1133 Beatissimi
563 1076 859 1145 Laurentii,
910 1076 1102 1133 fratres
1146 1079 1433 1148 carissimi,
1474 1090 1500 1118 ι
1549 1096 1727 1137 annua

130 1184 451 1239 semperque
480 1184 628 1223 nova
682 1168 944 1223 festivitas
984 1169 1280 1225 Ecclesiam
1319 1171 1413 1227 Dei
1450 1173 1649 1242 jugiter
1673 1176 1727 1229 in

131 1261 313 1329 gaudia
345 1261 553 1315 laetitiae
574 1261 868 1330 spiritualis
888 1263 1154 1331 accendit,
1186 1263 1483 1319 admonens
1511 1266 1728 1320 univer-

132 1353 334 1408 sitatem
364 1352 729 1417 credentium,
756 1360 813 1407 ut
832 1354 972 1408 sicut
997 1354 1086 1408 ille
1106 1356 1356 1424 perfecta:
1374 1356 1402 1395 δ
1425 1358 1727 1415 devotionis

131 1443 319 1498 ardore
348 1443 662 1497 furentibus
691 1460 797 1498 non
820 1447 983 1499 cessit
1010 1445 1302 1514 incendiis;
1330 1451 1402 1504 ita
1433 1466 1532 1505 nos
1552 1451 1728 1505 diver-

135 1548 301 1588 sarum
348 1533 764 1587 tribulationum
794 1535 961 1602 ignis,
992 1546 1047 1591 et
1076 1538 1342 1593 malorum
1394 1542 1725 1595 saecularium

134 1623 339 1679 ﬂamma
381 1641 412 1679 a
455 1625 663 1681 Christi
703 1628 965 1684 societate
1008 1647 1135 1685 non-
1158 1643 1395 1700 moveat,
1421 1644 1478 1687 ut
1519 1636 1593 1689 ait
1637 1636 1727 1690 ille

135 1719 512 1789 mysteriorum
555 1719 859 1773 caelestium
906 1720 1118 1787 doctor,
1175 1736 1238 1776 ac
1294 1723 1460 1777 totius
1514 1725 1727 1779 virtutis

136 1810 433 1877 exemplum
458 1810 885 1877 gloriosissimus
916 1810 1113 1867 Paulus
1147 1831 1158 1865 :
1193 1812 1319 1876 Quis
1347 1832 1440 1868 nos
1460 1817 1726 1885 separabit

137 1902 397 1954 ecaritate
425 1899 649 1963 Christi,
683 1902 967 1967 tribulatio,
1000 1921 1067 1957 an
1117 1908 1377 1976 angustia,
1410 1917 1432 1945 ο
1466 1925 1532 1961 an
1564 1908 1722 1980 243

1830 720 2045 787 ﬂamma
2075 732 2122 775 te
2144 740 2249 777 non
2271 724 2530 779 comburet
2562 726 2717 797 (lsai.
2752 730 2925 799 xuii).
2959 730 3097 788 Ecce
3128 735 3271 788 enim
3291 736 3418 790 bea-

1831 820 1917 865 tus
1948 812 2268 871 Laurentius
2300 820 2548 872 transivit
2572 835 2668 887 per
2696 821 2895 889 ignem,
2925 839 3033 892 quo
3059 841 3167 880 non
3197 826 3420 883 adustus

1830 905 2118 973 inhorruit,
2141 908 2235 962 sed
2256 909 2588 966 illuminatus
2603 911 2821 981 ell'ulsit,
2855 913 2869 954 ῐ
2892 917 3102 971 transiit
3124 934 3219 987 per
3244 920 3418 987 ignem

1830 1005 2265 1052 momentaneum
2316 1010 2478 1069 atque
2536 1010 2840 1073 terrenum,
2872 1007 2968 1062 sed
3016 1006 3285 1078 ﬂammam
3327 1025 3417 1078 ge-

1829 1087 2020 1141 hennae
2049 1098 2311 1158 perpetuo
2334 1101 2355 1139 8
2384 1094 2661 1149 exurentis
2686 1096 2877 1150 evasit.
2909 1096 3047 1164 Quid
3077 1098 3181 1153 hoc
3208 1100 3417 1155 beatius

1829 1178 1967 1243 viro,
1990 1180 2083 1249 qui
2110 1180 2417 1236 miserantis
2446 1184 2541 1238 Dei
2591 1184 2940 1254 dispensante
2968 1189 3138 1256 gratia
3178 1191 3308 1246 arsit
3348 1207 3418 1247 ne

1828 1268 2063 1337 arderet,
2094 1267 2120 1306 ιι
2152 1279 2210 1325 ut
2255 1287 2322 1325 ne
2352 1282 2598 1329 ureretur
2646 1284 2870 1331 exustus
2896 1280 3014 1333 est?
3042 1280 3143 1345 Qui
3185 1281 3345 1352 244.
3373 1284 3417 1337 si

1829 1360 1991 1415 nullis
2028 1370 2171 1415 esset
2200 1362 2409 1429 ignibus
2440 1372 2495 1418 et
2521 1367 2795 1435 suppliciis
2827 1368 3071 1438 traditus,
3102 1370 3273 1425 fuerat
3300 1374 3417 1441 qui-

1828 1453 1950 1507 dem
1971 1454 2231 1509 securitas
2270 1456 2554 1524 libertatis,
2585 1458 2679 1513 sed
2708 1459 2855 1514 nulla
2881 1462 3164 1516 exstiterat
3201 1461 3215 1500 ί
3248 1463 3416 1531 gloria

1827 1543 2159 1610 dimicantis;
2192 1546 2258 1600 ad
2279 1547 2383 1601 hoc
2412 1549 2555 1601 enim
2581 1564 2681 1604 nos
2720 1552 2981 1621 exemplis
3013 1562 3175 1623 atque
3212 1554 3416 1610 doctri-

1828 1634 1911 1688 nis
1940 1635 1994 1688 in
2020 1634 2261 1689 Ecclesia
2292 1651 2386 1689 sua
2413 1636 2658 1692 Christus
2684 1640 2879 1704 erudit,
2912 1657 3019 1695 non
3050 1650 3106 1695 ut
3131 1642 3263 1695 nihil
3290 1643 3415 1699 mali

1826 1726 2095 1793 patiamur
2114 1726 2168 1778 in
2188 1726 2389 1781 mundo
2407 1765 2423 1791 ,
2452 1727 2549 1782 sed
2576 1736 2634 1782 ut
2659 1730 2913 1784 mundum
2939 1732 2951 1779 i
2991 1732 3266 1800 multiplici
3290 1748 3418 1801 pas-

1825 1814 1979 1867 sione
2008 1814 2307 1869 vincamus.
2332 1815 2542 1871 Cecinit
2563 1817 2835 1886 quondam
2866 1820 3028 1873 variis
3060 1821 3417 1875 tribulationi-

1827 1904 1927 1957 bus
1956 1911 2259 1958 coarctatus
2281 1905 2370 1959 ille
2412 1906 2737 1962 clarissimus
2777 1909 3160 1977 prephetarum
3191 1912 3417 1979 patriar-

138 1995 414 2060 persecutio
440 2033 456 2057 ,
504 2010 577 2046 an
634 1996 827 2064 fames,
888 2011 955 2047 an
1005 1996 1213 2050 auditas
1234 2041 1247 2064 ,
1306 2015 1373 2051 an
1423 2000 1724 2067 periculum,
1762 1994 1805 2052 B
1832 1994 1930 2047 cha
1960 1992 2147 2061 David,
2177 1994 2360 2049 dicens
2393 2013 2405 2048 :
2440 1996 2709 2050 Concaluit
2737 2015 2828 2052 cor
2856 2016 3022 2052 neum
3050 2000 3192 2053 intra
3235 2018 3335 2067 me,
3366 2012 3415 2055 et

139 2096 201 2134 au
246 2083 455 2153 gladius
507 2082 699 2152 (Rom.
733 2082 887 2151 vni)?
934 2082 961 2121 ιι
1012 2084 1080 2137 Εῑ
1124 2102 1251 2141 vere
1299 2087 1455 2141 nullis
1495 2104 1731 2157 pimscn-

140 2170 260 2226 tium
304 2173 754 2241 persecutionum
811 2182 989 2244 potest
1041 2177 1288 2231 inclinari
1328 2178 1581 2247 periculis
1636 2180 1729 2249 qui

139 2262 292 2316 semel
315 2264 591 2332 promissa
613 2266 1000 2335 omnipotentis
1025 2267 1141 2335 Dei,
1155 2276 1211 2322 et
1223 2276 1421 2323 interna
1434 2270 1729 2338 largissimi

143 2351 515 2425 Redemptoris
538 2358 782 2426 praimia,
802 2355 906 2412 ﬁde
926 2358 1104 2412 stabili
1134 2367 1189 2413 et
1212 2360 1531 2415 inconcussa
1546 2369 1730 2417 mente

140 2446 393 2514 concepit.
423 2444 615 2514 Neque
663 2447 806 2500 enim
854 2455 1037 2517 potest
1074 2449 1302 2505 arduum
1338 2450 1466 2504 illud
1503 2452 1727 2520 praecel-

142 2548 355 2603 sumque
376 2536 653 2591 bonarum
680 2536 1065 2592 immortalium
1089 2538 1191 2593 iter
1210 2540 1401 2595 debilis
1422 2541 1651 2605 animus,
1674 2550 1730 2595 ct

143 2622 266 2681 ﬁdes
293 2628 483 2681 clauda
512 2627 902 2683 conscendere.
935 2628 1063 2683 Ideo
1091 2638 1147 2683 et
1198 2629 1549 2684 fortissimum
1579 2647 1726 2685 mar-

143 2726 301 2789 tyrem
330 2720 759 2775 incumbentium
792 2725 1061 2775 tormenta
1108 2736 1409 2790 poenarum,
1440 2730 1497 2776 et
1544 2723 1727 2777 saevis-

142 2810 253 2864 simi
279 2813 650 2881 persecutoris
677 2828 933 2881 superare
974 2813 1188 2867 ﬂamma
1216 2830 1326 2868 non
1363 2815 1568 2883 potuit;
1600 2816 1724 2886 quia

144 2899 295 2968 longe
322 2902 604 2956 ardentius
646 2904 890 2958 veritatis
939 2903 1105 2958 radiis
1148 2920 1300 2958 mens
1336 2904 1454 2972 ejus
1500 2920 1725 2959 accensa

145 2988 392 3057 fervebat;
426 2992 574 3047 unde
610 3008 712 3048 nec
742 3003 767 3031 ε
797 2995 974 3063 potuit
1013 2994 1082 3049 de
1126 2994 1438 3061 infatigabili
1468 2995 1583 3063 ejus
1628 3011 1724 3065 pe-

145 3088 282 3137 ctore
305 3085 545 3139 calorem
562 3085 818 3141 divinitus
842 3086 1073 3141 infusum
1091 3102 1384 3156 corporeus
1406 3088 1494 3141 ille
1516 3096 1571 3141 et
1588 3104 1728 3141 mor-

148 3172 317 3227 talium
345 3176 686 3231 ministratus
714 3179 960 3231 manibus
1001 3179 1136 3246 ignis
1157 3179 1464 3233 excludere.
1504 3180 1580 3233 Dc
1619 3180 1723 3234 hoc

148 3262 456 3319 validissimo
480 3265 680 3321 Christi
704 3268 873 3322 milite
894 3267 1021 3321 illud
1046 3268 1372 3323 credendum
1387 3276 1470 3323 est
1495 3270 1716 3331 dictum,

1828 2084 1887 2136 in
1927 2084 2262 2138 meditatione
2302 2102 2417 2138 mea
2454 2086 2753 2140 exardescet
2779 2089 2919 2158 ignis
2949 2088 3119 2159 (Psal.
3170 2091 3411 2160 xxxvm).

1830 2172 1999 2240 Quam
2023 2176 2345 2230 sententiam
2382 2178 2545 2233 etiam
2572 2179 2865 2233 venerabili
2898 2179 3186 2236 Laurentio
3216 2198 3408 2237 conve-

1831 2265 1947 2319 nire
1976 2266 2322 2321 manifestum
2350 2274 2433 2322 est
2466 2286 2478 2319 :
2505 2269 2656 2336 cujus
2684 2284 2779 2324 cor
2799 2278 2943 2324 tanta
2974 2272 3026 2325 in
3069 2271 3172 2327 ﬁde
3217 2272 3413 2327 Christi

1828 2356 2265 2422 magnanimitate
2294 2358 2581 2425 concaluit,
2604 2366 2682 2422 ut,
2702 2358 2967 2430 despectis
2997 2362 3199 2431 proprii
3221 2378 3413 2432 corpo-

1826 2444 1902 2521 ris
1922 2446 2265 2511 cruciatibus,
2300 2447 2639 2501 insanissimo
2688 2450 2881 2504 tortori
2918 2467 3041 2519 suo,
3072 2453 3413 2521 triuinpliatis

1828 2520 1947 2604 ejus
1975 2538 2211 2604 ignibus,
2243 2538 2394 2592 laetus
2434 2538 2684 2594 illuderet
2724 2559 2735 2592 :
2785 2557 2911 2595 vere
2966 2543 3019 2595 in
3066 2520 3416 2597 meditatione

1826 2627 1945 2695 ejus
1986 2628 2362 2698 insuperabilis
2390 2631 2591 2685 exarsit
2635 2631 2792 2700 ignis,
2839 2632 2860 2669 ιι
2904 2634 2994 2703 qui
3024 2634 3146 2690 odio
3179 2633 3415 2705 perfidia:

1826 2726 1882 2773 et
1905 2734 2090 2773 amore
2119 2721 2362 2774 veritatis
2398 2736 2660 2776 accensus
2696 2724 2997 2793 appositam
3020 2725 3121 2780 sibi
3150 2726 3417 2780 extrinse-

1826 2827 1920 2867 cus
1948 2810 2216 2866 llammam
2245 2821 2337 2867 aut
2356 2830 2462 2867 non
2492 2816 2684 2884 sensit,
2706 2824 2799 2871 aut
2816 2818 2963 2871 vicit.
2990 2816 3219 2887 Propter
3248 2820 3413 2887 quod,

1827 2904 2124 2970 carissimi,
2172 2905 2501 2960 cxsultemus
2540 2914 2595 2961 et
2620 2908 2861 2963 lietemur
2890 2908 2945 2963 in
2992 2908 3256 2976 Domino,
3303 2926 3414 2965 non

1826 2994 2164 3060 dubitantes,
2215 3002 2271 3049 et
2322 3006 2724 3065 persecutorem
2772 2999 3022 3069 martyris
3062 3014 3161 3068 pro
3204 3000 3414 3067 ignibus

1825 3102 1961 3155 quos
1989 3086 2256 3154 accendit,
2287 3097 2583 3155 prcharata
2610 3104 2706 3156 pro
2745 3089 2923 3158 impiis
2968 3090 3414 3146 incendia.susti-

1826 3193 1973 3241 nere,
2007 3186 2061 3231 et
2094 3178 2265 3246 ipsum
2310 3178 2680 3233 beatissimum
2724 3188 3015 3251 martyrem
3060 3196 3157 3250 pro
3200 3180 3412 3237 ﬂamma

1824 3282 1983 3335 quam
2008 3264 2247 3335 pertulit,
2269 3266 2410 3335 apud
2433 3268 2859 3338 omnipotentem
2890 3270 3059 3325 Deum
3087 3270 3412 3341 incorruptae

147 3352 275 3419 Quod
307 3364 433 3410 ante
481 3356 655 3411 multa
684 3373 949 3413 annorum
987 3359 1154 3413 millia
1191 3362 1603 3429 prienuntiatnm
1644 3351 1797 3414 estC
1831 3358 1964 3413 lucis
1994 3358 2381 3412 illuminatione
2409 3356 2629 3427 fulgere.

1418 3473 1765 3533 HUMILIA
1810 3473 2131 3533 LXXVII.

1111 3571 1190 3626 De
1214 3572 1379 3625 natali
1411 3572 1469 3628 S.
1498 3571 1709 3626 Eusebii
1747 3573 2089 3627 Vercellensis
2116 3574 2348 3644 episwpi
2375 3572 2427 3631 Ι.

1577 3665 1969 3721 ADMONITIO.

210 3756 509 3828 Gennadius
545 3758 615 3813 de
654 3758 868 3828 scriptis
894 3758 950 3813 S.
984 3757 1201 3812 Maximi
1238 3758 1526 3820 disserens,
1560 3760 1746 3827 fecisse
1785 3760 1940 3822 hunc,
1973 3758 2190 3822 scribit,
2224 3758 2287 3812 de
2315 3758 2377 3813 S.
2410 3757 2623 3812 Eusebii
2664 3758 2999 3813 Vercellensis
3028 3760 3133 3814 vita
3161 3769 3411 3817 tractatus

154 3824 288 3881 llos.
316 3827 431 3882 lam
478 3836 743 3883 tractatus
764 3824 873 3883 dici
913 3828 1040 3883 olim
1081 3828 1330 3883 homilias
1367 3824 1750 3896 sermonesque
1779 3843 2074 3883 consuesse
2103 3828 2209 3881 alio
2238 3844 2337 3883 nos
2364 3828 2485 3883 loco
2516 3828 3009 3884 animadvertimus.
3043 3829 3147 3885 Sed
3169 3832 3277 3885 erit
3304 3832 3413 3886 for-

154 3902 279 3951 Iasse
302 3898 389 3966 qui
407 3899 640 3972 dubitet
660 3906 919 3952 tractatus
939 3913 1008 3952 ne
1038 3898 1259 3972 i_l_li_du_o_,
1292 3912 1519 3972 quorum
1539 3896 1850 3972 Gennadius
1878 3898 2142 3972 meminit,
2171 3897 2250 3972 hic
2272 3898 2403 3966 ipsa:
2424 3898 2530 3972 sint
2548 3898 2790 3972 humilia:
2818 3908 3018 3954 nostra:
3044 3900 3180 3972 dum,
3201 3916 3269 3955 an
3298 3901 3406 3972 duo

152 3969 524 4023 esermonibus
552 3969 811 4037 quinque,
843 3982 979 4036 quos
1004 3968 1168 4021 edidit
1197 3966 1521 4022 Muratorius
1549 3968 1601 4021 in
1634 3968 1905 4022 volumine
1935 3967 1999 4021 IV
2024 3966 2429 4022 Anecdotorum.
2464 3967 2660 4021 Vel'um
2688 3968 2733 4023 si
2783 3968 3131 4023 monumenta
3159 3971 3407 4026 conside-

154 4048 332 4108 remus,
365 4037 523 4104 longe
554 4046 681 4091 sunt
702 4045 759 4092 et
784 4053 1010 4092 numero
1040 4046 1093 4091 et
1119 4044 1391 4108 vetustate
1419 4039 1815 4108 prmstantiora,
1838 4053 1959 4108 quae
1976 4037 2201 4108 duabus
2215 4037 2361 4108 hisce
2380 4037 2615 4091 bomiliis
2638 4038 2928 4108 ascriptum
2945 4038 3176 4108 Maximi
3206 4055 3409 4095 nomen

155 4106 439 4171 pricferunt,
472 4123 636 4175 quam
666 4108 791 4168 sint,
824 4122 943 4173 qua:
971 4107 1307 4161 sermonibus
1338 4107 1442 4161 illis
1486 4106 1871 4163 Muratorianis
1931 4107 2023 4161 uin
2064 4121 2151 4161 ue.
2184 4106 2239 4160 In
2281 4107 2345 4162 iis
2380 4108 2745 4161 monumentis
2772 4114 2884 4162 tres
2911 4107 3156 4162 Vaticani
3186 4110 3410 4165 codices

155 4187 499 4229 numerantur.
536 4175 697 4229 1268.
730 4176 869 4229 1275
896 4185 952 4229 et
980 4176 1151 4229 1277;
1186 4185 1297 4229 tres
1326 4178 1487 4229 etiam
1516 4124 1999 4229 Casinenses.12.
2025 4122 2137 4229 709
2171 4183 2228 4229 et
2278 4192 2385 4229 cxi.
2422 4176 2517 4229 His
2564 4177 2831 4229 accedunt
2858 4176 3242 4229 Sanzallensis-
3272 4178 3410 4229 Ver-

1985 4217 1999 4241 9

155 4187 499 4240 numerantur,
536 4175 697 4239 1268,
730 4176 869 4230 1275
896 4185 952 4231 et
980 4176 1151 4242 1277;
1186 4185 1297 4231 tres
1326 4178 1487 4230 etiam
1516 4176 1869 4241 Casiuenses,

2067 4176 2137 4230 09
2171 4183 2228 4246 et
2278 4192 2385 4232 cxi.
2422 4176 2831 4246 Hisgaccedunt
2858 4176 3242 4246 Sangallensis,
3272 4178 3413 4233 Ver-

155 4238 501 4327 cellen_sis.66,
529 4238 897 4327 hlartinensis,
930 4238 1340 4327 Ratisponensis
1354 4246 1769 4327 S.‘Emmﬁerau‘ii.
1803 4238 2119 4327 consonant
2138 4244 2493 4327 hisexempla
2513 4238 2849 4327 penuadiani
2876 4238 3135 4327 catalogi,
3156 4238 3411 4327 operum-

189 4328 256 4395 ue.
274 4314 483 4370 Maximi
512 4317 785 4398 editiones
813 4326 1053 4382 cunctae;
1082 4314 1282 4385 quibus
1312 4323 1460 4397 certe
1499 4316 1908 4399 suﬂragiosunt
1935 4316 2133 4399 stylus,
2168 4315 2469 4399 sublimitas
2491 4316 2949 4399 doctrinmnraft‘io
2976 4314 3413 4399 addu’ceudorum

189 4328 248 4367 ue
274 4327 483 4370 maximi
512 4327 785 4371 editiones
813 4327 1053 4382 cunctas;
1088 4327 1282 4385 quibus
1312 4327 1460 4370 certe
1499 4327 1752 4385 suuragio
1782 4327 1908 4372 sunt
1935 4327 2133 4386 stytus,
2168 4327 2469 4369 sublimitas
2496 4327 2776 4382 doctrinae,
2810 4327 2949 4370 ratio
2976 4327 3413 4381 adduceudorum

155 4327 424 4467 geriptnnc
475 4388 934 4467 testimoniorum,
973 4400 1093 4467 quae
1116 4386 1447 4467 saneomnis
1475 4387 1701 4467 quisque
1727 4388 1885 4467 plane
1930 4386 2106 4467 cernit
2144 4383 2629 4467 esseoMaximiaLna:
2663 4384 2839 4467 Quid?
2866 4386 2921 4441 Si
2935 4402 3073 4467 .cum
3090 4384 3413 4467 _Ge-i_niad_ius

158 4459 362 4507 testetur
380 4454 445 4509 de
473 4456 584 4509 vita
606 4456 662 4510 S.
697 4456 912 4536 Eusebii
941 4454 1217 4536 scripsisse
1237 4454 1534 4536 Maximum
1558 4454 1816 4536 tractatus
1836 4458 1993 4523 duos,
2021 4465 2133 4536 tum
2154 4454 2208 4508 in
2237 4454 2319 4536 his
2343 4455 2574 4509 homiliis
2594 4454 2802 4536 duabus
2821 4455 3140 4536 copiosede
3167 4455 3407 4536 Eusebio

157 4531 354 4607 agatur;
378 4536 566 4607 contra
587 4542 719 4581 vero
748 4528 802 4580 in
827 4523 1166 4607 sermonibus
1202 4526 1285 4607 _de
1314 4524 1858 4607 Machabaiisz-deque
1887 4525 2164 4607 monachis
2180 4524 2373 4607 potius
2402 4540 2561 4607 quam
2590 4525 2657 4607 de
2682 4523 3249 4607 Eusebio_instimawr
3274 4542 3405 4607 ora-

158 4590 425 4675 tiontque
454 4596 1023 4675 inepte,_per_turbate,
1053 4595 1315 4675 im_polite,
1347 4605 1544 4675 utnon
1572 4612 1603 4651 e
1633 4590 1859 4675 Diam-iui
1878 4604 2057 4675 certe;
2102 4590 2287 4675 sed—ex
2318 4590 2553 4675 imperiti
2575 4594 2801 4675 alicujus
2829 4595 3086 4675 nidisque
3111 4596 3413 4675 Scriptoris

158 4666 408 4727 opusculis
440 4664 805 4723 consarcinati
842 4682 964 4721 esse
993 4664 1321 4733 conﬂatique
1351 4665 1668 4721 videantur?
1693 4665 1798 4720 Sed
1829 4666 1898 4720 de
1928 4666 2009 4719 his
2030 4664 2188 4731 longe
2218 4664 2369 4730 plura
2398 4664 2451 4717 iii

159 4742 376 4804 uicinum.
409 4733 621 4790 Titulus
650 4735 809 4804 hujus
853 4736 1108 4799 bomiliae,
1159 4750 1320 4804 quam
1366 4751 1507 4789 nunc
1534 4736 1724 4791 damus
1752 4736 1804 4789 in
1834 4735 2108 4790 codicibus
2136 4734 2425 4804 discrepat.
2467 4733 2538 4804 In
2567 4734 2928 4802 Sangallensi,

2546 4664 2795 4719 :cfatione
2824 4664 2891 4719 ad
2918 4664 3268 4722 anneudicem
3298 4682 3414 4722 ser-

3010 4736 3220 4791 aticano
3252 4734 3350 4789 127
3355 4733 3412 4802 5,

161 4794 837 4874 Ratispenensi.‘Augi€nsi,
864 4794 1419 4860 Martinensi'etl‘ertur
1447 4806 1547 4859 hoc
1578 4807 1741 4861 modo
1769 4823 1781 4858 :
1816 4804 1883 4859 In
1913 4806 2088 4857 natale
2118 4804 2179 4857 S.
2212 4794 2425 4856 Eusebii
2466 4794 2823 4858 Vercelléisis.
2848 4794 3089 4859 Vaticani
3119 4805 3245 4865 duo,
3276 4794 3416 4859 1766

162 4875 207 4956 ει
234 4869 378 4956 12717,
401 4869 805 4956 etcasinénses
825 4869 1047 4956 perinde
1071 4874 1179 4956 duo
1209 4875 1515 4956 sicilialien‘t
1546 4892 1560 4927 :
1606 4874 1671 4956 in
1702 4878 2489 4956 natate_con{essorum;nsecus
2509 4874 2753 4956 profecto
2793 4890 3084 4956 quantum;
3127 4874 3413 4956 mutulos;

161 4934 497 5000 Vercellensis
516 4946 789 5015 denique:
814 4934 883 4999 In
926 4944 1253 5016 solemnitate
1280 4944 1436 5016 beati!
1460 4943 1671 5016 Eusebii
1702 4934 2066 5013 Vercellensis,
2109 4934 2370 4999 sermu'S.
2403 4934 2633 4999 Maiimi
2666 4934 2915 5016 episcopi.
2955 4942 3066 4999 Nos
3091 4934 3215 5000 eum
3243 4944 3415 5001 secuti

164 5022 325 5064 sumus
343 5028 500 5084 quem
520 5014 738 5072 codices
764 5016 945 5087 priore
966 5015 1086 5071 loco
1114 5014 1333 5069 indicati
1353 5014 1632 5070 exhibent.

230 5253 250 5317 τ
278 5244 331 5317 In
358 5246 476 5301 cod.
509 5248 603 5302 cit.
640 5248 708 5301 12
750 5247 946 5301 desunt
974 5248 1137 5303 verba
1183 5262 1362 5300 annua
1410 5260 1728 5317 semperque.
1763 5248 1812 5311 D

230 5311 252 5347 δ
280 5312 415 5383 Idem
441 5318 562 5372 cod.
598 5316 689 5383 12,
719 5318 1034 5372 dilectionis.

237 5392 254 5457 ξ
282 5382 335 5457 In
362 5386 479 5441 cod.
513 5387 583 5440 12
608 5382 803 5441 desunt
823 5388 934 5442 lucc
954 5388 1143 5450 verba,
1177 5402 1244 5439 an
1275 5390 1581 5457 persecutio.

232 5446 255 5485 δ
282 5451 420 5525 Ideni
446 5458 565 5512 cod.
596 5457 665 5510 12
689 5458 837 5525 legit.
871 5457 978 5513 Sed
1002 5472 1092 5511 nec
1119 5446 1240 5511 ullis
1258 5446 1285 5523 ;’
1306 5456 1426 5512 cod.
1448 5456 1628 5511 Casin.
1660 5454 1730 5510 Et

172 5532 271 5575 tere
288 5523 467 5591 nullus,
491 5536 597 5582 etc.

285 5590 419 5667 Ideni
441 5598 561 5667 cod.
589 5596 660 5650 12
676 5594 737 5667 S.
768 5595 952 5652 Crucis
984 5598 1037 5652 in
1075 5596 1211 5660 Jer.,
1243 5612 1337 5649 nec
1360 5605 1581 5667 poterat.

182 5662 443 5781 iuitmd'
489 5664 673 5723 Duob'
709 5666 828 5721 Vm.
868 5667 963 5722 106
1011 5677 1064 5722 et
1119 5667 1250 5723 Cod.
1294 5662 1502 5734 (Sa-sin”
1553 5677 1726 5722 trans-

1913 5255 1937 5293 ε
1962 5244 2096 5300 Cod.
2129 5241 2436 5309 Martinen.,
2465 5243 2689 5297 urentis.

1907 5314 1934 5351 δ
1957 5314 2126 5371 Codd.
2160 5312 2316 5377 1277,
2343 5306 2464 5367 Vat.
2497 5311 2680 5367 Ottob.
2712 5308 2835 5373 106,
2856 5316 2912 5365 et
2936 5307 3046 5365 duo
3072 5306 3350 5369 Casinum.
3369 5315 3419 5362 et

1834 5402 1899 5439 ne
1916 5394 2169 5439 ureretur.

1914 5454 1929 5493 ί
1963 5455 2096 5509 Cod.
2121 5453 2327 5521 Casin.,
2352 5453 2563 5507 victoria
2580 5466 2682 5521 pro
2702 5450 2889 5521 gloria.

1909 5524 1922 5597 ᾗ
1958 5524 2277 5597 C0dd._Vat.
2312 5512 2446 5597 1277
2472 5532 2529 5577 et
2564 5512 3125 5597 Casilinnsnltimoth
3156 5512 3411 5597 passione.

1908 5594 1933 5631 ιι
1965 5594 2097 5648 Cod.
2129 5594 2280 5658 Cas.,
2300 5596 2383 5666 qui
2410 5610 2510 5647 non
2542 5592 2660 5647 odio
2688 5589 2941 5659 perﬁdiis,
2972 5586 3063 5643 sed
3090 5600 3264 5641 artiore
3284 5588 3417 5640 teri-

1835 5670 1979 5728 tatis,
2002 5674 2105 5719 etc.
