  <div class='ocr_page' id='page_1' title='image "/cluster/home/n/w/nwhite01/storage/ocr_20150623/57/uva.x000827099/211.png"; bbox 0 0 3910 6238; ppageno 0'>
   <div class='ocr_carea' id='block_1_1' title="bbox 459 354 575 409">
    <p class='ocr_par' dir='ltr' id='par_1_1' title="bbox 459 354 575 409">
     <span class='ocr_line' id='line_1_1' title="bbox 459 354 575 409; baseline 0.017 -2"><span class='ocrx_word' id='word_1_1' title='bbox 459 354 575 409; x_wconf 58' lang='grc'><strong><em>115</em></strong></span> 
     </span>
    </p>
   </div>
   <div class='ocr_carea' id='block_1_2' title="bbox 1673 333 2515 398">
    <p class='ocr_par' dir='ltr' id='par_1_2' title="bbox 1673 333 2515 398">
     <span class='ocr_line' id='line_1_2' title="bbox 1673 333 2515 398; baseline -0.01 0"><span class='ocrx_word' id='word_1_2' title='bbox 1673 342 1731 398; x_wconf 86' lang='lat' dir='ltr'><strong><em>S.</em></strong></span> <span class='ocrx_word' id='word_1_3' title='bbox 1771 337 2016 396; x_wconf 63' lang='lat' dir='ltr'><strong><em>MAXIM!</em></strong></span> <span class='ocrx_word' id='word_1_4' title='bbox 2056 333 2515 391; x_wconf 77' lang='lat' dir='ltr'><strong><em>TAUBINENSIS</em></strong></span> 
     </span>
    </p>
   </div>
   <div class='ocr_carea' id='block_1_3' title="bbox 3641 332 3748 388">
    <p class='ocr_par' dir='ltr' id='par_1_3' title="bbox 3641 332 3748 388">
     <span class='ocr_line' id='line_1_3' title="bbox 3641 332 3748 388; baseline 0.028 -3"><span class='ocrx_word' id='word_1_5' title='bbox 3641 332 3748 388; x_wconf 69' lang='lat'><strong><em>“6</em></strong></span> 
     </span>
    </p>
   </div>
   <div class='ocr_carea' id='block_1_4' title="bbox 470 443 3744 588">
    <p class='ocr_par' dir='ltr' id='par_1_4' title="bbox 470 443 3744 588">
     <span class='ocr_line' id='line_1_4' title="bbox 470 443 3744 588; baseline -0.009 -65"><span class='ocrx_word' id='word_1_6' title='bbox 470 466 627 588; x_wconf 47' lang='lat' dir='ltr'><strong><em>ags</em></strong></span> <span class='ocrx_word' id='word_1_7' title='bbox 654 465 1148 548; x_wconf 49' lang='grc' dir='ltr'><strong><em>Διψακυτυιμς-</em></strong></span> <span class='ocrx_word' id='word_1_8' title='bbox 1173 458 1347 512; x_wconf 78' lang='lat' dir='ltr'><strong><em>Pelrte</em></strong></span> <span class='ocrx_word' id='word_1_9' title='bbox 1381 473 1540 527; x_wconf 84' lang='lat' dir='ltr'><strong><em>supra</em></strong></span> <span class='ocrx_word' id='word_1_10' title='bbox 1586 471 1739 536; x_wconf 69' lang='lat' dir='ltr'><strong><em>quam</em></strong></span> <span class='ocrx_word' id='word_1_11' title='bbox 1787 451 2051 520; x_wconf 70' lang='lat' dir='ltr'><strong><em>aediﬁcata</em></strong></span> <span class='ocrx_word' id='word_1_12' title='bbox 2077 447 2131 508; x_wconf 70' lang='grc' dir='ltr'>Α</span> <span class='ocrx_word' id='word_1_13' title='bbox 2157 446 2318 502; x_wconf 83' lang='lat' dir='ltr'><strong><em>Patre</em></strong></span> <span class='ocrx_word' id='word_1_14' title='bbox 2346 456 2530 502; x_wconf 87' lang='lat' dir='ltr'><strong><em>tamen</em></strong></span> <span class='ocrx_word' id='word_1_15' title='bbox 2557 454 2715 501; x_wconf 82' lang='lat' dir='ltr'><strong><em>natus</em></strong></span> <span class='ocrx_word' id='word_1_16' title='bbox 2741 445 3019 513; x_wconf 86' lang='lat' dir='ltr'><strong><em>asseritur,</em></strong></span> <span class='ocrx_word' id='word_1_17' title='bbox 3050 460 3141 508; x_wconf 90' lang='lat' dir='ltr'><strong><em>ne,</em></strong></span> <span class='ocrx_word' id='word_1_18' title='bbox 3171 452 3230 498; x_wconf 91' lang='lat' dir='ltr'><strong><em>ut</em></strong></span> <span class='ocrx_word' id='word_1_19' title='bbox 3269 443 3468 513; x_wconf 86' lang='lat' dir='ltr'><strong><em>impius</em></strong></span> <span class='ocrx_word' id='word_1_20' title='bbox 3495 443 3744 512; x_wconf 79' lang='lat' dir='ltr'><strong><em>blasphe-</em></strong></span> 
     </span>
     <span class='ocr_line' id='line_1_5' title="bbox 588 523 3744 588; baseline -0.011 1"><span class='ocrx_word' id='word_1_21' title='bbox 588 536 777 588; x_wconf 78' lang='lat' dir='ltr'><strong><em>cclesia</em></strong></span> <span class='ocrx_word' id='word_1_22' title='bbox 814 542 890 587; x_wconf 85' lang='lat' dir='ltr'><strong><em>cst</em></strong></span> <span class='ocrx_word' id='word_1_23' title='bbox 920 531 1233 586; x_wconf 78' lang='lat' dir='ltr'><strong><em>soliditatem</em></strong></span> <span class='ocrx_word' id='word_1_24' title='bbox 1275 534 1484 580; x_wconf 81' lang='lat' dir='ltr'><strong><em>sanctus</em></strong></span> <span class='ocrx_word' id='word_1_25' title='bbox 1531 523 1790 578; x_wconf 78' lang='lat' dir='ltr'><strong><em>Eusebius</em></strong></span> <span class='ocrx_word' id='word_1_26' title='bbox 1828 529 2052 585; x_wconf 80' lang='lat' dir='ltr'><strong><em>secutus,</em></strong></span> <span class='ocrx_word' id='word_1_27' title='bbox 2157 547 2272 588; x_wconf 59' lang='lat' dir='ltr'><strong><em>mm</em></strong></span> <span class='ocrx_word' id='word_1_28' title='bbox 2298 538 2478 588; x_wconf 44' lang='lat' dir='ltr'><strong><em>Arius.</em></strong></span> <span class='ocrx_word' id='word_1_29' title='bbox 2508 545 2602 588; x_wconf 54' lang='grc' dir='ltr'><strong><em>η.</em></strong></span> <span class='ocrx_word' id='word_1_30' title='bbox 2629 545 2876 588; x_wconf 61' lang='lat' dir='ltr'><strong><em>mam</em></strong></span> <span class='ocrx_word' id='word_1_31' title='bbox 2903 549 3235 588; x_wconf 50' lang='lat' dir='ltr'><strong><em>“meum”</em></strong></span> <span class='ocrx_word' id='word_1_32' title='bbox 3260 534 3450 588; x_wconf 53' lang='grc' dir='ltr'><strong><em>Εωω.</em></strong></span> <span class='ocrx_word' id='word_1_33' title='bbox 3484 542 3576 588; x_wconf 55' lang='lat' dir='ltr'><strong><em>au,</em></strong></span> <span class='ocrx_word' id='word_1_34' title='bbox 3603 532 3744 588; x_wconf 58' lang='lat' dir='ltr'><strong><em>hui</em></strong></span> 
     </span>
    </p>
   </div>
   <div class='ocr_carea' id='block_1_5' title="bbox 588 552 644 588">
    <p class='ocr_par' dir='ltr' id='par_1_5' title="bbox 588 552 644 588">
     <span class='ocr_line' id='line_1_6' title="bbox 588 552 644 588; baseline 0 0"><span class='ocrx_word' id='word_1_35' title='bbox 588 552 644 588; x_wconf 80' lang='lat' dir='ltr'><strong><em>CC</em></strong></span> 
     </span>
    </p>
   </div>
   <div class='ocr_carea' id='block_1_6' title="bbox 647 523 2052 589">
    <p class='ocr_par' dir='ltr' id='par_1_6' title="bbox 647 523 2052 589">
     <span class='ocr_line' id='line_1_7' title="bbox 647 523 2052 589; baseline -0.012 1"><span class='ocrx_word' id='word_1_36' title='bbox 647 536 777 589; x_wconf 86' lang='lat' dir='ltr'><strong><em>lesia</em></strong></span> <span class='ocrx_word' id='word_1_37' title='bbox 814 542 890 587; x_wconf 85' lang='lat' dir='ltr'><strong><em>cst</em></strong></span> <span class='ocrx_word' id='word_1_38' title='bbox 920 531 1233 586; x_wconf 68' lang='lat' dir='ltr'><strong><em>soliditatem</em></strong></span> <span class='ocrx_word' id='word_1_39' title='bbox 1275 523 1484 580; x_wconf 77' lang='lat' dir='ltr'><strong><em>sanctus</em></strong></span> <span class='ocrx_word' id='word_1_40' title='bbox 1531 523 1790 578; x_wconf 78' lang='lat' dir='ltr'><strong><em>Eusebius</em></strong></span> <span class='ocrx_word' id='word_1_41' title='bbox 1828 529 2052 585; x_wconf 81' lang='lat' dir='ltr'><strong><em>secutus,</em></strong></span> 
     </span>
    </p>
   </div>
   <div class='ocr_carea' id='block_1_7' title="bbox 537 590 2056 674">
    <p class='ocr_par' dir='ltr' id='par_1_7' title="bbox 537 590 2056 674">
     <span class='ocr_line' id='line_1_8' title="bbox 537 590 2056 674; baseline -0.011 -15"><span class='ocrx_word' id='word_1_42' title='bbox 537 607 763 658; x_wconf 78' lang='lat' dir='ltr'><strong><em>Arianos</em></strong></span> <span class='ocrx_word' id='word_1_43' title='bbox 798 601 1030 672; x_wconf 77' lang='lat' dir='ltr'><strong><em>confudit</em></strong></span> <span class='ocrx_word' id='word_1_44' title='bbox 1048 617 1115 674; x_wconf 87' lang='lat' dir='ltr'><strong><em>_a_c</em></strong></span> <span class='ocrx_word' id='word_1_45' title='bbox 1144 598 1476 674; x_wconf 66' lang='lat' dir='ltr'><strong><em>triumpltavit</em></strong></span> <span class='ocrx_word' id='word_1_46' title='bbox 1505 610 1767 674; x_wconf 71' lang='lat' dir='ltr'><strong><em>:_quorttnt</em></strong></span> <span class='ocrx_word' id='word_1_47' title='bbox 1795 590 2056 661; x_wconf 75' lang='lat' dir='ltr'><strong><em>nefariam</em></strong></span> 
     </span>
    </p>
   </div>
   <div class='ocr_carea' id='block_1_8' title="bbox 539 667 2057 813">
    <p class='ocr_par' dir='ltr' id='par_1_8' title="bbox 539 667 2057 813">
     <span class='ocr_line' id='line_1_9' title="bbox 539 667 2057 813; baseline -0.013 -83"><span class='ocrx_word' id='word_1_48' title='bbox 539 675 776 813; x_wconf 42' lang='lat' dir='ltr'><strong><em>infamius</em></strong></span> <span class='ocrx_word' id='word_1_49' title='bbox 801 667 1012 728; x_wconf 67' lang='lat' dir='ltr'><strong><em>sanctus</em></strong></span> <span class='ocrx_word' id='word_1_50' title='bbox 1039 668 1302 723; x_wconf 60' lang='lat' dir='ltr'><strong><em>Emimus</em></strong></span> <span class='ocrx_word' id='word_1_51' title='bbox 1329 667 1623 720; x_wconf 86' lang='lat' dir='ltr'><strong><em>doctissime</em></strong></span> <span class='ocrx_word' id='word_1_52' title='bbox 1648 667 1948 732; x_wconf 78' lang='lat' dir='ltr'><strong><em>copioseque</em></strong></span> <span class='ocrx_word' id='word_1_53' title='bbox 1973 675 2057 712; x_wconf 84' lang='lat' dir='ltr'><strong><em>re-</em></strong></span> 
     </span>
     <span class='ocr_line' id='line_1_10' title="bbox 567 752 693 797; baseline -0.008 0"><span class='ocrx_word' id='word_1_54' title='bbox 567 761 596 797; x_wconf 93' lang='lat' dir='ltr'><strong><em>e</em></strong></span> <span class='ocrx_word' id='word_1_55' title='bbox 656 752 693 796; x_wconf 77' lang='grc' dir='ltr'><strong><em>ι.</em></strong></span> 
     </span>
    </p>
   </div>
   <div class='ocr_carea' id='block_1_9' title="bbox 540 901 2061 976">
    <p class='ocr_par' dir='ltr' id='par_1_9' title="bbox 540 901 2061 976">
     <span class='ocr_line' id='line_1_11' title="bbox 540 901 2061 976; baseline -0.012 -3"><span class='ocrx_word' id='word_1_56' title='bbox 540 918 862 973; x_wconf 84' lang='lat' dir='ltr'><strong><em>Sanctorum</em></strong></span> <span class='ocrx_word' id='word_1_57' title='bbox 884 913 1104 968; x_wconf 87' lang='lat' dir='ltr'><strong><em>Patrum</em></strong></span> <span class='ocrx_word' id='word_1_58' title='bbox 1124 910 1412 967; x_wconf 83' lang='lat' dir='ltr'><strong><em>memorias</em></strong></span> <span class='ocrx_word' id='word_1_59' title='bbox 1429 905 1692 976; x_wconf 73' lang='lat' dir='ltr'><strong><em>religiosis</em></strong></span> <span class='ocrx_word' id='word_1_60' title='bbox 1706 901 2061 960; x_wconf 77' lang='lat' dir='ltr'><strong><em>conventibus</em></strong></span> 
     </span>
    </p>
   </div>
   <div class='ocr_carea' id='block_1_10' title="bbox 474 995 2060 1074">
    <p class='ocr_par' dir='ltr' id='par_1_10' title="bbox 474 995 2060 1074">
     <span class='ocr_line' id='line_1_12' title="bbox 474 995 2060 1074; baseline -0.012 -11"><span class='ocrx_word' id='word_1_61' title='bbox 474 1009 826 1074; x_wconf 72' lang='lat' dir='ltr'><strong><em>honorantes,</em></strong></span> <span class='ocrx_word' id='word_1_62' title='bbox 870 1005 1061 1059; x_wconf 79' lang='lat' dir='ltr'><strong><em>fratres</em></strong></span> <span class='ocrx_word' id='word_1_63' title='bbox 1100 1000 1383 1068; x_wconf 76' lang='lat' dir='ltr'><strong><em>carissimi,</em></strong></span> <span class='ocrx_word' id='word_1_64' title='bbox 1407 1007 1463 1053; x_wconf 92' lang='lat' dir='ltr'><strong><em>et</em></strong></span> <span class='ocrx_word' id='word_1_65' title='bbox 1488 995 1704 1068; x_wconf 88' lang='lat' dir='ltr'><strong><em>propria</em></strong></span> <span class='ocrx_word' id='word_1_66' title='bbox 1731 1007 1918 1048; x_wconf 88' lang='lat' dir='ltr'><strong><em>eorum</em></strong></span> <span class='ocrx_word' id='word_1_67' title='bbox 1945 1005 2060 1045; x_wconf 84' lang='lat' dir='ltr'><strong><em>me-</em></strong></span> 
     </span>
    </p>
   </div>
   <div class='ocr_carea' id='block_1_11' title="bbox 474 1077 2059 1165">
    <p class='ocr_par' dir='ltr' id='par_1_11' title="bbox 474 1077 2059 1165">
     <span class='ocr_line' id='line_1_13' title="bbox 474 1077 2059 1165; baseline -0.011 -12"><span class='ocrx_word' id='word_1_68' title='bbox 474 1099 597 1165; x_wconf 84' lang='lat' dir='ltr'><strong><em>rita,</em></strong></span> <span class='ocrx_word' id='word_1_69' title='bbox 626 1111 682 1152; x_wconf 83' lang='lat' dir='ltr'><strong><em>et</em></strong></span> <span class='ocrx_word' id='word_1_70' title='bbox 708 1109 932 1150; x_wconf 85' lang='lat' dir='ltr'><strong><em>munera</em></strong></span> <span class='ocrx_word' id='word_1_71' title='bbox 978 1094 1034 1148; x_wconf 90' lang='lat' dir='ltr'><strong><em>in</em></strong></span> <span class='ocrx_word' id='word_1_72' title='bbox 1073 1092 1152 1147; x_wconf 88' lang='lat' dir='ltr'><strong><em>eis</em></strong></span> <span class='ocrx_word' id='word_1_73' title='bbox 1197 1090 1374 1146; x_wconf 91' lang='lat' dir='ltr'><strong><em>divina</em></strong></span> <span class='ocrx_word' id='word_1_74' title='bbox 1412 1077 1669 1146; x_wconf 85' lang='lat' dir='ltr'><strong><em>miramur</em></strong></span> <span class='ocrx_word' id='word_1_75' title='bbox 1699 1102 1713 1138; x_wconf 92' lang='lat'>:</span> <span class='ocrx_word' id='word_1_76' title='bbox 1738 1084 1830 1152; x_wconf 89' lang='lat' dir='ltr'><strong><em>qui</em></strong></span> <span class='ocrx_word' id='word_1_77' title='bbox 1859 1082 2059 1137; x_wconf 88' lang='lat' dir='ltr'><strong><em>idcirco</em></strong></span> 
     </span>
    </p>
   </div>
   <div class='ocr_carea' id='block_1_12' title="bbox 475 1172 2061 1251">
    <p class='ocr_par' dir='ltr' id='par_1_12' title="bbox 475 1172 2061 1251">
     <span class='ocr_line' id='line_1_14' title="bbox 475 1172 2061 1251; baseline -0.01 -8"><span class='ocrx_word' id='word_1_78' title='bbox 475 1187 631 1243; x_wconf 88' lang='lat' dir='ltr'><strong><em>nobis</em></strong></span> <span class='ocrx_word' id='word_1_79' title='bbox 657 1193 784 1242; x_wconf 91' lang='lat' dir='ltr'><strong><em>sunt</em></strong></span> <span class='ocrx_word' id='word_1_80' title='bbox 808 1184 1164 1251; x_wconf 82' lang='lat' dir='ltr'><strong><em>venerabiles,</em></strong></span> <span class='ocrx_word' id='word_1_81' title='bbox 1193 1182 1336 1251; x_wconf 85' lang='lat' dir='ltr'><strong><em>quia,</em></strong></span> <span class='ocrx_word' id='word_1_82' title='bbox 1371 1177 1645 1250; x_wconf 69' lang='lat' dir='ltr'><strong><em>praesentis</em></strong></span> <span class='ocrx_word' id='word_1_83' title='bbox 1671 1176 1797 1231; x_wconf 62' lang='lat' dir='ltr'><strong><em>vitae</em></strong></span> <span class='ocrx_word' id='word_1_84' title='bbox 1822 1174 1940 1229; x_wconf 91' lang='lat' dir='ltr'><strong><em>luce</em></strong></span> <span class='ocrx_word' id='word_1_85' title='bbox 1966 1172 2061 1228; x_wconf 82' lang='lat' dir='ltr'><strong><em>de-</em></strong></span> 
     </span>
    </p>
   </div>
   <div class='ocr_carea' id='block_1_13' title="bbox 473 1264 2058 1346">
    <p class='ocr_par' dir='ltr' id='par_1_13' title="bbox 473 1264 2058 1346">
     <span class='ocr_line' id='line_1_15' title="bbox 473 1264 2058 1346; baseline -0.011 -13"><span class='ocrx_word' id='word_1_86' title='bbox 473 1285 680 1346; x_wconf 84' lang='lat' dir='ltr'><strong><em>specta,</em></strong></span> <span class='ocrx_word' id='word_1_87' title='bbox 709 1282 1126 1345; x_wconf 90' lang='lat' dir='ltr'><strong><em>contemptoque</em></strong></span> <span class='ocrx_word' id='word_1_88' title='bbox 1162 1285 1382 1325; x_wconf 90' lang='lat' dir='ltr'><strong><em>suorum</em></strong></span> <span class='ocrx_word' id='word_1_89' title='bbox 1427 1282 1714 1338; x_wconf 88' lang='lat' dir='ltr'><strong><em>corporum</em></strong></span> <span class='ocrx_word' id='word_1_90' title='bbox 1744 1274 1770 1302; x_wconf 77' lang='grc' dir='ltr'>ι</span> <span class='ocrx_word' id='word_1_91' title='bbox 1799 1264 2058 1332; x_wconf 89' lang='lat' dir='ltr'><strong><em>cruciatu,</em></strong></span> 
     </span>
    </p>
   </div>
   <div class='ocr_carea' id='block_1_14' title="bbox 473 1354 2063 1432">
    <p class='ocr_par' dir='ltr' id='par_1_14' title="bbox 473 1354 2063 1432">
     <span class='ocr_line' id='line_1_16' title="bbox 473 1354 2063 1432; baseline -0.009 -10"><span class='ocrx_word' id='word_1_92' title='bbox 473 1367 783 1422; x_wconf 64' lang='lat' dir='ltr'><strong><em>sievientem</em></strong></span> <span class='ocrx_word' id='word_1_93' title='bbox 811 1364 1067 1419; x_wconf 90' lang='lat' dir='ltr'><strong><em>mundum</em></strong></span> <span class='ocrx_word' id='word_1_94' title='bbox 1106 1363 1202 1417; x_wconf 88' lang='lat' dir='ltr'><strong><em>Dei</em></strong></span> <span class='ocrx_word' id='word_1_95' title='bbox 1227 1377 1328 1432; x_wconf 91' lang='lat' dir='ltr'><strong><em>pro</em></strong></span> <span class='ocrx_word' id='word_1_96' title='bbox 1355 1360 1380 1399; x_wconf 76' lang='grc' dir='ltr'>δ</span> <span class='ocrx_word' id='word_1_97' title='bbox 1408 1373 1592 1414; x_wconf 89' lang='lat' dir='ltr'><strong><em>amore</em></strong></span> <span class='ocrx_word' id='word_1_98' title='bbox 1624 1358 1894 1421; x_wconf 88' lang='lat' dir='ltr'><strong><em>vicerunt;</em></strong></span> <span class='ocrx_word' id='word_1_99' title='bbox 1924 1354 2063 1410; x_wconf 83' lang='lat' dir='ltr'><strong><em>sicut</em></strong></span> 
     </span>
    </p>
   </div>
   <div class='ocr_carea' id='block_1_15' title="bbox 474 1445 2061 1518">
    <p class='ocr_par' dir='ltr' id='par_1_15' title="bbox 474 1445 2061 1518">
     <span class='ocr_line' id='line_1_17' title="bbox 474 1445 2061 1518; baseline -0.008 -7"><span class='ocrx_word' id='word_1_100' title='bbox 474 1456 817 1512; x_wconf 86' lang='lat' dir='ltr'><strong><em>beatissimus</em></strong></span> <span class='ocrx_word' id='word_1_101' title='bbox 842 1454 930 1508; x_wconf 91' lang='lat' dir='ltr'><strong><em>hic</em></strong></span> <span class='ocrx_word' id='word_1_102' title='bbox 952 1452 1113 1507; x_wconf 91' lang='lat' dir='ltr'><strong><em>Pater</em></strong></span> <span class='ocrx_word' id='word_1_103' title='bbox 1138 1456 1342 1513; x_wconf 78' lang='lat' dir='ltr'><strong><em>noster.</em></strong></span> <span class='ocrx_word' id='word_1_104' title='bbox 1368 1448 1515 1517; x_wconf 90' lang='lat' dir='ltr'><strong><em>dum,</em></strong></span> <span class='ocrx_word' id='word_1_105' title='bbox 1539 1462 1636 1518; x_wconf 81' lang='lat' dir='ltr'><strong><em>pro</em></strong></span> <span class='ocrx_word' id='word_1_106' title='bbox 1659 1446 1956 1501; x_wconf 84' lang='lat' dir='ltr'><strong><em>assertione</em></strong></span> <span class='ocrx_word' id='word_1_107' title='bbox 1975 1445 2061 1499; x_wconf 85' lang='lat' dir='ltr'><strong><em>in-</em></strong></span> 
     </span>
    </p>
   </div>
   <div class='ocr_carea' id='block_1_16' title="bbox 472 1539 2061 1616">
    <p class='ocr_par' dir='ltr' id='par_1_16' title="bbox 472 1539 2061 1616">
     <span class='ocr_line' id='line_1_18' title="bbox 472 1539 2061 1616; baseline -0.006 -15"><span class='ocrx_word' id='word_1_108' title='bbox 472 1545 810 1616; x_wconf 85' lang='lat' dir='ltr'><strong><em>disputabilis</em></strong></span> <span class='ocrx_word' id='word_1_109' title='bbox 855 1542 1071 1598; x_wconf 89' lang='lat' dir='ltr'><strong><em>deitatis</em></strong></span> <span class='ocrx_word' id='word_1_110' title='bbox 1113 1542 1304 1611; x_wconf 88' lang='lat' dir='ltr'><strong><em>spiritu</em></strong></span> <span class='ocrx_word' id='word_1_111' title='bbox 1349 1539 1672 1594; x_wconf 89' lang='lat' dir='ltr'><strong><em>lerventiore</em></strong></span> <span class='ocrx_word' id='word_1_112' title='bbox 1711 1551 2061 1607; x_wconf 70' lang='lat' dir='ltr'><strong><em>consurgens,</em></strong></span> 
     </span>
    </p>
   </div>
   <div class='ocr_carea' id='block_1_17' title="bbox 474 1626 2068 1702">
    <p class='ocr_par' dir='ltr' id='par_1_17' title="bbox 474 1626 2068 1702">
     <span class='ocr_line' id='line_1_19' title="bbox 474 1626 2068 1702; baseline -0.004 -13"><span class='ocrx_word' id='word_1_113' title='bbox 474 1635 686 1690; x_wconf 81' lang='lat' dir='ltr'><strong><em>Arianis</em></strong></span> <span class='ocrx_word' id='word_1_114' title='bbox 706 1633 1067 1702; x_wconf 87' lang='lat' dir='ltr'><strong><em>impietatibus</em></strong></span> <span class='ocrx_word' id='word_1_115' title='bbox 1087 1626 1411 1697; x_wconf 86' lang='lat' dir='ltr'><strong><em>obluctatur,</em></strong></span> <span class='ocrx_word' id='word_1_116' title='bbox 1433 1637 1490 1683; x_wconf 90' lang='lat' dir='ltr'><strong><em>et</em></strong></span> <span class='ocrx_word' id='word_1_117' title='bbox 1516 1627 1782 1684; x_wconf 83' lang='lat' dir='ltr'><strong><em>Ecelesias</em></strong></span> <span class='ocrx_word' id='word_1_118' title='bbox 1802 1627 1920 1695; x_wconf 86' lang='lat' dir='ltr'><strong><em>Dei,</em></strong></span> <span class='ocrx_word' id='word_1_119' title='bbox 1942 1643 2068 1682; x_wconf 80' lang='lat' dir='ltr'><strong><em>con-</em></strong></span> 
     </span>
    </p>
   </div>
   <div class='ocr_carea' id='block_1_18' title="bbox 476 1712 2065 1791">
    <p class='ocr_par' dir='ltr' id='par_1_18' title="bbox 476 1712 2065 1791">
     <span class='ocr_line' id='line_1_20' title="bbox 476 1712 2065 1791; baseline -0.004 -13"><span class='ocrx_word' id='word_1_120' title='bbox 476 1712 812 1778; x_wconf 76' lang='lat' dir='ltr'><strong><em>cernentium</em></strong></span> <span class='ocrx_word' id='word_1_121' title='bbox 835 1723 1212 1778; x_wconf 68' lang='lat' dir='ltr'><strong><em>hmreticorum</em></strong></span> <span class='ocrx_word' id='word_1_122' title='bbox 1253 1720 1503 1791; x_wconf 81' lang='lat' dir='ltr'><strong><em>procellis</em></strong></span> <span class='ocrx_word' id='word_1_123' title='bbox 1530 1735 1593 1774; x_wconf 87' lang='lat' dir='ltr'><strong><em>ac</em></strong></span> <span class='ocrx_word' id='word_1_124' title='bbox 1617 1720 1916 1774; x_wconf 88' lang='lat' dir='ltr'><strong><em>turbinibus</em></strong></span> <span class='ocrx_word' id='word_1_125' title='bbox 1941 1734 2065 1789; x_wconf 90' lang='lat' dir='ltr'><strong><em>per-</em></strong></span> 
     </span>
    </p>
   </div>
   <div class='ocr_carea' id='block_1_19' title="bbox 2157 532 3748 606">
    <p class='ocr_par' dir='ltr' id='par_1_19' title="bbox 2157 532 3748 606">
     <span class='ocr_line' id='line_1_21' title="bbox 2157 532 3748 606; baseline -0.002 -14"><span class='ocrx_word' id='word_1_126' title='bbox 2157 547 2272 592; x_wconf 87' lang='lat' dir='ltr'><strong><em>mat</em></strong></span> <span class='ocrx_word' id='word_1_127' title='bbox 2298 538 2478 603; x_wconf 79' lang='lat' dir='ltr'><strong><em>Arius,</em></strong></span> <span class='ocrx_word' id='word_1_128' title='bbox 2508 545 2602 591; x_wconf 85' lang='lat' dir='ltr'><strong><em>aut</em></strong></span> <span class='ocrx_word' id='word_1_129' title='bbox 2629 545 2876 592; x_wconf 77' lang='lat' dir='ltr'><strong><em>creatura</em></strong></span> <span class='ocrx_word' id='word_1_130' title='bbox 2903 549 3235 606; x_wconf 70' lang='lat' dir='ltr'><strong><em>quaecunque</em></strong></span> <span class='ocrx_word' id='word_1_131' title='bbox 3260 534 3450 602; x_wconf 80' lang='lat' dir='ltr'><strong><em>Filius,</em></strong></span> <span class='ocrx_word' id='word_1_132' title='bbox 3484 542 3576 588; x_wconf 86' lang='lat' dir='ltr'><strong><em>aut</em></strong></span> <span class='ocrx_word' id='word_1_133' title='bbox 3603 532 3748 589; x_wconf 77' lang='lat' dir='ltr'><strong><em>Patri</em></strong></span> 
     </span>
    </p>
   </div>
   <div class='ocr_carea' id='block_1_20' title="bbox 2160 625 3748 698">
    <p class='ocr_par' dir='ltr' id='par_1_20' title="bbox 2160 625 3748 698">
     <span class='ocr_line' id='line_1_22' title="bbox 2160 625 3748 698; baseline -0.002 -15"><span class='ocrx_word' id='word_1_134' title='bbox 2160 629 2334 698; x_wconf 86' lang='lat' dir='ltr'><strong><em>impar</em></strong></span> <span class='ocrx_word' id='word_1_135' title='bbox 2367 642 2488 684; x_wconf 88' lang='lat' dir='ltr'><strong><em>esse</em></strong></span> <span class='ocrx_word' id='word_1_136' title='bbox 2514 627 2786 681; x_wconf 84' lang='lat' dir='ltr'><strong><em>credatur.</em></strong></span> <span class='ocrx_word' id='word_1_137' title='bbox 2814 627 2981 681; x_wconf 82' lang='lat' dir='ltr'><strong><em>Audis</em></strong></span> <span class='ocrx_word' id='word_1_138' title='bbox 3017 641 3167 694; x_wconf 85' lang='lat' dir='ltr'><strong><em>ergo,</em></strong></span> <span class='ocrx_word' id='word_1_139' title='bbox 3198 642 3232 680; x_wconf 91' lang='grc' dir='ltr'>ο</span> <span class='ocrx_word' id='word_1_140' title='bbox 3259 626 3449 689; x_wconf 90' lang='lat' dir='ltr'><strong><em>homo,</em></strong></span> <span class='ocrx_word' id='word_1_141' title='bbox 3487 625 3648 678; x_wconf 85' lang='lat' dir='ltr'><strong><em>Dequ</em></strong></span> <span class='ocrx_word' id='word_1_142' title='bbox 3671 625 3748 680; x_wconf 78' lang='lat' dir='ltr'><strong><em>de</em></strong></span> 
     </span>
    </p>
   </div>
   <div class='ocr_carea' id='block_1_21' title="bbox 2160 715 3746 786">
    <p class='ocr_par' dir='ltr' id='par_1_21' title="bbox 2160 715 3746 786">
     <span class='ocr_line' id='line_1_23' title="bbox 2160 715 3746 786; baseline 0 -14"><span class='ocrx_word' id='word_1_143' title='bbox 2160 719 2271 774; x_wconf 89' lang='lat' dir='ltr'><strong><em>Deo</em></strong></span> <span class='ocrx_word' id='word_1_144' title='bbox 2315 728 2529 784; x_wconf 87' lang='lat' dir='ltr'><strong><em>natum;</em></strong></span> <span class='ocrx_word' id='word_1_145' title='bbox 2575 717 2672 773; x_wconf 84' lang='lat' dir='ltr'><strong><em>sed</em></strong></span> <span class='ocrx_word' id='word_1_146' title='bbox 2711 716 2739 755; x_wconf 68' lang='grc' dir='ltr'>δ</span> <span class='ocrx_word' id='word_1_147' title='bbox 2775 719 2829 772; x_wconf 90' lang='lat' dir='ltr'><strong><em>in</em></strong></span> <span class='ocrx_word' id='word_1_148' title='bbox 2876 725 3085 772; x_wconf 84' lang='lat' dir='ltr'><strong><em>tantum</em></strong></span> <span class='ocrx_word' id='word_1_149' title='bbox 3127 717 3237 771; x_wconf 90' lang='lat' dir='ltr'><strong><em>hoc</em></strong></span> <span class='ocrx_word' id='word_1_150' title='bbox 3279 715 3552 786; x_wconf 81' lang='lat' dir='ltr'><strong><em>profundo</em></strong></span> <span class='ocrx_word' id='word_1_151' title='bbox 3583 715 3746 772; x_wconf 77' lang='lat' dir='ltr'><strong><em>habes</em></strong></span> 
     </span>
    </p>
   </div>
   <div class='ocr_carea' id='block_1_22' title="bbox 2160 806 3757 879">
    <p class='ocr_par' dir='ltr' id='par_1_22' title="bbox 2160 806 3757 879">
     <span class='ocr_line' id='line_1_24' title="bbox 2160 806 3757 879; baseline -0.003 -15"><span class='ocrx_word' id='word_1_152' title='bbox 2160 810 2305 879; x_wconf 92' lang='lat' dir='ltr'><strong><em>quod</em></strong></span> <span class='ocrx_word' id='word_1_153' title='bbox 2345 809 2450 864; x_wconf 87' lang='lat' dir='ltr'><strong><em>lide</em></strong></span> <span class='ocrx_word' id='word_1_154' title='bbox 2486 806 2679 865; x_wconf 86' lang='lat' dir='ltr'><strong><em>credas</em></strong></span> <span class='ocrx_word' id='word_1_155' title='bbox 2699 848 2715 874; x_wconf 92' lang='lat'><strong><em>,</em></strong></span> <span class='ocrx_word' id='word_1_156' title='bbox 2744 821 2855 863; x_wconf 84' lang='lat' dir='ltr'><strong><em>non</em></strong></span> <span class='ocrx_word' id='word_1_157' title='bbox 2900 808 3074 863; x_wconf 87' lang='lat' dir='ltr'><strong><em>habes</em></strong></span> <span class='ocrx_word' id='word_1_158' title='bbox 3097 807 3244 877; x_wconf 88' lang='lat' dir='ltr'><strong><em>quod</em></strong></span> <span class='ocrx_word' id='word_1_159' title='bbox 3281 807 3541 862; x_wconf 67' lang='lat' dir='ltr'><strong><em>dissentias</em></strong></span> <span class='ocrx_word' id='word_1_160' title='bbox 3589 819 3757 874; x_wconf 80' lang='lat' dir='ltr'><strong><em>argu-</em></strong></span> 
     </span>
    </p>
   </div>
   <div class='ocr_carea' id='block_1_23' title="bbox 2159 895 3758 954">
    <p class='ocr_par' dir='ltr' id='par_1_23' title="bbox 2159 895 3758 954">
     <span class='ocr_line' id='line_1_25' title="bbox 2159 895 3758 954; baseline -0.003 -1"><span class='ocrx_word' id='word_1_161' title='bbox 2159 898 2378 954; x_wconf 87' lang='lat' dir='ltr'><strong><em>mentis.</em></strong></span> <span class='ocrx_word' id='word_1_162' title='bbox 2410 899 2575 954; x_wconf 84' lang='lat' dir='ltr'><strong><em>Audis</em></strong></span> <span class='ocrx_word' id='word_1_163' title='bbox 2602 896 2795 952; x_wconf 85' lang='lat' dir='ltr'><strong><em>Filium</em></strong></span> <span class='ocrx_word' id='word_1_164' title='bbox 2813 896 2881 951; x_wconf 87' lang='lat' dir='ltr'><strong><em>de</em></strong></span> <span class='ocrx_word' id='word_1_165' title='bbox 2907 895 3069 951; x_wconf 84' lang='lat' dir='ltr'><strong><em>Patre</em></strong></span> <span class='ocrx_word' id='word_1_166' title='bbox 3097 906 3280 951; x_wconf 88' lang='lat' dir='ltr'><strong><em>natum</em></strong></span> <span class='ocrx_word' id='word_1_167' title='bbox 3305 914 3318 948; x_wconf 91' lang='lat'><strong>:</strong></span> <span class='ocrx_word' id='word_1_168' title='bbox 3343 897 3438 951; x_wconf 87' lang='lat' dir='ltr'><strong><em>sed</em></strong></span> <span class='ocrx_word' id='word_1_169' title='bbox 3465 910 3538 950; x_wconf 89' lang='lat' dir='ltr'><strong><em>ne</em></strong></span> <span class='ocrx_word' id='word_1_170' title='bbox 3565 910 3758 949; x_wconf 68' lang='lat' dir='ltr'><strong><em>Sexum</em></strong></span> 
     </span>
    </p>
   </div>
   <div class='ocr_carea' id='block_1_24' title="bbox 2161 985 3748 1060">
    <p class='ocr_par' dir='ltr' id='par_1_24' title="bbox 2161 985 3748 1060">
     <span class='ocr_line' id='line_1_26' title="bbox 2161 985 3748 1060; baseline -0.004 -17"><span class='ocrx_word' id='word_1_171' title='bbox 2161 989 2395 1058; x_wconf 86' lang='lat' dir='ltr'><strong><em>aliquem</em></strong></span> <span class='ocrx_word' id='word_1_172' title='bbox 2425 989 2597 1060; x_wconf 90' lang='lat' dir='ltr'><strong><em>possis</em></strong></span> <span class='ocrx_word' id='word_1_173' title='bbox 2618 988 2672 1042; x_wconf 91' lang='lat' dir='ltr'><strong><em>in</em></strong></span> <span class='ocrx_word' id='word_1_174' title='bbox 2694 987 2983 1042; x_wconf 86' lang='lat' dir='ltr'><strong><em>Divinitate</em></strong></span> <span class='ocrx_word' id='word_1_175' title='bbox 3002 986 3208 1053; x_wconf 91' lang='lat' dir='ltr'><strong><em>rimari,</em></strong></span> <span class='ocrx_word' id='word_1_176' title='bbox 3226 986 3340 1054; x_wconf 82' lang='lat' dir='ltr'><strong><em>ipse</em></strong></span> <span class='ocrx_word' id='word_1_177' title='bbox 3359 985 3527 1040; x_wconf 84' lang='lat' dir='ltr'><strong><em>Filius</em></strong></span> <span class='ocrx_word' id='word_1_178' title='bbox 3545 995 3602 1039; x_wconf 86' lang='lat' dir='ltr'><strong><em>et</em></strong></span> <span class='ocrx_word' id='word_1_179' title='bbox 3619 985 3748 1038; x_wconf 72' lang='lat' dir='ltr'><strong><em>Ver-</em></strong></span> 
     </span>
    </p>
   </div>
   <div class='ocr_carea' id='block_1_25' title="bbox 2161 1073 3750 1135">
    <p class='ocr_par' dir='ltr' id='par_1_25' title="bbox 2161 1073 3750 1135">
     <span class='ocr_line' id='line_1_27' title="bbox 2161 1073 3750 1135; baseline -0.004 0"><span class='ocrx_word' id='word_1_180' title='bbox 2161 1081 2288 1135; x_wconf 86' lang='lat' dir='ltr'><strong><em>bum</em></strong></span> <span class='ocrx_word' id='word_1_181' title='bbox 2315 1079 2513 1134; x_wconf 85' lang='lat' dir='ltr'><strong><em>dicitur</em></strong></span> <span class='ocrx_word' id='word_1_182' title='bbox 2531 1086 2583 1133; x_wconf 90' lang='lat' dir='ltr'><strong><em>et</em></strong></span> <span class='ocrx_word' id='word_1_183' title='bbox 2604 1079 2807 1133; x_wconf 88' lang='lat' dir='ltr'><strong><em>lumen.</em></strong></span> <span class='ocrx_word' id='word_1_184' title='bbox 2837 1076 3044 1132; x_wconf 87' lang='lat' dir='ltr'><strong><em>Dicitur</em></strong></span> <span class='ocrx_word' id='word_1_185' title='bbox 3064 1077 3231 1132; x_wconf 87' lang='lat' dir='ltr'><strong><em>etiam</em></strong></span> <span class='ocrx_word' id='word_1_186' title='bbox 3258 1076 3355 1130; x_wconf 90' lang='lat' dir='ltr'><strong><em>Dei</em></strong></span> <span class='ocrx_word' id='word_1_187' title='bbox 3378 1075 3556 1129; x_wconf 84' lang='lat' dir='ltr'><strong><em>virtus</em></strong></span> <span class='ocrx_word' id='word_1_188' title='bbox 3579 1083 3633 1128; x_wconf 88' lang='lat' dir='ltr'><strong><em>et</em></strong></span> <span class='ocrx_word' id='word_1_189' title='bbox 3653 1073 3750 1128; x_wconf 82' lang='lat' dir='ltr'><strong><em>Dei</em></strong></span> 
     </span>
    </p>
   </div>
   <div class='ocr_carea' id='block_1_26' title="bbox 2161 1167 3752 1243">
    <p class='ocr_par' dir='ltr' id='par_1_26' title="bbox 2161 1167 3752 1243">
     <span class='ocr_line' id='line_1_28' title="bbox 2161 1167 3752 1243; baseline -0.006 -14"><span class='ocrx_word' id='word_1_190' title='bbox 2161 1173 2423 1243; x_wconf 83' lang='lat' dir='ltr'><strong><em>sapientia</em></strong></span> <span class='ocrx_word' id='word_1_191' title='bbox 2445 1212 2463 1238; x_wconf 88' lang='lat'><strong><em>,</em></strong></span> <span class='ocrx_word' id='word_1_192' title='bbox 2498 1173 2513 1209; x_wconf 84' lang='grc' dir='ltr'>ί</span> <span class='ocrx_word' id='word_1_193' title='bbox 2547 1180 2610 1227; x_wconf 90' lang='lat' dir='ltr'><strong><em>ut</em></strong></span> <span class='ocrx_word' id='word_1_194' title='bbox 2653 1171 2904 1227; x_wconf 80' lang='lat' dir='ltr'><strong><em>advertas</em></strong></span> <span class='ocrx_word' id='word_1_195' title='bbox 2946 1185 3055 1224; x_wconf 89' lang='lat' dir='ltr'><strong><em>non</em></strong></span> <span class='ocrx_word' id='word_1_196' title='bbox 3091 1169 3245 1238; x_wconf 87' lang='lat' dir='ltr'><strong><em>quasi</em></strong></span> <span class='ocrx_word' id='word_1_197' title='bbox 3285 1183 3385 1237; x_wconf 90' lang='lat' dir='ltr'><strong><em>per</em></strong></span> <span class='ocrx_word' id='word_1_198' title='bbox 3429 1167 3752 1221; x_wconf 78' lang='lat' dir='ltr'><strong><em>lineamenta</em></strong></span> 
     </span>
    </p>
   </div>
   <div class='ocr_carea' id='block_1_27' title="bbox 2162 1256 3755 1332">
    <p class='ocr_par' dir='ltr' id='par_1_27' title="bbox 2162 1256 3755 1332">
     <span class='ocr_line' id='line_1_29' title="bbox 2162 1256 3755 1332; baseline 0.004 -15"><span class='ocrx_word' id='word_1_199' title='bbox 2162 1262 2477 1332; x_wconf 85' lang='lat' dir='ltr'><strong><em>genitalium</em></strong></span> <span class='ocrx_word' id='word_1_200' title='bbox 2505 1262 2858 1332; x_wconf 82' lang='lat' dir='ltr'><strong><em>corporaliter</em></strong></span> <span class='ocrx_word' id='word_1_201' title='bbox 2894 1274 3110 1316; x_wconf 82' lang='lat' dir='ltr'><strong><em>creasse</em></strong></span> <span class='ocrx_word' id='word_1_202' title='bbox 3142 1258 3381 1326; x_wconf 86' lang='lat' dir='ltr'><strong><em>Patrem,</em></strong></span> <span class='ocrx_word' id='word_1_203' title='bbox 3423 1257 3522 1312; x_wconf 78' lang='lat' dir='ltr'><strong><em>sed</em></strong></span> <span class='ocrx_word' id='word_1_204' title='bbox 3555 1272 3646 1325; x_wconf 70' lang='grc' dir='ltr'><strong><em>ρετ</em></strong></span> <span class='ocrx_word' id='word_1_205' title='bbox 3669 1256 3755 1310; x_wconf 52' lang='lat' dir='ltr'><strong><em>in.</em></strong></span> 
     </span>
    </p>
   </div>
   <div class='ocr_carea' id='block_1_28' title="bbox 2163 1347 3756 1422">
    <p class='ocr_par' dir='ltr' id='par_1_28' title="bbox 2163 1347 3756 1422">
     <span class='ocr_line' id='line_1_30' title="bbox 2163 1347 3756 1422; baseline -0.004 -14"><span class='ocrx_word' id='word_1_206' title='bbox 2163 1353 2376 1409; x_wconf 75' lang='lat' dir='ltr'><strong><em>effabile</em></strong></span> <span class='ocrx_word' id='word_1_207' title='bbox 2403 1352 2699 1422; x_wconf 72' lang='lat' dir='ltr'><strong><em>maiestatis</em></strong></span> <span class='ocrx_word' id='word_1_208' title='bbox 2725 1359 2992 1408; x_wconf 88' lang='lat' dir='ltr'><strong><em>secretum</em></strong></span> <span class='ocrx_word' id='word_1_209' title='bbox 3020 1351 3089 1406; x_wconf 90' lang='lat' dir='ltr'><strong><em>de</em></strong></span> <span class='ocrx_word' id='word_1_210' title='bbox 3111 1351 3306 1404; x_wconf 89' lang='lat' dir='ltr'><strong><em>virtute</em></strong></span> <span class='ocrx_word' id='word_1_211' title='bbox 3329 1347 3579 1418; x_wconf 85' lang='lat' dir='ltr'><strong><em>prodisse</em></strong></span> <span class='ocrx_word' id='word_1_212' title='bbox 3598 1347 3756 1401; x_wconf 77' lang='lat' dir='ltr'><strong><em>virtu-</em></strong></span> 
     </span>
    </p>
   </div>
   <div class='ocr_carea' id='block_1_29' title="bbox 2165 1439 3757 1513">
    <p class='ocr_par' dir='ltr' id='par_1_29' title="bbox 2165 1439 3757 1513">
     <span class='ocr_line' id='line_1_31' title="bbox 2165 1439 3757 1513; baseline -0.004 -14"><span class='ocrx_word' id='word_1_213' title='bbox 2165 1453 2296 1513; x_wconf 85' lang='lat' dir='ltr'><strong><em>tem,</em></strong></span> <span class='ocrx_word' id='word_1_214' title='bbox 2327 1452 2383 1500; x_wconf 91' lang='lat' dir='ltr'><strong><em>et</em></strong></span> <span class='ocrx_word' id='word_1_215' title='bbox 2412 1444 2592 1500; x_wconf 90' lang='lat' dir='ltr'><strong><em>lumen</em></strong></span> <span class='ocrx_word' id='word_1_216' title='bbox 2620 1458 2873 1499; x_wconf 81' lang='lat' dir='ltr'><strong><em>manasse</em></strong></span> <span class='ocrx_word' id='word_1_217' title='bbox 2899 1442 2968 1498; x_wconf 91' lang='lat' dir='ltr'><strong><em>de</em></strong></span> <span class='ocrx_word' id='word_1_218' title='bbox 3002 1441 3222 1496; x_wconf 89' lang='lat' dir='ltr'><strong><em>lumine.</em></strong></span> <span class='ocrx_word' id='word_1_219' title='bbox 3269 1439 3496 1506; x_wconf 81' lang='lat' dir='ltr'><strong><em>Rursus,</em></strong></span> <span class='ocrx_word' id='word_1_220' title='bbox 3528 1455 3596 1494; x_wconf 89' lang='lat' dir='ltr'><strong><em>ne</em></strong></span> <span class='ocrx_word' id='word_1_221' title='bbox 3621 1439 3757 1494; x_wconf 84' lang='lat' dir='ltr'><strong><em>Ver-</em></strong></span> 
     </span>
    </p>
   </div>
   <div class='ocr_carea' id='block_1_30' title="bbox 2165 1530 3758 1606">
    <p class='ocr_par' dir='ltr' id='par_1_30' title="bbox 2165 1530 3758 1606">
     <span class='ocr_line' id='line_1_32' title="bbox 2165 1530 3758 1606; baseline -0.006 -13"><span class='ocrx_word' id='word_1_222' title='bbox 2165 1538 2292 1593; x_wconf 78' lang='lat' dir='ltr'><strong><em>blun</em></strong></span> <span class='ocrx_word' id='word_1_223' title='bbox 2324 1537 2339 1587; x_wconf 76' lang='grc' dir='ltr'><strong><em>ι</em></strong></span> <span class='ocrx_word' id='word_1_224' title='bbox 2379 1536 2554 1606; x_wconf 89' lang='lat' dir='ltr'><strong><em>ipsum</em></strong></span> <span class='ocrx_word' id='word_1_225' title='bbox 2583 1551 2690 1590; x_wconf 86' lang='lat' dir='ltr'><strong><em>non</em></strong></span> <span class='ocrx_word' id='word_1_226' title='bbox 2719 1533 3071 1590; x_wconf 85' lang='lat' dir='ltr'><strong><em>substantiam</em></strong></span> <span class='ocrx_word' id='word_1_227' title='bbox 3099 1532 3362 1597; x_wconf 85' lang='lat' dir='ltr'><strong><em>veritatis,</em></strong></span> <span class='ocrx_word' id='word_1_228' title='bbox 3404 1530 3502 1586; x_wconf 88' lang='lat' dir='ltr'><strong><em>sed</em></strong></span> <span class='ocrx_word' id='word_1_229' title='bbox 3536 1530 3758 1600; x_wconf 56' lang='lat' dir='ltr'><strong><em>prolatio</em></strong></span> 
     </span>
    </p>
   </div>
   <div class='ocr_carea' id='block_1_31' title="bbox 2167 1621 3757 1696">
    <p class='ocr_par' dir='ltr' id='par_1_31' title="bbox 2167 1621 3757 1696">
     <span class='ocr_line' id='line_1_33' title="bbox 2167 1621 3757 1696; baseline -0.004 -15"><span class='ocrx_word' id='word_1_230' title='bbox 2167 1630 2298 1682; x_wconf 90' lang='lat' dir='ltr'><strong><em>tium</em></strong></span> <span class='ocrx_word' id='word_1_231' title='bbox 2329 1626 2353 1664; x_wconf 77' lang='grc' dir='ltr'>ιι</span> <span class='ocrx_word' id='word_1_232' title='bbox 2376 1627 2646 1696; x_wconf 89' lang='lat' dir='ltr'><strong><em>loquentis</em></strong></span> <span class='ocrx_word' id='word_1_233' title='bbox 2687 1627 2784 1681; x_wconf 90' lang='lat' dir='ltr'><strong><em>Dei</em></strong></span> <span class='ocrx_word' id='word_1_234' title='bbox 2819 1634 3042 1696; x_wconf 84' lang='lat' dir='ltr'><strong><em>putares</em></strong></span> <span class='ocrx_word' id='word_1_235' title='bbox 3073 1640 3191 1680; x_wconf 88' lang='lat' dir='ltr'><strong><em>esse</em></strong></span> <span class='ocrx_word' id='word_1_236' title='bbox 3215 1637 3542 1687; x_wconf 87' lang='lat' dir='ltr'><strong><em>sermonem,</em></strong></span> <span class='ocrx_word' id='word_1_237' title='bbox 3563 1621 3757 1676; x_wconf 86' lang='lat' dir='ltr'><strong><em>dicitur</em></strong></span> 
     </span>
    </p>
   </div>
   <div class='ocr_carea' id='block_1_32' title="bbox 2168 1712 3756 1786">
    <p class='ocr_par' dir='ltr' id='par_1_32' title="bbox 2168 1712 3756 1786">
     <span class='ocr_line' id='line_1_34' title="bbox 2168 1712 3756 1786; baseline -0.006 -14"><span class='ocrx_word' id='word_1_238' title='bbox 2168 1719 2354 1786; x_wconf 85' lang='lat' dir='ltr'><strong><em>Filius,</em></strong></span> <span class='ocrx_word' id='word_1_239' title='bbox 2384 1727 2446 1772; x_wconf 89' lang='lat' dir='ltr'><strong><em>ut</em></strong></span> <span class='ocrx_word' id='word_1_240' title='bbox 2471 1718 2526 1772; x_wconf 92' lang='lat' dir='ltr'><strong><em>in</em></strong></span> <span class='ocrx_word' id='word_1_241' title='bbox 2551 1732 2618 1773; x_wconf 90' lang='lat' dir='ltr'><strong><em>eo</em></strong></span> <span class='ocrx_word' id='word_1_242' title='bbox 2645 1718 2790 1772; x_wconf 89' lang='lat' dir='ltr'><strong><em>illius</em></strong></span> <span class='ocrx_word' id='word_1_243' title='bbox 2815 1717 2907 1786; x_wconf 89' lang='lat' dir='ltr'><strong><em>qui</em></strong></span> <span class='ocrx_word' id='word_1_244' title='bbox 2935 1717 3097 1770; x_wconf 90' lang='lat' dir='ltr'><strong><em>Pater</em></strong></span> <span class='ocrx_word' id='word_1_245' title='bbox 3121 1724 3207 1770; x_wconf 90' lang='lat' dir='ltr'><strong><em>est</em></strong></span> <span class='ocrx_word' id='word_1_246' title='bbox 3252 1722 3309 1769; x_wconf 92' lang='lat' dir='ltr'><strong><em>et</em></strong></span> <span class='ocrx_word' id='word_1_247' title='bbox 3346 1712 3756 1769; x_wconf 87' lang='lat' dir='ltr'><strong><em>consonantiam</em></strong></span> 
     </span>
    </p>
   </div>
   <div class='ocr_carea' id='block_1_33' title="bbox 476 1804 3757 1880">
    <p class='ocr_par' dir='ltr' id='par_1_33' title="bbox 476 1804 3757 1880">
     <span class='ocr_line' id='line_1_35' title="bbox 476 1804 3757 1880; baseline -0.003 -14"><span class='ocrx_word' id='word_1_248' title='bbox 476 1812 743 1880; x_wconf 82' lang='lat' dir='ltr'><strong><em>turbatas,</em></strong></span> <span class='ocrx_word' id='word_1_249' title='bbox 770 1826 974 1868; x_wconf 76' lang='lat' dir='ltr'><strong><em>serena:</em></strong></span> <span class='ocrx_word' id='word_1_250' title='bbox 993 1807 997 1812; x_wconf 34' lang='grc' dir='ltr'><em>ί</em></span> <span class='ocrx_word' id='word_1_251' title='bbox 1019 1806 1142 1866; x_wconf 86' lang='lat' dir='ltr'><strong><em>lldei</em></strong></span> <span class='ocrx_word' id='word_1_252' title='bbox 1188 1810 1574 1880; x_wconf 84' lang='lat' dir='ltr'><strong><em>tranquillitate</em></strong></span> <span class='ocrx_word' id='word_1_253' title='bbox 1619 1809 1853 1879; x_wconf 80' lang='lat' dir='ltr'><strong><em>pacavit,</em></strong></span> <span class='ocrx_word' id='word_1_254' title='bbox 1882 1817 1937 1864; x_wconf 89' lang='lat' dir='ltr'><strong><em>et</em></strong></span> <span class='ocrx_word' id='word_1_255' title='bbox 1963 1808 2066 1862; x_wconf 89' lang='lat' dir='ltr'><strong><em>sibi</em></strong></span> <span class='ocrx_word' id='word_1_256' title='bbox 2094 1813 2140 1873; x_wconf 82' lang='grc' dir='ltr'><strong>Β</strong></span> <span class='ocrx_word' id='word_1_257' title='bbox 2168 1825 2289 1865; x_wconf 86' lang='lat' dir='ltr'><strong><em>esse</em></strong></span> <span class='ocrx_word' id='word_1_258' title='bbox 2311 1810 2546 1866; x_wconf 84' lang='lat' dir='ltr'><strong><em>disceres</em></strong></span> <span class='ocrx_word' id='word_1_259' title='bbox 2571 1816 2628 1864; x_wconf 91' lang='lat' dir='ltr'><strong><em>et</em></strong></span> <span class='ocrx_word' id='word_1_260' title='bbox 2655 1808 2928 1864; x_wconf 78' lang='lat' dir='ltr'><strong><em>affectum.</em></strong></span> <span class='ocrx_word' id='word_1_261' title='bbox 2956 1807 3156 1863; x_wconf 90' lang='lat' dir='ltr'><strong><em>lterum</em></strong></span> <span class='ocrx_word' id='word_1_262' title='bbox 3182 1807 3307 1876; x_wconf 89' lang='lat' dir='ltr'><strong><em>quia</em></strong></span> <span class='ocrx_word' id='word_1_263' title='bbox 3333 1807 3517 1859; x_wconf 91' lang='lat' dir='ltr'><strong><em>lumen</em></strong></span> <span class='ocrx_word' id='word_1_264' title='bbox 3537 1804 3757 1870; x_wconf 88' lang='lat' dir='ltr'><strong><em>dicitur,</em></strong></span> 
     </span>
    </p>
   </div>
   <div class='ocr_carea' id='block_1_34' title="bbox 475 1901 2068 1975">
    <p class='ocr_par' dir='ltr' id='par_1_34' title="bbox 475 1901 2068 1975">
     <span class='ocr_line' id='line_1_36' title="bbox 475 1901 2068 1975; baseline -0.003 -16"><span class='ocrx_word' id='word_1_265' title='bbox 475 1913 678 1960; x_wconf 61' lang='lat' dir='ltr'><strong><em>eterna</em></strong></span> <span class='ocrx_word' id='word_1_266' title='bbox 718 1905 936 1975; x_wconf 67' lang='lat' dir='ltr'><strong><em>praemia</em></strong></span> <span class='ocrx_word' id='word_1_267' title='bbox 982 1902 1296 1958; x_wconf 88' lang='lat' dir='ltr'><strong><em>multimoda</em></strong></span> <span class='ocrx_word' id='word_1_268' title='bbox 1335 1901 1586 1972; x_wconf 86' lang='lat' dir='ltr'><strong><em>passione</em></strong></span> <span class='ocrx_word' id='word_1_269' title='bbox 1623 1901 1886 1971; x_wconf 73' lang='lat' dir='ltr'><strong><em>qumsivit,</em></strong></span> <span class='ocrx_word' id='word_1_270' title='bbox 1927 1901 2068 1955; x_wconf 88' lang='lat' dir='ltr'><strong><em>illius</em></strong></span> 
     </span>
    </p>
   </div>
   <div class='ocr_carea' id='block_1_35' title="bbox 477 1994 2071 2064">
    <p class='ocr_par' dir='ltr' id='par_1_35' title="bbox 477 1994 2071 2064">
     <span class='ocr_line' id='line_1_37' title="bbox 477 1994 2071 2064; baseline 0 -13"><span class='ocrx_word' id='word_1_271' title='bbox 477 1997 728 2051; x_wconf 87' lang='lat' dir='ltr'><strong><em>nimirum</em></strong></span> <span class='ocrx_word' id='word_1_272' title='bbox 757 1997 1075 2052; x_wconf 88' lang='lat' dir='ltr'><strong><em>inconcussa</em></strong></span> <span class='ocrx_word' id='word_1_273' title='bbox 1101 2006 1123 2035; x_wconf 78' lang='grc' dir='ltr'><strong><em>ο</em></strong></span> <span class='ocrx_word' id='word_1_274' title='bbox 1155 2011 1384 2064; x_wconf 86' lang='lat' dir='ltr'><strong><em>sequens</em></strong></span> <span class='ocrx_word' id='word_1_275' title='bbox 1412 1995 1659 2062; x_wconf 87' lang='lat' dir='ltr'><strong><em>vestigia,</em></strong></span> <span class='ocrx_word' id='word_1_276' title='bbox 1685 1994 1753 2048; x_wconf 89' lang='lat' dir='ltr'><strong><em>ad</em></strong></span> <span class='ocrx_word' id='word_1_277' title='bbox 1781 2010 1941 2064; x_wconf 92' lang='lat' dir='ltr'><strong><em>quem</em></strong></span> <span class='ocrx_word' id='word_1_278' title='bbox 1961 1995 2071 2051; x_wconf 87' lang='lat' dir='ltr'><strong><em>Do-</em></strong></span> 
     </span>
    </p>
   </div>
   <div class='ocr_carea' id='block_1_36' title="bbox 477 2083 2068 2157">
    <p class='ocr_par' dir='ltr' id='par_1_36' title="bbox 477 2083 2068 2157">
     <span class='ocr_line' id='line_1_38' title="bbox 477 2083 2068 2157; baseline -0.003 -15"><span class='ocrx_word' id='word_1_279' title='bbox 477 2083 655 2143; x_wconf 85' lang='lat' dir='ltr'><strong><em>minus</em></strong></span> <span class='ocrx_word' id='word_1_280' title='bbox 681 2088 756 2141; x_wconf 87' lang='lat' dir='ltr'><strong><em>ait</em></strong></span> <span class='ocrx_word' id='word_1_281' title='bbox 783 2104 800 2141; x_wconf 88' lang='lat'><strong>:</strong></span> <span class='ocrx_word' id='word_1_282' title='bbox 825 2086 901 2140; x_wconf 82' lang='lat' dir='ltr'><strong><em>Tu</em></strong></span> <span class='ocrx_word' id='word_1_283' title='bbox 928 2104 984 2141; x_wconf 83' lang='lat' dir='ltr'><strong><em>es</em></strong></span> <span class='ocrx_word' id='word_1_284' title='bbox 1013 2085 1221 2152; x_wconf 86' lang='lat' dir='ltr'><strong><em>Petrus,</em></strong></span> <span class='ocrx_word' id='word_1_285' title='bbox 1257 2095 1306 2139; x_wconf 87' lang='lat' dir='ltr'><strong><em>et</em></strong></span> <span class='ocrx_word' id='word_1_286' title='bbox 1341 2102 1495 2157; x_wconf 85' lang='lat' dir='ltr'><strong><em>super</em></strong></span> <span class='ocrx_word' id='word_1_287' title='bbox 1525 2085 1659 2137; x_wconf 75' lang='lat' dir='ltr'><strong><em>hanc</em></strong></span> <span class='ocrx_word' id='word_1_288' title='bbox 1682 2093 1882 2155; x_wconf 81' lang='lat' dir='ltr'><strong><em>petram</em></strong></span> <span class='ocrx_word' id='word_1_289' title='bbox 1901 2085 2068 2155; x_wconf 71' lang='lat' dir='ltr'><strong><em>aediﬁ—</em></strong></span> 
     </span>
    </p>
   </div>
   <div class='ocr_carea' id='block_1_37' title="bbox 477 2175 2069 2249">
    <p class='ocr_par' dir='ltr' id='par_1_37' title="bbox 477 2175 2069 2249">
     <span class='ocr_line' id='line_1_39' title="bbox 477 2175 2069 2249; baseline -0.001 -16"><span class='ocrx_word' id='word_1_290' title='bbox 477 2179 605 2234; x_wconf 81' lang='lat' dir='ltr'><strong><em>cabo</em></strong></span> <span class='ocrx_word' id='word_1_291' title='bbox 627 2178 911 2234; x_wconf 76' lang='lat' dir='ltr'><strong><em>Ecclesium</em></strong></span> <span class='ocrx_word' id='word_1_292' title='bbox 939 2196 1106 2233; x_wconf 81' lang='lat' dir='ltr'><strong><em>meam</em></strong></span> <span class='ocrx_word' id='word_1_293' title='bbox 1127 2195 1144 2232; x_wconf 91' lang='lat'><strong><em>:</em></strong></span> <span class='ocrx_word' id='word_1_294' title='bbox 1165 2188 1215 2233; x_wconf 90' lang='lat' dir='ltr'><strong><em>et</em></strong></span> <span class='ocrx_word' id='word_1_295' title='bbox 1240 2188 1405 2248; x_wconf 67' lang='grc' dir='ltr'><strong><em>ρον-ιω</em></strong></span> <span class='ocrx_word' id='word_1_296' title='bbox 1424 2180 1578 2249; x_wconf 78' lang='lat' dir='ltr'><strong><em>inferi</em></strong></span> <span class='ocrx_word' id='word_1_297' title='bbox 1599 2193 1701 2231; x_wconf 83' lang='lat' dir='ltr'><strong><em>non</em></strong></span> <span class='ocrx_word' id='word_1_298' title='bbox 1722 2175 2069 2248; x_wconf 69' lang='lat' dir='ltr'><strong><em>pravalebunt</em></strong></span> 
     </span>
    </p>
   </div>
   <div class='ocr_carea' id='block_1_38' title="bbox 478 2265 2070 2340">
    <p class='ocr_par' dir='ltr' id='par_1_38' title="bbox 478 2265 2070 2340">
     <span class='ocr_line' id='line_1_40' title="bbox 478 2265 2070 2340; baseline 0 -17"><span class='ocrx_word' id='word_1_299' title='bbox 478 2265 505 2306; x_wconf 74' lang='grc' dir='ltr'><em>δ</em></span> <span class='ocrx_word' id='word_1_300' title='bbox 529 2271 576 2323; x_wconf 89' lang='lat' dir='ltr'><strong><em>ei</em></strong></span> <span class='ocrx_word' id='word_1_301' title='bbox 604 2268 818 2340; x_wconf 71' lang='lat' dir='ltr'><strong><em>(Matth.</em></strong></span> <span class='ocrx_word' id='word_1_302' title='bbox 849 2271 981 2340; x_wconf 80' lang='lat' dir='ltr'><strong><em>xvi).</em></strong></span> <span class='ocrx_word' id='word_1_303' title='bbox 1025 2269 1164 2325; x_wconf 92' lang='lat' dir='ltr'><strong><em>Vere</em></strong></span> <span class='ocrx_word' id='word_1_304' title='bbox 1193 2285 1256 2324; x_wconf 92' lang='lat' dir='ltr'><strong><em>ac</em></strong></span> <span class='ocrx_word' id='word_1_305' title='bbox 1283 2270 1478 2324; x_wconf 89' lang='lat' dir='ltr'><strong><em>merito</em></strong></span> <span class='ocrx_word' id='word_1_306' title='bbox 1501 2270 1708 2324; x_wconf 88' lang='lat' dir='ltr'><strong><em>cunctis</em></strong></span> <span class='ocrx_word' id='word_1_307' title='bbox 1738 2269 2070 2339; x_wconf 85' lang='lat' dir='ltr'><strong><em>posteritati-</em></strong></span> 
     </span>
    </p>
   </div>
   <div class='ocr_carea' id='block_1_39' title="bbox 479 2359 2068 2432">
    <p class='ocr_par' dir='ltr' id='par_1_39' title="bbox 479 2359 2068 2432">
     <span class='ocr_line' id='line_1_41' title="bbox 479 2359 2068 2432; baseline 0.001 -17"><span class='ocrx_word' id='word_1_308' title='bbox 479 2359 582 2416; x_wconf 92' lang='lat' dir='ltr'><strong><em>bus</em></strong></span> <span class='ocrx_word' id='word_1_309' title='bbox 608 2361 957 2417; x_wconf 89' lang='lat' dir='ltr'><strong><em>honorandus</em></strong></span> <span class='ocrx_word' id='word_1_310' title='bbox 981 2362 1072 2416; x_wconf 90' lang='lat' dir='ltr'><strong><em>ille</em></strong></span> <span class='ocrx_word' id='word_1_311' title='bbox 1108 2362 1200 2430; x_wconf 86' lang='lat' dir='ltr'><strong><em>qui</em></strong></span> <span class='ocrx_word' id='word_1_312' title='bbox 1222 2359 1535 2417; x_wconf 76' lang='lat' dir='ltr'><strong><em>firmissimas</em></strong></span> <span class='ocrx_word' id='word_1_313' title='bbox 1559 2370 1726 2432; x_wconf 74' lang='lat' dir='ltr'><strong><em>petra:</em></strong></span> <span class='ocrx_word' id='word_1_314' title='bbox 1745 2361 2068 2417; x_wconf 85' lang='lat' dir='ltr'><strong><em>soliditatem</em></strong></span> 
     </span>
    </p>
   </div>
   <div class='ocr_carea' id='block_1_40' title="bbox 479 2452 2072 2521">
    <p class='ocr_par' dir='ltr' id='par_1_40' title="bbox 479 2452 2072 2521">
     <span class='ocr_line' id='line_1_42' title="bbox 479 2452 2072 2521; baseline -0.001 -11"><span class='ocrx_word' id='word_1_315' title='bbox 479 2461 721 2521; x_wconf 80' lang='lat' dir='ltr'><strong><em>secutus,</em></strong></span> <span class='ocrx_word' id='word_1_316' title='bbox 750 2453 995 2509; x_wconf 91' lang='lat' dir='ltr'><strong><em>inimicos</em></strong></span> <span class='ocrx_word' id='word_1_317' title='bbox 1022 2453 1218 2508; x_wconf 89' lang='lat' dir='ltr'><strong><em>Christi</em></strong></span> <span class='ocrx_word' id='word_1_318' title='bbox 1263 2462 1319 2507; x_wconf 91' lang='lat' dir='ltr'><strong><em>et</em></strong></span> <span class='ocrx_word' id='word_1_319' title='bbox 1351 2454 1586 2508; x_wconf 65' lang='lat' dir='ltr'><strong><em>caelestis</em></strong></span> <span class='ocrx_word' id='word_1_320' title='bbox 1624 2452 1856 2521; x_wconf 86' lang='lat' dir='ltr'><strong><em>Spiritus</em></strong></span> <span class='ocrx_word' id='word_1_321' title='bbox 1883 2464 2072 2508; x_wconf 88' lang='lat' dir='ltr'><strong><em>aucto-</em></strong></span> 
     </span>
    </p>
   </div>
   <div class='ocr_carea' id='block_1_41' title="bbox 479 2546 2070 2617">
    <p class='ocr_par' dir='ltr' id='par_1_41' title="bbox 479 2546 2070 2617">
     <span class='ocr_line' id='line_1_43' title="bbox 479 2546 2070 2617; baseline 0.001 -16"><span class='ocrx_word' id='word_1_322' title='bbox 479 2547 641 2602; x_wconf 88' lang='lat' dir='ltr'><strong><em>ritate</em></strong></span> <span class='ocrx_word' id='word_1_323' title='bbox 677 2546 948 2612; x_wconf 88' lang='lat' dir='ltr'><strong><em>confudit,</em></strong></span> <span class='ocrx_word' id='word_1_324' title='bbox 988 2555 1045 2603; x_wconf 88' lang='lat' dir='ltr'><strong><em>et</em></strong></span> <span class='ocrx_word' id='word_1_325' title='bbox 1091 2548 1380 2616; x_wconf 76' lang='lat' dir='ltr'><strong><em>infatigatm</em></strong></span> <span class='ocrx_word' id='word_1_326' title='bbox 1434 2548 1705 2617; x_wconf 68' lang='lat' dir='ltr'><strong><em>patientiae</em></strong></span> <span class='ocrx_word' id='word_1_327' title='bbox 1756 2546 2070 2604; x_wconf 86' lang='lat' dir='ltr'><strong><em>lortitudine</em></strong></span> 
     </span>
    </p>
   </div>
   <div class='ocr_carea' id='block_1_42' title="bbox 483 2639 2068 2708">
    <p class='ocr_par' dir='ltr' id='par_1_42' title="bbox 483 2639 2068 2708">
     <span class='ocr_line' id='line_1_44' title="bbox 483 2639 2068 2708; baseline 0.003 -16"><span class='ocrx_word' id='word_1_328' title='bbox 483 2639 850 2708; x_wconf 85' lang='lat' dir='ltr'><strong><em>triumphavit.</em></strong></span> <span class='ocrx_word' id='word_1_329' title='bbox 899 2639 1009 2696; x_wconf 82' lang='lat' dir='ltr'><strong><em>Nec</em></strong></span> <span class='ocrx_word' id='word_1_330' title='bbox 1054 2639 1230 2706; x_wconf 86' lang='lat' dir='ltr'><strong><em>inferi,</em></strong></span> <span class='ocrx_word' id='word_1_331' title='bbox 1270 2642 1410 2696; x_wconf 90' lang='lat' dir='ltr'><strong><em>sicut</em></strong></span> <span class='ocrx_word' id='word_1_332' title='bbox 1445 2640 1644 2696; x_wconf 88' lang='lat' dir='ltr'><strong><em>dictum</em></strong></span> <span class='ocrx_word' id='word_1_333' title='bbox 1673 2649 1775 2706; x_wconf 89' lang='lat' dir='ltr'><strong><em>est,</em></strong></span> <span class='ocrx_word' id='word_1_334' title='bbox 1815 2640 2068 2697; x_wconf 80' lang='lat' dir='ltr'><strong><em>adversus</em></strong></span> 
     </span>
    </p>
   </div>
   <div class='ocr_carea' id='block_1_43' title="bbox 481 2731 2071 2802">
    <p class='ocr_par' dir='ltr' id='par_1_43' title="bbox 481 2731 2071 2802">
     <span class='ocr_line' id='line_1_45' title="bbox 481 2731 2071 2802; baseline 0.001 -17"><span class='ocrx_word' id='word_1_335' title='bbox 481 2744 605 2785; x_wconf 82' lang='lat' dir='ltr'><strong><em>eum</em></strong></span> <span class='ocrx_word' id='word_1_336' title='bbox 627 2738 783 2798; x_wconf 90' lang='lat' dir='ltr'><strong><em>porta</em></strong></span> <span class='ocrx_word' id='word_1_337' title='bbox 812 2731 1110 2800; x_wconf 61' lang='lat' dir='ltr'><strong><em>praevaluit,</em></strong></span> <span class='ocrx_word' id='word_1_338' title='bbox 1137 2732 1229 2800; x_wconf 89' lang='lat' dir='ltr'><strong><em>qui</em></strong></span> <span class='ocrx_word' id='word_1_339' title='bbox 1256 2731 1356 2786; x_wconf 87' lang='lat' dir='ltr'><strong><em>sibi</em></strong></span> <span class='ocrx_word' id='word_1_340' title='bbox 1384 2732 1838 2802; x_wconf 66' lang='lat' dir='ltr'><strong><em>portaamternalis</em></strong></span> <span class='ocrx_word' id='word_1_341' title='bbox 1865 2731 2071 2800; x_wconf 85' lang='lat' dir='ltr'><strong><em>ingres-</em></strong></span> 
     </span>
    </p>
   </div>
   <div class='ocr_carea' id='block_1_44' title="bbox 482 2819 2070 2894">
    <p class='ocr_par' dir='ltr' id='par_1_44' title="bbox 482 2819 2070 2894">
     <span class='ocr_line' id='line_1_46' title="bbox 482 2819 2070 2894; baseline 0.002 -18"><span class='ocrx_word' id='word_1_342' title='bbox 482 2834 621 2884; x_wconf 80' lang='lat' dir='ltr'><strong><em>sum,</em></strong></span> <span class='ocrx_word' id='word_1_343' title='bbox 653 2833 835 2888; x_wconf 89' lang='lat' dir='ltr'><strong><em>regem</em></strong></span> <span class='ocrx_word' id='word_1_344' title='bbox 863 2819 1048 2888; x_wconf 70' lang='lat' dir='ltr'><strong><em>gloriae</em></strong></span> <span class='ocrx_word' id='word_1_345' title='bbox 1076 2820 1372 2889; x_wconf 87' lang='lat' dir='ltr'><strong><em>confessus,</em></strong></span> <span class='ocrx_word' id='word_1_346' title='bbox 1404 2824 1643 2893; x_wconf 88' lang='lat' dir='ltr'><strong><em>aperuit;</em></strong></span> <span class='ocrx_word' id='word_1_347' title='bbox 1681 2831 1777 2878; x_wconf 89' lang='lat' dir='ltr'><strong><em>aut</em></strong></span> <span class='ocrx_word' id='word_1_348' title='bbox 1798 2823 2070 2894; x_wconf 89' lang='lat' dir='ltr'><strong><em>quomodo</em></strong></span> 
     </span>
    </p>
   </div>
   <div class='ocr_carea' id='block_1_45' title="bbox 483 2908 2071 2983">
    <p class='ocr_par' dir='ltr' id='par_1_45' title="bbox 483 2908 2071 2983">
     <span class='ocr_line' id='line_1_47' title="bbox 483 2908 2071 2983; baseline 0.004 -20"><span class='ocrx_word' id='word_1_349' title='bbox 483 2908 533 2964; x_wconf 90' lang='lat' dir='ltr'><strong><em>ei</em></strong></span> <span class='ocrx_word' id='word_1_350' title='bbox 554 2925 662 2964; x_wconf 88' lang='lat' dir='ltr'><strong><em>non</em></strong></span> <span class='ocrx_word' id='word_1_351' title='bbox 689 2918 900 2980; x_wconf 87' lang='lat' dir='ltr'><strong><em>pateret</em></strong></span> <span class='ocrx_word' id='word_1_352' title='bbox 919 2921 1074 2980; x_wconf 86' lang='lat' dir='ltr'><strong><em>porta</em></strong></span> <span class='ocrx_word' id='word_1_353' title='bbox 1097 2912 1186 2966; x_wconf 88' lang='lat' dir='ltr'><strong><em>illa</em></strong></span> <span class='ocrx_word' id='word_1_354' title='bbox 1205 2913 1402 2980; x_wconf 83' lang='lat' dir='ltr'><strong><em>vitalis,</em></strong></span> <span class='ocrx_word' id='word_1_355' title='bbox 1423 2914 1534 2981; x_wconf 89' lang='lat' dir='ltr'><strong><em>qui,</em></strong></span> <span class='ocrx_word' id='word_1_356' title='bbox 1556 2913 1889 2983; x_wconf 87' lang='lat' dir='ltr'><strong><em>plenitudine</em></strong></span> <span class='ocrx_word' id='word_1_357' title='bbox 1907 2929 2071 2970; x_wconf 87' lang='lat' dir='ltr'><strong><em>evan-</em></strong></span> 
     </span>
    </p>
   </div>
   <div class='ocr_carea' id='block_1_46' title="bbox 483 2998 2070 3072">
    <p class='ocr_par' dir='ltr' id='par_1_46' title="bbox 483 2998 2070 3072">
     <span class='ocr_line' id='line_1_48' title="bbox 483 2998 2070 3072; baseline 0.003 -19"><span class='ocrx_word' id='word_1_358' title='bbox 483 2998 669 3066; x_wconf 70' lang='lat' dir='ltr'><strong><em>gelicae</em></strong></span> <span class='ocrx_word' id='word_1_359' title='bbox 697 2998 946 3056; x_wconf 86' lang='lat' dir='ltr'><strong><em>lectionis</em></strong></span> <span class='ocrx_word' id='word_1_360' title='bbox 968 2999 1208 3067; x_wconf 87' lang='lat' dir='ltr'><strong><em>edoctus,</em></strong></span> <span class='ocrx_word' id='word_1_361' title='bbox 1241 3001 1294 3055; x_wconf 88' lang='lat' dir='ltr'><strong><em>in</em></strong></span> <span class='ocrx_word' id='word_1_362' title='bbox 1324 2999 1481 3057; x_wconf 84' lang='lat' dir='ltr'><strong><em>Patre</em></strong></span> <span class='ocrx_word' id='word_1_363' title='bbox 1508 3001 1751 3070; x_wconf 87' lang='lat' dir='ltr'><strong><em>Filioque</em></strong></span> <span class='ocrx_word' id='word_1_364' title='bbox 1785 3012 1810 3040; x_wconf 75' lang='grc' dir='ltr'>ε</span> <span class='ocrx_word' id='word_1_365' title='bbox 1839 3002 1956 3072; x_wconf 87' lang='lat' dir='ltr'><strong><em>ejus</em></strong></span> <span class='ocrx_word' id='word_1_366' title='bbox 1983 3003 2070 3058; x_wconf 89' lang='lat' dir='ltr'><strong><em>in-</em></strong></span> 
     </span>
    </p>
   </div>
   <div class='ocr_carea' id='block_1_47' title="bbox 484 3090 2068 3161">
    <p class='ocr_par' dir='ltr' id='par_1_47' title="bbox 484 3090 2068 3161">
     <span class='ocr_line' id='line_1_49' title="bbox 484 3090 2068 3161; baseline -0.001 -13"><span class='ocrx_word' id='word_1_367' title='bbox 484 3090 776 3148; x_wconf 83' lang='lat' dir='ltr'><strong><em>scrutabile</em></strong></span> <span class='ocrx_word' id='word_1_368' title='bbox 819 3091 988 3146; x_wconf 63' lang='lat' dir='ltr'><strong><em>unicae</em></strong></span> <span class='ocrx_word' id='word_1_369' title='bbox 1035 3091 1330 3161; x_wconf 87' lang='lat' dir='ltr'><strong><em>majestatis</em></strong></span> <span class='ocrx_word' id='word_1_370' title='bbox 1373 3093 1602 3148; x_wconf 87' lang='lat' dir='ltr'><strong><em>asseruit</em></strong></span> <span class='ocrx_word' id='word_1_371' title='bbox 1644 3102 2068 3159; x_wconf 85' lang='lat' dir='ltr'><strong><em>sacramentum,</em></strong></span> 
     </span>
    </p>
   </div>
   <div class='ocr_carea' id='block_1_48' title="bbox 485 3180 2076 3252">
    <p class='ocr_par' dir='ltr' id='par_1_48' title="bbox 485 3180 2076 3252">
     <span class='ocr_line' id='line_1_50' title="bbox 485 3180 2076 3252; baseline 0.003 -16"><span class='ocrx_word' id='word_1_372' title='bbox 485 3180 718 3237; x_wconf 85' lang='lat' dir='ltr'><strong><em>edocens</em></strong></span> <span class='ocrx_word' id='word_1_373' title='bbox 743 3189 802 3237; x_wconf 87' lang='lat' dir='ltr'><strong><em>et</em></strong></span> <span class='ocrx_word' id='word_1_374' title='bbox 827 3181 1119 3238; x_wconf 89' lang='lat' dir='ltr'><strong><em>ostendens</em></strong></span> <span class='ocrx_word' id='word_1_375' title='bbox 1137 3198 1257 3252; x_wconf 81' lang='lat' dir='ltr'><strong><em>quae</em></strong></span> <span class='ocrx_word' id='word_1_376' title='bbox 1276 3191 1420 3239; x_wconf 86' lang='lat' dir='ltr'><strong><em>esset</em></strong></span> <span class='ocrx_word' id='word_1_377' title='bbox 1448 3183 1501 3237; x_wconf 91' lang='lat' dir='ltr'><strong><em>in</em></strong></span> <span class='ocrx_word' id='word_1_378' title='bbox 1522 3200 1630 3239; x_wconf 91' lang='lat' dir='ltr'><strong><em>uno</em></strong></span> <span class='ocrx_word' id='word_1_379' title='bbox 1652 3184 1949 3252; x_wconf 88' lang='lat' dir='ltr'><strong><em>eodemque</em></strong></span> <span class='ocrx_word' id='word_1_380' title='bbox 1978 3185 2076 3241; x_wconf 89' lang='lat' dir='ltr'><strong><em>Dei</em></strong></span> 
     </span>
    </p>
   </div>
   <div class='ocr_carea' id='block_1_49' title="bbox 487 3273 2076 3347">
    <p class='ocr_par' dir='ltr' id='par_1_49' title="bbox 487 3273 2076 3347">
     <span class='ocr_line' id='line_1_51' title="bbox 487 3273 2076 3347; baseline 0.003 -19"><span class='ocrx_word' id='word_1_381' title='bbox 487 3273 622 3330; x_wconf 81' lang='lat' dir='ltr'><strong><em>Filio</em></strong></span> <span class='ocrx_word' id='word_1_382' title='bbox 641 3283 698 3330; x_wconf 89' lang='lat' dir='ltr'><strong><em>et</em></strong></span> <span class='ocrx_word' id='word_1_383' title='bbox 715 3283 978 3347; x_wconf 61' lang='lat' dir='ltr'><strong><em>susceptis</em></strong></span> <span class='ocrx_word' id='word_1_384' title='bbox 1001 3278 1181 3333; x_wconf 89' lang='lat' dir='ltr'><strong><em>carnis</em></strong></span> <span class='ocrx_word' id='word_1_385' title='bbox 1204 3278 1366 3345; x_wconf 89' lang='lat' dir='ltr'><strong><em>ratio,</em></strong></span> <span class='ocrx_word' id='word_1_386' title='bbox 1387 3285 1443 3332; x_wconf 92' lang='lat' dir='ltr'><strong><em>et</em></strong></span> <span class='ocrx_word' id='word_1_387' title='bbox 1461 3278 1718 3333; x_wconf 86' lang='lat' dir='ltr'><strong><em>naturalis</em></strong></span> <span class='ocrx_word' id='word_1_388' title='bbox 1737 3277 2076 3346; x_wconf 85' lang='lat' dir='ltr'><strong><em>privilegium</em></strong></span> 
     </span>
    </p>
   </div>
   <div class='ocr_carea' id='block_1_50' title="bbox 487 3367 2077 3440">
    <p class='ocr_par' dir='ltr' id='par_1_50' title="bbox 487 3367 2077 3440">
     <span class='ocr_line' id='line_1_52' title="bbox 487 3367 2077 3440; baseline 0.002 -20"><span class='ocrx_word' id='word_1_389' title='bbox 487 3367 736 3423; x_wconf 76' lang='lat' dir='ltr'><strong><em>deitatis?</em></strong></span> <span class='ocrx_word' id='word_1_390' title='bbox 755 3367 969 3424; x_wconf 91' lang='lat' dir='ltr'><strong><em>Sciebat</em></strong></span> <span class='ocrx_word' id='word_1_391' title='bbox 995 3369 1240 3440; x_wconf 90' lang='lat' dir='ltr'><strong><em>profecto</em></strong></span> <span class='ocrx_word' id='word_1_392' title='bbox 1266 3368 1603 3425; x_wconf 90' lang='lat' dir='ltr'><strong><em>Salvatorem</em></strong></span> <span class='ocrx_word' id='word_1_393' title='bbox 1625 3370 1859 3424; x_wconf 89' lang='lat' dir='ltr'><strong><em>dixisse:</em></strong></span> <span class='ocrx_word' id='word_1_394' title='bbox 1884 3368 2000 3440; x_wconf 82' lang='lat' dir='ltr'><strong><em>Ego</em></strong></span> <span class='ocrx_word' id='word_1_395' title='bbox 2026 3377 2077 3423; x_wconf 86' lang='lat' dir='ltr'><strong><em>et</em></strong></span> 
     </span>
    </p>
   </div>
   <div class='ocr_carea' id='block_1_51' title="bbox 491 3456 2076 3532">
    <p class='ocr_par' dir='ltr' id='par_1_51' title="bbox 491 3456 2076 3532">
     <span class='ocr_line' id='line_1_53' title="bbox 491 3456 2076 3532; baseline 0.003 -22"><span class='ocrx_word' id='word_1_396' title='bbox 491 3456 650 3511; x_wconf 83' lang='lat' dir='ltr'><strong><em>Pater</em></strong></span> <span class='ocrx_word' id='word_1_397' title='bbox 674 3475 831 3514; x_wconf 86' lang='lat' dir='ltr'><strong><em>unum</em></strong></span> <span class='ocrx_word' id='word_1_398' title='bbox 858 3477 1033 3514; x_wconf 84' lang='lat' dir='ltr'><strong><em>sumus</em></strong></span> <span class='ocrx_word' id='word_1_399' title='bbox 1062 3477 1082 3514; x_wconf 91' lang='lat'><strong><em>:</em></strong></span> <span class='ocrx_word' id='word_1_400' title='bbox 1109 3469 1161 3515; x_wconf 92' lang='lat' dir='ltr'><strong><em>et</em></strong></span> <span class='ocrx_word' id='word_1_401' title='bbox 1187 3461 1275 3532; x_wconf 85' lang='lat' dir='ltr'><strong><em>qui</em></strong></span> <span class='ocrx_word' id='word_1_402' title='bbox 1307 3477 1389 3514; x_wconf 87' lang='lat' dir='ltr'><strong><em>me</em></strong></span> <span class='ocrx_word' id='word_1_403' title='bbox 1426 3461 1578 3527; x_wconf 78' lang='lat' dir='ltr'><strong><em>videt,</em></strong></span> <span class='ocrx_word' id='word_1_404' title='bbox 1613 3461 1748 3515; x_wconf 81' lang='lat' dir='ltr'><strong><em>videt</em></strong></span> <span class='ocrx_word' id='word_1_405' title='bbox 1783 3469 1831 3514; x_wconf 90' lang='lat' dir='ltr'><strong><em>et</em></strong></span> <span class='ocrx_word' id='word_1_406' title='bbox 1861 3459 2076 3514; x_wconf 83' lang='lat' dir='ltr'><strong><em>Patrem</em></strong></span> 
     </span>
    </p>
   </div>
   <div class='ocr_carea' id='block_1_52' title="bbox 488 3548 2075 3622">
    <p class='ocr_par' dir='ltr' id='par_1_52' title="bbox 488 3548 2075 3622">
     <span class='ocr_line' id='line_1_54' title="bbox 488 3548 2075 3622; baseline 0.001 -20"><span class='ocrx_word' id='word_1_407' title='bbox 488 3548 668 3616; x_wconf 82' lang='lat' dir='ltr'><strong><em>(Joan.</em></strong></span> <span class='ocrx_word' id='word_1_408' title='bbox 700 3567 773 3605; x_wconf 89' lang='lat' dir='ltr'><strong><em>xn</em></strong></span> <span class='ocrx_word' id='word_1_409' title='bbox 797 3561 847 3605; x_wconf 90' lang='lat' dir='ltr'><strong><em>et</em></strong></span> <span class='ocrx_word' id='word_1_410' title='bbox 876 3550 1006 3622; x_wconf 77' lang='lat' dir='ltr'><strong><em>xiv).</em></strong></span> <span class='ocrx_word' id='word_1_411' title='bbox 1029 3550 1156 3606; x_wconf 58' lang='lat' dir='ltr'><strong><em>Haec</em></strong></span> <span class='ocrx_word' id='word_1_412' title='bbox 1176 3552 1322 3605; x_wconf 85' lang='lat' dir='ltr'><strong><em>illum</em></strong></span> <span class='ocrx_word' id='word_1_413' title='bbox 1345 3553 1610 3607; x_wconf 82' lang='lat' dir='ltr'><strong><em>confessio</em></strong></span> <span class='ocrx_word' id='word_1_414' title='bbox 1631 3560 1689 3606; x_wconf 90' lang='lat' dir='ltr'><strong><em>et</em></strong></span> <span class='ocrx_word' id='word_1_415' title='bbox 1707 3552 2075 3606; x_wconf 89' lang='lat' dir='ltr'><strong><em>honorabilem</em></strong></span> 
     </span>
    </p>
   </div>
   <div class='ocr_carea' id='block_1_53' title="bbox 491 3641 2077 3712">
    <p class='ocr_par' dir='ltr' id='par_1_53' title="bbox 491 3641 2077 3712">
     <span class='ocr_line' id='line_1_55' title="bbox 491 3641 2077 3712; baseline 0 -18"><span class='ocrx_word' id='word_1_416' title='bbox 491 3642 667 3705; x_wconf 85' lang='lat' dir='ltr'><strong><em>terris,</em></strong></span> <span class='ocrx_word' id='word_1_417' title='bbox 698 3649 753 3696; x_wconf 92' lang='lat' dir='ltr'><strong><em>et</em></strong></span> <span class='ocrx_word' id='word_1_418' title='bbox 779 3643 918 3697; x_wconf 66' lang='lat' dir='ltr'><strong><em>caelo</em></strong></span> <span class='ocrx_word' id='word_1_419' title='bbox 957 3642 1192 3697; x_wconf 89' lang='lat' dir='ltr'><strong><em>reddidit</em></strong></span> <span class='ocrx_word' id='word_1_420' title='bbox 1221 3643 1533 3712; x_wconf 89' lang='lat' dir='ltr'><strong><em>gloriosum.</em></strong></span> <span class='ocrx_word' id='word_1_421' title='bbox 1574 3642 1680 3697; x_wconf 91' lang='lat' dir='ltr'><strong><em>Sed</em></strong></span> <span class='ocrx_word' id='word_1_422' title='bbox 1717 3641 2077 3696; x_wconf 85' lang='lat' dir='ltr'><strong><em>necessarium</em></strong></span> 
     </span>
    </p>
   </div>
   <div class='ocr_carea' id='block_1_54' title="bbox 491 3728 2074 3799">
    <p class='ocr_par' dir='ltr' id='par_1_54' title="bbox 491 3728 2074 3799">
     <span class='ocr_line' id='line_1_56' title="bbox 491 3728 2074 3799; baseline 0 -15"><span class='ocrx_word' id='word_1_423' title='bbox 491 3746 633 3788; x_wconf 91' lang='lat' dir='ltr'><strong><em>nunc</em></strong></span> <span class='ocrx_word' id='word_1_424' title='bbox 655 3746 774 3787; x_wconf 90' lang='lat' dir='ltr'><strong><em>esse</em></strong></span> <span class='ocrx_word' id='word_1_425' title='bbox 799 3746 944 3799; x_wconf 89' lang='lat' dir='ltr'><strong><em>reor,</em></strong></span> <span class='ocrx_word' id='word_1_426' title='bbox 972 3739 1033 3785; x_wconf 92' lang='lat' dir='ltr'><strong><em>ut</em></strong></span> <span class='ocrx_word' id='word_1_427' title='bbox 1059 3733 1342 3788; x_wconf 91' lang='lat' dir='ltr'><strong><em>occasione</em></strong></span> <span class='ocrx_word' id='word_1_428' title='bbox 1369 3732 1514 3786; x_wconf 88' lang='lat' dir='ltr'><strong><em>beati</em></strong></span> <span class='ocrx_word' id='word_1_429' title='bbox 1543 3730 1702 3799; x_wconf 87' lang='lat' dir='ltr'><strong><em>hujus</em></strong></span> <span class='ocrx_word' id='word_1_430' title='bbox 1723 3729 1899 3783; x_wconf 88' lang='lat' dir='ltr'><strong><em>Patris</em></strong></span> <span class='ocrx_word' id='word_1_431' title='bbox 1927 3728 1946 3767; x_wconf 73' lang='grc' dir='ltr'>ί</span> <span class='ocrx_word' id='word_1_432' title='bbox 1973 3745 2074 3784; x_wconf 89' lang='lat' dir='ltr'><strong><em>no-</em></strong></span> 
     </span>
    </p>
   </div>
   <div class='ocr_carea' id='block_1_55' title="bbox 490 3819 2075 3890">
    <p class='ocr_par' dir='ltr' id='par_1_55' title="bbox 490 3819 2075 3890">
     <span class='ocr_line' id='line_1_57' title="bbox 490 3819 2075 3890; baseline -0.001 -14"><span class='ocrx_word' id='word_1_433' title='bbox 490 3821 609 3889; x_wconf 82' lang='lat' dir='ltr'><strong><em>stri,</em></strong></span> <span class='ocrx_word' id='word_1_434' title='bbox 631 3837 789 3890; x_wconf 88' lang='lat' dir='ltr'><strong><em>quem</em></strong></span> <span class='ocrx_word' id='word_1_435' title='bbox 821 3824 874 3875; x_wconf 83' lang='lat' dir='ltr'><strong><em>in</em></strong></span> <span class='ocrx_word' id='word_1_436' title='bbox 906 3822 1111 3877; x_wconf 88' lang='lat' dir='ltr'><strong><em>tantam</em></strong></span> <span class='ocrx_word' id='word_1_437' title='bbox 1137 3821 1364 3890; x_wconf 89' lang='lat' dir='ltr'><strong><em>gloriam</em></strong></span> <span class='ocrx_word' id='word_1_438' title='bbox 1391 3821 1777 3876; x_wconf 84' lang='lat' dir='ltr'><strong><em>catholicarum</em></strong></span> <span class='ocrx_word' id='word_1_439' title='bbox 1806 3819 2075 3874; x_wconf 85' lang='lat' dir='ltr'><strong><em>Ecclesia-</em></strong></span> 
     </span>
    </p>
   </div>
   <div class='ocr_carea' id='block_1_56' title="bbox 493 3901 2079 3980">
    <p class='ocr_par' dir='ltr' id='par_1_56' title="bbox 493 3901 2079 3980">
     <span class='ocr_line' id='line_1_58' title="bbox 493 3901 2079 3980; baseline 0 -15"><span class='ocrx_word' id='word_1_440' title='bbox 493 3927 610 3965; x_wconf 83' lang='lat' dir='ltr'><strong><em>rum</em></strong></span> <span class='ocrx_word' id='word_1_441' title='bbox 639 3910 770 3966; x_wconf 85' lang='lat' dir='ltr'><strong><em>lides</em></strong></span> <span class='ocrx_word' id='word_1_442' title='bbox 792 3901 1240 3968; x_wconf 74' lang='lat' dir='ltr'><strong><em>indeolinabiliter</em></strong></span> <span class='ocrx_word' id='word_1_443' title='bbox 1260 3913 1328 3967; x_wconf 87' lang='lat' dir='ltr'><strong><em>ab</em></strong></span> <span class='ocrx_word' id='word_1_444' title='bbox 1356 3927 1424 3967; x_wconf 92' lang='lat' dir='ltr'><strong><em>eo</em></strong></span> <span class='ocrx_word' id='word_1_445' title='bbox 1449 3919 1661 3967; x_wconf 88' lang='lat' dir='ltr'><strong><em>servata</em></strong></span> <span class='ocrx_word' id='word_1_446' title='bbox 1688 3912 1953 3980; x_wconf 81' lang='lat' dir='ltr'><strong><em>provexit,</em></strong></span> <span class='ocrx_word' id='word_1_447' title='bbox 1978 3925 2079 3965; x_wconf 85' lang='lat' dir='ltr'><strong><em>nos</em></strong></span> 
     </span>
    </p>
   </div>
   <div class='ocr_carea' id='block_1_57' title="bbox 495 4001 2060 4075">
    <p class='ocr_par' dir='ltr' id='par_1_57' title="bbox 495 4001 2060 4075">
     <span class='ocr_line' id='line_1_59' title="bbox 495 4001 2060 4075; baseline 0 -19"><span class='ocrx_word' id='word_1_448' title='bbox 495 4015 724 4074; x_wconf 81' lang='lat' dir='ltr'><strong><em>quoque,</em></strong></span> <span class='ocrx_word' id='word_1_449' title='bbox 740 4004 974 4075; x_wconf 89' lang='lat' dir='ltr'><strong><em>propitio</em></strong></span> <span class='ocrx_word' id='word_1_450' title='bbox 993 4005 1254 4074; x_wconf 85' lang='lat' dir='ltr'><strong><em>largiente</em></strong></span> <span class='ocrx_word' id='word_1_451' title='bbox 1273 4004 1520 4069; x_wconf 91' lang='lat' dir='ltr'><strong><em>Domino,</em></strong></span> <span class='ocrx_word' id='word_1_452' title='bbox 1547 4001 1867 4058; x_wconf 84' lang='lat' dir='ltr'><strong><em>salutaribus</em></strong></span> <span class='ocrx_word' id='word_1_453' title='bbox 1887 4002 2060 4056; x_wconf 88' lang='lat' dir='ltr'><strong><em>doctri</em></strong></span> 
     </span>
    </p>
   </div>
   <div class='ocr_carea' id='block_1_58' title="bbox 495 4089 2079 4162">
    <p class='ocr_par' dir='ltr' id='par_1_58' title="bbox 495 4089 2079 4162">
     <span class='ocr_line' id='line_1_60' title="bbox 495 4089 2079 4162; baseline 0 -15"><span class='ocrx_word' id='word_1_454' title='bbox 495 4109 577 4148; x_wconf 79' lang='lat' dir='ltr'><strong><em>me</em></strong></span> <span class='ocrx_word' id='word_1_455' title='bbox 603 4089 882 4150; x_wconf 78' lang='lat' dir='ltr'><strong><em>dominica:</em></strong></span> <span class='ocrx_word' id='word_1_456' title='bbox 909 4095 1230 4151; x_wconf 85' lang='lat' dir='ltr'><strong><em>testimoniis</em></strong></span> <span class='ocrx_word' id='word_1_457' title='bbox 1276 4095 1594 4148; x_wconf 89' lang='lat' dir='ltr'><strong><em>imbuamur.</em></strong></span> <span class='ocrx_word' id='word_1_458' title='bbox 1635 4092 1797 4162; x_wconf 59' lang='lat'><strong><em>256</em></strong></span> <span class='ocrx_word' id='word_1_459' title='bbox 1834 4091 1922 4145; x_wconf 79' lang='lat' dir='ltr'><strong><em>Ait</em></strong></span> <span class='ocrx_word' id='word_1_460' title='bbox 1949 4103 2079 4158; x_wconf 85' lang='lat' dir='ltr'><strong><em>ergo</em></strong></span> 
     </span>
    </p>
   </div>
   <div class='ocr_carea' id='block_1_59' title="bbox 496 4177 2081 4255">
    <p class='ocr_par' dir='ltr' id='par_1_59' title="bbox 496 4177 2081 4255">
     <span class='ocr_line' id='line_1_61' title="bbox 496 4177 2081 4255; baseline -0.001 -20"><span class='ocrx_word' id='word_1_461' title='bbox 496 4181 751 4239; x_wconf 79' lang='lat' dir='ltr'><strong><em>Dominus</em></strong></span> <span class='ocrx_word' id='word_1_462' title='bbox 782 4201 796 4237; x_wconf 88' lang='lat'>:</span> <span class='ocrx_word' id='word_1_463' title='bbox 827 4182 943 4255; x_wconf 85' lang='lat' dir='ltr'><strong><em>Ego</em></strong></span> <span class='ocrx_word' id='word_1_464' title='bbox 982 4191 1032 4238; x_wconf 83' lang='lat' dir='ltr'><strong><em>et</em></strong></span> <span class='ocrx_word' id='word_1_465' title='bbox 1069 4183 1231 4237; x_wconf 87' lang='lat' dir='ltr'><strong><em>Pater</em></strong></span> <span class='ocrx_word' id='word_1_466' title='bbox 1258 4200 1417 4236; x_wconf 84' lang='lat' dir='ltr'><strong><em>unum</em></strong></span> <span class='ocrx_word' id='word_1_467' title='bbox 1441 4197 1634 4235; x_wconf 82' lang='lat' dir='ltr'><strong><em>sumus.</em></strong></span> <span class='ocrx_word' id='word_1_468' title='bbox 1669 4179 1771 4244; x_wconf 85' lang='lat' dir='ltr'><strong><em>Qui</em></strong></span> <span class='ocrx_word' id='word_1_469' title='bbox 1799 4177 1947 4246; x_wconf 83' lang='lat' dir='ltr'><strong><em>dicit,</em></strong></span> <span class='ocrx_word' id='word_1_470' title='bbox 1978 4179 2081 4233; x_wconf 90' lang='lat' dir='ltr'><strong><em>Su-</em></strong></span> 
     </span>
    </p>
   </div>
   <div class='ocr_carea' id='block_1_60' title="bbox 501 4269 2084 4341">
    <p class='ocr_par' dir='ltr' id='par_1_60' title="bbox 501 4269 2084 4341">
     <span class='ocr_line' id='line_1_62' title="bbox 501 4269 2084 4341; baseline -0.003 -15"><span class='ocrx_word' id='word_1_471' title='bbox 501 4287 645 4337; x_wconf 83' lang='lat' dir='ltr'><strong><em>mus,</em></strong></span> <span class='ocrx_word' id='word_1_472' title='bbox 671 4272 949 4328; x_wconf 84' lang='lat' dir='ltr'><strong><em>solitarius</em></strong></span> <span class='ocrx_word' id='word_1_473' title='bbox 974 4289 1084 4329; x_wconf 85' lang='lat' dir='ltr'><strong><em>non</em></strong></span> <span class='ocrx_word' id='word_1_474' title='bbox 1111 4281 1195 4328; x_wconf 86' lang='lat' dir='ltr'><strong><em>est</em></strong></span> <span class='ocrx_word' id='word_1_475' title='bbox 1218 4289 1231 4325; x_wconf 91' lang='lat'><strong>:</strong></span> <span class='ocrx_word' id='word_1_476' title='bbox 1254 4273 1344 4341; x_wconf 83' lang='lat' dir='ltr'><strong><em>qui</em></strong></span> <span class='ocrx_word' id='word_1_477' title='bbox 1375 4271 1527 4338; x_wconf 87' lang='lat' dir='ltr'><strong><em>dicit,</em></strong></span> <span class='ocrx_word' id='word_1_478' title='bbox 1557 4269 1731 4326; x_wconf 90' lang='lat' dir='ltr'><strong><em>Unum</em></strong></span> <span class='ocrx_word' id='word_1_479' title='bbox 1752 4284 1955 4335; x_wconf 81' lang='lat' dir='ltr'><strong><em>sumus,</em></strong></span> <span class='ocrx_word' id='word_1_480' title='bbox 1976 4269 2084 4323; x_wconf 38' lang='lat' dir='ltr'><strong><em>uti.</em></strong></span> 
     </span>
    </p>
   </div>
   <div class='ocr_carea' id='block_1_61' title="bbox 496 4359 2082 4435">
    <p class='ocr_par' dir='ltr' id='par_1_61' title="bbox 496 4359 2082 4435">
     <span class='ocr_line' id='line_1_63' title="bbox 496 4359 2082 4435; baseline -0.004 -14"><span class='ocrx_word' id='word_1_481' title='bbox 496 4378 603 4435; x_wconf 79' lang='lat' dir='ltr'><strong><em>qua</em></strong></span> <span class='ocrx_word' id='word_1_482' title='bbox 639 4364 707 4420; x_wconf 83' lang='lat' dir='ltr'><strong><em>ab</em></strong></span> <span class='ocrx_word' id='word_1_483' title='bbox 747 4379 815 4420; x_wconf 92' lang='lat' dir='ltr'><strong><em>eo</em></strong></span> <span class='ocrx_word' id='word_1_484' title='bbox 844 4380 964 4421; x_wconf 91' lang='lat' dir='ltr'><strong><em>cum</em></strong></span> <span class='ocrx_word' id='word_1_485' title='bbox 1013 4379 1121 4435; x_wconf 88' lang='lat' dir='ltr'><strong><em>quo</em></strong></span> <span class='ocrx_word' id='word_1_486' title='bbox 1163 4378 1330 4420; x_wconf 87' lang='lat' dir='ltr'><strong><em>unum</em></strong></span> <span class='ocrx_word' id='word_1_487' title='bbox 1369 4366 1454 4418; x_wconf 88' lang='lat' dir='ltr'><strong><em>est</em></strong></span> <span class='ocrx_word' id='word_1_488' title='bbox 1499 4378 1607 4417; x_wconf 91' lang='lat' dir='ltr'><strong><em>non</em></strong></span> <span class='ocrx_word' id='word_1_489' title='bbox 1635 4368 1815 4432; x_wconf 87' lang='lat' dir='ltr'><strong><em>potest</em></strong></span> <span class='ocrx_word' id='word_1_490' title='bbox 1850 4375 1971 4416; x_wconf 88' lang='lat' dir='ltr'><strong><em>esse</em></strong></span> <span class='ocrx_word' id='word_1_491' title='bbox 1998 4359 2082 4414; x_wconf 84' lang='lat' dir='ltr'><strong><em>di-</em></strong></span> 
     </span>
    </p>
   </div>
   <div class='ocr_carea' id='block_1_62' title="bbox 497 4451 2084 4525">
    <p class='ocr_par' dir='ltr' id='par_1_62' title="bbox 497 4451 2084 4525">
     <span class='ocr_line' id='line_1_64' title="bbox 497 4451 2084 4525; baseline -0.004 -13"><span class='ocrx_word' id='word_1_492' title='bbox 497 4459 664 4513; x_wconf 87' lang='lat' dir='ltr'><strong><em>visus.</em></strong></span> <span class='ocrx_word' id='word_1_493' title='bbox 694 4457 834 4525; x_wconf 88' lang='lat' dir='ltr'><strong><em>Quid</em></strong></span> <span class='ocrx_word' id='word_1_494' title='bbox 869 4457 1000 4511; x_wconf 89' lang='lat' dir='ltr'><strong><em>mihi</em></strong></span> <span class='ocrx_word' id='word_1_495' title='bbox 1036 4473 1196 4522; x_wconf 91' lang='lat' dir='ltr'><strong><em>nunc,</em></strong></span> <span class='ocrx_word' id='word_1_496' title='bbox 1243 4451 1515 4520; x_wconf 72' lang='lat' dir='ltr'><strong><em>hmretice,</em></strong></span> <span class='ocrx_word' id='word_1_497' title='bbox 1556 4455 1608 4507; x_wconf 93' lang='lat' dir='ltr'><strong><em>in</em></strong></span> <span class='ocrx_word' id='word_1_498' title='bbox 1642 4452 1803 4508; x_wconf 88' lang='lat' dir='ltr'><strong><em>Patre</em></strong></span> <span class='ocrx_word' id='word_1_499' title='bbox 1829 4461 1856 4500; x_wconf 73' lang='grc' dir='ltr'>ι</span> <span class='ocrx_word' id='word_1_500' title='bbox 1885 4459 1939 4506; x_wconf 91' lang='lat' dir='ltr'><strong><em>et</em></strong></span> <span class='ocrx_word' id='word_1_501' title='bbox 1967 4451 2084 4520; x_wconf 85' lang='lat' dir='ltr'><strong><em>ejus</em></strong></span> 
     </span>
    </p>
   </div>
   <div class='ocr_carea' id='block_1_63' title="bbox 2169 1893 3756 1965">
    <p class='ocr_par' dir='ltr' id='par_1_63' title="bbox 2169 1893 3756 1965">
     <span class='ocr_line' id='line_1_65' title="bbox 2169 1893 3756 1965; baseline -0.004 -13"><span class='ocrx_word' id='word_1_502' title='bbox 2169 1914 2238 1952; x_wconf 90' lang='lat' dir='ltr'><strong><em>ne</em></strong></span> <span class='ocrx_word' id='word_1_503' title='bbox 2266 1899 2405 1953; x_wconf 89' lang='lat' dir='ltr'><strong><em>forte</em></strong></span> <span class='ocrx_word' id='word_1_504' title='bbox 2432 1914 2555 1954; x_wconf 90' lang='lat' dir='ltr'><strong><em>eum</em></strong></span> <span class='ocrx_word' id='word_1_505' title='bbox 2583 1897 2733 1953; x_wconf 89' lang='lat' dir='ltr'><strong><em>velut</em></strong></span> <span class='ocrx_word' id='word_1_506' title='bbox 2757 1898 2966 1954; x_wconf 89' lang='lat' dir='ltr'><strong><em>radium</em></strong></span> <span class='ocrx_word' id='word_1_507' title='bbox 2993 1897 3144 1964; x_wconf 87' lang='lat' dir='ltr'><strong><em>solis,</em></strong></span> <span class='ocrx_word' id='word_1_508' title='bbox 3168 1904 3262 1950; x_wconf 90' lang='lat' dir='ltr'><strong><em>aut</em></strong></span> <span class='ocrx_word' id='word_1_509' title='bbox 3287 1894 3633 1965; x_wconf 86' lang='lat' dir='ltr'><strong><em>splendorem</em></strong></span> <span class='ocrx_word' id='word_1_510' title='bbox 3667 1893 3756 1946; x_wconf 89' lang='lat' dir='ltr'><strong><em>lu-</em></strong></span> 
     </span>
    </p>
   </div>
   <div class='ocr_carea' id='block_1_64' title="bbox 2169 1984 3758 2056">
    <p class='ocr_par' dir='ltr' id='par_1_64' title="bbox 2169 1984 3758 2056">
     <span class='ocr_line' id='line_1_66' title="bbox 2169 1984 3758 2056; baseline -0.003 -14"><span class='ocrx_word' id='word_1_511' title='bbox 2169 2002 2366 2055; x_wconf 65' lang='lat' dir='ltr'><strong><em>cernae,</em></strong></span> <span class='ocrx_word' id='word_1_512' title='bbox 2410 1988 2589 2042; x_wconf 88' lang='lat' dir='ltr'><strong><em>alieno</em></strong></span> <span class='ocrx_word' id='word_1_513' title='bbox 2630 1996 2853 2056; x_wconf 87' lang='lat' dir='ltr'><strong><em>putares</em></strong></span> <span class='ocrx_word' id='word_1_514' title='bbox 2884 1986 2900 2025; x_wconf 84' lang='grc' dir='ltr'>ι</span> <span class='ocrx_word' id='word_1_515' title='bbox 2932 1987 3114 2043; x_wconf 88' lang='lat' dir='ltr'><strong><em>lucere</em></strong></span> <span class='ocrx_word' id='word_1_516' title='bbox 3155 1986 3380 2053; x_wconf 79' lang='lat' dir='ltr'><strong><em>fulgore,</em></strong></span> <span class='ocrx_word' id='word_1_517' title='bbox 3415 1986 3493 2039; x_wconf 90' lang='lat' dir='ltr'><strong><em>ait</em></strong></span> <span class='ocrx_word' id='word_1_518' title='bbox 3528 1984 3598 2039; x_wconf 88' lang='lat' dir='ltr'><strong><em>de</em></strong></span> <span class='ocrx_word' id='word_1_519' title='bbox 3638 1985 3758 2054; x_wconf 88' lang='lat' dir='ltr'><strong><em>ipso</em></strong></span> 
     </span>
    </p>
   </div>
   <div class='ocr_carea' id='block_1_65' title="bbox 2166 2077 3756 2154">
    <p class='ocr_par' dir='ltr' id='par_1_65' title="bbox 2166 2077 3756 2154">
     <span class='ocr_line' id='line_1_67' title="bbox 2166 2077 3756 2154; baseline -0.003 -21"><span class='ocrx_word' id='word_1_520' title='bbox 2166 2079 2360 2134; x_wconf 89' lang='lat' dir='ltr'><strong><em>beatus</em></strong></span> <span class='ocrx_word' id='word_1_521' title='bbox 2387 2078 2730 2154; x_wconf 83' lang='lat' dir='ltr'><strong><em>Evangelista</em></strong></span> <span class='ocrx_word' id='word_1_522' title='bbox 2756 2078 3012 2146; x_wconf 85' lang='lat' dir='ltr'><strong><em>Joannes,</em></strong></span> <span class='ocrx_word' id='word_1_523' title='bbox 3040 2079 3128 2133; x_wconf 91' lang='lat' dir='ltr'><strong><em>cui</em></strong></span> <span class='ocrx_word' id='word_1_524' title='bbox 3163 2093 3418 2132; x_wconf 89' lang='lat' dir='ltr'><strong><em>arcanum</em></strong></span> <span class='ocrx_word' id='word_1_525' title='bbox 3447 2077 3546 2131; x_wconf 87' lang='lat' dir='ltr'><strong><em>Dei</em></strong></span> <span class='ocrx_word' id='word_1_526' title='bbox 3583 2087 3640 2131; x_wconf 89' lang='lat' dir='ltr'><strong><em>et</em></strong></span> <span class='ocrx_word' id='word_1_527' title='bbox 3681 2078 3756 2130; x_wconf 84' lang='lat' dir='ltr'><strong><em>vi-</em></strong></span> 
     </span>
    </p>
   </div>
   <div class='ocr_carea' id='block_1_66' title="bbox 2167 2166 3758 2236">
    <p class='ocr_par' dir='ltr' id='par_1_66' title="bbox 2167 2166 3758 2236">
     <span class='ocr_line' id='line_1_68' title="bbox 2167 2166 3758 2236; baseline -0.003 -11"><span class='ocrx_word' id='word_1_528' title='bbox 2167 2169 2296 2225; x_wconf 92' lang='lat' dir='ltr'><strong><em>dere</em></strong></span> <span class='ocrx_word' id='word_1_529' title='bbox 2335 2177 2392 2224; x_wconf 90' lang='lat' dir='ltr'><strong><em>et</em></strong></span> <span class='ocrx_word' id='word_1_530' title='bbox 2428 2169 2672 2224; x_wconf 88' lang='lat' dir='ltr'><strong><em>revelare</em></strong></span> <span class='ocrx_word' id='word_1_531' title='bbox 2697 2184 3012 2224; x_wconf 85' lang='lat' dir='ltr'><strong><em>concessum</em></strong></span> <span class='ocrx_word' id='word_1_532' title='bbox 3039 2177 3144 2236; x_wconf 87' lang='lat' dir='ltr'><strong><em>est,</em></strong></span> <span class='ocrx_word' id='word_1_533' title='bbox 3172 2168 3395 2223; x_wconf 88' lang='lat' dir='ltr'><strong><em>dicens:</em></strong></span> <span class='ocrx_word' id='word_1_534' title='bbox 3427 2166 3560 2220; x_wconf 85' lang='lat' dir='ltr'><strong><em>Erat</em></strong></span> <span class='ocrx_word' id='word_1_535' title='bbox 3587 2167 3758 2221; x_wconf 73' lang='lat' dir='ltr'><strong><em>tum</em></strong></span> 
     </span>
    </p>
   </div>
   <div class='ocr_carea' id='block_1_67' title="bbox 2165 2259 3758 2332">
    <p class='ocr_par' dir='ltr' id='par_1_67' title="bbox 2165 2259 3758 2332">
     <span class='ocr_line' id='line_1_69' title="bbox 2165 2259 3758 2332; baseline -0.003 -16"><span class='ocrx_word' id='word_1_536' title='bbox 2165 2278 2338 2316; x_wconf 77' lang='lat' dir='ltr'><strong><em>verum</em></strong></span> <span class='ocrx_word' id='word_1_537' title='bbox 2367 2259 2547 2332; x_wconf 83' lang='lat' dir='ltr'><strong><em>(loan.</em></strong></span> <span class='ocrx_word' id='word_1_538' title='bbox 2582 2260 2644 2330; x_wconf 88' lang='grc' dir='ltr'><strong><em>ι).</em></strong></span> <span class='ocrx_word' id='word_1_539' title='bbox 2687 2260 2884 2316; x_wconf 86' lang='lat' dir='ltr'><strong><em>Verum</em></strong></span> <span class='ocrx_word' id='word_1_540' title='bbox 2925 2260 3107 2314; x_wconf 86' lang='lat' dir='ltr'><strong><em>lumen</em></strong></span> <span class='ocrx_word' id='word_1_541' title='bbox 3135 2271 3172 2295; x_wconf 72' lang='grc' dir='ltr'><strong><em>ο-</em></strong></span> <span class='ocrx_word' id='word_1_542' title='bbox 3203 2259 3300 2324; x_wconf 88' lang='lat' dir='ltr'><strong><em>ait,</em></strong></span> <span class='ocrx_word' id='word_1_543' title='bbox 3332 2267 3392 2314; x_wconf 88' lang='lat' dir='ltr'><strong><em>ut</em></strong></span> <span class='ocrx_word' id='word_1_544' title='bbox 3431 2260 3571 2315; x_wconf 86' lang='lat' dir='ltr'><strong><em>scias</em></strong></span> <span class='ocrx_word' id='word_1_545' title='bbox 3607 2259 3758 2313; x_wconf 84' lang='lat' dir='ltr'><strong><em>illum</em></strong></span> 
     </span>
    </p>
   </div>
   <div class='ocr_carea' id='block_1_68' title="bbox 2169 2348 3760 2422">
    <p class='ocr_par' dir='ltr' id='par_1_68' title="bbox 2169 2348 3760 2422">
     <span class='ocr_line' id='line_1_70' title="bbox 2169 2348 3760 2422; baseline -0.003 -15"><span class='ocrx_word' id='word_1_546' title='bbox 2169 2368 2276 2407; x_wconf 90' lang='lat' dir='ltr'><strong><em>non</em></strong></span> <span class='ocrx_word' id='word_1_547' title='bbox 2319 2350 2684 2422; x_wconf 89' lang='lat' dir='ltr'><strong><em>cujuscunque</em></strong></span> <span class='ocrx_word' id='word_1_548' title='bbox 2728 2350 3042 2406; x_wconf 86' lang='lat' dir='ltr'><strong><em>creaturalis</em></strong></span> <span class='ocrx_word' id='word_1_549' title='bbox 3084 2349 3490 2418; x_wconf 82' lang='lat' dir='ltr'><strong><em>deiicientisque</em></strong></span> <span class='ocrx_word' id='word_1_550' title='bbox 3545 2348 3760 2403; x_wconf 85' lang='lat' dir='ltr'><strong><em>luminis</em></strong></span> 
     </span>
    </p>
   </div>
   <div class='ocr_carea' id='block_1_69' title="bbox 2168 2437 3759 2509">
    <p class='ocr_par' dir='ltr' id='par_1_69' title="bbox 2168 2437 3759 2509">
     <span class='ocr_line' id='line_1_71' title="bbox 2168 2437 3759 2509; baseline -0.003 -14"><span class='ocrx_word' id='word_1_551' title='bbox 2168 2455 2287 2495; x_wconf 85' lang='lat' dir='ltr'><strong><em>esse</em></strong></span> <span class='ocrx_word' id='word_1_552' title='bbox 2328 2438 2614 2509; x_wconf 80' lang='lat' dir='ltr'><strong><em>fulgorem,</em></strong></span> <span class='ocrx_word' id='word_1_553' title='bbox 2645 2439 2740 2494; x_wconf 89' lang='lat' dir='ltr'><strong><em>sed</em></strong></span> <span class='ocrx_word' id='word_1_554' title='bbox 2774 2455 2806 2493; x_wconf 88' lang='lat' dir='ltr'><strong><em>a</em></strong></span> <span class='ocrx_word' id='word_1_555' title='bbox 2837 2453 2966 2493; x_wconf 90' lang='lat' dir='ltr'><strong><em>vera</em></strong></span> <span class='ocrx_word' id='word_1_556' title='bbox 2994 2437 3115 2492; x_wconf 89' lang='lat' dir='ltr'><strong><em>luce</em></strong></span> <span class='ocrx_word' id='word_1_557' title='bbox 3142 2438 3425 2492; x_wconf 86' lang='lat' dir='ltr'><strong><em>veritatem</em></strong></span> <span class='ocrx_word' id='word_1_558' title='bbox 3445 2452 3586 2504; x_wconf 88' lang='lat' dir='ltr'><strong><em>esse,</em></strong></span> <span class='ocrx_word' id='word_1_559' title='bbox 3613 2437 3759 2506; x_wconf 90' lang='lat' dir='ltr'><strong><em>quod</em></strong></span> 
     </span>
    </p>
   </div>
   <div class='ocr_carea' id='block_1_70' title="bbox 2169 2528 3758 2594">
    <p class='ocr_par' dir='ltr' id='par_1_70' title="bbox 2169 2528 3758 2594">
     <span class='ocr_line' id='line_1_72' title="bbox 2169 2528 3758 2594; baseline -0.001 -12"><span class='ocrx_word' id='word_1_560' title='bbox 2169 2529 2349 2583; x_wconf 90' lang='lat' dir='ltr'><strong><em>lumen</em></strong></span> <span class='ocrx_word' id='word_1_561' title='bbox 2377 2536 2480 2584; x_wconf 90' lang='lat' dir='ltr'><strong><em>est.</em></strong></span> <span class='ocrx_word' id='word_1_562' title='bbox 2511 2528 2569 2582; x_wconf 91' lang='lat' dir='ltr'><strong><em>ln</em></strong></span> <span class='ocrx_word' id='word_1_563' title='bbox 2591 2537 2800 2583; x_wconf 88' lang='lat' dir='ltr'><strong><em>tantum</em></strong></span> <span class='ocrx_word' id='word_1_564' title='bbox 2829 2535 3011 2583; x_wconf 89' lang='lat' dir='ltr'><strong><em>autem</em></strong></span> <span class='ocrx_word' id='word_1_565' title='bbox 3030 2542 3218 2582; x_wconf 87' lang='lat' dir='ltr'><strong><em>verum</em></strong></span> <span class='ocrx_word' id='word_1_566' title='bbox 3244 2534 3326 2581; x_wconf 87' lang='lat' dir='ltr'><strong><em>est</em></strong></span> <span class='ocrx_word' id='word_1_567' title='bbox 3345 2528 3623 2594; x_wconf 91' lang='lat' dir='ltr'><strong><em>Iumen,ut</em></strong></span> <span class='ocrx_word' id='word_1_568' title='bbox 3651 2544 3758 2581; x_wconf 88' lang='lat' dir='ltr'><strong><em>non</em></strong></span> 
     </span>
    </p>
   </div>
   <div class='ocr_carea' id='block_1_71' title="bbox 2167 2618 3762 2689">
    <p class='ocr_par' dir='ltr' id='par_1_71' title="bbox 2167 2618 3762 2689">
     <span class='ocr_line' id='line_1_73' title="bbox 2167 2618 3762 2689; baseline -0.002 -14"><span class='ocrx_word' id='word_1_569' title='bbox 2167 2619 2340 2675; x_wconf 90' lang='lat' dir='ltr'><strong><em>solum</em></strong></span> <span class='ocrx_word' id='word_1_570' title='bbox 2371 2635 2479 2675; x_wconf 89' lang='lat' dir='ltr'><strong><em>non</em></strong></span> <span class='ocrx_word' id='word_1_571' title='bbox 2506 2628 2664 2689; x_wconf 86' lang='lat' dir='ltr'><strong><em>egeat</em></strong></span> <span class='ocrx_word' id='word_1_572' title='bbox 2705 2620 3016 2687; x_wconf 89' lang='lat' dir='ltr'><strong><em>illuminari,</em></strong></span> <span class='ocrx_word' id='word_1_573' title='bbox 3055 2619 3153 2674; x_wconf 87' lang='lat' dir='ltr'><strong><em>sed</em></strong></span> <span class='ocrx_word' id='word_1_574' title='bbox 3191 2618 3527 2673; x_wconf 88' lang='lat' dir='ltr'><strong><em>illuminandi</em></strong></span> <span class='ocrx_word' id='word_1_575' title='bbox 3563 2618 3762 2672; x_wconf 84' lang='lat' dir='ltr'><strong><em>habeat</em></strong></span> 
     </span>
    </p>
   </div>
   <div class='ocr_carea' id='block_1_72' title="bbox 2169 2712 3761 2780">
    <p class='ocr_par' dir='ltr' id='par_1_72' title="bbox 2169 2712 3761 2780">
     <span class='ocr_line' id='line_1_74' title="bbox 2169 2712 3761 2780; baseline -0.001 -15"><span class='ocrx_word' id='word_1_576' title='bbox 2169 2719 2490 2780; x_wconf 86' lang='lat' dir='ltr'><strong><em>potestatem</em></strong></span> <span class='ocrx_word' id='word_1_577' title='bbox 2525 2729 2538 2763; x_wconf 91' lang='lat'><strong>:</strong></span> <span class='ocrx_word' id='word_1_578' title='bbox 2569 2713 2831 2766; x_wconf 84' lang='lat' dir='ltr'><strong><em>illuminat</em></strong></span> <span class='ocrx_word' id='word_1_579' title='bbox 2859 2712 3023 2777; x_wconf 88' lang='lat' dir='ltr'><strong><em>enim,</em></strong></span> <span class='ocrx_word' id='word_1_580' title='bbox 3048 2719 3109 2765; x_wconf 91' lang='lat' dir='ltr'><strong><em>ut</em></strong></span> <span class='ocrx_word' id='word_1_581' title='bbox 3134 2712 3348 2780; x_wconf 86' lang='lat' dir='ltr'><strong><em>legitur,</em></strong></span> <span class='ocrx_word' id='word_1_582' title='bbox 3378 2729 3580 2766; x_wconf 80' lang='lat' dir='ltr'><strong><em>omnem</em></strong></span> <span class='ocrx_word' id='word_1_583' title='bbox 3604 2713 3761 2765; x_wconf 76' lang='lat' dir='ltr'><strong><em>homi-</em></strong></span> 
     </span>
    </p>
   </div>
   <div class='ocr_carea' id='block_1_73' title="bbox 2169 2803 3762 2875">
    <p class='ocr_par' dir='ltr' id='par_1_73' title="bbox 2169 2803 3762 2875">
     <span class='ocr_line' id='line_1_75' title="bbox 2169 2803 3762 2875; baseline 0 -19"><span class='ocrx_word' id='word_1_584' title='bbox 2169 2818 2285 2856; x_wconf 80' lang='lat' dir='ltr'><strong><em>nem</em></strong></span> <span class='ocrx_word' id='word_1_585' title='bbox 2329 2804 2612 2857; x_wconf 75' lang='lat' dir='ltr'><strong><em>venientem</em></strong></span> <span class='ocrx_word' id='word_1_586' title='bbox 2652 2806 2707 2858; x_wconf 84' lang='lat' dir='ltr'><strong><em>in</em></strong></span> <span class='ocrx_word' id='word_1_587' title='bbox 2747 2805 2882 2858; x_wconf 82' lang='lat' dir='ltr'><strong><em>hunc</em></strong></span> <span class='ocrx_word' id='word_1_588' title='bbox 2925 2804 3174 2858; x_wconf 81' lang='lat' dir='ltr'><strong><em>mundum</em></strong></span> <span class='ocrx_word' id='word_1_589' title='bbox 3221 2803 3448 2875; x_wconf 82' lang='lat' dir='ltr'><strong><em>(Ibid).</em></strong></span> <span class='ocrx_word' id='word_1_590' title='bbox 3498 2803 3586 2857; x_wconf 81' lang='lat' dir='ltr'><strong><em>Ait</em></strong></span> <span class='ocrx_word' id='word_1_591' title='bbox 3633 2819 3762 2872; x_wconf 87' lang='lat' dir='ltr'><strong><em>ergo</em></strong></span> 
     </span>
    </p>
   </div>
   <div class='ocr_carea' id='block_1_74' title="bbox 2170 2893 3761 2962">
    <p class='ocr_par' dir='ltr' id='par_1_74' title="bbox 2170 2893 3761 2962">
     <span class='ocr_line' id='line_1_76' title="bbox 2170 2893 3761 2962; baseline -0.001 -14"><span class='ocrx_word' id='word_1_592' title='bbox 2170 2893 2433 2960; x_wconf 88' lang='lat' dir='ltr'><strong><em>Christus,</em></strong></span> <span class='ocrx_word' id='word_1_593' title='bbox 2458 2900 2516 2948; x_wconf 91' lang='lat' dir='ltr'><strong><em>ut</em></strong></span> <span class='ocrx_word' id='word_1_594' title='bbox 2541 2895 2743 2950; x_wconf 90' lang='lat' dir='ltr'><strong><em>dictum</em></strong></span> <span class='ocrx_word' id='word_1_595' title='bbox 2764 2903 2868 2962; x_wconf 91' lang='lat' dir='ltr'><strong><em>est,</em></strong></span> <span class='ocrx_word' id='word_1_596' title='bbox 2896 2894 2998 2959; x_wconf 84' lang='lat' dir='ltr'><strong><em>Qui</em></strong></span> <span class='ocrx_word' id='word_1_597' title='bbox 3023 2912 3105 2949; x_wconf 79' lang='lat' dir='ltr'><strong><em>me</em></strong></span> <span class='ocrx_word' id='word_1_598' title='bbox 3130 2895 3286 2961; x_wconf 81' lang='lat' dir='ltr'><strong><em>videt,</em></strong></span> <span class='ocrx_word' id='word_1_599' title='bbox 3316 2895 3450 2948; x_wconf 77' lang='lat' dir='ltr'><strong><em>videt</em></strong></span> <span class='ocrx_word' id='word_1_600' title='bbox 3476 2905 3528 2948; x_wconf 89' lang='lat' dir='ltr'><strong><em>et</em></strong></span> <span class='ocrx_word' id='word_1_601' title='bbox 3551 2893 3761 2948; x_wconf 81' lang='lat' dir='ltr'><strong><em>Patrem</em></strong></span> 
     </span>
    </p>
   </div>
   <div class='ocr_carea' id='block_1_75' title="bbox 2173 2983 3761 3057">
    <p class='ocr_par' dir='ltr' id='par_1_75' title="bbox 2173 2983 3761 3057">
     <span class='ocr_line' id='line_1_77' title="bbox 2173 2983 3761 3057; baseline -0.001 -19"><span class='ocrx_word' id='word_1_602' title='bbox 2173 2983 2355 3056; x_wconf 79' lang='lat' dir='ltr'><strong><em>(Joan.</em></strong></span> <span class='ocrx_word' id='word_1_603' title='bbox 2396 2985 2527 3057; x_wconf 76' lang='lat' dir='ltr'><strong><em>xiv).</em></strong></span> <span class='ocrx_word' id='word_1_604' title='bbox 2573 2984 2672 3049; x_wconf 84' lang='lat' dir='ltr'><strong><em>Qui</em></strong></span> <span class='ocrx_word' id='word_1_605' title='bbox 2698 3003 2802 3054; x_wconf 78' lang='lat' dir='ltr'><strong><em>nte,</em></strong></span> <span class='ocrx_word' id='word_1_606' title='bbox 2840 2987 3033 3056; x_wconf 90' lang='lat' dir='ltr'><strong><em>inquit,</em></strong></span> <span class='ocrx_word' id='word_1_607' title='bbox 3075 2986 3229 3050; x_wconf 72' lang='lat' dir='ltr'><strong><em>ridet,</em></strong></span> <span class='ocrx_word' id='word_1_608' title='bbox 3265 2985 3398 3039; x_wconf 79' lang='lat' dir='ltr'><strong><em>uidet</em></strong></span> <span class='ocrx_word' id='word_1_609' title='bbox 3435 2995 3486 3038; x_wconf 90' lang='lat' dir='ltr'><strong><em>et</em></strong></span> <span class='ocrx_word' id='word_1_610' title='bbox 3526 2984 3761 3038; x_wconf 74' lang='lat' dir='ltr'><strong><em>Patrem.</em></strong></span> 
     </span>
    </p>
   </div>
   <div class='ocr_carea' id='block_1_76' title="bbox 2173 3075 3764 3144">
    <p class='ocr_par' dir='ltr' id='par_1_76' title="bbox 2173 3075 3764 3144">
     <span class='ocr_line' id='line_1_78' title="bbox 2173 3075 3764 3144; baseline -0.002 -13"><span class='ocrx_word' id='word_1_611' title='bbox 2173 3077 2454 3144; x_wconf 87' lang='lat' dir='ltr'><strong><em>Quomodo</em></strong></span> <span class='ocrx_word' id='word_1_612' title='bbox 2486 3094 2593 3134; x_wconf 91' lang='lat' dir='ltr'><strong><em>non</em></strong></span> <span class='ocrx_word' id='word_1_613' title='bbox 2633 3087 2690 3133; x_wconf 93' lang='lat' dir='ltr'><strong><em>et</em></strong></span> <span class='ocrx_word' id='word_1_614' title='bbox 2734 3077 2863 3144; x_wconf 93' lang='lat' dir='ltr'><strong><em>duo,</em></strong></span> <span class='ocrx_word' id='word_1_615' title='bbox 2895 3085 2952 3132; x_wconf 88' lang='lat' dir='ltr'><strong><em>et</em></strong></span> <span class='ocrx_word' id='word_1_616' title='bbox 2981 3092 3143 3131; x_wconf 90' lang='lat' dir='ltr'><strong><em>unum</em></strong></span> <span class='ocrx_word' id='word_1_617' title='bbox 3173 3084 3318 3140; x_wconf 87' lang='lat' dir='ltr'><strong><em>sunt,</em></strong></span> <span class='ocrx_word' id='word_1_618' title='bbox 3360 3091 3482 3131; x_wconf 89' lang='lat' dir='ltr'><strong><em>cum</em></strong></span> <span class='ocrx_word' id='word_1_619' title='bbox 3518 3077 3663 3130; x_wconf 86' lang='lat' dir='ltr'><strong><em>alter</em></strong></span> <span class='ocrx_word' id='word_1_620' title='bbox 3691 3075 3764 3128; x_wconf 83' lang='lat' dir='ltr'><strong><em>vi-</em></strong></span> 
     </span>
    </p>
   </div>
   <div class='ocr_carea' id='block_1_77' title="bbox 2101 3166 3764 3236">
    <p class='ocr_par' dir='ltr' id='par_1_77' title="bbox 2101 3166 3764 3236">
     <span class='ocr_line' id='line_1_79' title="bbox 2101 3166 3764 3236; baseline -0.003 -12"><span class='ocrx_word' id='word_1_621' title='bbox 2101 3167 2144 3225; x_wconf 88' lang='lat' dir='ltr'><strong><em>C</em></strong></span> <span class='ocrx_word' id='word_1_622' title='bbox 2175 3169 2367 3224; x_wconf 87' lang='lat' dir='ltr'><strong><em>deatur</em></strong></span> <span class='ocrx_word' id='word_1_623' title='bbox 2407 3171 2458 3224; x_wconf 91' lang='lat' dir='ltr'><strong><em>in</em></strong></span> <span class='ocrx_word' id='word_1_624' title='bbox 2493 3171 2684 3236; x_wconf 88' lang='lat' dir='ltr'><strong><em>altero,</em></strong></span> <span class='ocrx_word' id='word_1_625' title='bbox 2729 3177 2785 3224; x_wconf 89' lang='lat' dir='ltr'><strong><em>et</em></strong></span> <span class='ocrx_word' id='word_1_626' title='bbox 2821 3184 2986 3223; x_wconf 90' lang='lat' dir='ltr'><strong><em>unum</em></strong></span> <span class='ocrx_word' id='word_1_627' title='bbox 3024 3167 3222 3222; x_wconf 87' lang='lat' dir='ltr'><strong><em>vidisse</em></strong></span> <span class='ocrx_word' id='word_1_628' title='bbox 3261 3167 3331 3221; x_wconf 87' lang='lat' dir='ltr'><strong><em>sit</em></strong></span> <span class='ocrx_word' id='word_1_629' title='bbox 3357 3166 3644 3234; x_wconf 88' lang='lat' dir='ltr'><strong><em>utriusque</em></strong></span> <span class='ocrx_word' id='word_1_630' title='bbox 3670 3181 3764 3220; x_wconf 84' lang='lat' dir='ltr'><strong><em>eo-</em></strong></span> 
     </span>
    </p>
   </div>
   <div class='ocr_carea' id='block_1_78' title="bbox 2178 3249 3767 3330">
    <p class='ocr_par' dir='ltr' id='par_1_78' title="bbox 2178 3249 3767 3330">
     <span class='ocr_line' id='line_1_80' title="bbox 2178 3249 3767 3330; baseline -0.004 -14"><span class='ocrx_word' id='word_1_631' title='bbox 2178 3262 2380 3330; x_wconf 75' lang='lat' dir='ltr'><strong><em>gnitio?</em></strong></span> <span class='ocrx_word' id='word_1_632' title='bbox 2407 3249 2476 3315; x_wconf 81' lang='lat' dir='ltr'><strong><em>Et</em></strong></span> <span class='ocrx_word' id='word_1_633' title='bbox 2502 3277 2562 3317; x_wconf 90' lang='lat' dir='ltr'><strong><em>re</em></strong></span> <span class='ocrx_word' id='word_1_634' title='bbox 2588 3276 2737 3325; x_wconf 89' lang='lat' dir='ltr'><strong><em>vera,</em></strong></span> <span class='ocrx_word' id='word_1_635' title='bbox 2768 3261 2979 3326; x_wconf 85' lang='lat' dir='ltr'><strong><em>fratres,</em></strong></span> <span class='ocrx_word' id='word_1_636' title='bbox 3006 3259 3146 3316; x_wconf 88' lang='lat' dir='ltr'><strong><em>sicut</em></strong></span> <span class='ocrx_word' id='word_1_637' title='bbox 3165 3258 3348 3313; x_wconf 88' lang='lat' dir='ltr'><strong><em>videre</em></strong></span> <span class='ocrx_word' id='word_1_638' title='bbox 3368 3257 3563 3311; x_wconf 82' lang='lat' dir='ltr'><strong><em>Filium</em></strong></span> <span class='ocrx_word' id='word_1_639' title='bbox 3582 3256 3767 3310; x_wconf 79' lang='lat' dir='ltr'><strong><em>videre</em></strong></span> 
     </span>
    </p>
   </div>
   <div class='ocr_carea' id='block_1_79' title="bbox 2177 3345 3764 3417">
    <p class='ocr_par' dir='ltr' id='par_1_79' title="bbox 2177 3345 3764 3417">
     <span class='ocr_line' id='line_1_81' title="bbox 2177 3345 3764 3417; baseline -0.004 -9"><span class='ocrx_word' id='word_1_640' title='bbox 2177 3360 2262 3408; x_wconf 90' lang='lat' dir='ltr'><strong><em>est</em></strong></span> <span class='ocrx_word' id='word_1_641' title='bbox 2301 3351 2538 3414; x_wconf 90' lang='lat' dir='ltr'><strong><em>Patrem,</em></strong></span> <span class='ocrx_word' id='word_1_642' title='bbox 2579 3352 2673 3416; x_wconf 88' lang='lat' dir='ltr'><strong><em>ita,</em></strong></span> <span class='ocrx_word' id='word_1_643' title='bbox 2721 3351 2995 3405; x_wconf 86' lang='lat' dir='ltr'><strong><em>intellecto</em></strong></span> <span class='ocrx_word' id='word_1_644' title='bbox 3037 3348 3222 3416; x_wconf 88' lang='lat' dir='ltr'><strong><em>Patre,</em></strong></span> <span class='ocrx_word' id='word_1_645' title='bbox 3261 3348 3578 3416; x_wconf 79' lang='lat' dir='ltr'><strong><em>intelligitur</em></strong></span> <span class='ocrx_word' id='word_1_646' title='bbox 3605 3345 3764 3417; x_wconf 64' lang='lat'><strong><em>2‘7</em></strong></span> 
     </span>
    </p>
   </div>
   <div class='ocr_carea' id='block_1_80' title="bbox 2175 3435 3766 3508">
    <p class='ocr_par' dir='ltr' id='par_1_80' title="bbox 2175 3435 3766 3508">
     <span class='ocr_line' id='line_1_82' title="bbox 2175 3435 3766 3508; baseline -0.004 -12"><span class='ocrx_word' id='word_1_647' title='bbox 2175 3450 2232 3497; x_wconf 91' lang='lat' dir='ltr'><strong><em>et</em></strong></span> <span class='ocrx_word' id='word_1_648' title='bbox 2260 3441 2450 3506; x_wconf 83' lang='lat' dir='ltr'><strong><em>Filius;</em></strong></span> <span class='ocrx_word' id='word_1_649' title='bbox 2483 3453 2606 3495; x_wconf 88' lang='lat' dir='ltr'><strong><em>nam</em></strong></span> <span class='ocrx_word' id='word_1_650' title='bbox 2639 3441 2732 3508; x_wconf 93' lang='lat' dir='ltr'><strong><em>qui</em></strong></span> <span class='ocrx_word' id='word_1_651' title='bbox 2760 3439 2972 3494; x_wconf 89' lang='lat' dir='ltr'><strong><em>Patrem</em></strong></span> <span class='ocrx_word' id='word_1_652' title='bbox 3000 3439 3176 3494; x_wconf 89' lang='lat' dir='ltr'><strong><em>credit</em></strong></span> <span class='ocrx_word' id='word_1_653' title='bbox 3201 3446 3257 3494; x_wconf 89' lang='lat' dir='ltr'><strong><em>et</em></strong></span> <span class='ocrx_word' id='word_1_654' title='bbox 3288 3435 3580 3493; x_wconf 84' lang='lat' dir='ltr'><strong><em>conﬁtetur</em></strong></span> <span class='ocrx_word' id='word_1_655' title='bbox 3604 3447 3766 3491; x_wconf 67' lang='lat' dir='ltr'><strong><em>reter-</em></strong></span> 
     </span>
    </p>
   </div>
   <div class='ocr_carea' id='block_1_81' title="bbox 2176 3527 3764 3601">
    <p class='ocr_par' dir='ltr' id='par_1_81' title="bbox 2176 3527 3764 3601">
     <span class='ocr_line' id='line_1_83' title="bbox 2176 3527 3764 3601; baseline -0.004 -13"><span class='ocrx_word' id='word_1_656' title='bbox 2176 3548 2326 3601; x_wconf 87' lang='lat' dir='ltr'><strong><em>nnm,</em></strong></span> <span class='ocrx_word' id='word_1_657' title='bbox 2357 3533 2542 3588; x_wconf 89' lang='lat' dir='ltr'><strong><em>credat</em></strong></span> <span class='ocrx_word' id='word_1_658' title='bbox 2568 3549 2791 3588; x_wconf 88' lang='lat' dir='ltr'><strong><em>necesse</em></strong></span> <span class='ocrx_word' id='word_1_659' title='bbox 2819 3543 2902 3588; x_wconf 89' lang='lat' dir='ltr'><strong><em>est</em></strong></span> <span class='ocrx_word' id='word_1_660' title='bbox 2941 3541 2998 3587; x_wconf 90' lang='lat' dir='ltr'><strong><em>et</em></strong></span> <span class='ocrx_word' id='word_1_661' title='bbox 3037 3531 3232 3586; x_wconf 86' lang='lat' dir='ltr'><strong><em>Filium</em></strong></span> <span class='ocrx_word' id='word_1_662' title='bbox 3272 3537 3623 3586; x_wconf 64' lang='lat' dir='ltr'><strong><em>coasternnm.</em></strong></span> <span class='ocrx_word' id='word_1_663' title='bbox 3660 3527 3764 3583; x_wconf 86' lang='lat' dir='ltr'><strong><em>Sed</em></strong></span> 
     </span>
    </p>
   </div>
   <div class='ocr_carea' id='block_1_82' title="bbox 2172 3622 3765 3695">
    <p class='ocr_par' dir='ltr' id='par_1_82' title="bbox 2172 3622 3765 3695">
     <span class='ocr_line' id='line_1_84' title="bbox 2172 3622 3765 3695; baseline -0.004 -15"><span class='ocrx_word' id='word_1_664' title='bbox 2172 3625 2284 3695; x_wconf 90' lang='lat' dir='ltr'><strong><em>jam</em></strong></span> <span class='ocrx_word' id='word_1_665' title='bbox 2311 3625 2590 3681; x_wconf 88' lang='lat' dir='ltr'><strong><em>videamus</em></strong></span> <span class='ocrx_word' id='word_1_666' title='bbox 2615 3625 2737 3694; x_wconf 90' lang='lat' dir='ltr'><strong><em>quis</em></strong></span> <span class='ocrx_word' id='word_1_667' title='bbox 2765 3626 2867 3679; x_wconf 90' lang='lat' dir='ltr'><strong><em>iste</em></strong></span> <span class='ocrx_word' id='word_1_668' title='bbox 2897 3624 2969 3678; x_wconf 89' lang='lat' dir='ltr'><strong><em>sit</em></strong></span> <span class='ocrx_word' id='word_1_669' title='bbox 3002 3632 3252 3693; x_wconf 88' lang='lat' dir='ltr'><strong><em>aspectus</em></strong></span> <span class='ocrx_word' id='word_1_670' title='bbox 3273 3622 3327 3676; x_wconf 90' lang='lat' dir='ltr'><strong><em>in</em></strong></span> <span class='ocrx_word' id='word_1_671' title='bbox 3355 3622 3512 3688; x_wconf 85' lang='lat' dir='ltr'><strong><em>Filio,</em></strong></span> <span class='ocrx_word' id='word_1_672' title='bbox 3539 3637 3653 3691; x_wconf 88' lang='lat' dir='ltr'><strong><em>quo</em></strong></span> <span class='ocrx_word' id='word_1_673' title='bbox 3680 3636 3765 3689; x_wconf 86' lang='lat' dir='ltr'><strong><em>pa-</em></strong></span> 
     </span>
    </p>
   </div>
   <div class='ocr_carea' id='block_1_83' title="bbox 2176 3711 3763 3771">
    <p class='ocr_par' dir='ltr' id='par_1_83' title="bbox 2176 3711 3763 3771">
     <span class='ocr_line' id='line_1_85' title="bbox 2176 3711 3763 3771; baseline -0.005 0"><span class='ocrx_word' id='word_1_674' title='bbox 2176 3718 2309 3771; x_wconf 90' lang='lat' dir='ltr'><strong><em>riter</em></strong></span> <span class='ocrx_word' id='word_1_675' title='bbox 2327 3717 2494 3771; x_wconf 90' lang='lat' dir='ltr'><strong><em>videri</em></strong></span> <span class='ocrx_word' id='word_1_676' title='bbox 2515 3717 2774 3771; x_wconf 90' lang='lat' dir='ltr'><strong><em>asseritur</em></strong></span> <span class='ocrx_word' id='word_1_677' title='bbox 2787 3723 2842 3770; x_wconf 91' lang='lat' dir='ltr'><strong><em>et</em></strong></span> <span class='ocrx_word' id='word_1_678' title='bbox 2860 3713 3041 3770; x_wconf 85' lang='lat' dir='ltr'><strong><em>Pater.</em></strong></span> <span class='ocrx_word' id='word_1_679' title='bbox 3064 3713 3222 3768; x_wconf 87' lang='lat' dir='ltr'><strong><em>Videt</em></strong></span> <span class='ocrx_word' id='word_1_680' title='bbox 3239 3713 3354 3768; x_wconf 90' lang='lat' dir='ltr'><strong><em>sine</em></strong></span> <span class='ocrx_word' id='word_1_681' title='bbox 3372 3712 3537 3767; x_wconf 89' lang='lat' dir='ltr'><strong><em>dubio</em></strong></span> <span class='ocrx_word' id='word_1_682' title='bbox 3557 3713 3614 3766; x_wconf 88' lang='lat' dir='ltr'><strong><em>in</em></strong></span> <span class='ocrx_word' id='word_1_683' title='bbox 3629 3711 3763 3764; x_wconf 79' lang='lat' dir='ltr'><strong><em>Filio</em></strong></span> 
     </span>
    </p>
   </div>
   <div class='ocr_carea' id='block_1_84' title="bbox 2179 3801 3763 3875">
    <p class='ocr_par' dir='ltr' id='par_1_84' title="bbox 2179 3801 3763 3875">
     <span class='ocr_line' id='line_1_86' title="bbox 2179 3801 3763 3875; baseline -0.005 -16"><span class='ocrx_word' id='word_1_684' title='bbox 2179 3804 2394 3862; x_wconf 88' lang='lat' dir='ltr'><strong><em>Patrem</em></strong></span> <span class='ocrx_word' id='word_1_685' title='bbox 2433 3806 2524 3875; x_wconf 91' lang='lat' dir='ltr'><strong><em>qui</em></strong></span> <span class='ocrx_word' id='word_1_686' title='bbox 2577 3805 2753 3861; x_wconf 87' lang='lat' dir='ltr'><strong><em>credit</em></strong></span> <span class='ocrx_word' id='word_1_687' title='bbox 2795 3803 2986 3860; x_wconf 82' lang='lat' dir='ltr'><strong><em>Filium</em></strong></span> <span class='ocrx_word' id='word_1_688' title='bbox 3031 3803 3325 3859; x_wconf 88' lang='lat' dir='ltr'><strong><em>secundum</em></strong></span> <span class='ocrx_word' id='word_1_689' title='bbox 3363 3801 3763 3869; x_wconf 86' lang='lat' dir='ltr'><strong><em>incogitabilem</em></strong></span> 
     </span>
    </p>
   </div>
   <div class='ocr_carea' id='block_1_85' title="bbox 2179 3891 3758 3953">
    <p class='ocr_par' dir='ltr' id='par_1_85' title="bbox 2179 3891 3758 3953">
     <span class='ocr_line' id='line_1_87' title="bbox 2179 3891 3758 3953; baseline -0.002 -1"><span class='ocrx_word' id='word_1_690' title='bbox 2179 3898 2403 3952; x_wconf 88' lang='lat' dir='ltr'><strong><em>Deitatis</em></strong></span> <span class='ocrx_word' id='word_1_691' title='bbox 2441 3905 2690 3953; x_wconf 85' lang='lat' dir='ltr'><strong><em>naturam</em></strong></span> <span class='ocrx_word' id='word_1_692' title='bbox 2735 3893 3075 3951; x_wconf 76' lang='lat' dir='ltr'><strong><em>ineﬂ‘abiliter</em></strong></span> <span class='ocrx_word' id='word_1_693' title='bbox 3099 3902 3287 3949; x_wconf 86' lang='lat' dir='ltr'><strong><em>natum</em></strong></span> <span class='ocrx_word' id='word_1_694' title='bbox 3326 3908 3446 3948; x_wconf 91' lang='lat' dir='ltr'><strong><em>esse</em></strong></span> <span class='ocrx_word' id='word_1_695' title='bbox 3476 3892 3548 3946; x_wconf 88' lang='lat' dir='ltr'><strong><em>de</em></strong></span> <span class='ocrx_word' id='word_1_696' title='bbox 3576 3891 3758 3949; x_wconf 67' lang='lat' dir='ltr'><strong><em>Patre.</em></strong></span> 
     </span>
    </p>
   </div>
   <div class='ocr_carea' id='block_1_86' title="bbox 2181 3981 3763 4058">
    <p class='ocr_par' dir='ltr' id='par_1_86' title="bbox 2181 3981 3763 4058">
     <span class='ocr_line' id='line_1_88' title="bbox 2181 3981 3763 4058; baseline -0.006 -14"><span class='ocrx_word' id='word_1_697' title='bbox 2181 4005 2281 4043; x_wconf 91' lang='lat' dir='ltr'><strong><em>nec</em></strong></span> <span class='ocrx_word' id='word_1_698' title='bbox 2307 4004 2468 4058; x_wconf 88' lang='lat' dir='ltr'><strong><em>posse</em></strong></span> <span class='ocrx_word' id='word_1_699' title='bbox 2489 3987 2632 4042; x_wconf 85' lang='lat' dir='ltr'><strong><em>aliud</em></strong></span> <span class='ocrx_word' id='word_1_700' title='bbox 2660 3987 2805 4040; x_wconf 91' lang='lat' dir='ltr'><strong><em>hunc</em></strong></span> <span class='ocrx_word' id='word_1_701' title='bbox 2829 4001 2947 4040; x_wconf 89' lang='lat' dir='ltr'><strong><em>esse</em></strong></span> <span class='ocrx_word' id='word_1_702' title='bbox 2967 3985 3060 4054; x_wconf 91' lang='lat' dir='ltr'><strong><em>qni</em></strong></span> <span class='ocrx_word' id='word_1_703' title='bbox 3088 3991 3246 4038; x_wconf 87' lang='lat' dir='ltr'><strong><em>natus</em></strong></span> <span class='ocrx_word' id='word_1_704' title='bbox 3273 3991 3357 4039; x_wconf 89' lang='lat' dir='ltr'><strong><em>est</em></strong></span> <span class='ocrx_word' id='word_1_705' title='bbox 3381 3997 3544 4052; x_wconf 86' lang='lat' dir='ltr'><strong><em>quam</em></strong></span> <span class='ocrx_word' id='word_1_706' title='bbox 3567 3990 3652 4037; x_wconf 89' lang='lat' dir='ltr'><strong><em>est</em></strong></span> <span class='ocrx_word' id='word_1_707' title='bbox 3679 3981 3763 4034; x_wconf 80' lang='lat' dir='ltr'><strong><em>illo</em></strong></span> 
     </span>
    </p>
   </div>
   <div class='ocr_carea' id='block_1_87' title="bbox 2181 4070 3764 4148">
    <p class='ocr_par' dir='ltr' id='par_1_87' title="bbox 2181 4070 3764 4148">
     <span class='ocr_line' id='line_1_89' title="bbox 2181 4070 3764 4148; baseline -0.007 -15"><span class='ocrx_word' id='word_1_708' title='bbox 2181 4079 2272 4148; x_wconf 91' lang='lat' dir='ltr'><strong><em>qui</em></strong></span> <span class='ocrx_word' id='word_1_709' title='bbox 2300 4078 2502 4146; x_wconf 91' lang='lat' dir='ltr'><strong><em>genuit.</em></strong></span> <span class='ocrx_word' id='word_1_710' title='bbox 2549 4076 2708 4132; x_wconf 89' lang='lat' dir='ltr'><strong><em>Videt</em></strong></span> <span class='ocrx_word' id='word_1_711' title='bbox 2734 4077 2787 4130; x_wconf 93' lang='lat' dir='ltr'><strong><em>in</em></strong></span> <span class='ocrx_word' id='word_1_712' title='bbox 2815 4075 3031 4130; x_wconf 87' lang='lat' dir='ltr'><strong><em>Christo</em></strong></span> <span class='ocrx_word' id='word_1_713' title='bbox 3057 4073 3273 4128; x_wconf 91' lang='lat' dir='ltr'><strong><em>Patrem</em></strong></span> <span class='ocrx_word' id='word_1_714' title='bbox 3299 4073 3390 4141; x_wconf 88' lang='lat' dir='ltr'><strong><em>qui</em></strong></span> <span class='ocrx_word' id='word_1_715' title='bbox 3419 4087 3588 4141; x_wconf 87' lang='lat' dir='ltr'><strong><em>opera</em></strong></span> <span class='ocrx_word' id='word_1_716' title='bbox 3614 4070 3764 4124; x_wconf 49' lang='lat' dir='ltr'><strong><em>Chri.</em></strong></span> 
     </span>
    </p>
   </div>
   <div class='ocr_carea' id='block_1_88' title="bbox 2181 4159 3763 4236">
    <p class='ocr_par' dir='ltr' id='par_1_88' title="bbox 2181 4159 3763 4236">
     <span class='ocr_line' id='line_1_90' title="bbox 2181 4159 3763 4236; baseline -0.007 -13"><span class='ocrx_word' id='word_1_717' title='bbox 2181 4168 2251 4223; x_wconf 88' lang='lat' dir='ltr'><strong><em>sti</em></strong></span> <span class='ocrx_word' id='word_1_718' title='bbox 2296 4183 2407 4223; x_wconf 90' lang='lat' dir='ltr'><strong><em>non</em></strong></span> <span class='ocrx_word' id='word_1_719' title='bbox 2451 4175 2724 4222; x_wconf 75' lang='lat' dir='ltr'><strong><em>extranea:</em></strong></span> <span class='ocrx_word' id='word_1_720' title='bbox 2752 4164 3138 4236; x_wconf 88' lang='lat' dir='ltr'><strong><em>possibilitatis,</em></strong></span> <span class='ocrx_word' id='word_1_721' title='bbox 3178 4163 3276 4218; x_wconf 86' lang='lat' dir='ltr'><strong><em>sed</em></strong></span> <span class='ocrx_word' id='word_1_722' title='bbox 3311 4170 3554 4232; x_wconf 59' lang='lat' dir='ltr'><strong><em>paternae</em></strong></span> <span class='ocrx_word' id='word_1_723' title='bbox 3592 4159 3763 4216; x_wconf 90' lang='lat' dir='ltr'><strong><em>credi-</em></strong></span> 
     </span>
    </p>
   </div>
   <div class='ocr_carea' id='block_1_89' title="bbox 2182 4247 3762 4320">
    <p class='ocr_par' dir='ltr' id='par_1_89' title="bbox 2182 4247 3762 4320">
     <span class='ocr_line' id='line_1_91' title="bbox 2182 4247 3762 4320; baseline -0.008 -6"><span class='ocrx_word' id='word_1_724' title='bbox 2182 4259 2260 4314; x_wconf 89' lang='lat' dir='ltr'><strong><em>dit</em></strong></span> <span class='ocrx_word' id='word_1_725' title='bbox 2288 4273 2407 4316; x_wconf 88' lang='lat' dir='ltr'><strong><em>esse</em></strong></span> <span class='ocrx_word' id='word_1_726' title='bbox 2433 4258 2664 4311; x_wconf 88' lang='lat' dir='ltr'><strong><em>virtutis.</em></strong></span> <span class='ocrx_word' id='word_1_727' title='bbox 2697 4266 2722 4292; x_wconf 62' lang='lat'><strong>&#39;1</strong></span> <span class='ocrx_word' id='word_1_728' title='bbox 2765 4255 2920 4310; x_wconf 88' lang='lat' dir='ltr'><strong><em>Videt</em></strong></span> <span class='ocrx_word' id='word_1_729' title='bbox 2947 4255 3001 4310; x_wconf 91' lang='lat' dir='ltr'><strong><em>in</em></strong></span> <span class='ocrx_word' id='word_1_730' title='bbox 3029 4254 3163 4310; x_wconf 87' lang='lat' dir='ltr'><strong><em>Filio</em></strong></span> <span class='ocrx_word' id='word_1_731' title='bbox 3183 4253 3400 4307; x_wconf 83' lang='lat' dir='ltr'><strong><em>Patrem</em></strong></span> <span class='ocrx_word' id='word_1_732' title='bbox 3417 4252 3511 4320; x_wconf 92' lang='lat' dir='ltr'><strong><em>qui</em></strong></span> <span class='ocrx_word' id='word_1_733' title='bbox 3540 4247 3762 4305; x_wconf 85' lang='lat' dir='ltr'><strong><em>intendit</em></strong></span> 
     </span>
    </p>
   </div>
   <div class='ocr_carea' id='block_1_90' title="bbox 2185 4339 3764 4416">
    <p class='ocr_par' dir='ltr' id='par_1_90' title="bbox 2185 4339 3764 4416">
     <span class='ocr_line' id='line_1_92' title="bbox 2185 4339 3764 4416; baseline -0.008 -12"><span class='ocrx_word' id='word_1_734' title='bbox 2185 4351 2333 4405; x_wconf 83' lang='lat' dir='ltr'><strong><em>illum</em></strong></span> <span class='ocrx_word' id='word_1_735' title='bbox 2353 4349 2454 4403; x_wconf 88' lang='lat' dir='ltr'><strong><em>sub</em></strong></span> <span class='ocrx_word' id='word_1_736' title='bbox 2477 4347 2856 4403; x_wconf 88' lang='lat' dir='ltr'><strong><em>communione</em></strong></span> <span class='ocrx_word' id='word_1_737' title='bbox 2875 4345 3088 4416; x_wconf 86' lang='lat' dir='ltr'><strong><em>paterni</em></strong></span> <span class='ocrx_word' id='word_1_738' title='bbox 3113 4345 3365 4405; x_wconf 87' lang='lat' dir='ltr'><strong><em>nominis,</em></strong></span> <span class='ocrx_word' id='word_1_739' title='bbox 3389 4356 3499 4396; x_wconf 87' lang='lat' dir='ltr'><strong><em>non</em></strong></span> <span class='ocrx_word' id='word_1_740' title='bbox 3529 4339 3764 4408; x_wconf 86' lang='lat' dir='ltr'><strong><em>ingenio-</em></strong></span> 
     </span>
    </p>
   </div>
   <div class='ocr_carea' id='block_1_91' title="bbox 2187 4427 3761 4504">
    <p class='ocr_par' dir='ltr' id='par_1_91' title="bbox 2187 4427 3761 4504">
     <span class='ocr_line' id='line_1_93' title="bbox 2187 4427 3761 4504; baseline -0.008 -10"><span class='ocrx_word' id='word_1_741' title='bbox 2187 4453 2259 4494; x_wconf 76' lang='lat' dir='ltr'><strong><em>sa:</em></strong></span> <span class='ocrx_word' id='word_1_742' title='bbox 2277 4439 2409 4492; x_wconf 83' lang='lat' dir='ltr'><strong><em>artis</em></strong></span> <span class='ocrx_word' id='word_1_743' title='bbox 2431 4437 2713 4504; x_wconf 87' lang='lat' dir='ltr'><strong><em>industria,</em></strong></span> <span class='ocrx_word' id='word_1_744' title='bbox 2745 4437 2838 4490; x_wconf 89' lang='lat' dir='ltr'><strong><em>sed</em></strong></span> <span class='ocrx_word' id='word_1_745' title='bbox 2866 4444 2891 4472; x_wconf 87' lang='grc' dir='ltr'><strong>ο</strong></span> <span class='ocrx_word' id='word_1_746' title='bbox 2921 4434 3176 4504; x_wconf 89' lang='lat' dir='ltr'><strong><em>simplicis</em></strong></span> <span class='ocrx_word' id='word_1_747' title='bbox 3203 4439 3471 4504; x_wconf 85' lang='lat' dir='ltr'><strong><em>potestate</em></strong></span> <span class='ocrx_word' id='word_1_748' title='bbox 3491 4427 3761 4501; x_wconf 73' lang='lat' dir='ltr'><strong><em>prmcepti,</em></strong></span> 
     </span>
    </p>
   </div>
   <div class='ocr_carea' id='block_1_92' title="bbox 497 4525 2072 4607">
    <p class='ocr_par' dir='ltr' id='par_1_92' title="bbox 497 4541 2072 4607">
     <span class='ocr_line' id='line_1_94' title="bbox 497 4541 2072 4607; baseline -0.004 -5"><span class='ocrx_word' id='word_1_749' title='bbox 497 4545 636 4602; x_wconf 73' lang='lat' dir='ltr'><strong><em>Filio</em></strong></span> <span class='ocrx_word' id='word_1_750' title='bbox 673 4546 1035 4602; x_wconf 80' lang='lat' dir='ltr'><strong><em>diversitatem</em></strong></span> <span class='ocrx_word' id='word_1_751' title='bbox 1081 4545 1292 4600; x_wconf 82' lang='lat' dir='ltr'><strong><em>conaris</em></strong></span> <span class='ocrx_word' id='word_1_752' title='bbox 1327 4552 1588 4607; x_wconf 87' lang='lat' dir='ltr'><strong><em>astruere,</em></strong></span> <span class='ocrx_word' id='word_1_753' title='bbox 1616 4557 1737 4597; x_wconf 91' lang='lat' dir='ltr'><strong><em>cum</em></strong></span> <span class='ocrx_word' id='word_1_754' title='bbox 1767 4541 1932 4596; x_wconf 86' lang='lat' dir='ltr'><strong><em>Filius</em></strong></span> <span class='ocrx_word' id='word_1_755' title='bbox 1957 4542 2072 4596; x_wconf 89' lang='lat' dir='ltr'><strong><em>sub-</em></strong></span> 
     </span>
    </p>
   </div>
   <div class='ocr_carea' id='block_1_93' title="bbox 2173 4525 3763 4607">
    <p class='ocr_par' dir='ltr' id='par_1_93' title="bbox 2185 4525 3763 4598">
     <span class='ocr_line' id='line_1_95' title="bbox 2185 4525 3763 4598; baseline -0.008 -16"><span class='ocrx_word' id='word_1_756' title='bbox 2185 4544 2354 4598; x_wconf 89' lang='lat' dir='ltr'><strong><em>aquas</em></strong></span> <span class='ocrx_word' id='word_1_757' title='bbox 2383 4529 2435 4582; x_wconf 93' lang='lat' dir='ltr'><strong><em>in</em></strong></span> <span class='ocrx_word' id='word_1_758' title='bbox 2465 4528 2589 4582; x_wconf 89' lang='lat' dir='ltr'><strong><em>vina</em></strong></span> <span class='ocrx_word' id='word_1_759' title='bbox 2617 4534 2933 4588; x_wconf 86' lang='lat' dir='ltr'><strong><em>vertentem,</em></strong></span> <span class='ocrx_word' id='word_1_760' title='bbox 2975 4532 3341 4579; x_wconf 89' lang='lat' dir='ltr'><strong><em>creaturarum</em></strong></span> <span class='ocrx_word' id='word_1_761' title='bbox 3377 4529 3592 4575; x_wconf 88' lang='lat' dir='ltr'><strong><em>mutare</em></strong></span> <span class='ocrx_word' id='word_1_762' title='bbox 3619 4525 3763 4572; x_wconf 74' lang='lat' dir='ltr'><strong><em>natu-</em></strong></span> 
     </span>
    </p>
   </div>
   <div class='ocr_carea' id='block_1_94' title="bbox 500 4632 2085 4703">
    <p class='ocr_par' dir='ltr' id='par_1_94' title="bbox 500 4632 2085 4703">
     <span class='ocr_line' id='line_1_96' title="bbox 500 4632 2085 4703; baseline -0.005 -9"><span class='ocrx_word' id='word_1_763' title='bbox 500 4638 712 4694; x_wconf 76' lang='lat' dir='ltr'><strong><em>stantia:</em></strong></span> <span class='ocrx_word' id='word_1_764' title='bbox 739 4652 850 4693; x_wconf 80' lang='lat' dir='ltr'><strong><em>suae</em></strong></span> <span class='ocrx_word' id='word_1_765' title='bbox 880 4653 979 4692; x_wconf 87' lang='lat' dir='ltr'><strong><em>nos</em></strong></span> <span class='ocrx_word' id='word_1_766' title='bbox 1017 4637 1248 4691; x_wconf 86' lang='lat' dir='ltr'><strong><em>edocens</em></strong></span> <span class='ocrx_word' id='word_1_767' title='bbox 1289 4635 1591 4699; x_wconf 88' lang='lat' dir='ltr'><strong><em>veritatem,</em></strong></span> <span class='ocrx_word' id='word_1_768' title='bbox 1621 4632 1816 4688; x_wconf 81' lang='lat' dir='ltr'><strong><em>dixerit</em></strong></span> <span class='ocrx_word' id='word_1_769' title='bbox 1850 4650 1863 4685; x_wconf 89' lang='lat'><strong>:</strong></span> <span class='ocrx_word' id='word_1_770' title='bbox 1893 4633 2004 4703; x_wconf 86' lang='lat' dir='ltr'><strong><em>Ego</em></strong></span> <span class='ocrx_word' id='word_1_771' title='bbox 2033 4637 2085 4686; x_wconf 88' lang='lat' dir='ltr'><strong><em>et</em></strong></span> 
     </span>
    </p>
   </div>
   <div class='ocr_carea' id='block_1_95' title="bbox 501 4723 2086 4792">
    <p class='ocr_par' dir='ltr' id='par_1_95' title="bbox 501 4723 2086 4792">
     <span class='ocr_line' id='line_1_97' title="bbox 501 4723 2086 4792; baseline -0.004 -9"><span class='ocrx_word' id='word_1_772' title='bbox 501 4725 664 4783; x_wconf 84' lang='lat' dir='ltr'><strong><em>Pater</em></strong></span> <span class='ocrx_word' id='word_1_773' title='bbox 689 4744 848 4781; x_wconf 80' lang='lat' dir='ltr'><strong><em>unum</em></strong></span> <span class='ocrx_word' id='word_1_774' title='bbox 865 4729 1077 4781; x_wconf 81' lang='lat' dir='ltr'><strong><em>sumus?</em></strong></span> <span class='ocrx_word' id='word_1_775' title='bbox 1100 4725 1200 4792; x_wconf 85' lang='lat' dir='ltr'><strong><em>Qui</em></strong></span> <span class='ocrx_word' id='word_1_776' title='bbox 1225 4730 1281 4780; x_wconf 85' lang='lat' dir='ltr'><strong><em>et</em></strong></span> <span class='ocrx_word' id='word_1_777' title='bbox 1308 4741 1470 4779; x_wconf 90' lang='lat' dir='ltr'><strong><em>unum</em></strong></span> <span class='ocrx_word' id='word_1_778' title='bbox 1500 4723 1646 4785; x_wconf 87' lang='lat' dir='ltr'><strong><em>dicit,</em></strong></span> <span class='ocrx_word' id='word_1_779' title='bbox 1670 4731 1725 4778; x_wconf 90' lang='lat' dir='ltr'><strong><em>et</em></strong></span> <span class='ocrx_word' id='word_1_780' title='bbox 1752 4739 1952 4788; x_wconf 87' lang='lat' dir='ltr'><strong><em>sumus,</em></strong></span> <span class='ocrx_word' id='word_1_781' title='bbox 1985 4736 2086 4777; x_wconf 88' lang='lat' dir='ltr'><strong><em>nec</em></strong></span> 
     </span>
    </p>
   </div>
   <div class='ocr_carea' id='block_1_96' title="bbox 501 4812 2084 4887">
    <p class='ocr_par' dir='ltr' id='par_1_96' title="bbox 501 4812 2084 4887">
     <span class='ocr_line' id='line_1_98' title="bbox 501 4812 2084 4887; baseline -0.003 -16"><span class='ocrx_word' id='word_1_782' title='bbox 501 4818 844 4887; x_wconf 81' lang='lat' dir='ltr'><strong><em>separatione</em></strong></span> <span class='ocrx_word' id='word_1_783' title='bbox 863 4831 923 4872; x_wconf 83' lang='lat' dir='ltr'><strong><em>se</em></strong></span> <span class='ocrx_word' id='word_1_784' title='bbox 935 4816 1138 4881; x_wconf 83' lang='lat' dir='ltr'><strong><em>dividit,</em></strong></span> <span class='ocrx_word' id='word_1_785' title='bbox 1156 4830 1256 4870; x_wconf 83' lang='lat' dir='ltr'><strong><em>nec</em></strong></span> <span class='ocrx_word' id='word_1_786' title='bbox 1269 4816 1466 4869; x_wconf 87' lang='lat' dir='ltr'><strong><em>unione</em></strong></span> <span class='ocrx_word' id='word_1_787' title='bbox 1477 4812 1776 4869; x_wconf 76' lang='lat' dir='ltr'><strong><em>confundit.</em></strong></span> <span class='ocrx_word' id='word_1_788' title='bbox 1793 4813 1895 4878; x_wconf 90' lang='lat' dir='ltr'><strong><em>Qui</em></strong></span> <span class='ocrx_word' id='word_1_789' title='bbox 1917 4828 2084 4867; x_wconf 86' lang='lat' dir='ltr'><strong><em>unum</em></strong></span> 
     </span>
    </p>
   </div>
   <div class='ocr_carea' id='block_1_97' title="bbox 505 4903 2086 4977">
    <p class='ocr_par' dir='ltr' id='par_1_97' title="bbox 505 4903 2086 4977">
     <span class='ocr_line' id='line_1_99' title="bbox 505 4903 2086 4977; baseline -0.002 -14"><span class='ocrx_word' id='word_1_790' title='bbox 505 4920 624 4963; x_wconf 77' lang='lat' dir='ltr'><strong><em>eum</em></strong></span> <span class='ocrx_word' id='word_1_791' title='bbox 654 4905 814 4962; x_wconf 81' lang='lat' dir='ltr'><strong><em>Patre</em></strong></span> <span class='ocrx_word' id='word_1_792' title='bbox 840 4915 944 4972; x_wconf 85' lang='lat' dir='ltr'><strong><em>est,</em></strong></span> <span class='ocrx_word' id='word_1_793' title='bbox 973 4920 1074 4962; x_wconf 81' lang='lat' dir='ltr'><strong><em>nec</em></strong></span> <span class='ocrx_word' id='word_1_794' title='bbox 1101 4907 1459 4977; x_wconf 82' lang='lat' dir='ltr'><strong><em>perpetuitate</em></strong></span> <span class='ocrx_word' id='word_1_795' title='bbox 1493 4917 1524 4958; x_wconf 87' lang='lat' dir='ltr'><strong><em>a</em></strong></span> <span class='ocrx_word' id='word_1_796' title='bbox 1571 4903 1731 4958; x_wconf 83' lang='lat' dir='ltr'><strong><em>Patre</em></strong></span> <span class='ocrx_word' id='word_1_797' title='bbox 1757 4903 1954 4968; x_wconf 68' lang='grc' dir='ltr'><strong><em>(ἥσει-ι,</em></strong></span> <span class='ocrx_word' id='word_1_798' title='bbox 1985 4919 2086 4960; x_wconf 90' lang='lat' dir='ltr'><strong><em>nec</em></strong></span> 
     </span>
    </p>
   </div>
   <div class='ocr_carea' id='block_1_98' title="bbox 503 4993 2084 5067">
    <p class='ocr_par' dir='ltr' id='par_1_98' title="bbox 503 4993 2084 5067">
     <span class='ocr_line' id='line_1_100' title="bbox 503 4993 2084 5067; baseline -0.001 -14"><span class='ocrx_word' id='word_1_799' title='bbox 503 5000 702 5053; x_wconf 67' lang='lat' dir='ltr'><strong><em>Virtute</em></strong></span> <span class='ocrx_word' id='word_1_800' title='bbox 727 4998 1025 5065; x_wconf 70' lang='lat' dir='ltr'><strong><em>discordat;</em></strong></span> <span class='ocrx_word' id='word_1_801' title='bbox 1053 5006 1282 5067; x_wconf 84' lang='lat' dir='ltr'><strong><em>cumque</em></strong></span> <span class='ocrx_word' id='word_1_802' title='bbox 1326 4998 1396 5052; x_wconf 87' lang='lat' dir='ltr'><strong><em>sit</em></strong></span> <span class='ocrx_word' id='word_1_803' title='bbox 1435 5009 1554 5052; x_wconf 87' lang='lat' dir='ltr'><strong><em>cum</em></strong></span> <span class='ocrx_word' id='word_1_804' title='bbox 1597 4993 1765 5050; x_wconf 81' lang='lat' dir='ltr'><strong><em>Patre</em></strong></span> <span class='ocrx_word' id='word_1_805' title='bbox 1800 5008 1985 5063; x_wconf 88' lang='lat' dir='ltr'><strong><em>unum,</em></strong></span> <span class='ocrx_word' id='word_1_806' title='bbox 2015 4997 2084 5052; x_wconf 89' lang='lat' dir='ltr'><strong><em>de</em></strong></span> 
     </span>
    </p>
   </div>
   <div class='ocr_carea' id='block_1_99' title="bbox 577 5128 1643 5198">
    <p class='ocr_par' dir='ltr' id='par_1_99' title="bbox 577 5128 1643 5198">
     <span class='ocr_line' id='line_1_101' title="bbox 577 5128 1643 5198; baseline -0.003 -14"><span class='ocrx_word' id='word_1_807' title='bbox 577 5138 603 5198; x_wconf 55' lang='grc' dir='ltr'><strong>Ρ</strong></span> <span class='ocrx_word' id='word_1_808' title='bbox 633 5128 766 5186; x_wconf 88' lang='lat' dir='ltr'><strong><em>Cod.</em></strong></span> <span class='ocrx_word' id='word_1_809' title='bbox 799 5129 1040 5186; x_wconf 79' lang='lat' dir='ltr'><strong><em>Martin..</em></strong></span> <span class='ocrx_word' id='word_1_810' title='bbox 1062 5138 1250 5184; x_wconf 87' lang='lat' dir='ltr'><strong><em>conatu</em></strong></span> <span class='ocrx_word' id='word_1_811' title='bbox 1277 5143 1373 5198; x_wconf 90' lang='lat' dir='ltr'><strong><em>pro</em></strong></span> <span class='ocrx_word' id='word_1_812' title='bbox 1395 5128 1643 5198; x_wconf 72' lang='lat' dir='ltr'><strong><em>cruciatu.</em></strong></span> 
     </span>
    </p>
   </div>
   <div class='ocr_carea' id='block_1_100' title="bbox 573 5195 2087 5271">
    <p class='ocr_par' dir='ltr' id='par_1_100' title="bbox 573 5195 2087 5271">
     <span class='ocr_line' id='line_1_102' title="bbox 573 5195 2087 5271; baseline 0.003 -18"><span class='ocrx_word' id='word_1_813' title='bbox 573 5195 602 5236; x_wconf 65' lang='grc' dir='ltr'>δ</span> <span class='ocrx_word' id='word_1_814' title='bbox 626 5199 760 5253; x_wconf 89' lang='lat' dir='ltr'><strong><em>Cod.</em></strong></span> <span class='ocrx_word' id='word_1_815' title='bbox 791 5200 913 5255; x_wconf 89' lang='lat' dir='ltr'><strong><em>Vat.</em></strong></span> <span class='ocrx_word' id='word_1_816' title='bbox 945 5199 1102 5266; x_wconf 74' lang='lat'><strong><em>1277,</em></strong></span> <span class='ocrx_word' id='word_1_817' title='bbox 1143 5195 1422 5254; x_wconf 52' lang='lat' dir='ltr'><strong><em>codeat.</em></strong></span> <span class='ocrx_word' id='word_1_818' title='bbox 1457 5196 1616 5267; x_wconf 71' lang='lat'><strong>£269,</strong></span> <span class='ocrx_word' id='word_1_819' title='bbox 1642 5207 1698 5254; x_wconf 90' lang='lat' dir='ltr'><strong><em>et</em></strong></span> <span class='ocrx_word' id='word_1_820' title='bbox 1727 5198 1960 5267; x_wconf 74' lang='lat' dir='ltr'><strong><em>Martin.,</em></strong></span> <span class='ocrx_word' id='word_1_821' title='bbox 1993 5218 2087 5271; x_wconf 89' lang='lat' dir='ltr'><strong><em>pro</em></strong></span> 
     </span>
    </p>
   </div>
   <div class='ocr_carea' id='block_1_101' title="bbox 469 5270 1598 5408">
    <p class='ocr_par' dir='ltr' id='par_1_101' title="bbox 469 5270 1598 5408">
     <span class='ocr_line' id='line_1_103' title="bbox 469 5270 1598 5408; baseline 0.001 -18"><span class='ocrx_word' id='word_1_822' title='bbox 469 5320 484 5334; x_wconf 71' lang='grc'><em>’</em></span> <span class='ocrx_word' id='word_1_823' title='bbox 507 5270 775 5408; x_wconf 39' lang='lat' dir='ltr'><strong><em>“galia-2m</em></strong></span> <span class='ocrx_word' id='word_1_824' title='bbox 803 5337 924 5408; x_wconf 82' lang='lat' dir='ltr'><strong><em>cod.</em></strong></span> <span class='ocrx_word' id='word_1_825' title='bbox 955 5339 1106 5403; x_wconf 66' lang='grc' dir='ltr'><strong><em>νει..</em></strong></span> <span class='ocrx_word' id='word_1_826' title='bbox 1129 5346 1337 5408; x_wconf 71' lang='lat' dir='ltr'><strong><em>sectans</em></strong></span> <span class='ocrx_word' id='word_1_827' title='bbox 1366 5339 1598 5408; x_wconf 62' lang='lat' dir='ltr'><strong><em>uestigia.</em></strong></span> 
     </span>
    </p>
   </div>
   <div class='ocr_carea' id='block_1_102' title="bbox 507 5402 2086 5528">
    <p class='ocr_par' dir='ltr' id='par_1_102' title="bbox 507 5402 2086 5528">
     <span class='ocr_line' id='line_1_104' title="bbox 507 5402 2086 5528; baseline 0 -67"><span class='ocrx_word' id='word_1_828' title='bbox 507 5402 602 5528; x_wconf 54' lang='lat' dir='ltr'><strong><em>“ad</em></strong></span> <span class='ocrx_word' id='word_1_829' title='bbox 633 5407 800 5462; x_wconf 89' lang='lat' dir='ltr'><strong><em>Codd.</em></strong></span> <span class='ocrx_word' id='word_1_830' title='bbox 832 5405 1006 5463; x_wconf 86' lang='lat' dir='ltr'><strong><em>Vatic.</em></strong></span> <span class='ocrx_word' id='word_1_831' title='bbox 1039 5402 1099 5462; x_wconf 87' lang='lat' dir='ltr'><strong><em>et</em></strong></span> <span class='ocrx_word' id='word_1_832' title='bbox 1120 5407 1358 5470; x_wconf 87' lang='lat' dir='ltr'><strong><em>Martin.,</em></strong></span> <span class='ocrx_word' id='word_1_833' title='bbox 1391 5402 1511 5460; x_wconf 59' lang='lat' dir='ltr'><strong><em>non&#39;</em></strong></span> <span class='ocrx_word' id='word_1_834' title='bbox 1529 5407 1877 5478; x_wconf 64' lang='lat' dir='ltr'><strong><em>pravalebunt</em></strong></span> <span class='ocrx_word' id='word_1_835' title='bbox 1905 5405 2086 5462; x_wconf 81' lang='lat' dir='ltr'><strong><em>adver-</em></strong></span> 
     </span>
     <span class='ocr_line' id='line_1_105' title="bbox 621 5493 756 5528; baseline 0 0"><span class='ocrx_word' id='word_1_836' title='bbox 621 5493 756 5528; x_wconf 87' lang='lat' dir='ltr'><strong><em>eam.</em></strong></span> 
     </span>
    </p>
   </div>
   <div class='ocr_carea' id='block_1_103' title="bbox 621 5493 756 5530">
    <p class='ocr_par' dir='ltr' id='par_1_103' title="bbox 621 5493 756 5530">
     <span class='ocr_line' id='line_1_106' title="bbox 621 5493 756 5530; baseline 0.007 -1"><span class='ocrx_word' id='word_1_837' title='bbox 621 5493 736 5530; x_wconf 86' lang='lat' dir='ltr'><strong><em>eam</em></strong></span> <span class='ocrx_word' id='word_1_838' title='bbox 743 5517 756 5530; x_wconf 82' lang='lat'><strong><em>.</em></strong></span> 
     </span>
    </p>
   </div>
   <div class='ocr_carea' id='block_1_104' title="bbox 580 5544 1474 5615">
    <p class='ocr_par' dir='ltr' id='par_1_104' title="bbox 580 5544 1474 5615">
     <span class='ocr_line' id='line_1_107' title="bbox 580 5544 1474 5615; baseline -0.001 -17"><span class='ocrx_word' id='word_1_839' title='bbox 580 5555 606 5583; x_wconf 72' lang='grc' dir='ltr'>σ</span> <span class='ocrx_word' id='word_1_840' title='bbox 635 5544 930 5615; x_wconf 63' lang='lat' dir='ltr'><strong><em>idem</em></strong></span> <span class='ocrx_word' id='word_1_841' title='bbox 964 5544 1085 5600; x_wconf 87' lang='lat' dir='ltr'><strong><em>Vat.</em></strong></span> <span class='ocrx_word' id='word_1_842' title='bbox 1117 5546 1318 5599; x_wconf 84' lang='lat' dir='ltr'><strong><em>omittit</em></strong></span> <span class='ocrx_word' id='word_1_843' title='bbox 1345 5547 1474 5615; x_wconf 73' lang='lat' dir='ltr'><strong><em>ejus.</em></strong></span> 
     </span>
    </p>
   </div>
   <div class='ocr_carea' id='block_1_105' title="bbox 585 5613 1448 5669">
    <p class='ocr_par' dir='ltr' id='par_1_105' title="bbox 585 5613 1448 5669">
     <span class='ocr_line' id='line_1_108' title="bbox 585 5613 1448 5669; baseline -0.001 -3"><span class='ocrx_word' id='word_1_844' title='bbox 585 5615 603 5650; x_wconf 68' lang='grc' dir='ltr'>τ</span> <span class='ocrx_word' id='word_1_845' title='bbox 630 5613 764 5669; x_wconf 87' lang='lat' dir='ltr'><strong><em>Cod.</em></strong></span> <span class='ocrx_word' id='word_1_846' title='bbox 797 5614 1011 5669; x_wconf 73' lang='lat' dir='ltr'><strong><em>lartin.</em></strong></span> <span class='ocrx_word' id='word_1_847' title='bbox 1042 5616 1242 5668; x_wconf 87' lang='lat' dir='ltr'><strong><em>omittit</em></strong></span> <span class='ocrx_word' id='word_1_848' title='bbox 1265 5613 1448 5669; x_wconf 75' lang='lat' dir='ltr'><strong><em>nostri.</em></strong></span> 
     </span>
    </p>
   </div>
   <div class='ocr_carea' id='block_1_106' title="bbox 580 5681 1640 5747">
    <p class='ocr_par' dir='ltr' id='par_1_106' title="bbox 580 5681 1640 5747">
     <span class='ocr_line' id='line_1_109' title="bbox 580 5681 1640 5747; baseline 0.005 -15"><span class='ocrx_word' id='word_1_849' title='bbox 580 5687 604 5723; x_wconf 70' lang='grc' dir='ltr'><em>ε</em></span> <span class='ocrx_word' id='word_1_850' title='bbox 635 5681 777 5737; x_wconf 84' lang='lat' dir='ltr'><strong><em>Idem</em></strong></span> <span class='ocrx_word' id='word_1_851' title='bbox 805 5684 926 5737; x_wconf 79' lang='lat' dir='ltr'><strong><em>cod.</em></strong></span> <span class='ocrx_word' id='word_1_852' title='bbox 953 5683 1072 5736; x_wconf 83' lang='lat' dir='ltr'><strong><em>Vat.</em></strong></span> <span class='ocrx_word' id='word_1_853' title='bbox 1095 5724 1108 5747; x_wconf 93' lang='lat'><strong><em>,</em></strong></span> <span class='ocrx_word' id='word_1_854' title='bbox 1139 5686 1192 5737; x_wconf 85' lang='lat' dir='ltr'><strong><em>in</em></strong></span> <span class='ocrx_word' id='word_1_855' title='bbox 1222 5684 1379 5738; x_wconf 81' lang='lat' dir='ltr'><strong><em>Patre</em></strong></span> <span class='ocrx_word' id='word_1_856' title='bbox 1407 5693 1455 5735; x_wconf 84' lang='lat' dir='ltr'><strong><em>ct</em></strong></span> <span class='ocrx_word' id='word_1_857' title='bbox 1487 5684 1640 5737; x_wconf 70' lang='lat' dir='ltr'><strong><em>Filio.</em></strong></span> 
     </span>
    </p>
   </div>
   <div class='ocr_carea' id='block_1_107' title="bbox 582 5749 1770 5821">
    <p class='ocr_par' dir='ltr' id='par_1_107' title="bbox 582 5749 1770 5821">
     <span class='ocr_line' id='line_1_110' title="bbox 582 5749 1770 5821; baseline -0.001 -11"><span class='ocrx_word' id='word_1_858' title='bbox 582 5749 603 5782; x_wconf 81' lang='grc'><strong><em>¹³</em></strong></span> <span class='ocrx_word' id='word_1_859' title='bbox 629 5751 765 5810; x_wconf 63' lang='lat' dir='ltr'><strong><em>God.</em></strong></span> <span class='ocrx_word' id='word_1_860' title='bbox 791 5754 911 5810; x_wconf 77' lang='lat' dir='ltr'><strong><em>Vat.</em></strong></span> <span class='ocrx_word' id='word_1_861' title='bbox 947 5752 1100 5819; x_wconf 67' lang='lat' dir='ltr'><strong><em>I269,</em></strong></span> <span class='ocrx_word' id='word_1_862' title='bbox 1133 5756 1183 5809; x_wconf 83' lang='lat' dir='ltr'><strong><em>in</em></strong></span> <span class='ocrx_word' id='word_1_863' title='bbox 1213 5764 1353 5808; x_wconf 77' lang='lat' dir='ltr'><strong><em>tanta</em></strong></span> <span class='ocrx_word' id='word_1_864' title='bbox 1376 5755 1468 5807; x_wconf 85' lang='lat' dir='ltr'><strong><em>hac</em></strong></span> <span class='ocrx_word' id='word_1_865' title='bbox 1493 5757 1770 5821; x_wconf 74' lang='lat' dir='ltr'><strong><em>profundo.</em></strong></span> 
     </span>
    </p>
   </div>
   <div class='ocr_carea' id='block_1_108' title="bbox 2188 4614 3765 4685">
    <p class='ocr_par' dir='ltr' id='par_1_108' title="bbox 2188 4614 3765 4685">
     <span class='ocr_line' id='line_1_111' title="bbox 2188 4614 3765 4685; baseline -0.01 -10"><span class='ocrx_word' id='word_1_866' title='bbox 2188 4635 2295 4685; x_wconf 88' lang='lat' dir='ltr'><strong><em>ras,</em></strong></span> <span class='ocrx_word' id='word_1_867' title='bbox 2326 4620 2573 4674; x_wconf 86' lang='lat' dir='ltr'><strong><em>ubertate</em></strong></span> <span class='ocrx_word' id='word_1_868' title='bbox 2598 4617 2761 4671; x_wconf 87' lang='lat' dir='ltr'><strong><em>etiam</em></strong></span> <span class='ocrx_word' id='word_1_869' title='bbox 2788 4614 3175 4672; x_wconf 85' lang='lat' dir='ltr'><strong><em>benedictionis</em></strong></span> <span class='ocrx_word' id='word_1_870' title='bbox 3201 4627 3310 4667; x_wconf 73' lang='lat' dir='ltr'><strong><em>sua:</em></strong></span> <span class='ocrx_word' id='word_1_871' title='bbox 3336 4625 3559 4666; x_wconf 86' lang='lat' dir='ltr'><strong><em>exesum</em></strong></span> <span class='ocrx_word' id='word_1_872' title='bbox 3582 4620 3765 4679; x_wconf 74' lang='lat' dir='ltr'><strong><em>panem</em></strong></span> 
     </span>
    </p>
   </div>
   <div class='ocr_carea' id='block_1_109' title="bbox 2187 4695 3764 4772">
    <p class='ocr_par' dir='ltr' id='par_1_109' title="bbox 2187 4695 3764 4772">
     <span class='ocr_line' id='line_1_112' title="bbox 2187 4695 3764 4772; baseline -0.009 -10"><span class='ocrx_word' id='word_1_873' title='bbox 2187 4708 2431 4767; x_wconf 85' lang='lat' dir='ltr'><strong><em>fecundis</em></strong></span> <span class='ocrx_word' id='word_1_874' title='bbox 2463 4699 2810 4764; x_wconf 85' lang='lat' dir='ltr'><strong><em>esurientium</em></strong></span> <span class='ocrx_word' id='word_1_875' title='bbox 2847 4705 3115 4761; x_wconf 89' lang='lat' dir='ltr'><strong><em>morsibus</em></strong></span> <span class='ocrx_word' id='word_1_876' title='bbox 3142 4707 3610 4772; x_wconf 84' lang='lat' dir='ltr'><strong><em>augmentantem;</em></strong></span> <span class='ocrx_word' id='word_1_877' title='bbox 3638 4695 3764 4751; x_wconf 74' lang='lat' dir='ltr'><strong><em>ulul-</em></strong></span> 
     </span>
    </p>
   </div>
   <div class='ocr_carea' id='block_1_110' title="bbox 2189 4792 3765 4876">
    <p class='ocr_par' dir='ltr' id='par_1_110' title="bbox 2189 4792 3765 4876">
     <span class='ocr_line' id='line_1_113' title="bbox 2189 4792 3765 4876; baseline -0.014 -16"><span class='ocrx_word' id='word_1_878' title='bbox 2189 4802 2480 4876; x_wconf 84' lang='lat' dir='ltr'><strong><em>tiplicando</em></strong></span> <span class='ocrx_word' id='word_1_879' title='bbox 2508 4813 2741 4869; x_wconf 89' lang='lat' dir='ltr'><strong><em>namque</em></strong></span> <span class='ocrx_word' id='word_1_880' title='bbox 2761 4812 2910 4852; x_wconf 87' lang='lat' dir='ltr'><strong><em>escas</em></strong></span> <span class='ocrx_word' id='word_1_881' title='bbox 2930 4797 2984 4850; x_wconf 91' lang='lat' dir='ltr'><strong><em>in</em></strong></span> <span class='ocrx_word' id='word_1_882' title='bbox 3005 4810 3099 4849; x_wconf 90' lang='lat' dir='ltr'><strong><em>ore</em></strong></span> <span class='ocrx_word' id='word_1_883' title='bbox 3123 4792 3511 4856; x_wconf 85' lang='lat' dir='ltr'><strong><em>mandentium,</em></strong></span> <span class='ocrx_word' id='word_1_884' title='bbox 3537 4797 3594 4845; x_wconf 90' lang='lat' dir='ltr'><strong><em>et</em></strong></span> <span class='ocrx_word' id='word_1_885' title='bbox 3612 4798 3765 4858; x_wconf 81' lang='lat' dir='ltr'><strong><em>panes</em></strong></span> 
     </span>
    </p>
   </div>
   <div class='ocr_carea' id='block_1_111' title="bbox 2191 4880 3762 4956">
    <p class='ocr_par' dir='ltr' id='par_1_111' title="bbox 2191 4880 3762 4956">
     <span class='ocr_line' id='line_1_114' title="bbox 2191 4880 3762 4956; baseline -0.013 -6"><span class='ocrx_word' id='word_1_886' title='bbox 2191 4911 2220 4950; x_wconf 69' lang='grc' dir='ltr'><strong><em>ρ</em></strong></span> <span class='ocrx_word' id='word_1_887' title='bbox 2247 4893 2586 4953; x_wconf 89' lang='lat' dir='ltr'><strong><em>reformando</em></strong></span> <span class='ocrx_word' id='word_1_888' title='bbox 2612 4892 2681 4946; x_wconf 89' lang='lat' dir='ltr'><strong><em>de</em></strong></span> <span class='ocrx_word' id='word_1_889' title='bbox 2708 4890 2880 4954; x_wconf 89' lang='lat' dir='ltr'><strong><em>micis,</em></strong></span> <span class='ocrx_word' id='word_1_890' title='bbox 2922 4889 3047 4943; x_wconf 87' lang='lat' dir='ltr'><strong><em>fecit</em></strong></span> <span class='ocrx_word' id='word_1_891' title='bbox 3072 4897 3101 4937; x_wconf 69' lang='grc' dir='ltr'><strong><em>τι</em></strong></span> <span class='ocrx_word' id='word_1_892' title='bbox 3130 4901 3268 4956; x_wconf 83' lang='lat' dir='ltr'><strong><em>pene</em></strong></span> <span class='ocrx_word' id='word_1_893' title='bbox 3306 4901 3412 4938; x_wconf 87' lang='lat' dir='ltr'><strong><em>non</em></strong></span> <span class='ocrx_word' id='word_1_894' title='bbox 3441 4897 3568 4938; x_wconf 81' lang='lat' dir='ltr'><strong><em>esse</em></strong></span> <span class='ocrx_word' id='word_1_895' title='bbox 3610 4880 3762 4933; x_wconf 88' lang='lat' dir='ltr'><strong><em>mira-</em></strong></span> 
     </span>
    </p>
   </div>
   <div class='ocr_carea' id='block_1_112' title="bbox 2188 4965 3762 5056">
    <p class='ocr_par' dir='ltr' id='par_1_112' title="bbox 2188 4965 3762 5056">
     <span class='ocr_line' id='line_1_115' title="bbox 2188 4965 3762 5056; baseline -0.02 -7"><span class='ocrx_word' id='word_1_896' title='bbox 2188 4991 2298 5049; x_wconf 90' lang='lat' dir='ltr'><strong><em>bile</em></strong></span> <span class='ocrx_word' id='word_1_897' title='bbox 2323 4985 2468 5056; x_wconf 91' lang='lat' dir='ltr'><strong><em>quod</em></strong></span> <span class='ocrx_word' id='word_1_898' title='bbox 2496 4996 2692 5036; x_wconf 85' lang='lat' dir='ltr'><strong><em>manna</em></strong></span> <span class='ocrx_word' id='word_1_899' title='bbox 2719 4979 2873 5034; x_wconf 81' lang='lat' dir='ltr'><strong><em>ﬂuxit</em></strong></span> <span class='ocrx_word' id='word_1_900' title='bbox 2899 4992 2932 5033; x_wconf 91' lang='lat' dir='ltr'><strong><em>e</em></strong></span> <span class='ocrx_word' id='word_1_901' title='bbox 2956 4976 3115 5034; x_wconf 65' lang='lat' dir='ltr'><strong><em>celo.</em></strong></span> <span class='ocrx_word' id='word_1_902' title='bbox 3145 4974 3278 5042; x_wconf 79' lang='lat' dir='ltr'><strong><em>Quis</em></strong></span> <span class='ocrx_word' id='word_1_903' title='bbox 3302 4983 3410 5028; x_wconf 75' lang='lat' dir='ltr'><strong><em>non</em></strong></span> <span class='ocrx_word' id='word_1_904' title='bbox 3437 4972 3683 5028; x_wconf 83' lang='lat' dir='ltr'><strong><em>advertat</em></strong></span> <span class='ocrx_word' id='word_1_905' title='bbox 3717 4965 3762 5018; x_wconf 87' lang='lat' dir='ltr'><strong><em>in</em></strong></span> 
     </span>
    </p>
   </div>
   <div class='ocr_carea' id='block_1_113' title="bbox 2273 5112 3486 5182">
    <p class='ocr_par' dir='ltr' id='par_1_113' title="bbox 2273 5112 3486 5182">
     <span class='ocr_line' id='line_1_116' title="bbox 2273 5112 3486 5182; baseline -0.012 -5"><span class='ocrx_word' id='word_1_906' title='bbox 2273 5123 2286 5161; x_wconf 71' lang='grc' dir='ltr'><strong>ί</strong></span> <span class='ocrx_word' id='word_1_907' title='bbox 2315 5119 2449 5177; x_wconf 89' lang='lat' dir='ltr'><strong><em>Cod.</em></strong></span> <span class='ocrx_word' id='word_1_908' title='bbox 2475 5115 2713 5175; x_wconf 76' lang='lat' dir='ltr'><strong><em>Martin.,</em></strong></span> <span class='ocrx_word' id='word_1_909' title='bbox 2738 5130 2800 5166; x_wconf 80' lang='lat' dir='ltr'><strong><em>ne</em></strong></span> <span class='ocrx_word' id='word_1_910' title='bbox 2821 5114 3056 5167; x_wconf 73' lang='lat' dir='ltr'><strong><em>advertas</em></strong></span> <span class='ocrx_word' id='word_1_911' title='bbox 3077 5112 3225 5182; x_wconf 80' lang='lat' dir='ltr'><strong><em>quasi</em></strong></span> <span class='ocrx_word' id='word_1_912' title='bbox 3248 5127 3360 5181; x_wconf 88' lang='lat' dir='ltr'><strong><em>per,</em></strong></span> <span class='ocrx_word' id='word_1_913' title='bbox 3382 5117 3486 5163; x_wconf 86' lang='lat' dir='ltr'><strong><em>etc.</em></strong></span> 
     </span>
    </p>
   </div>
   <div class='ocr_carea' id='block_1_114' title="bbox 2271 5184 3214 5251">
    <p class='ocr_par' dir='ltr' id='par_1_114' title="bbox 2271 5184 3214 5251">
     <span class='ocr_line' id='line_1_117' title="bbox 2271 5184 3214 5251; baseline -0.01 -7"><span class='ocrx_word' id='word_1_914' title='bbox 2271 5192 2285 5243; x_wconf 87' lang='lat' dir='ltr'><strong><em>i</em></strong></span> <span class='ocrx_word' id='word_1_915' title='bbox 2325 5191 2468 5244; x_wconf 86' lang='lat' dir='ltr'><strong><em>Idem</em></strong></span> <span class='ocrx_word' id='word_1_916' title='bbox 2498 5187 2621 5242; x_wconf 90' lang='lat' dir='ltr'><strong><em>cod.</em></strong></span> <span class='ocrx_word' id='word_1_917' title='bbox 2650 5185 2770 5238; x_wconf 86' lang='lat' dir='ltr'><strong><em>Vat.</em></strong></span> <span class='ocrx_word' id='word_1_918' title='bbox 2801 5184 3000 5237; x_wconf 87' lang='lat' dir='ltr'><strong><em>omittit</em></strong></span> <span class='ocrx_word' id='word_1_919' title='bbox 3026 5184 3214 5251; x_wconf 75' lang='lat' dir='ltr'><strong><em>ipsum.</em></strong></span> 
     </span>
    </p>
   </div>
   <div class='ocr_carea' id='block_1_115' title="bbox 2269 5253 3099 5323">
    <p class='ocr_par' dir='ltr' id='par_1_115' title="bbox 2269 5253 3099 5323">
     <span class='ocr_line' id='line_1_118' title="bbox 2269 5253 3099 5323; baseline -0.011 -9"><span class='ocrx_word' id='word_1_920' title='bbox 2269 5261 2295 5299; x_wconf 81' lang='grc' dir='ltr'>¹ί</span> <span class='ocrx_word' id='word_1_921' title='bbox 2325 5260 2469 5314; x_wconf 87' lang='lat' dir='ltr'><strong><em>Idem</em></strong></span> <span class='ocrx_word' id='word_1_922' title='bbox 2496 5255 2642 5318; x_wconf 87' lang='lat' dir='ltr'><strong><em>cod.,</em></strong></span> <span class='ocrx_word' id='word_1_923' title='bbox 2663 5253 2757 5323; x_wconf 87' lang='lat' dir='ltr'><strong><em>sed</em></strong></span> <span class='ocrx_word' id='word_1_924' title='bbox 2774 5253 3099 5323; x_wconf 73' lang='lat' dir='ltr'><strong><em>prolatiuum.</em></strong></span> 
     </span>
    </p>
   </div>
   <div class='ocr_carea' id='block_1_116' title="bbox 2270 5321 3692 5395">
    <p class='ocr_par' dir='ltr' id='par_1_116' title="bbox 2270 5321 3692 5395">
     <span class='ocr_line' id='line_1_119' title="bbox 2270 5321 3692 5395; baseline -0.01 -11"><span class='ocrx_word' id='word_1_925' title='bbox 2270 5329 2288 5368; x_wconf 80' lang='grc' dir='ltr'>ι</span> <span class='ocrx_word' id='word_1_926' title='bbox 2322 5329 2456 5384; x_wconf 89' lang='lat' dir='ltr'><strong><em>Cod.</em></strong></span> <span class='ocrx_word' id='word_1_927' title='bbox 2482 5327 2604 5395; x_wconf 84' lang='lat' dir='ltr'><strong><em>Vat.</em></strong></span> <span class='ocrx_word' id='word_1_928' title='bbox 2629 5321 3083 5395; x_wconf 28' lang='lat' dir='ltr'><strong><em>1369,‘spleﬂnd_e_re</em></strong></span> <span class='ocrx_word' id='word_1_929' title='bbox 3104 5323 3324 5395; x_wconf 64' lang='lat' dir='ltr'><strong><em>fulgore.</em></strong></span> <span class='ocrx_word' id='word_1_930' title='bbox 3588 5392 3599 5395; x_wconf 24' lang='grc' dir='ltr'><em>Α</em></span> <span class='ocrx_word' id='word_1_931' title='bbox 3678 5383 3692 5395; x_wconf 49' lang='lat'><strong><em>.</em></strong></span> 
     </span>
    </p>
   </div>
   <div class='ocr_carea' id='block_1_117' title="bbox 2263 5391 3743 5460">
    <p class='ocr_par' dir='ltr' id='par_1_117' title="bbox 2263 5391 3743 5460">
     <span class='ocr_line' id='line_1_120' title="bbox 2263 5391 3743 5460; baseline -0.012 -4"><span class='ocrx_word' id='word_1_932' title='bbox 2263 5401 2301 5423; x_wconf 85' lang='grc'><strong><em>“</em></strong></span> <span class='ocrx_word' id='word_1_933' title='bbox 2331 5393 2618 5454; x_wconf 72' lang='grc' dir='ltr'><strong><em>Ιάθωωό.</em></strong></span> <span class='ocrx_word' id='word_1_934' title='bbox 2651 5393 2773 5448; x_wconf 88' lang='lat' dir='ltr'><strong><em>Vat.</em></strong></span> <span class='ocrx_word' id='word_1_935' title='bbox 2797 5391 2955 5460; x_wconf 72' lang='grc'><strong>1277,</strong></span> <span class='ocrx_word' id='word_1_936' title='bbox 2985 5391 3367 5446; x_wconf 64' lang='lat' dir='ltr'><strong><em>Veranium</em></strong></span> <span class='ocrx_word' id='word_1_937' title='bbox 3391 5396 3471 5444; x_wconf 80' lang='lat' dir='ltr'><strong><em>est</em></strong></span> <span class='ocrx_word' id='word_1_938' title='bbox 3492 5404 3512 5442; x_wconf 89' lang='lat'><strong><em>:</em></strong></span> <span class='ocrx_word' id='word_1_939' title='bbox 3541 5392 3599 5443; x_wconf 77' lang='lat' dir='ltr'><strong><em>ut</em></strong></span> <span class='ocrx_word' id='word_1_940' title='bbox 3620 5391 3743 5442; x_wconf 62' lang='lat' dir='ltr'><strong><em>scil</em></strong></span> 
     </span>
    </p>
   </div>
   <div class='ocr_carea' id='block_1_118' title="bbox 2267 5462 2919 5529">
    <p class='ocr_par' dir='ltr' id='par_1_118' title="bbox 2267 5462 2919 5529">
     <span class='ocr_line' id='line_1_121' title="bbox 2267 5462 2919 5529; baseline -0.015 -4"><span class='ocrx_word' id='word_1_941' title='bbox 2267 5480 2292 5507; x_wconf 78' lang='grc'><strong><em>¹¹</em></strong></span> <span class='ocrx_word' id='word_1_942' title='bbox 2319 5467 2454 5524; x_wconf 90' lang='lat' dir='ltr'><strong><em>Cod.</em></strong></span> <span class='ocrx_word' id='word_1_943' title='bbox 2478 5464 2716 5529; x_wconf 78' lang='lat' dir='ltr'><strong><em>Martin_.,</em></strong></span> <span class='ocrx_word' id='word_1_944' title='bbox 2757 5462 2919 5516; x_wconf 81' lang='lat' dir='ltr'><strong><em>Vidit.</em></strong></span> 
     </span>
    </p>
   </div>
   <div class='ocr_carea' id='block_1_119' title="bbox 2268 5531 3189 5600">
    <p class='ocr_par' dir='ltr' id='par_1_119' title="bbox 2268 5531 3189 5600">
     <span class='ocr_line' id='line_1_122' title="bbox 2268 5531 3189 5600; baseline -0.009 -7"><span class='ocrx_word' id='word_1_945' title='bbox 2268 5551 2293 5577; x_wconf 88' lang='grc' dir='ltr'><strong><em>ο</em></strong></span> <span class='ocrx_word' id='word_1_946' title='bbox 2325 5539 2469 5593; x_wconf 88' lang='lat' dir='ltr'><strong><em>[dem</em></strong></span> <span class='ocrx_word' id='word_1_947' title='bbox 2497 5531 2620 5587; x_wconf 90' lang='lat' dir='ltr'><strong><em>cod.</em></strong></span> <span class='ocrx_word' id='word_1_948' title='bbox 2652 5532 2797 5592; x_wconf 83' lang='lat' dir='ltr'><strong><em>Vat.,</em></strong></span> <span class='ocrx_word' id='word_1_949' title='bbox 2828 5532 2919 5585; x_wconf 86' lang='lat' dir='ltr'><strong><em>sed</em></strong></span> <span class='ocrx_word' id='word_1_950' title='bbox 2948 5531 3189 5600; x_wconf 80' lang='lat' dir='ltr'><strong><em>simplici.</em></strong></span> 
     </span>
    </p>
   </div>
   <div class='ocr_carea' id='block_1_120' title="bbox 2267 5600 3223 5670">
    <p class='ocr_par' dir='ltr' id='par_1_120' title="bbox 2267 5600 3223 5670">
     <span class='ocr_line' id='line_1_123' title="bbox 2267 5600 3223 5670; baseline -0.01 -9"><span class='ocrx_word' id='word_1_951' title='bbox 2267 5621 2295 5660; x_wconf 68' lang='grc' dir='ltr'><strong><em>ιν</em></strong></span> <span class='ocrx_word' id='word_1_952' title='bbox 2324 5607 2460 5661; x_wconf 81' lang='lat' dir='ltr'><strong><em>Cod.</em></strong></span> <span class='ocrx_word' id='word_1_953' title='bbox 2483 5602 2719 5663; x_wconf 71' lang='lat' dir='ltr'><strong><em>Martin.,</em></strong></span> <span class='ocrx_word' id='word_1_954' title='bbox 2747 5618 2906 5670; x_wconf 75' lang='lat' dir='ltr'><strong><em>partes</em></strong></span> <span class='ocrx_word' id='word_1_955' title='bbox 2930 5600 3223 5670; x_wconf 65' lang='lat' dir='ltr'><strong><em>(amando.</em></strong></span> 
     </span>
    </p>
   </div>
   <div class='ocr_carea' id='block_1_121' title="bbox 2269 5667 3500 5742">
    <p class='ocr_par' dir='ltr' id='par_1_121' title="bbox 2269 5667 3500 5742">
     <span class='ocr_line' id='line_1_124' title="bbox 2269 5667 3500 5742; baseline -0.003 -12"><span class='ocrx_word' id='word_1_956' title='bbox 2269 5692 2296 5730; x_wconf 74' lang='grc' dir='ltr'><strong><em>ιι</em></strong></span> <span class='ocrx_word' id='word_1_957' title='bbox 2323 5676 2456 5733; x_wconf 90' lang='lat' dir='ltr'><strong><em>Cod.</em></strong></span> <span class='ocrx_word' id='word_1_958' title='bbox 2488 5672 2608 5729; x_wconf 83' lang='lat' dir='ltr'><strong><em>Val.</em></strong></span> <span class='ocrx_word' id='word_1_959' title='bbox 2635 5669 2793 5738; x_wconf 81' lang='lat' dir='ltr'><strong><em>H69,</em></strong></span> <span class='ocrx_word' id='word_1_960' title='bbox 2824 5667 2942 5742; x_wconf 71' lang='lat' dir='ltr'><strong><em>fecit</em></strong></span> <span class='ocrx_word' id='word_1_961' title='bbox 2970 5687 3072 5724; x_wconf 79' lang='lat' dir='ltr'><strong><em>non</em></strong></span> <span class='ocrx_word' id='word_1_962' title='bbox 3101 5686 3212 5725; x_wconf 81' lang='lat' dir='ltr'><strong><em>esse</em></strong></span> <span class='ocrx_word' id='word_1_963' title='bbox 3236 5667 3500 5726; x_wconf 69' lang='lat' dir='ltr'><strong><em>mirabile.</em></strong></span> 
     </span>
    </p>
   </div>
  </div>
