3910 6238
126 312 211 366 HI

1472 310 1755 367 HOMILIA
1794 310 2023 367 bXXlX.

3286 318 3394 373 μὶθὲ

126 436 175 490 in
202 451 529 507 unoquoque
556 433 865 506 prophetica
895 431 983 486 illa
1012 427 1377 485 interminatio
1400 429 1700 495 complere—
1726 431 1773 487 Α
1803 439 2106 494 possumus,
2138 426 2378 493 vestigiis
2404 427 2712 483 insistamns
2737 445 2748 480 :
2773 426 2988 497 quibus,
3011 429 3275 498 peritiam
3303 433 3389 486 ni-

124 541 203 583 tur
242 547 253 582 :
287 528 459 596 Mors,
491 528 684 596 inquit,
714 526 924 581 intravit
959 542 1049 593 per
1070 525 1323 595 fenestras
1351 528 1548 574 vestras
1588 517 1701 588 (Je-

126 636 239 673 rem.
271 620 390 690 Ix);
424 618 722 673 ministeria
762 616 905 671 enim
937 614 1169 676 aurium,
1201 619 1257 665 et
1285 610 1583 673 oculorum,
1617 607 1699 661 fe-

125 717 307 764 nestra:
334 692 457 764 esse
484 707 785 778 probantur
802 706 1129 767 animarum;
1154 700 1369 770 quando
1397 700 1540 755 enim
1564 713 1699 769 ope-

126 799 261 854 ribus
301 797 547 853 auditum
577 796 717 851 mala
744 802 800 849 et
841 795 1020 862 iniqua
1059 791 1427 861 loquentibus,
1459 805 1523 845 ac
1550 790 1702 843 dam-

122 889 364 944 nabiliter
400 887 850 952 obtrectantibus,
890 895 945 940 et
986 898 1105 954 qua:
1134 883 1246 937 Deo
1271 889 1396 937 sunt
1426 880 1698 937 contraria

121 976 488 1043 suadentibus,
521 991 668 1033 mors
693 976 860 1030 intrat
886 989 983 1043 per
1011 972 1275 1027 fenestras
1305 978 1537 1036 nostras,
1574 969 1703 1024 hor.

123 1082 208 1121 ror
232 1064 527 1121 mortifera:
566 1066 739 1120 noctis
777 1064 1046 1133 irrumpit,
1078 1078 1176 1134 per
1200 1077 1336 1132 quas
1374 1061 1456 1116 sol
1477 1060 1700 1131 justitia:

124 1156 316 1211 intrare
344 1156 611 1211 debuerat
636 1172 648 1208 :
675 1155 892 1225 quando
912 1155 1014 1221 iste
1042 1154 1249 1224 peccati
1278 1152 1528 1208 fenestra:
1552 1167 1703 1222 aper-

123 1253 186 1300 ιω
230 1254 393 1313 sunt,
444 1246 609 1316 janua
638 1245 828 1301 salutis
860 1253 917 1299 et
942 1244 1065 1299 vitae
1093 1284 1109 1310 ,
1157 1242 1224 1299 ac
1268 1250 1440 1313 portae
1467 1240 1701 1313 paradisi

122 1337 309 1392 clausa:
336 1345 483 1393 sunt.
518 1337 625 1393 llas
650 1337 752 1393 iste
778 1337 863 1391 vir
889 1336 1081 1392 beatus
1110 1334 1374 1391 fenestras
1401 1335 1585 1389 multis
1610 1350 1698 1390 se-

123 1427 192 1481 ris
214 1428 379 1482 divini
407 1427 618 1482 timoris
661 1426 948 1482 obstruxit.
981 1424 1059 1480 De
1090 1432 1418 1495 quantorum
1463 1435 1487 1462 ι
1517 1423 1699 1479 cordi-

123 1519 234 1587 bus,
260 1534 397 1589 quos
423 1519 709 1573 inhonesta
739 1518 993 1586 iniquitas
1016 1525 1072 1571 et
1098 1517 1341 1586 impietas
1369 1515 1697 1586 possidebat,

125 1609 312 1678 fugavit
339 1608 629 1673 luxuriam,
658 1607 854 1677 dejecit
875 1608 1029 1674 iram,
1056 1614 1112 1662 et
1139 1607 1397 1661 exstinxit
1423 1605 1697 1671 invidiam,

124 1708 173 1753 et
196 1699 343 1754 velut
366 1698 438 1755 de
466 1699 685 1769 antiqua
712 1697 896 1762 domo,
926 1696 1171 1753 barbaris
1199 1695 1226 1735 δ
1252 1697 1551 1766 hospitibus
1575 1712 1695 1767 per-

1800 515 1904 569 mis
1929 524 2133 571 arctam
2171 517 2312 570 viam
2343 516 2411 572 ad
2438 517 2561 573 caeli
2600 518 2778 589 ampla
2819 517 3101 584 festinans,
3129 533 3238 588 qua
3266 534 3394 576 eum

1798 619 2149 675 sequeremur
2175 607 2429 663 ostendit.

2013 711 2366 751 assensurum
2404 714 2471 751 sx
2500 712 2687 753 comes
2717 713 2979 752 vurcano
3007 697 3166 753 4951.

1870 785 1996 841 Ideo
2019 788 2161 842 enim
2180 788 2331 842 illum
2351 789 2438 842 hic
2456 789 2510 842 in
2532 796 2675 842 terra
2700 796 2884 843 nostra
2904 788 3087 858 posuit
3107 790 3389 861 Dominus,

1800 885 1859 931 ut
1884 877 2025 931 illius
2053 878 2301 947 exemplo
2330 878 2397 931 ad
2423 878 2564 932 bene
2592 877 2861 946 agendum
2890 877 3306 935 infortnaretuur
3329 888 3392 936 et

1801 966 2100 1020 animarum
2147 975 2454 1021 nostrarum
2498 966 2691 1034 facies,
2737 967 2807 1023 ad
2860 982 2987 1023 eum
3041 969 3395 1039 respicientes

1802 1066 2055 1126 tanquam
2082 1057 2150 1113 ad
2177 1058 2483 1127 speculum,
2513 1074 2932 1129 componamus,
2965 1069 3022 1115 et
3064 1061 3221 1132 quasi
3261 1062 3393 1117 boni

1802 1146 1928 1212 filii.
1959 1148 2359 1203 similitudinem
2390 1150 2557 1219 patris
2585 1150 2639 1204 in
2674 1150 2831 1206 nobis
2856 1152 3186 1208 excolamus.
3218 1152 3387 1229 255

1800 1238 1953 1296 Sicut
1980 1248 2159 1296 autem
2188 1241 2380 1310 aliquis
2408 1256 2636 1311 magnus
2657 1242 3038 1312 paterfamilias
3064 1242 3392 1315 splendidis-

1799 1333 1935 1387 sime
1959 1334 2182 1403 cupiens
2210 1336 2429 1404 pingere
2461 1334 2679 1389 domum
2706 1350 2861 1391 suam
2887 1339 3155 1408 perquirit
3185 1339 3390 1397 formas

1798 1438 2037 1496 quasque
2065 1433 2121 1480 ct
2157 1424 2414 1493 imagines
2429 1466 2445 1493 ,
2469 1440 2604 1494 quas
2628 1433 2756 1480 ante
2777 1427 3001 1483 studiosi
3022 1429 3243 1498 pictoris
3264 1446 3390 1500 pro-

1798 1524 1965 1584 ponat
1993 1524 2240 1586 aspectus
2270 1516 2323 1570 in
2367 1516 2496 1570 artis
2524 1530 2633 1569 sua:
2660 1518 2877 1585 merito,
2919 1518 3186 1574 sollicitus
3212 1521 3389 1591 rapiat

1799 1620 1935 1675 Opus
1954 1606 2216 1675 alienum,
2245 1614 2301 1661 et
2334 1607 2446 1675 jam
2483 1606 2640 1665 docta
2670 1622 2833 1662 manu
2858 1610 3151 1663 transferat
3192 1611 3247 1664 in
3288 1625 3388 1681 pa-

1800 1698 1990 1753 rietum
2025 1697 2215 1754 faciem
2245 1714 2598 1769 personarum
2626 1699 2915 1755 viventium
2945 1700 3292 1769 dignitatem;
3317 1703 3390 1761 ita

126 1790 361 1859 turbatis,
383 1790 692 1847 revocando
712 1790 839 1846 illuc
864 1789 1048 1858 fidem,
1070 1790 1393 1855 castitatem,
1415 1790 1696 1858 justitiam,
1730 1786 1778 1846 B
1805 1804 1962 1844 verus
1995 1789 2084 1844 ille
2116 1789 2500 1859 paterfamilias
2526 1790 2670 1845 Deus
2708 1790 2775 1845 ad
2800 1791 3128 1861 pingendam
3169 1791 3393 1847 domum

126 1880 566 1948 misericordiam,
612 1880 952 1937 habitatores
978 1880 1232 1951 paciﬁcos
1260 1880 1571 1945 intromisit,
1604 1894 1702 1949 per

124 1986 249 2038 quos
275 1971 329 2025 in
352 1970 688 2027 domicilium
729 1970 927 2025 mentis
954 1976 1117 2039 caput
1148 1980 1172 2008 ε
1214 1969 1407 2025 horum
1434 1969 1700 2024 bonorum

124 2061 356 2117 Christus
383 2062 632 2127 intraret,
662 2070 720 2117 et
746 2062 1005 2132 appositis
1031 2062 1365 2130 pmnitentize
1401 2062 1558 2132 253
1588 2078 1702 2118 me-

124 2151 431 2209 dicamentis
453 2192 470 2217 ,
517 2153 665 2208 velut
690 2152 1107 2222 quatriduanum
1143 2150 1422 2216 fetentem,
1458 2154 1702 2224 increpa-

127 2243 320 2298 tionum
346 2243 373 2281 ἀ
402 2244 585 2299 sonitu
612 2242 935 2309 suscitabat,
963 2249 1021 2297 et
1047 2242 1425 2297 emendatione
1452 2250 1700 2313 suscepta

123 2333 185 2387 de
221 2332 409 2389 mediis
448 2332 643 2388 mortis
670 2330 915 2387 faucibus
948 2338 1136 2387 erutos
1164 2334 1488 2403 temporaria
1518 2349 1701 2389 resur-

123 2428 353 2484 rectione
390 2430 518 2483 vitae
562 2430 896 2484 restituebat.
928 2428 1057 2487 Haec
1085 2430 1289 2501 itaque,
1320 2438 1482 2499 atque
1508 2430 1697 2497 hujus-

124 2518 261 2573 modi
292 2530 315 2558 ο
361 2519 519 2590 plura
548 2532 765 2587 gerens,
795 2535 912 2589 qua:
938 2519 1181 2588 proferre
1208 2534 1307 2590 per
1334 2527 1509 2584 natos,
1540 2527 1701 2587 atque

124 2608 399 2676 expedire,
431 2617 492 2663 ut
517 2608 735 2677 dignum
763 2616 875 2676 est,
919 2625 1030 2664 non
1058 2616 1239 2679 potest
1266 2623 1446 2664 sermo
1471 2622 1702 2679 pauper-

123 2698 286 2762 culus,
318 2700 516 2755 melius
540 2700 697 2753 vobis
728 2696 747 2737 ί
783 2713 848 2753 ea
876 2707 1056 2754 vester
1080 2698 1228 2753 dicet
1263 2697 1523 2764 aﬁ‘ectus;
1554 2712 1701 2751 smn-

122 2803 216 2841 iua:
251 2788 393 2842 enim
437 2788 736 2844 alacritatis
762 2787 1019 2842 instantia
1060 2786 1159 2842 fuit
1199 2787 1393 2855 cultor,
1426 2794 1481 2842 et
1517 2793 1701 2842 custos

126 2880 434 2949 animarum,
462 2879 788 2951 cupiditates
825 2894 1077 2935 resecans
1099 2921 1115 2946 ,
1160 2880 1269 2934 iras
1297 2880 1657 2950 comprimens
1680 2918 1697 2945 ,

126 2972 347 3026 malitias
372 2972 701 3041 exstirpans.
736 2980 761 3019 8
792 2971 887 3026 His
921 2973 1085 3027 etiatu
1123 2972 1294 3040 magis
1320 2973 1403 3026 vir
1427 2972 1527 3026 iste
1562 2978 1698 3026 tem-

127 3062 333 3130 poribus
356 3062 695 3117 necessarius
714 3061 833 3125 fuit,
857 3062 1053 3130 quibus
1077 3068 1229 3115 tanta
1258 3061 1529 3131 iniquitas,
1552 3076 1699 3116 sum-

1803 1897 1976 1947 suam,
2008 1881 2059 1936 id
2089 1889 2189 1945 est,
2216 1880 2281 1935 ad
2304 1881 2639 1935 exornandas
2668 1880 2871 1939 animas
2893 1891 3107 1937 nostras
3131 1882 3185 1936 in
3211 1881 3399 1939 Eccle-

1800 1975 1881 2029 sia
1909 1990 2024 2041 sua,
2056 1974 2269 2028 videtur
2307 1974 2552 2042 quaedam
2579 1972 2791 2027 vivendi
2840 1980 3098 2042 tanquam
3135 1974 3391 2044 pingendi

1801 2065 2149 2135 exemplaria,
2180 2065 2279 2119 viri
2330 2064 2485 2118 istius
2528 2072 2680 2131 gesta
2708 2078 2773 2118 ac
2824 2066 3018 2119 merita
3073 2065 3392 2134 protulisse,

1801 2166 1855 2212 et
1898 2156 2295 2212 demonstrasse
2338 2156 2682 2213 interioribus
2710 2156 2883 2210 oculis
2932 2156 3126 2210 animm
3170 2165 3390 2212 nosti-tu.

1792 2244 2107 2300 Secundum
2159 2244 2276 2299 hmo
2304 2258 2434 2312 ergo
2482 2244 2779 2299 animarum
2810 2253 3117 2299 nostrarmu
3157 2246 3394 2303 vultibus

1801 2334 1955 2389 istius
1980 2334 2079 2387 viri
2098 2335 2459 2404 unusquisque
2473 2333 2701 2388 virtutes
2724 2333 2877 2402 quasi
2897 2335 3168 2403 pretiosos
3194 2351 3391 2408 super-

1798 2425 2113 2481 inducamus
2158 2425 2392 2480 colores.
2424 2423 2617 2493 Rapiat
2644 2424 2745 2478 sibi
2785 2423 2854 2479 de
2893 2439 2961 2479 eo
2989 2424 3129 2480 alter
3156 2427 3389 2494 gratiam

1799 2516 2246 2585 compunctionis,
2270 2516 2407 2569 alter
2434 2514 2749 2569 munditiam
2792 2516 3077 2581 castitatis,
3106 2516 3197 2572 ille
3223 2517 3393 2573 robur

1800 2606 2155 2670 abstinentiae,
2186 2605 2289 2660 iste
2338 2602 2700 2671 verecundiae;
2745 2604 2837 2662 ille
2875 2604 3158 2662 ardentem
3205 2607 3262 2661 in
3289 2607 3391 2664 Dei

1799 2698 1961 2752 rebus
2015 2694 2202 2764 ﬁdem,
2233 2698 2336 2750 iste
2377 2695 2652 2766 patientiae
2706 2695 3005 2751 lenitatem.
3059 2696 3238 2768 Atque
3286 2698 3394 2754 hoc

1800 2789 1962 2843 modo
1987 2789 2039 2843 in
2062 2788 2223 2856 hujus
2244 2788 2345 2843 viri
2368 2788 2779 2847 conversatione
2804 2787 3066 2844 habentes
3084 2791 3393 2862 exemplum

1798 2888 1946 2935 recte
1973 2879 2184 2933 vivendi
2203 2919 2218 2945 ,
2242 2877 2465 2932 diversis
2492 2878 2779 2933 virtutibus
2800 2893 3125 2934 exornemus
3150 2890 3391 2936 nostram

1799 2971 2050 3035 domum,
2092 2970 2147 3024 id
2173 2977 2258 3024 est
2285 2970 2595 3023 universam
2618 2970 2899 3039 pingamus
2927 2968 3229 3026 Ecclesiam
3256 2972 3387 3039 Dei;

1801 3069 1855 3116 et
1880 3062 2064 3117 videns
2092 3077 2191 3117 nos
2215 3059 2299 3115 vel
2317 3059 2383 3115 de
2402 3061 2593 3115 mterni
2622 3062 2814 3115 timore
2846 3060 3033 3129 judicii
3050 3100 3067 3127 ,
3089 3062 3177 3125 vel
3203 3060 3385 3119 futura

128 3152 221 3219 ptis
246 3152 510 3221 quotidie,
538 3151 825 3207 deficiente
854 3151 1091 3221 justitia,
1117 3152 1319 3207 viribus
1345 3153 1694 3209 convalescit.
1724 3149 1769 3212 C
1798 3153 2126 3209 beatitudine
2141 3153 2460 3221 cogitantes,
2478 3154 2578 3207 iste
2598 3162 2858 3221 patronus
2871 3154 3213 3209 nosterillam
3230 3171 3392 3213 evan.

128 3241 190 3296 Et
234 3244 448 3313 quidem
490 3245 580 3300 ille
608 3245 661 3299 in
707 3245 809 3301 hac
846 3246 1278 3315 peregrinatione
1318 3246 1435 3301 solo
1473 3259 1704 3315 corpore

127 3336 438 3390 cotistitntus
475 3336 806 3404 cogitatione
850 3343 908 3391 et
953 3335 1210 3391 aviditate
1267 3335 1323 3390 in
1369 3336 1458 3390 illa
1498 3344 1698 3391 :eterna

128 3425 287 3492 patria
318 3423 343 3462 ιι
376 3434 732 3481 conversatus
769 3434 854 3481 est
877 3467 893 3492 ,
926 3434 982 3481 et
1022 3426 1177 3495 quasi
1204 3426 1379 3481 bonus
1407 3426 1700 3481 ratiocina-

129 3525 222 3579 tor,
252 3518 395 3572 velut
440 3520 509 3574 ad
538 3519 851 3588 centuplum
892 3533 1112 3572 manum
1158 3518 1441 3588 porrigens
1486 3534 1701 3588 semper

128 3605 188 3660 de
220 3608 432 3663 sinistra
462 3609 757 3665 transmisit
785 3609 852 3664 ad
881 3609 1179 3675 dexteram,
1209 3617 1265 3665 et
1298 3610 1351 3664 in
1381 3610 1519 3666 caelo
1548 3626 1701 3680 repo-

129 3696 225 3749 suit
246 3698 467 3755 sudores
491 3715 647 3765 suos;
676 3714 800 3753 nam
826 3687 930 3753 etsi
968 3699 1056 3754 hic
1083 3715 1250 3770 opera
1288 3700 1404 3769 ejus
1430 3700 1695 3767 videntur,

132 3784 243 3842 illuc
261 3803 485 3859 operum
513 3790 707 3845 merita
729 3789 1075 3846 transierunt.
1115 3789 1132 3830 ί
1157 3790 1325 3858 Illius,
1357 3792 1410 3846 in
1440 3801 1724 3862 quantum

1800 3245 2025 3315 geiicatn
2051 3244 2250 3301 Christi
2270 3260 2459 3300 vocem
2488 3246 2660 3314 possit
2686 3259 2960 3300 assumere
2984 3264 2997 3299 :
3026 3245 3211 3310 Pater,
3237 3265 3389 3320 rugo,

1800 3345 1856 3388 ut
1880 3336 1969 3389 ubi
1995 3353 2089 3406 ego
2111 3352 2244 3399 sum,
2268 3336 2370 3406 ipsi
2397 3337 2501 3389 sint
2530 3352 2727 3390 mecum
2754 3334 2941 3403 (Joan.
2969 3337 3118 3404 XII);
3142 3336 3390 3409 Quando-

1802 3441 1908 3495 que
1937 3441 2007 3480 ex
2036 3427 2139 3481 hoc
2184 3427 2382 3481 sarculo
2412 3427 2738 3495 migraturos
2765 3428 2817 3482 in
2844 3427 3029 3483 sedem
3058 3439 3287 3485 suamet
3310 3432 3389 3486 si-

1802 3535 1930 3573 num
1961 3534 2115 3572 suum
2145 3518 2292 3573 velut
2320 3518 2590 3572 Abraham
2619 3534 2719 3573 nos
2737 3520 3041 3588 peculiares
3060 3520 3313 3591 accipiat,
3332 3531 3391 3577 et

1803 3612 1857 3665 in
1888 3611 1975 3664 illa
2012 3610 2097 3664 die
2126 3608 2408 3664 incolmnis
2438 3624 2587 3674 oves,
2618 3610 2771 3677 quasi
2804 3610 2959 3665 ltetus
2986 3619 3173 3680 pastor
3209 3625 3383 3681 agno-

1802 3710 1937 3769 scat,
1968 3703 2081 3771 ipso
2105 3700 2393 3770 adjuvante
2420 3700 2510 3768 qui
2540 3700 2672 3754 vivit
2692 3708 2747 3755 et
2766 3709 2957 3772 regnat
2982 3702 3127 3759 Deus
3151 3716 3252 3772 per
3270 3717 3387 3759 om-

1804 3795 1891 3849 nia
1913 3793 2106 3848 smcula
2136 3792 2473 3847 steculorum.
2501 3791 2692 3847 Amen.

1408 3902 1754 3967 HOMILIA
1797 3904 2093 3966 LXXIX.

1098 4000 1166 4056 In
1194 4004 1360 4058 natali
1404 4003 1465 4059 S.
1494 4004 1741 4077 Cypriani
1769 4006 1993 4076 episcOpi
2019 4014 2069 4058 et
2096 4005 2339 4067 mai-turis
2370 4003 2424 4060 1.

1540 4095 1931 4152 ADMONITIO.

194 4178 349 4299 ἦξε
374 4178 432 4234 S.
461 4173 749 4233 Maximum
788 4180 1013 4261 hujusce
1034 4181 1162 4238 item
1188 4184 1423 4239 homiliaz
1449 4193 1722 4241 auctorem
1771 4185 1936 4242 fuisse
1966 4194 2197 4242 testatur
2224 4186 2551 4243 Gennadius.
2583 4188 2897 4246 Consonant
2925 4193 2975 4247 ei
2999 4193 3216 4251 codices
3242 4195 3387 4251 San-

230 4263 386 4299 ensrs-
415 4248 632 4299 Sancta:
650 4248 838 4299 Cructs
867 4266 920 4299 ιη
946 4248 1243 4299 Jemgalem
1274 4253 1340 4299 9t)
1364 4264 1419 4299 et
1441 4254 1525 4299 99_
1565 4256 1945 4299 Amm-misian
1968 4257 2007 4299 (ἶ
2033 4257 2101 4299 9'7
2155 4257 2479 4299 Vnrnnoncie
2511 4259 2576 4299 '71:
2626 4260 2917 4299 νειιςροηιια
2950 4262 3087 4299 tom
3165 4266 3362 4299 Annia“

134 4248 399 4329 gallensis',‘
415 4248 632 4329 Sancta:
650 4248 838 4329 Crucis
867 4248 920 4303 in
944 4248 1245 4329 {erusalem
1274 4253 1346 4329 90_
1364 4264 1422 4329 et
1441 4254 1529 4321 99,
1560 4256 1949 4329 Ambrosianus
1968 4257 2007 4309 C
2033 4257 2123 4324 97,
2155 4257 2479 4329 Veronensis
2511 4259 2599 4324 75,
2626 4260 2919 4316 Vaticanus
2950 4248 3391 4329 1269,79A'ugie—m

134 4317 330 4403 sis‘xtx,
360 4318 770 4403 Ratispoueusjs
796 4318 1006 4403 δέρῃίεῑὶΔ
1028 4320 1372 4403 Emmerami,
1392 4317 1798 4403 Laurentianus
1822 4343 1876 4403 x_
1893 4317 2185 4403 P_lut-._xiv_,
2216 4328 2502 4403 metropol.
2547 4317 2960 4403 hicdiolanensis
2987 4335 3087 4403 sig.
3108 4317 3391 4403 ’,14ίὲἔῖἰή

135 4383 672 4477 ἓξὶξυξξξηιὶξιίὲνὲιέιέτξειξ
1139 4401 1221 4474 es
1244 4383 1527 4477 ξηεςίίριίιι
1556 4412 1567 4446 =
1599 4394 1666 4448 ιη
1708 4396 1877 4477 πρεαιε
1906 4396 1967 4477 s-
2015 4383 2302 4477 sypnus
2341 4383 2634 4477 maneas
2662 4383 3391 4477 ξυε,ιὶἇέᾱῐεὲξῗ’ςὲιρῖίῐιὶιὲ’ἓ

138 4457 678 4540 nisi‘unumexcipias
704 4458 825 4540 cod.
1032 4460 1299 4540 Crucis_in
1312 4457 1650 4540 Jerusalem,
1672 4466 1765 4534 qui
1794 4466 1957 4519 habet
1982 4484 1994 4519 :
2030 4457 2224 4540 Incipit
2256 4457 2319 4540 de
2347 4466 2534 4540 uirtuti
2558 4468 2617 4523 S.
2654 4468 2922 4540 Cypriani.
2957 4457 3387 4539 Ejusdé'iii—eniin

136 4520 443 4610 ἔμμιξωί
472 4520 654 4610 plures
670 4529 1099 4610 suntnorationes
1120 4531 1190 4610 de
1217 4531 1275 4586 S.
1306 4531 1578 4610 Cypriane
1626 4520 1765 4589 infer
1790 4550 2071 4610 sermones
2118 4520 2358 4593 edendze.
2390 4536 2497 4592 Sed
2524 4520 2630 4593 hoc

136 4594 319 4680 inchivi
349 4594 644 4680 unp‘emalis
670 4598 904 4680 basilica:
940 4594 1369 4680 Mediolanensis'
1386 4594 1720 4680 mentionem
1749 4607 2171 4680 reservavimus;
2201 4619 2639 4680 cum-nunquam
2668 4609 2801 4680 satis
2822 4594 3392 4670 “canohibJ'Aii'diiii'é

136 4658 409 4753 ξ
426 4658 611 4753 ’ξἰςίξίρ
634 4682 665 4720 a
689 4669 842 4753 nobis
869 4669 1089 4753 agendae
1114 4679 1241 4753 sunt
1267 4658 1770 4753 g‘rates,_quod_7_non
1790 4658 1917 4728 tam
1942 4658 2339 4753 magnimagi
2367 4658 2645 4744 codicibus
2670 4658 3394 4753 iiéﬁio'iiﬁéﬁliﬁuﬂh'ﬁﬁé'.

136 4729 329 4802 ditavit,
358 4736 457 4791 sed
486 4745 541 4816 et
566 4738 879 4819 praeclarum
904 4729 1715 4821 fragmentumvhujus'h-umilitn
1754 4760 1822 4799 ex
1844 4729 2147 4801 memerato
2184 4729 2391 4801 codice
2408 4729 3218 4870 vpervetfustoigniferi-im};
3225 4729 3396 4809 1.315s

136 4796 303 4858 habet)
325 4813 551 4870 eruerit,
580 4807 838 4870 nobisque
866 4813 1361 4867 commumcaverit.
1392 4811 1503 4869 Nec
1530 4814 1692 4870 silere
1717 4828 1931 4870 mnuum
1957 4824 2041 4870 est
2069 4818 2123 4870 in
2149 4816 2422 4870 codicibus
2452 4816 2712 4870 Vaticano
2784 4816 2909 4870 269.
2940 4828 2998 4870 et
3024 4820 3080 4870 S.
3111 4818 3301 4870 Cmcis
3341 4824 3395 4870 in

136 4796 838 4876 habetl'erueritfnobisque
866 4796 1503 4869 communicant-tmen
1530 4796 2041 4885 altissimas
2054 4796 2724 4872 ii'caaieaus'vaiias;
2750 4796 3013 4886 λ’ἔῐῑῦῖὲῖ
3020 4796 3306 4878 Eii-115i;
3315 4796 3395 4879 ’ἷιῖ

193 5026 216 5052 ⁸
442 5022 697 5080 Laurent.
728 5034 784 5081 et
805 5026 927 5083 Vat.
956 5027 1118 5099 4951,
1155 5029 1237 5086 De
1263 5041 1571 5104 quantum»:
1616 5035 1704 5089 ille
1732 5015 1786 5076 D
1883 5034 1903 5074 τ
1936 5032 2105 5092 Codd.
2134 5036 2271 5091 1277
2294 5046 2349 5093 et
2382 5034 2656 5107 Urhevet.,
2695 5059 2755 5095 ea
2784 5059 2928 5097 mens
2958 5044 3093 5098 dicet

135 5090 374 5147 cordibus.
1810 5103 1944 5147 mut-
1979 5104 2169 5147 Marﬁn
2246 5110 2425 5147 manu.
2471 5109 2616 5147 "nisi.
2647 5128 2705 5147 ,η
2731 5122 2894 5147 κου..-
2916 5114 3048 5147 At“:
3089 5138 3093 5147 ι

204 5156 227 5193 δ
405 5163 649 5229 Martin.,
682 5164 915 5221 barbaris
941 5168 1191 5226 hostibus.

204 5237 226 5263 ε
252 5228 381 5288 Cod.
412 5228 644 5289 Martin.’
660 5250 766 5290 non
797 5236 959 5291 habet
987 5238 1191 5293 horum.

201 5294 392 5381 ﬁdem
412 5303 544 5381 999.
575 5302 779 5381 ‘Laur.,
830 5304 900 5359 12
932 5306 1211 5381 _S._Crneis
1254 5309 1307 5365 in
1352 5310 1489 5381 Jer.,
1528 5310 1704 5368 Vatic.

142 5360 257 5417 ωδε
291 5378 344 5423 et
373 5371 530 5433 ηπ,
564 5360 779 5433 fremitu
808 5360 1108 5432 suscitabat.

206 5435 537 5523 frldétnncod.
554 5435 757 5523 _Laur.,
783 5444 904 5498 Vat.
931 5443 1089 5523 4951,
1115 5447 1451 5523 etAUrhe‘vet.
1482 5450 1702 5514 habent,

144 5500 413 5589 ’jtfjtfsmodi
427 5512 653 5589 plurima
668 5500 868 5589 gerens,
886 5531 998 5585 qua:
1010 5500 1167 5571 etiam
1181 5500 1682 5589 iiii—ﬁl'eiiiiié'iie'rﬁi
1689 5500 1707 5563 '-

146 5585 279 5629 tustis
296 5620 312 5643 ,
340 5598 453 5651 qua:
474 5586 596 5653 quia
604 5585 861 5706 (proferre
886 5602 977 5653 per
1000 5603 1122 5650 nos,
1165 5585 1317 5659 atque
1344 5590 1587 5655 expedire
1623 5592 1707 5643 di-

146 5656 285 5706 βνωιη
317 5660 411 5706 αι.
458 5661 563 5706 etc.
649 5652 779 5706 odd.
827 5668 956 5706 vero
1000 5655 1065 5706 l9.
1089 5658 1179 5706 cit.
1211 5667 1266 5706 et
1312 5658 1447 5706 1277
1496 5660 1703 5706 lemmt-

146 5656 285 5731 sunt
317 5660 411 5731 rat,
458 5652 563 5707 etc.
604 5652 779 5731 Codd.
827 5652 956 5707 vero
1000 5655 1065 5708 19.
1089 5658 1179 5711 cit.
1211 5652 1266 5711 et
1312 5652 1447 5711 1277
1496 5660 1704 5731 legunt.

147 5714 349 5784 gerebat,
378 5714 587 5797 quisque
612 5724 850 5794 proferre
873 5739 964 5793 per
992 5741 1085 5779 nos
1103 5767 1117 5793 ,
1150 5737 1317 5795 atque,
1350 5738 1454 5785 etc.

3136 5044 3353 5112 ἀπεαπ
3384 5067 3402 5105 :

1810 5103 2449 5181 Cod.AMartin.,Ainelius_
2466 5109 2616 5181 nobis
2644 5103 2705 5165 ea
2731 5122 2894 5166 vester
2915 5114 3048 5166 dicet
3087 5103 3323 5181 aﬁ'e'ctus.

1884 5186 1910 5253 ξς
1940 5174 2110 5253 Codd.
2148 5177 2309 5253 49H,
2340 5188 2396 5233 et
2434 5179 2669 5253 Martin.,
2704 5181 2804 5253 His
2832 5183 2998 5253 magis
3024 5184 3102 5235 vir
3122 5174 3253 5246 iste,
3290 5194 3396 5242 etc.

1880 5243 1908 5320 ξι
1935 5243 2083 5320 idem
2114 5247 2233 5320 cod.
2284 5248 2538 5303 Laurent.
2586 5250 2751 5305 habet
2778 5250 2851 5305 ita
2891 5243 3264 5306 {conversatus
3291 5265 3395 5320 est;

1810 5317 1893 5385 qui
1910 5316 2041 5393 huic
2067 5318 2258 5393 mundo
2286 5320 2565 5393 cruciﬁxus
2595 5338 2654 5373 ac
2682 5331 2933 5384 moratus,
2965 5322 3215 5393 quidquid
3253 5316 3399 5377 tabo;

1810 5385 1941 5461 rasit
1967 5385 2032 5438 de
2059 5385 2309 5461 Itncrita,
2340 5388 2409 5440 ad
2426 5385 2595 5461 illum
2623 5392 2780 5461 vitam
2824 5385 3113 5461 transtulit,
3142 5401 3207 5461 _et
3253 5394 3403 5461 quasi

1816 5454 1976 5507 bonus
2000 5458 2358 5521 ratiocinator,
2382 5466 2484 5513 etc.
2513 5457 2644 5512 Item
2666 5460 2787 5513 cod.
2820 5460 2923 5511 Vat
2950 5457 3108 5511 4951.
3142 5454 3377 5516 Uthé\‘et

1816 5532 1993 5598 autem
2024 5526 2184 5579 habet
2212 5528 2490 5598 cruciﬁxus
2520 5545 2580 5581 ac
2610 5538 2838 5583 mortuus
2860 5527 3108 5598 quidquid
3150 5529 3389 5585 laborari;

1817 5592 1878 5645 de
1900 5594 1994 5646 hac
2025 5598 2142 5657 vita,
2177 5597 2246 5648 ad
2273 5592 2417 5649 illum
2447 5600 2599 5650 ritum
2632 5592 2913 5662 transtulit,
2945 5592 3048 5648 etc.

1896 5662 1909 5699 ί
1943 5664 2075 5719 Cod.
2112 5666 2362 5721 Laurent.
2416 5667 2541 5734 legit
2580 5666 2731 5723 Illius
2782 5684 2902 5738 ergo
2931 5675 3177 5734 quantum
3218 5686 3390 5733 possit.

1816 5747 1947 5785 "HIS-
