3910 6238
549 301 656 356 4ἰῖ

1749 295 1803 348 S.
1848 289 2089 347 MAXIM]
2127 283 2583 341 TAURINENSIS

3692 285 3786 337 ΔΞι

550 411 659 465 Jer.
692 410 760 462 99
788 409 1088 479 huiusmodi
1119 406 1398 479 fragmenti
1436 407 1643 459 initium
1671 405 1929 479 reperiri.
1964 403 2255 479 Gymnicus
2275 399 2525 479 eamdem
2557 397 2846 479 humiliari:
2861 395 3023 479 edidit
3061 410 3181 479 pag.
3215 395 3312 479 2H
3346 413 3470 479 cum
3504 397 3689 479 titul_o_3
3723 395 3784 449 In

554 481 716 550 natali
743 466 1119 550 diui'Cypriaui
1135 466 1368 550 episcopi
1389 487 1436 528 et
1464 475 1707 550 martyris
1740 466 1971 550 lixoutilia
1992 466 2180 550 prima,
2205 469 2714 550 etl‘ialesiniusnpag.
2746 466 2848 518 1ϋῖ
2866 475 2923 550 et
2950 466 3205 550 Cumdius
3232 467 3461 550 tornle
3485 482 3586 550 pag
3602 467 3713 547 ΤΗ,
3733 481 3790 546 et

553 549 882 619 Raynaudus
903 547 1026 617 pag.
1059 547 1182 619 285,
1209 556 1262 619 et

1363 535 1640 612 urgarinu's
1668 545 1718 596 in
1753 544 1887 596 Bibl.
1927 535 2068 594 Mxix.
2114 548 2244 612 tom.
2277 539 2343 591 Vl
2364 552 2503 612 _pag.
2535 535 2624 589 59.
2657 535 3016 603 Quamobrem
3062 544 3267 590 temere
3309 538 3533 591 relatam
3564 536 3708 590 fuisse
3735 538 3788 589 in

553 608 681 686 Opp.
708 617 764 671 S.
802 608 1071 672 Ambrosii
1097 608 1226 670 edit.
1258 608 1593 668 Parisf4569
1623 622 1677 667 et
1706 612 1863 667 Rom.
1893 611 2030 664 1570
2059 608 2470 664 existimandum
2501 616 2602 661 est.

552 726 1408 802 assncuusuruu.e_6alicem
1424 725 1722 802 _Domini,de
1736 741 1832 794 quo
1850 723 2120 802 Scriptura
2151 727 2202 785 Α
2225 720 2559 774 Christianus
2601 718 2850 788 populus.
2879 717 3094 773 Indicus
3139 719 3282 783 enim
3314 721 3460 789 prior
3501 726 3606 782 cst,
3642 719 3784 771 Chri-

621 792 1090 871 t'ouuiturﬁguram
1120 800 1275 871 fuisse
1311 799 1607 871 passionum
1649 792 1931 871 martyrum
1978 792 2124 871 docet

622 863 693 923 εξ
718 863 1013 931 Μαωίῆαη
1043 876 1090 920 et
1118 863 1358 938 ciconiam
1377 865 1632 938 Christus
1678 866 1926 938 prceclara
1955 863 2126 914 omni-

622 939 716 992 bus
745 939 885 992 dedit
915 934 1148 1006 exempla
1171 937 1463 1006 patientiae,
1511 951 1570 987 eo
1601 934 1967 1006 laudabiliores
2009 939 2126 984 sunt

622 1017 907 1078 martyres,
937 1024 1034 1076 quo
1061 1002 1227 1076 magis
1273 1005 1430 1058 divini
1476 1005 1803 1074 prwceptoris
1842 1002 2128 1055 imitatores

625 1095 678 1130 se
706 1077 1050 1145 praebuerunt.

625 1165 810 1220 Sancti
833 1161 1087 1235 Cypriani
1115 1161 1482 1230 festivitatem,
1506 1164 1642 1217 sicut
1669 1162 1913 1216 omnibus
1941 1169 2128 1215 notum

554 1266 660 1324 est,
691 1257 854 1311 hodie
891 1255 1246 1320 celebramus,
1273 1263 1330 1310 et
1360 1263 1385 1291 ι
1415 1255 1599 1318 natali,
1628 1255 1765 1308 sicut
1794 1254 1995 1318 dicunt,
2025 1253 2126 1305 im-

555 1347 794 1399 minente
813 1343 1078 1398 vindemia
1101 1344 1331 1397 natalem
1353 1341 1469 1410 ejus
1485 1343 1724 1412 martyrii
1747 1357 2126 1412 procuramus;

555 1439 884 1494 conveniunt
912 1437 1072 1504 igitur
1099 1443 1222 1490 vota
1249 1443 1430 1489 nostra
1461 1442 1516 1490 et
1535 1434 1738 1489 mundi.
1767 1434 1994 1488 Mundus
2019 1434 2132 1486 vin-

555 1531 855 1585 demiarum
882 1528 1130 1582 ubertate
1158 1527 1398 1592 laetatur;
1423 1541 1521 1581 nos
1541 1534 1850 1580 sanctorum
1879 1525 2128 1594 passione

557 1619 880 1689 gaudemus;
899 1632 1020 1686 qua:
1041 1616 1255 1684 quidem
1271 1617 1450 1685 passio
1470 1614 1754 1669 vindemiis
1767 1611 2126 1682 comparanda

555 1717 669 1773 est;
698 1695 837 1760 sicut
855 1705 998 1759 enim
1027 1720 1251 1759 uvarum
1277 1704 1624 1772 expressione
1649 1702 1829 1756 vinum
1861 1701 2124 1766 funditur,

556 1800 627 1853 ita
657 1806 711 1851 et
735 1803 1044 1850 sanctorum
1091 1794 1349 1863 martyrio
1375 1793 1484 1848 vini
1512 1793 1629 1847 vice
1656 1792 1873 1860 sanguis
1898 1789 2127 1845 edundi-

556 1889 673 1954 tur;
703 1889 806 1942 nisi
847 1886 991 1956 quod
1042 1884 1070 1924 δ
1117 1900 1218 1938 uva
1264 1883 1589 1952 temporales
1636 1883 1839 1936 fructus
1888 1889 2123 1950 pnestat,

553 1980 731 2051 passio
753 1977 1126 2045 sempiternos.
1161 1973 1325 2028 Recte
1349 1988 1477 2041 ergo
1505 1973 1819 2042 martyrium
1846 1971 2125 2024 vindemiis

552 2077 911 2139 comparatur,
941 2067 1103 2120 habet
1131 2067 1272 2120 enim
1311 2074 1366 2120 et
1393 2066 1710 2120 ebrietatem
1746 2078 1918 2124 suam,
1962 2064 2123 2117 habet

553 2170 608 2216 et
635 2161 857 2215 calicem
884 2173 1067 2221 suum;
1097 2156 1164 2210 de
1203 2171 1309 2223 quo
1338 2155 1468 2210 dicit
1494 2155 1757 2224 propheta
1793 2153 1979 2206 David.
2020 2152 2122 2206 Ca-

554 2253 629 2307 tia:
658 2262 772 2303 tuus
811 2246 1069 2301 inebrians
1089 2284 1103 2309 ,
1135 2261 1287 2316 quam
1315 2245 1590 2314 praclarus
1613 2253 1690 2297 est
1728 2242 1916 2313 (Psal.
1957 2259 2064 2296 χιιι
2082 2242 2120 2310 ).

553 2340 622 2394 Et
653 2341 765 2410 ipse
793 2338 1051 2393 Dominus
1098 2336 1152 2390 in
1180 2336 1444 2404 passionis
1492 2350 1602 2389 sua:
1630 2335 1778 2389 exitu
1806 2333 2126 2388 constitutus

553 2431 629 2484 ait
660 2447 672 2482 :
704 2428 883 2492 Pater,
914 2428 959 2480 si
987 2425 1228 2493 possibile
1271 2434 1366 2492 est,
1398 2431 1630 2478 transeat
1673 2423 1809 2476 calix
1856 2423 1954 2477 iste
1987 2440 2020 2476 a
2047 2439 2126 2477 me

554 2520 777 2592 (Matth.
809 2518 986 2589 xxvi).
1013 2516 1081 2569 Et
1104 2517 1297 2571 iterum
1337 2515 1602 2584 propheta
1636 2532 1649 2566 :
1678 2513 1900 2567 Calicem
1928 2513 2126 2566 saluta-

554 2615 628 2667 ris
667 2611 940 2680 accipiam,
991 2617 1038 2661 et
1072 2625 1256 2661 nomen
1285 2606 1497 2660 Domini
1534 2605 1779 2660 invocabo
1805 2605 1980 2674 (Psal.
2012 2603 2122 2672 xv).

555 2701 744 2769 Recte,
779 2702 1017 2770 inquam,
1039 2700 1178 2752 calix
1205 2698 1465 2769 martyrio
1483 2689 1854 2767 comparatur;
1883 2697 2004 2765 quia
2049 2696 2127 2750 sic

558 2802 617 2846 ut
643 2792 783 2846 calix
825 2806 944 2844 cum
983 2789 1203 2855 bibitur,
1231 2787 1404 2841 omnis
1431 2787 1624 2841 humor
1648 2788 1840 2844 noxius
1878 2787 1984 2841 vini
2032 2802 2126 2841 ca-

558 2885 674 2939 lore
702 2883 1043 2951 decoquitur;
1073 2881 1144 2934 ita
1176 2888 1228 2934 et
1265 2881 1505 2951 martyrii
1554 2880 1804 2948 poculum
1844 2895 1964 2933 cum
1995 2880 2128 2933 hau—

557 2975 693 3028 ritur
723 2983 748 3013 ε
780 2987 965 3027 omnes
994 2973 1291 3040 peccatoris
1320 2971 1472 3025 fzeces
1501 2971 1764 3040 passionis
1789 2971 1958 3038 gloria
1990 2979 2125 3025 tem-

557 3070 830 3135 perantur.
862 3060 888 3098 ἀ
918 3061 1110 3116 Vinum
1150 3076 1278 3128 ergo
1318 3061 1581 3130 quoddam
1618 3061 1852 3115 salutare
1889 3060 2130 3130 martyrii

559 3161 676 3216 est,
709 3153 851 3222 quod
903 3152 1050 3206 cordi
1106 3151 1344 3205 lmtitiam
1392 3159 1650 3220 prmstat,
1701 3152 1934 3206 calorem
1982 3149 2126 3216 fidei,

557 3244 748 3297 aniuue
777 3243 1080 3311 puritatem.
1121 3241 1315 3296 Vinum
1345 3242 1505 3311 plane
1533 3250 1616 3296 est
1647 3251 1670 3279 ε
1700 3242 1992 3310 spiritualis
2039 3242 2127 3294 illa

556 3347 678 3398 uva,
701 3347 821 3402 qua:
848 3347 948 3401 pro
968 3332 1139 3385 salute
1165 3333 1404 3385 omnium
1431 3331 1686 3400 pependit
1710 3332 1763 3384 in
1791 3333 1953 3399 ligno.
1977 3331 2130 3385 Sicut

2230 819 2371 865 stum
2403 810 2454 862 in
2481 809 2597 877 lege
2622 817 2822 878 portat,
2848 816 2903 861 et
2928 809 3124 870 nescit,
3148 818 3200 863 et
3229 818 3526 863 retrorsum
3553 825 3665 863 eum
3693 824 3785 876 po-

2231 917 2364 956 nens
2390 901 2620 970 quadam
2668 901 2813 954 dorsi
2861 902 3142 965 aversione
3187 904 3516 967 contemnit;
3548 902 3679 956 unde
3714 902 3787 954 ait

2230 994 2492 1063 propheta
2527 1010 2538 1043 :
2574 992 2923 1045 Obscurentur
2966 993 3100 1045 oculi
3151 1009 3356 1055 eorum,
3389 1009 3453 1044 ne
3480 994 3712 1046 videant:
3739 1002 3786 1045 et

2230 1086 2437 1140 dorsum
2465 1100 2640 1138 eorum
2664 1100 2863 1153 semper
2890 1084 3100 1137 incurva
3121 1082 3294 1154 (Psal.
3325 1084 3528 1152 vam).
3558 1083 3788 1138 Christia-

2229 1192 2330 1229 nus
2356 1190 2485 1228 vero
2540 1190 2770 1244 sequens
2797 1175 3025 1244 populus
3062 1173 3336 1228 Christum
3383 1189 3599 1243 semper
3635 1174 3791 1228 oculis

2228 1266 2436 1335 aspicit,
2468 1280 2684 1332 semper
2710 1262 2946 1318 custodit
2973 1263 3264 1329 obtutibus,
3288 1275 3344 1318 et
3369 1266 3599 1332 quadam
3623 1262 3638 1301 ί
3678 1278 3790 1330 gra-

2227 1356 2391 1409 duum
2412 1355 2687 1408 vicinitate
2714 1353 3125 1422 complectitur;
3154 1361 3208 1408 et
3232 1363 3437 1421 quanto
3463 1369 3584 1407 eum
3610 1354 3687 1406 ille
3703 1369 3793 1420 po-

2228 1445 2384 1514 pulus
2430 1458 2596 1513 pravo
2626 1443 2816 1496 itinere
2853 1450 2976 1511 post
3012 1457 3070 1496 se
3111 1443 3396 1511 relinquit,
3424 1451 3629 1498 tantum
3670 1459 3790 1498 eum

2227 1536 2329 1588 iste
2351 1535 2552 1587 directo
2576 1547 2732 1586 cursu
2752 1532 2968 1586 festinat
3000 1532 3265 1600 attingere
3299 1544 3345 1586 ι.

2227 1657 2582 1697 FBAGHENTUI
2609 1655 2961 1720 DEPBOIPTUI
2992 1657 3060 1694 ΕΧ
3087 1656 3273 1696 CODICS
3303 1657 3515 1696 Αιιειιιγι
3553 1656 3792 1696 ΒΑδιιιειε

2482 1726 2775 1764 ιιιιδεειιλιιε
2802 1725 2845 1764 8.
2873 1725 3111 1764 AIBBOSN
3140 1726 3573 1766 IBDIGLAEENSIS.

2295 1800 2545 1868 Ideoque,
2563 1799 2772 1866 fratres,
2792 1801 2942 1856 istius
2964 1802 3258 1856 beatissimi
3278 1803 3532 1873 martyris
3557 1801 3793 1874 Cypriani

2225 1900 2494 1944 sectemur
2520 1891 2761 1958 vestigia,
2783 1891 2873 1958 qui
2901 1900 3048 1946 recto
3068 1892 3281 1946 tramite
3307 1891 3577 1946 Christum
3595 1899 3795 1946 secutus

2225 1990 2323 2043 est,
2357 1990 2519 2049 atque
2545 1982 2608 2035 ad
2640 1982 2871 2050 palmam
2909 1983 3150 2053 martyrii
3179 1985 3656 2038 maturescentibus
3682 1986 3793 2038 uvis

2155 2091 2198 2147 Β
2229 2074 2494 2157 pervenit.
2524 2073 2743 2128 Necnon
2772 2081 2827 2128 et
2849 2081 3056 2142 tempus
3084 2075 3313 2130 instabat
3340 2075 3638 2130 vindemias.
3664 2074 3793 2140 Quia

2225 2167 2367 2220 enim
2387 2166 2491 2219 hoc
2509 2165 2897 2220 vindemiarum
2925 2173 3169 2236 tempore
3195 2182 3383 2236 passus
3412 2177 3525 2232 est,
3553 2177 3790 2235 tanquam

2225 2271 2323 2311 nos
2343 2256 2408 2310 de
2435 2257 2703 2311 vindemia
2729 2257 2911 2312 dulces
2938 2267 2993 2312 et
3029 2259 3209 2314 varios
3237 2259 3439 2314 fructus
3451 2275 3519 2314 ex
3545 2261 3654 2328 ejus
3675 2275 3794 2327 pas-

2225 2346 2377 2404 sione
2421 2345 2751 2416 collegimus.
2802 2345 3154 2417 Impinguavit
3200 2349 3343 2403 enim
3388 2364 3518 2414 nos,
3551 2357 3602 2404 et
3629 2346 3792 2402 reiicit

2225 2444 2402 2491 musto
2431 2437 2672 2507 martyrii
2701 2438 2804 2491 sui.
2835 2436 2930 2492 Est
2975 2439 3120 2492 enim
3164 2447 3416 2503 mustum,
3448 2438 3593 2507 quod
3631 2438 3793 2492 reiicit

2226 2536 2282 2582 et
2310 2528 2539 2581 inebriat
2568 2527 2957 2592 Christianum;
2987 2527 3079 2582 sed
3125 2529 3356 2583 ebrietas
3401 2529 3490 2582 illa
3523 2528 3682 2597 magis
3709 2544 3790 2582 so~

2223 2619 2402 2674 brium
2432 2619 2574 2673 facit.
2607 2619 2708 2684 Qui
2750 2619 2891 2673 enim
2921 2619 3211 2673 inebriatur
3244 2621 3446 2675 caalesti
3491 2621 3672 2688 gratia,
3705 2636 3790 2673 ex-

2225 2710 2498 2767 Sobriatur
2534 2710 2744 2764 sarcina
2791 2718 3159 2779 peccatorum.
3191 2709 3307 2765 Hoc
3356 2725 3588 2780 namque
3626 2719 3790 2763 musto

2227 2802 2418 2870 repleti
2447 2801 2619 2856 sancti
2649 2801 2903 2870 apostoli,
2953 2801 3091 2855 sicut
3120 2801 3194 2854 ait
3240 2800 3514 2870 Scriptura
3546 2802 3675 2870 (Act.
3717 2806 3790 2863 n),

2228 2893 2416 2948 alienis
2443 2893 2636 2960 linguis
2653 2892 2744 2946 Dei
2776 2891 3038 2959 magnalia
3063 2892 3436 2959 loquebantur.
3451 2890 3509 2945 In
3530 2907 3636 2960 quo
3660 2891 3790 2944 facto

2227 2985 2430 3055 pariter
2456 2984 2590 3038 ebrii
2619 2997 2738 3038 esse
2783 2981 3101 3036 videbantur
3151 2990 3205 3036 et
3244 2982 3429 3036 sobrii.
3474 2981 3619 3034 Ebrii
3659 2981 3790 3033 enim

2227 3075 2570 3146 putabantur,
2593 3072 2809 3142 quodin
2832 3071 2912 3126 his
2931 3072 3144 3140 loquela
3167 3080 3357 3141 praeter
3374 3081 3620 3126 naturam
3636 3072 3791 3124 altch

2229 3165 2581 3234 personabat;
2615 3163 2780 3217 sobrii
2811 3170 2985 3230 erant,
3015 3163 3157 3232 quod
3185 3162 3337 3230 juxta
3361 3161 3792 3216 consuetudinem

2229 3256 2510 3311 Dominum
2540 3253 2735 3308 mentis
2756 3253 3045 3307 devotione
3076 3251 3381 3306 laudabant.
3408 3251 3561 3317 Quod
3589 3249 3793 3319 quidem

2231 3363 2340 3403 non
2387 3346 2622 3400 elatione
2665 3344 2863 3413 aliqua,
2892 3351 2984 3397 aut
3009 3343 3321 3412 impotentia
3343 3343 3585 3410 contigit,
3620 3353 3676 3395 ut
3709 3339 3792 3394 viri

557 3422 699 3476 ειιίηι
721 3421 908 3475 boum
934 3419 1230 3474 redditurus
1254 3420 1454 3485 Vinum.
1475 3420 1622 3487 Ρτίυε
1642 3419 1694 3472 in
1720 3419 1875 3504 νὶρθα
1897 3419 2126 3486 quadam
2155 3439 2200 3500 C
2230 3437 2399 3492 sancti
2420 3434 2703 3504 peregrino
2728 3448 2978 3488 sermone
3001 3433 3380 3502 loquerentur;
3409 3433 3502 3486 sed
3531 3431 3797 3500 providen-

556 3519 758 3564 naturai
796 3517 912 3563 arte
948 3509 1306 3578 suspenditur,
1341 3508 1359 3545 ί
1397 3510 1471 3562 ita
1499 3508 1741 3563 Christus
1775 3500 2017 3563 editurus
2045 3511 2125 3563 vi-

557 3616 685 3656 num
712 3600 988 3670 spirituale
1016 3600 1253 3669 martyrii
1299 3601 1353 3655 in
1376 3615 1551 3665 cruce,
1582 3600 1809 3668 quadam
1838 3601 2126 3668 providen-

558 3693 630 3746 tia
661 3692 981 3756 Divinitatis,
1015 3699 1248 3760 aptatur.
1279 3691 1397 3760 Ipse
1426 3699 1507 3745 est
1534 3692 1692 3761 plane
1717 3693 1933 3757 botrus,
1968 3709 2128 3760 quem

556 3783 664 3837 duo
692 3782 1060 3850 exploratores
1089 3782 1183 3842 illi,
1215 3782 1318 3836 hoc
1340 3788 1423 3836 est
1448 3779 1574 3835 lesu
1603 3782 1746 3837 Nave
1765 3823 1779 3848 ,
1806 3790 1860 3836 et
1886 3781 2043 3836 Calef
2065 3781 2127 3833 ﬂ-

559 3873 663 3926 lius
691 3881 716 3918 8
745 3869 988 3939 Jephone
1027 3871 1082 3923 in
1124 3870 1390 3938 phalanga
1419 3870 1484 3923 ad
1514 3870 1651 3925 ﬁlios
1693 3871 1852 3926 Israel
1899 3871 2129 3941 propriis

557 3961 795 4016 humeris
838 3959 1144 4012 detulerunt
1185 3958 1370 4029 (Nam.
1404 3959 1550 4029 xm);
1593 3961 1735 4030 quod
1783 3961 2004 4030 quidem
2051 3961 2128 4015 fa-

556 4059 703 4104 ctum
728 4048 842 4117 jam
860 4056 985 4102 tunc
1000 4047 1373 4116 prazligurabat
1393 4049 1676 4103 adventum
1708 4050 1920 4105 Domini
1941 4051 2127 4104 Salva-

558 4140 711 4194 toris.
754 4138 888 4194 Nam
913 4139 1102 4193 botrus
1149 4139 1202 4191 in
1251 4139 1514 4206 phalanga
1560 4156 1849 4210 suspensus
1893 4143 1944 4196 in
1971 4157 2130 4197 cruce

559 4230 805 4290 Christus
849 4243 1115 4298 appensus
1164 4229 1488 4296 ostenditur;
1530 4229 1637 4284 dno
1665 4241 1845 4285 autem
1895 4231 1946 4284 in
1993 4234 2127 4300 pha-

559 4321 712 4388 langa
742 4326 1017 4389 portantes
1047 4333 1226 4382 uvam,
1251 4317 1356 4371 duo
1379 4319 1559 4388 populi
1586 4319 2126 4375 demonstrabantur:

559 4412 894 4465 Christianus
920 4412 1124 4478 utique,
1154 4419 1209 4463 et
1235 4408 1476 4476 Judasus;
1509 4420 1563 4464 et
1590 4412 1728 4465 sicut
1755 4427 1871 4466 mos
1893 4420 1974 4465 est
2005 4428 2128 4481 por-

561 4500 816 4566 tantium,
839 4515 973 4553 unus
999 4499 1326 4567 prmcedens,
1350 4500 1482 4553 alter
1502 4499 1859 4567 subsequens;
1888 4501 1959 4554 ita
1983 4501 2129 4570 prior

556 4587 865 4642 Judzeorum
891 4589 1197 4656 designatur
1221 4589 1467 4658 populus,
1495 4589 1918 4646 Christianorum
1945 4609 2130 4648 secun-

556 4679 674 4733 dus.
704 4677 772 4732 Et
795 4679 935 4733 sicut
979 4679 1321 4742 antecedens,
1345 4679 1487 4748 quod
1512 4688 1712 4749 portat,
1751 4695 1857 4733 non
1882 4681 2043 4744 videt,
2070 4691 2126 4736 et

2233 3529 2304 3582 tia
2326 3526 2628 3580 Divinitatis
2659 3523 2853 3578 factum
2883 3531 2986 3591 est,
3017 3531 3077 3578 ut
3115 3523 3241 3592 quia
3262 3523 3328 3578 ad
3359 3521 3794 3591 magniﬁcandnui

2230 3621 2398 3673 Deum
2450 3634 2553 3671 una
2604 3617 2816 3685 loquela
2866 3633 2974 3672 non
3003 3615 3227 3684 suliicit,
3256 3631 3352 3686 per
3386 3617 3568 3685 plures
3602 3616 3796 3682 linguas

2231 3709 2427 3762 mentis
2474 3707 2692 3762 devotio
2730 3707 3046 3762 solveretur.
3100 3706 3384 3761 Jucundati
3432 3720 3560 3773 ergo
3602 3718 3792 3766 sumus,

2230 3800 2350 3866 quia
2382 3798 2449 3852 de
2475 3798 2630 3852 vinea
2682 3796 2894 3852 Domini
2939 3796 3174 3851 Sabaoth
3223 3797 3454 3851 fructum
3503 3792 3796 3850 refectioni:

2230 3887 2553 3956 accepimus.
2585 3886 2755 3940 Vinea
2784 3894 2958 3940 autem
2976 3886 3184 3940 Domini
3211 3885 3469 3951 Sabaoth,
3495 3885 3642 3939 sicut
3677 3881 3793 3937 dicit

2231 3977 2491 4046 propheta
2524 3975 2679 4044 (Isai.
2710 3991 2764 4039 v,
2787 3974 2878 4043 7),
2903 3982 2983 4028 est
3007 3974 3195 4040 Israel;
3226 3989 3345 4042 quze
3370 3975 3559 4028 domus
3589 3989 3688 4028 nos
3711 3987 3793 4025 su-

2231 4082 2387 4131 mus;
2433 4065 2724 4120 secundum
2779 4065 2921 4119 enim
2965 4066 3120 4119 fidem
3164 4064 3420 4118 Israelitce
3465 4081 3562 4118 nos
3603 4078 3791 4119 sumus.

2235 4155 2383 4210 Unde
2413 4157 2543 4211 dicit
2565 4157 2854 4225 Apostolus
2886 4173 2897 4207 :
2933 4153 3066 4219 Quia
3113 4156 3198 4224 qui
3245 4171 3308 4207 ea:
3355 4155 3459 4223 ﬁde
3489 4156 3542 4208 lii
3569 4165 3689 4208 sunt
3708 4153 3792 4222 ﬁlii

2230 4246 2452 4300 Abi-alue
2483 4244 2624 4314 (Cat.
2656 4248 2733 4315 v).
2783 4246 3044 4312 Quoniam
3094 4245 3254 4313 igitur
3280 4261 3378 4299 nos
3416 4260 3601 4300 sumus
3625 4242 3790 4307 Israel.

2229 4336 2384 4389 vinea
2441 4335 2650 4388 Domini
2698 4351 2899 4390 sumus.
2949 4335 3236 4390 Videamus
3286 4335 3568 4404 diligenter
3630 4349 3789 4389 nec:

2229 4427 2448 4495 palmite
2488 4427 2666 4495 operis
2712 4428 2884 4481 nostri
2931 4436 3182 4484 nascatur
3222 4426 3520 4482 dulcedinis
3546 4444 3683 4493 uva,
3711 4424 3790 4478 sed

2228 4513 2393 4582 fellis,r
2417 4529 2518 4568 nec
2546 4515 2752 4569 dicatur
2779 4517 2956 4586 nobis,
2985 4517 3126 4586 quod
3153 4517 3350 4573 Judzeis
3377 4518 3577 4572 dictum
3605 4526 3683 4574 est
3709 4529 3789 4584 per

2229 4608 2543 4675 prophetam
2588 4608 2890 4677 :Sustinui,
2919 4618 2973 4662 ut
3019 4612 3209 4680 facere!
3252 4629 3425 4681 uuam,
3473 4614 3595 4684 fecit
3640 4619 3788 4666 autem

2227 4699 2407 4762 spinas
2438 4696 2605 4768 (Isai.
2653 4699 2730 4767 v).
2765 4698 2938 4764 Quam
2977 4699 3108 4753 dura
3135 4702 3395 4770 conditio,
3425 4712 3484 4756 ut
3512 4703 3784 4771 possessio,

555 4775 850 4822 retrorsum
867 4765 893 4803 ιι
915 4766 1059 4822 idem
1078 4782 1292 4836 semper
1311 4768 1533 4833 habens,
1557 4768 1785 4838 quadam
1807 4771 1948 4825 dorsi
1971 4787 2123 4826 aver-

2231 4801 2343 4855 quzc
2374 4765 2592 4842 domino
2630 4765 2727 4843 suo
2757 4787 3038 4842 suavitatis
3066 4790 3224 4859 258
3251 4765 3453 4844 fructus
3480 4765 3670 4843 all'erre
3703 4786 3784 4839 de-

554 4859 706 4910 sione
733 4859 1061 4921 contemnit;
1091 4859 1182 4925 qui
1202 4865 1379 4911 autem
1408 4859 1648 4926 sequitur
1675 4875 1890 4930 semper
1916 4862 1966 4916 id
1995 4878 2124 4917 ocu-

2231 4877 2362 4944 bnit,
2417 4878 2692 4945 spinarum
2739 4877 2888 4931 illum
2942 4877 3232 4946 asperitate
3268 4879 3662 4948 compunxerit.
3686 4873 3784 4927 Hoc

554 4947 619 5000 lis
648 4946 918 5015 perspicit,
951 4963 1164 5017 semper
1183 4949 1414 5003 custodit
1440 4950 1731 5017 obtutibus,
1762 4968 1976 5022 semper
2002 4971 2124 5009 coro

556 5037 700 5104 poris
744 5037 1016 5091 vicinitate
1072 5037 1305 5108 potitur;
1331 5038 1487 5109 257
1520 5040 1592 5093 ita
1633 5056 1761 5109 ergo
1809 5041 2043 5100 Iudaeus.
2071 5053 2128 5100 et

613 5198 650 5311 ιτ
680 5188 739 5242 ln
769 5195 994 5259 utroque
1021 5187 1139 5243 cod.
1188 5187 1245 5242 S.
1275 5186 1458 5244 Crucis
1498 5191 1552 5244 in
1579 5191 1685 5247 Jer.
1719 5193 1872 5251 deest
1895 5214 1998 5255 vox
2027 5217 2120 5254 na-

629 5275 668 5310 ι.

556 5268 668 5312 tati.

627 5328 654 5364 δ
835 5325 956 5398 V_at.
984 5323 1141 5391 1269,
1165 5327 1266 5379 nisi
1291 5328 1425 5398 quod
1447 5330 1608 5384 vinea.

627 5407 652 5476 ξ
681 5393 829 5476 (ξρᾱἱῖ
864 5393 1107 5476 Veron".
1128 5392 1617 5476 omnis_"peccatoris
1665 5403 1847 5470 faces;
1897 5415 2118 5476 uterque

555 5464 759 5536 cod._$.
790 5462 974 5518 Crucis
1002 5466 1054 5536 in
1081 5462 1384 5536 Jﬂer._habet
1411 5462 1748 5536 peccatorum.

624 5534 649 5569 ά
686 5531 917 5613 εμειηιιθ
941 5534 1059 5613 cod:
1093 5533 1366 5613 S..Cru-c;is
1387 5531 1437 5589 in
1460 5536 1589 5604 Jer.,
1625 5538 1807 5613 Vinum
1834 5560 1971 5613 ergo.

628 5600 1075 5681 f_Uterqiie__cod.
1122 5600 1585 5681 cith.,_Verone_n.,'
1637 5617 1690 5681 et
1742 5600 2120 5681 Vaticflegunt

553 5672 785 5735 spiritale
813 5672 873 5724 de
899 5673 991 5727 illa
1031 5689 1146 5726 una.
1179 5672 1456 5730 Galesinus
1486 5677 1610 5740 legit
1644 5678 1812 5733 riuum
1846 5672 2018 5743 planev
2045 5697 2120 5738 est

2231 4973 2312 5019 est
2335 4981 2454 5020 cum
2494 4964 2663 5019 ,ιιιόωὶ
2692 4967 3028 5021 Salvatorem
3057 4966 3337 5022 debuerint
3357 4977 3469 5023 tota
3493 4968 3618 5023 lidei
3643 4967 3778 5020 devo-

2233 5055 2380 5109 tione
2411 5054 2706 5124 suscipere,
2757 5057 3033 5126 spinarum
3083 5071 3205 5110 eum
3260 5059 3637 5113 coronaverint
3678 5068 3782 5126 pas-

2229 5205 2462 5273 spiritale
2491 5205 2590 5259 Dei
2612 5207 2706 5260 illa
2733 5224 2852 5273 uva,
2884 5221 2986 5263 etc.

2231 5273 2586 5354 m'_Uterque
2634 5277 2754 5330 cod.
2783 5293 2964 5354 _supra
3004 5276 3224 5354 laudat.,
3271 5286 3328 5333 et
3373 5281 3600 5336 Veron..
3647 5286 3709 5337 iJa
3738 5284 3778 5330 ει

2225 5340 2458 5433 Christus
2488 5340 2730 5433 editura:
2748 5340 2921 5427 vinum
2949 5340 3219 5433 spiritale1'
3311 5416 3331 5433 ν

2298 5421 2323 5459 ε
2349 5413 2482 5466 Cod.
2513 5413 2579 5466 90
2602 5415 2658 5468 S.
2691 5413 2876 5470 Crucis
2896 5416 2948 5470 in
2975 5413 3084 5471 Jer.
3116 5416 3279 5471 habet
3297 5416 3591 5487 Jephonic.

2296 5479 2324 5556 ξι
2355 5481 2486 5557 god.
2519 5481 2586 5535 90
2608 5485 2726 5557 cit._,
2750 5492 2804 5557 et
2827 5494 3103 5557 retrorsum
3125 5488 3216 5557 sed
3237 5503 3434 5557 semper
3463 5492 3654 5545 abiens.

2303 5549 2317 5586 ί
2357 5549 2590 5620 Uterque
2612 5553 2730 5607 cod.
2773 5552 2828 5607 S.
2862 5553 3044 5610 Crucis
3070 5556 3124 5608 in
3162 5555 3295 5619 Jer.,
3325 5549 3378 5611 et
3423 5565 3545 5615 cod.
3583 5561 3776 5614 Verona

2226 5619 2474 5690 graduum
2503 5637 2729 5690 suorum.

2301 5689 2312 5738 i
2353 5687 2483 5744 Cod.
2516 5689 2712 5745 Veron.
2746 5692 2829 5746 hic
2859 5692 3129 5748 concludit
3155 5695 3453 5754 homiliam.
