3910 6238
110 397 207 450 ιὶδ

1471 383 1752 439 HOMILIA
1791 381 1974 436 LXXX

3269 377 3372 432 425

106 510 274 562 sione.
306 508 430 572 Quae
453 520 658 560 corona
683 502 895 572 quidem
923 509 1072 555 tanta
1105 499 1303 554 Judzeis
1328 506 1445 552 erat
1467 495 1686 564 injuria-
1718 497 1764 554 A
1792 509 1905 563 qua:
1933 501 2050 544 sunt
2097 490 2296 554 mundi,
2329 491 2577 559 quomodo
2607 491 2807 557 placeat
2849 488 2997 539 uxori
3031 482 3088 553 (l
3132 485 3249 540 Cor.
3275 489 3371 558 vi).

108 613 224 650 rum
266 595 618 660 contumelia,
648 599 850 661 quanta
882 592 935 643 in
970 590 1197 643 Domino
1218 595 1333 642 erat
1361 601 1559 641 corona
1590 585 1695 637 vir-

111 694 306 737 tutum.
339 682 718 751 Compungunt
764 693 891 746 ergo
916 678 1084 733 Judaei
1113 677 1395 731 Dominum
1413 717 1427 740 ,
1452 675 1577 728 dum
1608 687 1698 726 co—

112 782 326 836 ronant,
349 777 738 840 compungunt,
762 768 886 822 dtun
907 766 1246 835 cruciﬁgunt.
1278 763 1425 818 Unde
1446 764 1521 816 ait
1549 761 1695 816 Seri-

118 875 265 934 ptura
297 871 518 918 sancta:
552 860 810 914 Videbunt
829 860 881 912 in
902 875 1048 930 quem
1075 862 1482 926 compunxerunt
1513 852 1696 923 (ΖαεΙι.

117 969 201 1017 xn,
236 952 338 1015 10;
385 950 549 1003 Joan.
578 965 689 1012 xix,
720 947 834 1016 35).
867 946 1050 1014 Igitur,
1092 945 1313 1010 fratres,
1342 943 1520 997 videte
1547 957 1614 996 ne
1642 951 1695 994 et

114 1041 261 1093 vobis
292 1040 504 1094 dicatur
537 1056 550 1089 :
588 1036 825 1091 Sustinui
863 1045 918 1087 ut
947 1037 1136 1105 faceret
1162 1049 1344 1097 uvam,
1378 1033 1497 1102 fecit
1530 1039 1699 1083 autem

112 1133 310 1198 spinas.
343 1129 459 1184 Hoc
476 1135 559 1182 est
588 1141 656 1181 ne
683 1127 888 1196 spinas,
917 1140 1050 1195 quas
1070 1125 1297 1179 Domino
1313 1122 1478 1177 Judaei
1507 1137 1697 1176 cmen-

113 1223 174 1274 tis
203 1221 584 1289 imposuerunt
603 1217 871 1284 manibus,
904 1233 1004 1272 nos
1033 1216 1228 1284 iniquis
1257 1215 1503 1269 sensibus
1531 1228 1698 1282 appo—

111 1325 321 1373 namus,
353 1320 406 1364 et
446 1322 868 1379 compungamus
888 1322 1045 1373 eum,
1093 1322 1203 1360 non
1242 1305 1532 1375 asperitate
1575 1319 1697 1358 sen-

111 1416 282 1464 suum,
315 1400 410 1454 sed
437 1415 666 1469 operum
691 1397 982 1468 pravitate.
1017 1395 1094 1449 De
1121 1395 1314 1464 quibus
1353 1393 1597 1447 meminit
1643 1393 1696 1446 in

112 1487 401 1556 Evangelia
431 1487 703 1550 Salvator,
732 1487 915 1541 dicens
945 1504 958 1539 :
991 1485 1315 1539 Seminatum
1341 1494 1513 1537 semen
1562 1483 1694 1535 ceci-

113 1579 245 1630 disse
271 1579 408 1631 inter
428 1579 627 1648 spinas,
645 1587 694 1630 et
713 1577 950 1641 emisse,
982 1591 1043 1627 ac
1062 1573 1345 1641 suffocasse
1363 1573 1498 1644 quod
1520 1583 1697 1625 natum

111 1675 182 1719 est
209 1666 364 1736 (Luc.
405 1669 538 1735 vni).
565 1666 695 1732 Qua:
724 1673 906 1720 autem
934 1662 1102 1735 spina:
1137 1665 1244 1717 sint
1273 1665 1386 1732 ipse
1411 1663 1697 1732 prosequi-

112 1764 211 1809 tur.
256 1756 399 1810 Dicit
440 1758 630 1825 utique
666 1755 1053 1811 sollicitudines
1081 1769 1199 1810 esse
1229 1753 1549 1820 mundanas,
1578 1768 1695 1821 qua:

1803 583 1966 649 Ergo,
1997 581 2210 647 fratres,
2242 580 2414 633 videte
2442 594 2509 632 ne
2526 579 2680 632 vinea
2702 584 2880 632 vestra
2908 591 3014 631 non
3041 593 3168 631 uvas
3195 579 3373 639 faciat.

1803 672 1894 727 sed
1925 671 2133 740 spinas;
2168 685 2234 724 ne
2284 669 2435 722 vinea
2476 676 2652 721 vestra
2695 683 2800 721 non
2828 668 3007 721 vinum
3044 667 3254 734 atl‘erat,
3280 669 3373 722 sed

1804 770 2036 816 acetum.
2070 760 2318 828 Quisquis
2345 759 2488 813 enim
2519 757 2837 811 vindemiam
2869 757 3013 825 legit,
3045 766 3098 811 et
3125 761 3369 827 pauperi-

1801 855 1900 908 bus
1946 869 2054 907 non
2103 853 2340 919 largitur,
2373 853 2460 905 ille
2497 859 2707 905 acetum
2747 850 2977 917 colligit,
3021 867 3125 904 non
3170 853 3372 905 viuum.

1802 945 2051 1014 Quisquis
2091 950 2291 998 messes
2320 942 2584 1005 recondit,
2618 949 2672 996 et
2698 942 3052 1009 indigentibus
3081 958 3186 996 non
3218 944 3376 996 mini-

1802 1043 1957 1100 strat,
1989 1035 2088 1089 iste
2128 1050 2234 1088 non
2267 1035 2532 1088 alimoniae
2559 1033 2764 1088 fruetus
2800 1034 3056 1102 reposuit,
3087 1034 3178 1088 sed
3209 1035 3376 1089 tribu-

1805 1125 1887 1178 los
1909 1125 2145 1178 avaritia:
2173 1124 2537 1191 congregavit.
2559 1123 2692 1177 Nam
2707 1133 2992 1193 propterea
3010 1126 3083 1178 ait
3103 1124 3376 1195 Scriptura

1800 1215 1867 1268 de
1895 1223 2034 1267 terra
2059 1222 2260 1275 nostra,
2287 1202 2549 1282 Spiuaset
2571 1214 2784 1266 tribulos
2800 1213 3102 1284 germinabit
3119 1216 3205 1268 tibi
3223 1215 3374 1284 (Gen.

1801 1320 1874 1368 Ill,
1909 1303 2018 1373 18).
2052 1303 2233 1371 Igitur,
2268 1302 2480 1364 fratres,
2511 1304 2554 1357 si
2583 1303 2745 1357 vultis
2783 1311 2840 1357 ut
2870 1317 3026 1371 seges
3061 1315 3239 1359 vestra
3271 1322 3373 1360 non

1801 1393 1954 1446 vobis
1978 1393 2160 1460 spinas
2188 1393 2369 1459 gignat
2399 1399 2452 1445 et
2485 1393 2730 1458 tribulos,
2759 1392 2852 1446 sed
2883 1392 3084 1447 fructus
3111 1409 3247 1462 quos
3281 1411 3379 1465 op-

1804 1483 1928 1536 tatis
1953 1482 2253 1536 uberrimos
2287 1481 2559 1550 proferat,
2607 1483 2954 1548 indigentium
2989 1498 3204 1553 quoque
3252 1500 3377 1539 esu-

1800 1571 1930 1624 riem
1962 1579 2076 1626 toto
2107 1572 2390 1626 conamine
2431 1572 2625 1626 mentis
2654 1586 2720 1625 ex
2743 1570 3002 1626 fructibus
3036 1575 3231 1640 segetis
3258 1576 3378 1630 reti-

1800 1661 1933 1724 cite;
1967 1669 2022 1713 et
2050 1669 2106 1714 ut
2143 1660 2409 1714 vindemia
2436 1670 2609 1714 vestra
2653 1677 2760 1714 non
2791 1662 2943 1715 vobis
2990 1672 3233 1729 acetum,
3284 1668 3376 1720 sed

1799 1751 1982 1805 vinum
2010 1750 2197 1804 afferat
2218 1753 2656 1820 pulcherrimum,
2680 1754 2894 1819 ignitam
2915 1769 3207 1823 pauperum
3237 1757 3383 1811 sitim

112 1859 230 1898 cum
289 1855 544 1901 crescunt
590 1847 644 1900 in
693 1845 856 1901 corde
898 1845 1162 1911 hominis,
1218 1843 1469 1897 mandata
1527 1843 1581 1896 in
1627 1857 1692 1897 eo
1725 1847 1770 1904 Β
1802 1842 1912 1895 vini
1944 1842 2151 1910 liquore
2179 1843 2522 1911 exstinguite,
2547 1850 2606 1895 ut
2649 1858 2752 1896 non
2785 1859 2906 1897 cum
2937 1844 3118 1912 iniquo
3148 1861 3375 1914 evange-

110 1933 402 1991 Salvatoris
446 1936 733 1992 suti‘ocant.
792 1936 921 2003 Quis
966 1937 1109 1990 enim
1149 1951 1381 2004 unquam
1433 1936 1694 1990 sollicitus

111 2023 174 2076 de
219 2026 423 2080 mundo
461 2027 640 2095 potuit
686 2027 823 2081 bene
869 2026 1127 2081 sollicitus
1168 2040 1287 2079 esse
1334 2025 1400 2079 de
1441 2025 1694 2080 Christo?

113 2110 235 2176 Quis
265 2115 392 2167 dum
435 2115 599 2170 lucris
628 2115 819 2170 domus
848 2131 957 2170 sua:
983 2115 1244 2185 providit,
1277 2115 1559 2170 utilitatem
1588 2115 1686 2170 Ec-

109 2203 280 2257 clesia:
325 2207 502 2274 potuit
550 2207 871 2274 providere?
915 2205 1063 2261 Unde
1093 2208 1166 2259 ait
1208 2207 1543 2275 Apostolus:
1591 2208 1691 2270 Qui

111 2294 213 2346 sine
240 2312 402 2349 uxore
426 2307 522 2364 est,
563 2299 815 2351 sollicitus
841 2309 934 2363 est,
979 2315 1094 2370 qua:
1137 2309 1256 2351 sunt
1287 2299 1403 2362 Dei,
1438 2301 1691 2369 quomodo

109 2385 302 2447 placeat
350 2386 462 2439 Deo
487 2404 504 2440 ;
536 2389 621 2451 qui
652 2399 820 2440 autem
848 2405 961 2440 cum
989 2404 1155 2441 uxore
1186 2397 1282 2451 est,
1313 2390 1565 2442 sollicitus
1591 2400 1683 2452 est,

1802 1932 1911 1987 lico
1933 1932 2097 1986 divite
2121 1934 2173 1986 in
2205 1935 2486 1988 tormentis
2528 1935 2702 2002 posito
2731 1932 2883 1990 famis
2921 1937 3143 2004 sitisque
3171 1939 3377 1992 crucia—

1799 2031 1885 2078 tus
1928 2024 2238 2091 patiamini,
2268 2025 2362 2078 sed
2411 2040 2531 2078 cum
2582 2025 2784 2081 Lazaro
2823 2029 3072 2082 mendico
3117 2038 3171 2083 et
3219 2030 3377 2085 beato

1799 2114 1966 2169 Tobia
1992 2117 2458 2187 eleemosynarum
2485 2117 2739 2184 largitore
2767 2118 2818 2172 in
2841 2128 3097 2188 perpetua
3127 2121 3380 2176 felicitate

1795 2207 2028 2272 gaudere
2069 2208 2410 2272 mereamini;
2455 2209 2714 2275 largiente
2756 2209 2984 2265 Domino
3029 2223 3215 2266 nostro
3254 2213 3379 2267 Jesu

1795 2297 2032 2356 Christo,
2065 2300 2147 2350 cui
2191 2307 2274 2351 est
2301 2299 2492 2362 honor,
2537 2299 2702 2364 gloria
2735 2300 2784 2351 in
2813 2302 3006 2354 saecula
3037 2304 3371 2358 saeculorum.

1796 2390 1985 2442 Amen.

1418 2501 1756 2564 HOMlLlA
1804 2503 2070 2563 LXXX.

1449 2599 1528 2652 De
1557 2601 1732 2652 eodem
1766 2601 1932 2652 natali
1968 2593 2048 2651 II.

1550 2687 1940 2742 ADMONITIO.

229 2776 337 2846 59
365 2778 422 2831 lu
441 2780 859 2865 codicibus-mss.
880 2782 1116 2850 quinque
1146 2782 1260 2836 haec
1279 2779 1575 2865 homines.
1592 2779 1823 2859 Maximo
1849 2779 2074 2865 ascripta
2098 2780 2437 2865 subsequitur
2450 2782 2802 2865 superiorem.
2827 2781 2962 2865 Sunt
2983 2784 3223 2865 autemii
3241 2785 3376 2840 San-

107 2848 375 2922 gallensis,
398 2848 693 2902 Vaticanus
726 2848 1251 2922 lita—Veronensis
1279 2850 1367 2914 75,
1401 2849 1830 2922 Ilatisponensis,
1862 2848 2142 2922 Augiensis
2169 2848 2288 2922 _19,’
2307 2850 2499 2917 quibus
2517 2848 2676 2904 certe
2704 2867 2837 2922 non
2865 2861 2945 2904 est
2974 2867 3075 2922 cur
3094 2854 3372 2922 quisquam

106 2917 473 2997 auctoritatem
485 2932 618 2995 esse
661 2932 723 2971 ac
752 2917 1300 2997 tidem_denegandain
1334 2921 1652 2997 arbitretur;
1685 2920 2124 2997 cumpraesertim
2151 2918 2281 2997 hsce
2309 2927 2517 2997 nostra,
2551 2929 2607 2997 ut
2629 2921 2797 2997 cuivis
2826 2921 3020 2997 legenti
3052 2917 3205 2997 facile
3232 2917 3367 2979 'con-

107 2984 284 3047 stabit,
316 2992 424 3037 tam
453 2986 524 3039 sit
554 2988 761 3041 cmteris
789 2989 1020 3043 bomiliis

1102 2991 1264 3045 aximi
1291 2990 1413 3058 styli
1452 2990 1661 3062 ratione
1692 2987 1907 3062 simili_s_,
1937 2987 2069 3062 nihil
2105 2994 2161 3040 ut
2197 2988 2319 3062 tingi
2351 2990 2790 3062 possit_s_imilius.
2820 2987 3026 3062 Altaque
3057 2992 3291 3062 codices,
3322 2997 3368 3048 ir-

143 3052 297 3107 uibns
322 3055 512 3132 eadem
539 3055 653 3132 haec
678 3067 860 3132 nostra
881 3057 1105 3112 bomilia
1123 3059 1325 3132 omissa
1341 3052 1442 3121 est,
1465 3057 1598 3132 nihil
1619 3072 1821 3132 moror.
1845 3054 2012 3132 Hujus
2033 3064 2212 3132 autem
2241 3052 2294 3110 in
2315 3052 2501 3132 codice
2531 3052 3034 3132 Yaticanorhmc'est
3056 3052 3332 3132 inscriptio
3358 3085 3370 3118 :

138 3136 174 3199 η.
191 3123 354 3174 natali
381 3123 442 3176 S.
465 3121 818 3199 Cyprianiln
849 3127 1416 3199 aliorumgquibusdam
1449 3144 1461 3178 :
1489 3125 1574 3199 _De
1618 3121 2027 3199 eodemnnatati.
2071 3125 2126 3177 ln
2161 3125 2454 3199 Veronensi
2489 3145 2512 3199 :7
2536 3127 2670 3181 Item
2699 3131 2835 3199 unde
2865 3146 3048 3199 supra.
3093 3121 3371 3188 Editorum

108 3183 202 3240 fuit
241 3205 404 3245 nemo
443 3183 704 3260 qu'i'hanc
733 3195 901 3262 ipsam
929 3183 1202 3249 bomiliam
1271 3196 1746 3250 rtetermittendam
1776 3194 1875 3248 sibi
1919 3209 2038 3247 esse
2075 3197 2294 3262 putarit.
2326 3193 2619 3265 Gymnicus
2684 3211 2768 3264 ag.
2813 3183 3080 3254 245'eam
3096 3183 3373 3257 dedit—liae

108 3255 257 3311 titulo
289 3277 302 3310 :
337 3259 574 3313 Humilia
603 3264 829 3316 secunda
848 3266 984 3318 unde
1011 3282 1199 3318 supra:
1228 3213 1528 3318 Ealesinius
1556 3278 1675 3318 pag.
1712 3262 1832 3318 165.
1864 3261 2119 3317 Cumdius
2150 3272 2280 3317 tom.
2306 3263 2370 3316 ιν
2402 3280 2523 3318 nae.
2559 3214 2689 3318 771).
2726 3267 3048 3318 Ravnaudus
3089 3278 3210 3318 hau-
3243 3271 3363 3318 235'-

106 3255 257 3334 titulo
289 3255 829 3334 {Homilia‘secun'da
848 3266 984 3318 unde
1011 3282 1199 3334 supra;

1277 3265 1528 3339 alesinius
1556 3262 1832 3339 pag._165,
1853 3261 2119 3339 Cumdius
2150 3272 2280 3317 tom.
2306 3261 2523 3334 lV'pag.
2559 3261 2689 3331 774,
2725 3261 3048 3337 llaynaudus
3089 3278 3210 3339 pag.
3243 3271 3365 3336 255,

106 3323 432 3393 Margarinus
455 3330 508 3382 in
539 3330 674 3383 Bibl.
709 3332 848 3385 Max.
883 3347 1005 3402 pag.
1038 3323 1127 3398 4'0,
1160 3323 1261 3389 hac
1289 3323 1580 3404 epigraphe
1615 3323 1740 3385 :vDe
1767 3323 1942 3385 eodem
1971 3335 2120 3400 festo.

106 3465 659 3545 WAacuII-mjruu.
677 3497 747 3545 —_
771 3469 900 3545 lure
921 3488 984 3524 ac
999 3474 1178 3545 merito
1196 3483 1297 3545 tota
1321 3474 1377 3526 in
1400 3474 1521 3527 orbe
1545 3474 1684 3528 Chri-
1711 3475 1753 3533 C
1788 3481 1958 3526 coetus
1981 3481 2035 3524 et
2057 3488 2150 3526 sua
2172 3473 2339 3526 factus
2356 3481 2455 3538 est,
2489 3481 2544 3526 et
2572 3473 2798 3526 aliorum
2827 3482 2998 3527 morte
3022 3479 3370 3545 conspicuus?

169 3536 339 3614 stiano
378 3537 442 3589 de
490 3539 656 3614 gloria
704 3538 764 3592 S.
807 3541 1051 3614 Cypriani
1091 3544 1369 3614 laetandum
1404 3554 1498 3614 est,
1535 3559 1684 3614 quem

170 3607 419 3657 sanctitas
451 3608 788 3687 sacerdotem,
830 3607 1017 3677 peritia
1065 3611 1355 3675 doctorem,
1391 3612 1520 3681 ﬁdes
1548 3607 1691 3667 'rnnr-

173 3681 331 3740 tyrem
359 3681 690 3728 consecravit.

171 3817 225 3871 ln
250 3820 510 3890 mai-tyrio
535 3821 829 3877 beatissimi
860 3824 1112 3895 Cypriani
1145 3828 1389 3883 universa
1412 3832 1687 3886 nobiscum

107 3908 292 3964 Christi
318 3912 554 3965 exsultat
583 3912 845 3984 Ecclesia,
875 3931 1035 3984 quam
1061 3919 1114 3971 in
1137 3934 1298 3974 omne
1326 3921 1601 3989 gaudium,
1633 3933 1689 3978 et

109 3999 336 4054 cmlestis
387 4001 689 4056 eruditione
733 4007 998 4060 sermonis
1047 4008 1319 4073 instruxit,
1369 4019 1424 4065 et
1467 4028 1686 4068 munere

113 4089 444 4160 triumphalis
463 4093 737 4160 sanguinis
765 4094 1069 4162 decoravit;
1099 4097 1200 4152 fuit
1227 4101 1366 4153 enim
1399 4101 1452 4155 in
1480 4117 1577 4167 eo,
1610 4104 1684 4157 si-

108 4186 193 4232 cut
217 4189 555 4250 compertum
605 4181 897 4249 habemus,
929 4194 985 4240 et
1025 4197 1213 4242 contra
1244 4205 1459 4245 errores
1486 4191 1683 4247 diaboli

110 4268 357 4335 spiritalis
403 4271 682 4339 sapientia:
719 4273 1028 4341 plenitudo,
1061 4285 1116 4330 et
1145 4277 1401 4334 adversus
1426 4275 1682 4349 persecu-

105 4358 276 4414 tiones
303 4362 489 4415 mundi
529 4362 820 4418 Christiani
850 4367 1090 4435 pectoris
1118 4368 1396 4438 infatigata
1428 4383 1681 4428 constan-

105 4448 196 4501 tia;
217 4449 347 4514 Quis
378 4465 482 4504 non
514 4451 820 4519 hujusmodi
844 4455 1016 4509 virum
1062 4459 1277 4525 quantis
1306 4461 1449 4514 valet
1473 4478 1679 4530 prmco-

107 4536 203 4588 niis
227 4549 605 4606 prosequatur,
628 4541 778 4610 cujus
808 4543 1114 4614 eloquentia
1143 4547 1397 4617 inspirata
1425 4551 1678 4607 divinitus

109 4633 160 4678 et
184 4625 450 4682 Ecclesias
473 4630 674 4694 docuit,
708 4642 762 4687 et
784 4635 1035 4688 saacnlum
1065 4637 1396 4692 confutavit?
1424 4640 1561 4696 Vere
1589 4643 1676 4697 hic

111 4715 362 4771 mirabilis
399 4727 561 4786 atque
591 4722 830 4775 omnium
862 4723 1058 4791 ubique
1078 4727 1273 4781 studiis
1301 4728 1670 4795 celebrandus,

1791 3561 2090 3618 Justissime
2120 3565 2204 3618 hic
2225 3579 2346 3618 cum
2362 3564 2668 3633 patriarcha
2689 3563 2853 3618 David
2883 3568 3116 3620 cantavit
3143 3568 3370 3626 Domino

1790 3651 1900 3706 Deo
1929 3669 2026 3706 suo
2053 3653 2235 3707 dicens
2261 3671 2273 3704 :
2299 3651 2400 3706 Cor
2419 3669 2583 3706 meum
2611 3663 2660 3706 et
2697 3669 2818 3707 caro
2848 3671 2959 3708 mea
2988 3657 3370 3714 exsultaverunt

1790 3745 1841 3795 in
1865 3742 1973 3797 Deo
2002 3745 2110 3796 viro
2135 3743 2306 3814 (Psat.
2332 3743 2577 3814 LXXXIII).
2606 3743 2906 3798 Exsultavit
2933 3746 3114 3816 itaque
3132 3765 3228 3805 cor
3254 3752 3370 3820 ejus

1790 3833 1841 3886 in
1873 3833 1982 3887 Deo
2004 3834 2145 3898 vivo,
2177 3849 2319 3898 cum,
2349 3835 2626 3890 morientis
2656 3851 2717 3890 ac
2742 3837 2987 3891 morituri
3009 3841 3187 3893 smculi
3217 3844 3369 3897 vani-

1792 3932 1900 3977 tate
1920 3924 2193 3993 despecta,
2227 3933 2398 3979 totum
2423 3941 2481 3979 se
2509 3925 2701 3980 divinis
2720 3929 3048 3998 mancipavit
3069 3931 3365 4000 obsequiis;

1788 4015 2073 4067 exsultavit
2116 4023 2171 4068 et
2214 4030 2340 4068 caro
2388 4015 2502 4083 ejus
2553 4016 2605 4069 in
2633 4016 2774 4080 Deo,
2801 4034 2919 4087 quae
2947 4019 3013 4073 de
3042 4021 3143 4076 hoc
3168 4024 3366 4081 mundo

1787 4120 1893 4158 non
1940 4106 2120 4159 miseri
2147 4107 2490 4176 corruptione
2515 4107 2816 4176 languoris,
2846 4110 2940 4164 sed
2977 4111 3079 4180 piis
3113 4129 3212 4182 pro
3242 4118 3368 4172 reli-

1785 4196 1942 4262 gione
1970 4196 2242 4265 suppliciis
2262 4207 2569 4252 consecrata
2593 4200 2859 4265 migravit.
2874 4199 2972 4256 llic
2991 4211 3073 4257 est
3093 4203 3182 4258 ille
3201 4220 3367 4262 evan-

1784 4286 1983 4353 gelicus
2011 4288 2395 4355 paterfamilias
2423 4289 2700 4357 proferens
2724 4291 2791 4345 de
2820 4293 3075 4350 thesauro
3101 4311 3199 4352 suo
3226 4316 3365 4355 nova

1783 4384 1839 4429 et
1883 4385 2068 4430 vetera
2102 4377 2332 4446 (Matth.
2368 4379 2475 4446 ιιι);
2514 4380 2604 4446 qui
2648 4380 2855 4435 Veteris
2900 4383 3142 4455 Novique
3172 4387 3363 4442 Testa-

1781 4466 1946 4517 menti
1994 4481 2155 4518 unum
2185 4473 2346 4533 atque
2399 4465 2452 4519 id
2493 4467 2666 4535 ipsum
2701 4470 3014 4539 mysterium
3043 4475 3358 4542 praedicans,

1781 4551 2047 4607 Ecclesias
2074 4553 2271 4608 Christi
2303 4555 2716 4623 locupletissima
2765 4557 3128 4627 disputatione
3152 4563 3358 4621 ditavit.

1780 4641 2201 4712 lncorruptibilis
2228 4653 2390 4712 atque
2418 4644 2717 4700 indefessus
2747 4648 2887 4702 illius
2915 4658 2998 4703 est
3045 4651 3205 4707 hodie
3242 4657 3365 4711 the-

1777 4747 1982 4796 saurus,
2015 4734 2105 4803 qui
2136 4736 2414 4803 pecuniam
2460 4735 2661 4790 domini
2690 4738 2770 4790 sui
2803 4741 3173 4806 nummulariis
3217 4746 3362 4802 fene-

111 4816 263 4870 quem
302 4809 565 4862 sanctitas
601 4811 956 4877 sacerdotem,
983 4815 1174 4881 peritia
1209 4816 1506 4886 doctorem,
1546 4819 1674 4875 fides
1701 4824 1752 4882 D
1779 4839 1905 4877 rans
1932 4825 2170 4892 quotidie
2218 4826 2270 4879 in
2321 4825 2482 4880 corde
2531 4825 2761 4880 fidelium
2807 4830 3011 4886 cmlesti
3058 4833 3361 4894 divitiarum

108 4904 392 4966 martyrem
415 4901 770 4954 consecravit.
802 4901 1056 4969 Pretiosa,
1081 4905 1252 4972 inquit
1274 4907 1459 4975 David,
1483 4910 1537 4962 in
1559 4927 1679 4963 con-

107 4995 272 5052 spectu
287 4987 498 5041 Domini
514 5005 654 5043 mors
673 5001 971 5044 sanctorum
989 4994 1101 5062 ejus
1115 4993 1285 5063 (Psat.
1302 4996 1444 5066 cxv).
1466 4997 1673 5061 Videte,

106 5076 380 5137 carissimi.
398 5079 452 5134 in
466 5088 723 5147 quantam
739 5083 1059 5137 venerabilis
1073 5082 1368 5154 Cyprianus
1381 5088 1539 5140 etiam
1553 5104 1677 5157 pro-

105 5166 366 5233 pbeticam
411 5170 684 5238 ingressus
709 5179 792 5226 est
820 5173 1064 5240 laudem,
1091 5175 1243 5243 cujus
1289 5177 1343 5230 in
1381 5189 1674 5247 conspectu

107 5255 302 5312 Domini
326 5275 434 5314 non
456 5262 632 5315 solum
649 5277 824 5328 mors,
853 5264 947 5318 sed
975 5273 1032 5319 et
1055 5265 1164 5319 vita
1184 5268 1388 5322 exstitit
1415 5271 1670 5339 pretiosa;

105 5350 376 5404 moriendo
404 5367 640 5422 namque
674 5354 948 5424 proprium
989 5353 1206 5412 Christo
1233 5360 1545 5426 sanguinem
1572 5362 1669 5416 de—

105 5436 207 5501 dit;
259 5441 486 5495 viveudo
539 5442 886 5501 nihilominus
941 5446 1316 5503 cohortatione
1382 5449 1668 5506 fortissima

102 5529 400 5585 innumeros
427 5534 568 5589 coelo
600 5544 862 5607 martyres
889 5541 1190 5609 acquisivit.
1224 5539 1362 5607 Quid
1409 5543 1512 5598 hoc
1555 5544 1667 5597 cla-

105 5618 201 5672 rius
219 5623 517 5688 sacerdote,
550 5626 643 5692 qui
673 5627 816 5682 inter
832 5629 1110 5685 hominum
1137 5633 1320 5688 turbas
1358 5634 1525 5701 gloria
1552 5650 1663 5690 ca:-

103 5709 236 5767 lestis
263 5716 694 5772 conversationis
738 5721 974 5789 emicuit,
1026 5733 1187 5792 atque
1220 5726 1359 5781 inter
1396 5727 1665 5796 angelicos

331 5809 604 5867 Ρηιοι..
651 5810 836 5876 LVll.

1787 4923 2024 4969 sanctam
2057 4917 2321 4984 conquirit
2351 4933 2566 4970 usuram
2597 4917 2810 4987 (Matth.
2848 4922 2993 4990 xxv).
3025 4922 3161 4989 Quid
3183 4928 3361 4994 igitur,

1783 5006 1996 5069 fratres,
2029 5015 2180 5060 tanto
2210 5008 2504 5076 speciosius
2535 5010 2667 5074 viro,
2712 5011 2865 5079 cujus
2911 5013 3025 5067 haec
3070 5024 3152 5069 est
3181 5020 3362 5086 regula

1781 5105 1836 5150 et
1862 5112 2108 5152 mensura
2139 5099 2424 5166 sermonis,
2454 5107 2513 5152 ut
2555 5100 2694 5154 inter
2722 5103 2896 5158 varias
2924 5104 3196 5160 hominum
3230 5126 3360 5164 cau-

1778 5203 1886 5254 sas,
1918 5197 2200 5258 motusque
2229 5189 2488 5255 diversos,
2520 5206 2662 5246 nunc
2688 5192 2967 5249 affectione
2995 5199 3190 5264 patris,
3221 5217 3363 5257 nunc

1781 5280 2102 5334 auctoritate
2154 5280 2391 5336 doctoris
2441 5282 2748 5336 con50letur
2795 5284 3051 5350 humiles,
3101 5292 3362 5357 superbos

1773 5370 2110 5438 comprimat,
2155 5370 2489 5438 negligentes
2535 5379 2744 5438 arguat,
2796 5374 3030 5443 increpet
3084 5378 3362 5436 intideles?

1774 5469 2028 5528 tantoque
2052 5461 2280 5529 denique
2303 5461 2498 5514 decore
2521 5461 2878 5516 sacerdoti-um
2906 5465 3177 5535 vitamque
3205 5484 3354 5523 suam

1775 5550 1855 5602 vir
1885 5549 2220 5604 fidelissimus
2245 5550 2546 5613 adornavit,
2577 5557 2637 5603 ut
2669 5550 2965 5608 doctrinam
2990 5566 3141 5608 suam
3172 5557 3363 5610 subse-

1773 5641 2062 5707 quentibus
2108 5639 2450 5694 conlirmaret
2499 5641 2790 5710 operibus,
2838 5642 3159 5700 dominicam
3212 5648 3352 5700 illam

1769 5729 2086 5784 sententiam
2138 5738 2324 5781 tenens
2358 5745 2368 5777 ε
2405 5724 2502 5788 Qui
2531 5730 2759 5782 dorus-rit
2794 5741 2841 5783 et
2875 5731 3084 5799 fecerit,
3127 5734 3210 5785 hic
3238 5752 3354 5786 ma-

3062 5820 3133 5878 1's
