3910 6238
91 387 179 440 £29
1429 381 1708 437 llOMlLIA
1749 381 2000 435 LXXXII.

3240 381 3264 433 .i
3275 383 3344 434 50

88 513 257 552 eorum
285 496 525 566 propriis
560 496 784 559 meritis,
817 504 1050 550 attamen
1080 495 1316 549 consocii
1345 494 1649 547 sanctitate.
1689 513 1722 559 Α
1758 492 1960 545 emlcsti
1994 489 2255 543 medicina
2281 497 2333 542 et
2373 491 2579 558 captiva
2617 491 2794 543 anima
2828 491 2895 544 de
2919 491 3116 545 diaboli
3137 492 3343 562 laqueis

89 587 165 638 Ait
190 586 327 639 enim
357 585 626 639 Dominus
655 584 843 639 Petro:
879 584 952 638 Tn
972 602 1026 638 es
1053 584 1256 648 Petrus,
1279 592 1326 636 et
1350 600 1502 651 super
1517 584 1652 635 hanc

83 684 264 743 petram
282 673 560 743 minﬁcabo
580 672 868 732 Ecclesium
890 690 1088 738 meam;
1111 683 1158 727 et
1182 681 1346 743 porta:
1364 673 1520 742 inferi
1543 687 1646 724 non

87 773 107 800 ⁸
127 765 466 833 ρτωυαιεὺωιε
485 767 532 818 ei
559 763 770 834 (Matt/3.
789 766 918 834 xvi).
935 764 992 819 Si
1013 778 1142 832 ergo
1165 765 1411 834 apostolo
1435 771 1490 816 et
1511 777 1653 815 mar-

86 854 174 923 tyri
196 851 356 908 Petro
402 855 600 909 inferni
644 863 798 924 porta
846 872 952 910 non
982 857 1267 924 praevalet,
1297 855 1536 923 quisquis
1564 868 1652 907 so-

84 943 241 996 ciatur
267 945 497 1014 martyri
539 950 744 999 tartaro
784 961 890 1000 non
935 953 1164 999 tenetur.
1216 944 1472 1015 Martyres
1510 943 1653 996 enim

83 1029 257 1085 inferni
300 1041 462 1101 porta
507 1049 616 1088 non
662 1034 933 1104 possidet,
975 1035 1230 1104 quoniam
1275 1048 1369 1088 eos
1417 1031 1648 1102 paradisi

82 1121 106 1159 δ
130 1136 284 1190 regna
312 1125 637 1193 suscipiunt.
671 1124 831 1195 265
860 1125 992 1179 Nam
1020 1124 1264 1179 videmus
1307 1140 1402 1178 eos
1431 1124 1518 1178 hic
1548 1123 1652 1176 uti-

83 1226 173 1279 que
210 1212 318 1281 jam
367 1228 632 1281 regnare;
676 1216 946 1269 cernimus
972 1215 1116 1268 enim
1149 1225 1170 1253 ε
1201 1215 1268 1268 ab
1295 1214 1372 1268 eis
1401 1215 1650 1268 obsessos

84 1300 506 1358 immundissimis
550 1303 882 1365 daemonibus
924 1305 1169 1360 homines
1203 1304 1451 1367 liberari;
1485 1303 1558 1356 ita
1588 1312 1648 1356 ut

1755 589 1996 647 eruatur,
2019 587 2076 634 et
2096 579 2207 648 ipse
2235 578 2476 633 diabolus
2504 580 2727 634 vinculis
2750 581 2922 649 igneis
2945 582 3193 650 alligatus
3217 599 3344 653 pro-

1755 673 1982 727 ducatur
1992 672 2058 725 de
2072 686 2164 724 sua
2179 672 2490 740 captivitate
2501 671 2768 740 captivus;
2786 680 2844 727 ut
2863 674 2953 742 qui
2971 674 3201 742 prmdam
3217 690 3338 745 pau-

1755 763 1809 817 lo
1832 770 1958 816 ante
1976 769 2212 831 ceperat,
2237 763 2270 829 i,
2291 776 2348 816 se
2363 761 2620 817 subdatur
2641 763 2692 815 in
2715 760 2738 799 ἀ
2757 778 2989 832 poenam.
3015 763 3140 819 Hzce
3161 773 3217 820 et
3238 765 3339 820 alia

1755 852 1964 920 potiora
1982 851 2243 905 mirabilia
2269 866 2363 921 per
2387 861 2600 906 sanctos
2621 851 2736 906 ﬁeri
2757 854 3006 908 omnibus
3028 862 3210 910 notum
3235 866 3335 913 est.

1756 941 1822 995 Et
1857 941 1999 1005 ideo,
2023 939 2236 1007 fratres,
2259 957 2575 996 veneremur
2600 957 2694 996 eos
2715 943 2769 996 in
2802 953 2824 980 °
2855 944 3050 998 saeculo
3086 959 3222 1013 quos
3241 945 3339 1000 de-

1756 1031 1997 1085 fensores
2021 1031 2219 1085 habere
2235 1029 2253 1068 ί
2272 1046 2550 1100 possumus
2580 1032 2633 1084 in
2662 1030 2868 1097 futuro;
2891 1034 3093 1088 etsicut
3105 1034 3184 1089 eis
3204 1037 3340 1090 ossi-

1756 1124 1856 1178 bus
1876 1130 2156 1191 parentum
2187 1122 2792 1190 nostrbrumjungimur,
2817 1124 2890 1178 ita
2903 1135 2958 1178 et
2971 1126 3049 1180 eis
3071 1125 3192 1179 tidei
3222 1126 3339 1179 inni-

1754 1211 2283 1280 tationejungamur;
2303 1213 2516 1267 in-nullo
2530 1214 2670 1266 enim
2693 1213 2759 1267 ab
2781 1215 2910 1284 ipsis
2935 1215 3171 1284 separari
3186 1223 3338 1285 pote-

1753 1303 1937 1369 rimus,
1963 1305 2008 1358 si
2027 1304 2294 1358 sociemur
2314 1304 2415 1358 illis
2429 1311 2536 1357 tam
2558 1305 2814 1372 religione
2841 1321 2998 1375 quam
3030 1322 3256 1377 corpore
3287 1318 3334 1360 tt.

1348 1415 1694 1476 HOMILIA
1739 1416 2063 1475 LXXXII.

1359 1515 1438 1569 De
1474 1518 1668 1570 sanctis
1698 1517 2025 1585 martyribus.

1502 1603 1890 1657 ADMONITIO.

141 1689 409 1766 Monuisse
454 1696 883 1766 meialiquando
921 1699 1139 1752 memini
1181 1698 1520 1752 homiliarum
1562 1713 1978 1766 sermonumque
2012 1698 2195 1751 titulos
2236 1700 2567 1766 compositos
2614 1700 2882 1754 interdum
2909 1689 3073 1756 fuisse
3116 1704 3338 1760 arbitrio

84 1765 493 1836 amanuensium.
528 1765 610 1836 ild
649 1765 781 1836 vero
817 1767 1124 1821 confirmari
1165 1767 1426 1836 majorem
1467 1767 1520 1819 in
1550 1765 1765 1818 modum
1798 1766 1871 1836 iis
1899 1765 2580 1836 codicibusrnanu’scriptis
2597 1775 2818 1836 potest,
2847 1783 3075 1835 quorum
3105 1773 3340 1826 subsidio

84 1829 360 1903 hacnobis
389 1834 616 1887 homilia
655 1835 871 1889 Maximi
913 1846 1123 1892 servata
1154 1829 1267 1891 est:
1308 1836 1439 1889 Nam
1487 1836 1578 1903 qui
1617 1850 1744 1903 eam
1793 1835 1844 1887 in
1886 1835 2126 1888 codicem
2171 1829 2489 1888 Vaticanum
2519 1829 2654 1887 169.9
2685 1829 2973 1903 transtulit,
2997 1838 3138 1892 hunc
3166 1839 3340 1893 eidem

85 1899 538 1978 ulmum_prgﬁkit
565 1922 576 1956 :
614 1903 677 1957 In
709 1906 875 1958 natali
897 1899 1580 1978 ιυρινὶηιονιιηιηιρνιξιηιὴι.Δ
1601 1902 1702 1968 Qui
1728 1904 1780 1956 in
1804 1906 2028 1978 alterum
2050 1903 2366 1978 Vaticanum
2391 1903 2566 1978 1275‘}
2619 1903 2684 1956 In
2708 1906 2878 1978 natali
2901 1899 3050 1978 unius
3075 1911 3338 1978 martyris.

85 1965 171 2031 Qui
191 1968 241 2029 in
262 1965 716 2040 Ratisponenscm
737 1965 910 2029 sancti
930 1975 1254 2029 Emmerami
1275 1993 1288 2027 ι
1310 1974 1387 2027 De
1401 1965 1608 2026 vsanctis
1624 1965 1961 2039 martyribus.
1987 1972 2085 2036 Qui
2109 1973 2160 2025 in
2186 1972 2506 2028 Casinenses
2522 1972 2677 2039 duos,
2701 1973 2802 2027 11,9
2822 1981 2876 2028 et
2900 1974 2990 2028 ill
3030 1994 3041 2028 :
3069 1975 3134 2028 In
3157 1965 3342 2031 nativi-

87 2045 172 2113 tate
189 2047 488 2113 sanctorum
509 2053 814 2113 martyrum.
837 2043 939 2110 Qui
962 2046 1191 2113 denique
1225 2045 1276 2098 in
1312 2044 1691 2113 Martinensem
1718 2060 1729 2093 :
1770 2041 1833 2113 In
1865 2043 2027 2113 natali
2067 2051 2360 2113 sanctorum
2388 2051 2674 2113 martyrum
2698 2042 3091 2098 Taurinensium
3121 2043 3340 2110 Octavii,

87 2107 264 2181 Aventii
305 2119 370 2181 et?
409 2107 688 2165 Solutorii.
732 2113 789 2166 ln
827 2107 1309 2168 Breviario'vetere
1339 2112 1692 2180 Strigoniensi
1723 2112 1911 2164 eadem
1942 2111 2157 2181 homilia
2188 2112 2326 2166 hanc
2354 2107 2568 2181 prazfcrt
2597 2113 2996 2180 inscriptionem
3023 2133 3034 2166 :
3071 2113 3176 2168 Pro
3205 2107 3340 2169 com;

236 2180 580 2251 plurimorum
605 2192 890 2251 martyrum
932 2183 1142 2236 homilia
1191 2184 1356 2236 sancti
1397 2178 1620 2234 Maximi
1647 2182 1903 2251 episcopi._
1946 2180 2052 2234 Nec
2101 2182 2278 2234 minor
2322 2178 2404 2236 est
2431 2180 2556 2251 fere
2583 2178 2846 2236 editorum
2879 2184 2931 2236 in
2961 2183 3113 2236 titulo
3143 2183 3343 2239 descri-

86 2243 251 2322 bendo
273 2250 534 2303 varietas.
585 2243 1140 2322 Apud'Gymnicum,
1171 2252 1502 2306 Galesinium
1553 2261 1608 2304 et
1652 2243 1999 2322 Baynaudum
2044 2251 2147 2322 sic,
2171 2251 2331 2304 habet
2360 2269 2396 2322 εὴ
2422 2249 2674 2322 Ejusdem
2711 2251 2773 2322 de
2812 2255 3164 2322 martyribus:
3204 2255 3344 2322 apud

85 2311 348 2370 Cumdium
390 2333 528 2390 vero
570 2311 1025 2389 et'Marga'rinum
1063 2339 1074 2372 :
1108 2311 1186 2373 De
1225 2323 1418 2390 sanctis
1458 2311 1789 2390 martyribus.
1843 2319 2000 2372 Hisce
2028 2319 2262 2390 duobus,
2293 2311 2486 2389 quibus
2523 2319 2775 2390 suffragio
2804 2329 2930 2376 sunt
2951 2311 3163 2376 codices
3189 2311 3344 2378 Casi-

85 2397 291 2463 menses,
322 2389 533 2463 assensi
564 2404 768 2443 sumus.
795 2459 805 2463 _
828 2391 968 2463 Nihil
997 2391 1140 2463 enim
1169 2392 1222 2443 in
1245 2392 1346 2444 hac
1375 2389 1588 2442 Maximi
1618 2389 1836 2463 homilia
1866 2397 1978 2453 est,
2009 2389 2152 2456 quod
2179 2401 2286 2463 tam
2315 2390 2590 2463 proprium
2621 2389 3345 2463 sit’sanctorumimartyrum

85 2449 482 2530 Taurinensium
501 2498 516 2522 ,
557 2466 616 2510 ut
641 2466 763 2530 apte
793 2459 844 2511 in
889 2460 1030 2530 alios
1047 2461 1339 2530 plerosque
1368 2467 1633 2530 martyres
1662 2458 1854 2511 cadere
1881 2449 1990 2530 non
2018 2449 2174 2527 posse
2202 2449 2463 2530 videatur.
2501 2457 2632 2530 Cum
2664 2475 2828 2528 porro
2859 2461 3080 2530 insignis
3107 2463 3178 2516 sit
3192 2449 3346 2516 codi-

83 2523 594 2599 cum.ed_itorumq_ue
614 2595 625 2599 _
643 2523 725 2599 in_
745 2537 964 2582 auctore
1014 2523 1658 2599 Maximo—constituendo
1685 2523 2030 2599 constantia;'
2051 2528 2479 2599 nec_quidqn_am
2507 2529 2558 2599 in
2593 2523 2810 2583 homilia
2855 2531 2924 2584 sit
2952 2523 3097 2599 quod
3126 2546 3155 2584 a
3185 2532 3347 2588 ductu

83 2591 542 2667 arationissancti
577 2595 816 2667 ejusdem
853 2599 1106 2653 antistitis
1135 2599 1433 2667 discrepet,
1466 2597 1746 2666 pendenda
1781 2595 2031 2665 profecto-
2049 2591 2314 2667 nihili'est
2336 2591 2592 2652 editionis
2621 2613 2843 2666 operum
2878 2591 3049 2654 san'cti
3080 2600 3346 2656 Ambrosii

85 2655 387 2718 Parisiensis
416 2655 682 2732 primm'ac
705 2665 960 2720 Romane
988 2655 1619 2721 curatorum'auctoritas
1639 2709 1653 2732 ,
1685 2655 1802 2720 eam
1833 2675 2019 2721 sancto
2048 2666 2221 2720 eidem
2251 2667 2534 2722 Ambrosio
2563 2655 2963 2722 asciibentium.

86 2767 466 2845 Aacuucsruu.
493 2805 572 2845 7—-
602 2772 728 2826 Cum
771 2779 1075 2845 martyrium
1118 2779 1268 2830 totius
1304 2778 1374 2845 sit
1402 2785 1654 2828 anteacta:
1688 2780 1728 2837 Β
1758 2781 2069 2843 cooptatur;
2104 2774 2169 2827 de
2197 2789 2302 2841 qua
2329 2775 2458 2827 mihi
2489 2774 2698 2828 videtur
2726 2774 2976 2830 Salvator
3001 2775 3181 2830 dicere
3208 2794 3219 2828 :
3248 2775 3348 2840 Qui

146 2839 254 2892 vitae
280 2844 532 2911 perfectio
562 2852 612 2894 et
643 2860 857 2906 corona,
900 2839 1152 2898 universa:
1185 2847 1308 2914 legis
1344 2843 1655 2897 Christiana:

144 2920 336 2974 oportet
378 2921 657 2986 martyrem
696 2922 979 2986 amatorem
1017 2917 1394 2986 perfectumque
1426 2924 1656 2966 servato-

147 2993 246 3030 rem
273 2997 328 3032 se
369 2979 668 3054 prtebuisse.
719 2984 768 3054 A_
803 2979 1078 3037 sanctitate
1105 2979 1250 3054 ergo,
1275 2979 1482 3053 propter
1505 3000 1657 3052 quant

149 3058 398 3119 martyres
427 3051 654 3119 victoria:
683 3052 909 3119 palmam
942 3051 1254 3117 meruerunt,
1275 3051 1373 3105 eos
1396 3051 1656 3106 commen-

146 3117 230 3168 dat
257 3105 316 3172 ε’.
343 3118 544 3172 doctor.
583 3105 784 3174 Deinde
811 3105 992 3175 contra
1015 3105 1287 3176 avaritiam
1321 3123 1594 3184 declamat,
1628 3139 1658 3174 a

145 3202 236 3254 quo
261 3188 385 3241 vitio
414 3189 567 3258 pauci
597 3189 877 3244 admodum
916 3193 1176 3260 sapientes
1212 3209 1323 3245 sese
1355 3191 1655 3260 defendunt.

146 3294 399 3352 Sufﬁcere
411 3298 569 3352 nobis
581 3298 839 3354 deberent
855 3301 920 3355 ad
938 3300 1236 3371 profectum
1253 3301 1438 3356 salutis
1461 3308 1659 3354 nostra),

85 3394 366 3456 martyrum
393 3389 638 3457 exempla
666 3399 994 3454 sanctorum,
1011 3391 1103 3460 qui
1121 3400 1341 3460 propter
1362 3391 1660 3459 adipiscen-

86 3470 195 3525 dam
219 3476 496 3529 caelestem
513 3492 770 3530 coronam
793 3479 1041 3532 omnibus
1066 3495 1124 3533 se
1144 3479 1411 3533 mandatis
1430 3479 1660 3532 domini-

87 3562 154 3615 cis
178 3564 566 3629 subdiderunt;
592 3575 646 3618 et
673 3567 744 3619 ita
765 3569 971 3622 cunctis
991 3568 1349 3623 devinxerunt
1377 3584 1434 3622 se
1457 3569 1661 3636 legibus

87 3650 367 3708 Salvatoris
387 3696 402 3720 ,
447 3664 503 3708 ut
551 3666 772 3724 propter
798 3667 1099 3713 anteactam
1129 3661 1292 3713 vitam
1325 3668 1662 3714 mererentur

89 3741 145 3792 ad
166 3742 298 3797 hanc
320 3746 562 3814 martyrii
583 3746 805 3813 gloriam
829 3749 1132 3816 pervenire.
1164 3749 1278 3802 Non
1303 3752 1444 3802 enim
1477 3750 1568 3803 illo
1593 3751 1658 3803 'in

89 3840 317 3901 tempore
346 3841 554 3888 tantum
586 3836 925 3904 perfecerunt
956 3849 1277 3908 praeceptum
1301 3841 1529 3903 Domini,
1554 3856 1660 3908 quo

90 3920 426 3977 confessionis
455 3925 771 3992 supplicium
803 3929 1166 3996 pertulerunt;
1201 3929 1294 3983 sed
1325 3943 1541 3984 necesse
1579 3939 1660 3983 est

93 4009 202 4064 illos
221 4014 367 4081 prius
395 4015 690 4068 secundum
728 4016 1072 4082 Evangelium
1109 4020 1304 4072 vixisse
1333 4018 1530 4074 Christi
1555 4061 1569 4084 ,
1602 4029 1660 4072 ut

1761 2864 1875 2916 vult
1907 2864 2076 2916 venire
2102 2874 2216 2933 post
2242 2880 2353 2926 me,
2399 2865 2546 2917 tollat
2591 2882 2789 2918 crucem
2839 2882 2984 2919 suam
3023 2876 3071 2919 et
3108 2876 3348 2937 sequatur

1760 2970 1841 3005 me
1864 2952 2014 3022 (Luc.
2041 2953 2138 3022 ιχ).
2182 2951 2205 2988 Β
2254 2953 2501 3023 Nunquid
2528 2970 2715 3008 omnes
2742 2964 3024 3025 martyres,
3057 2958 3148 3025 qui
3177 2958 3349 3012 secuti

1763 3051 1887 3096 sunt
1915 3043 2220 3105 Dominum,
2251 3045 2491 3099 cruciﬁxi
2520 3053 2646 3099 sunt
2676 3045 2730 3098 1?
2761 3045 3010 3116 Nunquid
3032 3061 3221 3102 omnes
3251 3049 3345 3102 vir-

1761 3135 1942 3201 gines,
1975 3135 2066 3202 qui
2104 3133 2254 3201 juxta
2299 3136 2676 3207 Apocalypsim
2710 3136 2859 3206 (Cap.
2893 3139 3002 3207 κη’)
3051 3148 3350 3208 sequuntur

1763 3223 1970 3290 Agnum
2013 3223 2126 3288 Dei,
2161 3225 2400 3280 crucifixi
2445 3235 2587 3290 sunt,
2621 3235 2678 3281 ut
2725 3230 3055 3297 sequantur?
3101 3230 3349 3301 Nunquid

1763 3313 1958 3368 Paulus
1988 3315 2261 3383 apostolus
2301 3316 2588 3371 crucifixus
2617 3319 2806 3382 fuerat,
2841 3334 2960 3372 cum
2990 3319 3117 3373 dicit
3161 3339 3172 3372 :
3218 3321 3348 3375 Mihi

1763 3415 1932 3456 autem
1960 3405 2092 3458 absit
2126 3406 2358 3476 gloriari,
2390 3408 2489 3460 nisi
2528 3409 2582 3460 in
2618 3425 2764 3460 cruce
2794 3407 3003 3462 Domini
3039 3413 3201 3464 nostri
3225 3412 3348 3468 Jesu

1763 3495 1972 3560 Christi,
1996 3512 2087 3565 per
2107 3513 2254 3564 quem
2294 3499 2418 3550 mihi
2461 3500 2680 3552 mundus
2721 3502 3002 3570 cruciﬁxus
3037 3514 3142 3568 est,
3185 3516 3234 3558 et
3257 3525 3349 3576 ego

1763 3585 1952 3637 mundo
1983 3583 2124 3654 (Gal.
2154 3602 2202 3638 vi
2223 3628 2234 3650 ,
2266 3585 2332 3636 M
2353 3587 2410 3654 )?
2439 3586 2552 3640 Hoc
2581 3596 2760 3643 autem
2803 3589 2966 3655 dicit,
2997 3600 3056 3645 ut
3088 3593 3348 3664 intelligas

1762 3690 1972 3728 crucem
1997 3691 2100 3728 non
2132 3676 2257 3742 ligni
2279 3691 2394 3730 esse
2415 3678 2732 3745 patibulum,
2757 3678 2850 3733 sed
2880 3681 3002 3734 vita:
3033 3683 3348 3755 virtutisque

1763 3766 2115 3833 propositum.
2169 3765 2302 3819 Tota
2352 3766 2522 3833 igitur
2539 3769 2646 3821 vita
2678 3770 2966 3826 Christiani
3006 3773 3271 3841 hominis,
3303 3780 3346 3832 si

1762 3856 2056 3909 secundum
2101 3855 2446 3924 Evangelium
2474 3859 2651 3924 vivat,
2684 3876 2815 3914 crux
2843 3871 2922 3917 est
2953 3871 3114 3934 atque
3143 3880 3348 3942 marty—

1762 3945 1918 3996 rinm.
1953 3944 2058 3998 Sed
2101 3946 2205 4000 hoc
2233 3955 2346 4010 est,
2379 3949 2524 4016 quod
2555 3950 2605 4002 in
2638 3951 2792 4004 nobis
2816 3952 3032 4010 difﬁcile
3060 3962 3345 4027 reperitur,

1765 4041 1820 4084 ut
1848 4047 2034 4089 omnes
2056 4042 2205 4087 actus
2228 4037 2394 4089 nostri
2425 4039 2715 4091 secundum
2743 4039 3086 4109 Evangelinm
3115 4047 3348 4116 dirigan-

316 4104 654 4200 pasfionibus
676 4106 994 4200 POlil‘enlijr-
1019 4107 1245 4162 Necesse
1262 4118 1342 4162 est
1363 4107 1390 4148 ¹³
1413 4111 1574 4174 enim,
1601 4119 1656 4162 ιιί
1687 4138 1731 4199 C
1764 4129 1875 4184 tur;
1907 4131 2068 4190 atque
2097 4123 2246 4187 ideo,
2278 4125 2703 4195 quotiescunque
2735 4097 3095 4200 voluptatibus
3135 4097 3346 4193 voluta-

93 4185 228 4242 initia
248 4191 386 4245 bona
409 4192 638 4258 fuerint,
664 4210 890 4262 quorum
915 4194 1032 4250 finis
1055 4206 1136 4251 est
1155 4199 1389 4266 optimus
1412 4201 1658 4254 subsecu-

92 4283 198 4342 tus;
220 4287 273 4333 et
293 4290 556 4351 martyres
578 4297 672 4336 eos
694 4300 800 4337 non
821 4285 994 4338 solum
1012 4285 1172 4342 fuisse
1193 4304 1312 4342 cum
1341 4290 1482 4358 passi
1512 4299 1655 4355 sunt,

93 4364 239 4437 265
264 4369 356 4421 sed
375 4371 539 4422 etiam
564 4380 824 4441 martyres
844 4373 1041 4428 Christi
1067 4374 1230 4431 fuisse
1248 4393 1367 4432 cum
1393 4379 1654 4433 viverent.

95 4450 278 4524 Martyr
304 4460 446 4512 enim
495 4459 684 4514 Latine
733 4464 882 4516 tcstis
910 4465 1133 4528 dicitur;
1175 4465 1187 4503 ί
1224 4483 1287 4522 ac
1314 4471 1658 4536 quotiescun-

93 4554 186 4606 Que
213 4545 366 4599 bonis
393 4550 601 4602 actibus
629 4552 936 4606 mandatum
980 4554 1176 4609 Christi
1218 4557 1465 4620 facimus,
1499 4561 1658 4614 toties

94 4630 289 4689 Christo
319 4638 681 4692 testimonium
711 4642 1053 4710 perhibemus
1107 4644 1256 4701 Unde
1285 4657 1340 4702 et
1376 4666 1505 4704 crux
1549 4651 1656 4705 Do—

94 4722 210 4776 mini
238 4740 345 4779 non
394 4727 483 4780 illa
527 4737 732 4784 tantum
757 4729 954 4787 dicitur
977 4749 1096 4803 quae
1124 4738 1386 4806 passionis
1415 4748 1658 4810 tempore

95 4811 207 4881 ligni
249 4818 501 4874 aliixione
529 4824 886 4890 construitur,
936 4826 950 4875 i
989 4827 1084 4880 sed
1130 4837 1184 4882 et
1232 4830 1318 4884 illa
1348 4846 1466 4899 qum
1497 4835 1658 4887 totius

94 4906 202 4960 Vita:
245 4910 510 4964 curriculo
559 4920 872 4969 cunctarum
921 4915 1324 4986 disciplinarum
1373 4923 1658 4979 virtutibus

157 5051 180 5080 ⁸
216 5044 385 5101 Codd.
430 5045 709 5116 Urbevet.,
746 5047 994 5105 Casinen.
1028 5062 1082 5105 et
1113 5051 1390 5121 Latcran.,
1417 5058 1656 5112 adversus

92 5129 212 5166 eam.

157 5182 179 5217 δ
374 5182 584 5262 Casin.,
612 5189 844 5262 pgratlisi
862 5207 1078 5262 regnum
1110 5197 1348 5262 suscepit.

158 5263 177 5289 ε
219 5250 318 5307 Ute
387 5271 455 5309 ue
481 5250 688 5311 code.
715 5259 903 5314 Crucis
923 5250 984 5314 in
1020 5261 1154 5327 Jer.,
1182 5273 1238 5316 et
1255 5250 1427 5318 'etiam
1468 5266 1648 5320 Casin.

96 5322 207 5376 legit
231 5340 242 5372 :
470 5329 756 5376 frequenter
776 5329 1024 5376 obsessos-
1056 5340 1160 5376 om-

93 5320 335 5396 legitiuﬁ
354 5320 436 5377 his
467 5329 756 5396 frequenter
776 5329 1026 5394 obsessos,
1056 5320 1160 5386 etc.

153 5390 176 5426 δ
215 5389 597 5470 ριεηιμεςρᾳὰ.
629 5397 745 5464 cit.,
770 5389 1023 5470 subdatur
1045 5401 1098 5453 in
1129 5403 1377 5470 prmium.

156 5470 175 5534 ξ
214 5461 268 5534 l_n
297 5461 696 5534 coiisUrbevct.
722 5461 777 5520 et
804 5467 1008 5534 Casin.,
1038 5461 1203 5523 eos'in
1225 5473 1319 5526 hoc
1346 5478 1551 5527 stmulo.

156 5529 172 5566 τ
213 5531 380 5590 Codd.
410 5533 620 5608 Casin.,
654 5534 902 5608 Urbevet.
931 5529 1288 5607 et'Lateranq
1309 5544 1562 5608 possimus
1585 5545 1637 5596 in

95 5603 274 5678 (muro;
304 5611 352 5678 et
373 5603 506 5678 sicut
527 5621 642 5658 cum
663 5606 738 5678 eis
759 5607 958 5660 ossibus
979 5603 1282 5678 parentum,
1299 5603 1404 5667 etc.

117 5740 124 5745 θ
152 5681 173 5712 κ
209 5671 374 5745 Codd.
403 5671 652 5727 Urbevet.
675 5716 690 5737 ,
721 5671 1002 5742 Lateranf,
1036 5671 1290 5733 Vallicell.
1334 5697 1419 5735 six
1450 5691 1502 5736 et
1541 5683 1639 5736 Ca-

89 5742 203 5806 sin.,
230 5742 363 5808 quod
389 5745 497 5812 ipse
525 5754 771 5810 prccstare
811 5745 1066 5814 dignetur,
1109 5751 1192 5818 qui
1241 5751 1354 5803 vivit
1382 5761 1430 5804 et
1462 5764 1641 5823 regnat

1765 4227 1901 4274 mur,
1928 4228 2140 4267 crucem
2167 4212 2460 4269 Salvatoris
2489 4217 2798 4272 amittimus.
2825 4219 3068 4277 Christus
3097 4227 3238 4280 enim
3267 4239 3349 4285 cst

1765 4302 2000 4366 castitas,
2032 4318 2156 4372 pax,
2190 4304 2413 4366 veritas,
2467 4311 2843 4364 mansuetudo.
2890 4311 3170 4378 Quomodo
3218 4335 3348 4388 ergo

1765 4401 1944 4460 potest
1996 4394 2228 4447 castitati
2283 4396 2646 4451 testimonium
2694 4401 2979 4469 perhibere
3026 4415 3350 4478 corruptus?

1766 4481 1869 4533 Aut
1897 4482 2168 4548 quomodo
2199 4492 2382 4552 potest,
2404 4500 2589 4553 pacem
2621 4490 2930 4556 prcedicare,
2958 4495 3110 4564 cujus
3139 4501 3350 4554 animus

1764 4585 1976 4639 semper
2021 4572 2070 4624 in
2101 4573 2193 4626 lite
2222 4576 2341 4628 est?
2369 4574 2487 4640 Quo
2530 4587 2686 4646 pacto
2716 4582 2878 4635 etiam
2917 4587 3220 4655 veritatem,
3257 4605 3352 4646 aut

1766 4664 2224 4718 mansuetudinem
2270 4669 2498 4735 qualiter
2542 4673 2776 4726 servabit
2823 4675 3163 4734 inconstans?
3206 4682 3350 4749 Quo-

1765 4751 1946 4812 modo,
1972 4753 2209 4820 inquam,
2236 4771 2521 4824 possumus
2540 4761 2607 4813 ad
2637 4765 2877 4833 martyrii
2906 4767 3131 4832 gloriam
3163 4787 3349 4840 pervc-

1766 4841 1910 4902 nire.
1952 4859 2072 4896 cum
2113 4845 2257 4899 dicat
2302 4847 2558 4904 Dominus
2602 4869 2614 4903 :
2661 4851 2839 4906 Nolite
2865 4859 3128 4923 possidere
3167 4879 3349 4918 aurum

1767 4929 1978 5000 (Matth.
2010 4933 2093 5002 x).
2131 4945 2167 4970 ιη
2193 4935 2305 4990 Hoc
2346 4946 2524 4992 autem
2573 4941 2892 5000 habentibus
2929 4947 3089 5015 dicit;
3135 4953 3274 5010 unde
3305 4957 3348 5010 si

1762 5061 1814 5114 in
1844 5065 2033 5116 statuta
2061 5066 2383 5120 sazculorum.
2408 5069 2590 5125 Amen.

1835 5129 1860 5212 ξ
2049 5133 2286 5212 Martio”
2319 5136 2541 5212 Necesse
2562 5151 2657 5203 est,
2686 5145 2913 5212 inquam.

1839 5201 1852 5280 ξ
2046 5203 2260 5280 Martin.
2294 5222 2400 5280 non
2425 5209 2587 5280 habet
2616 5201 2932 5280 particulam
2962 5234 3040 5269 ac.

1831 5275 1846 5344 _t
1880 5270 2012 5344 Cod.
2040 5273 2256 5344 Martin.
2289 5276 2461 5344 rejicit
2487 5279 2596 5332 sed.

1713 5357 1736 5373 ι
1826 5339 2012 5465 C033.
2039 5341 2252 5398 Martin.
2279 5339 2637 5404 omittithanc
2659 5351 3136 5420 interrogationem
3159 5377 3172 5411 :
3195 5358 3344 5414 Nun-

1752 5427 1834 5465 σιω
1878 5453 1890 5465 .
1915 5427 1946 5465 e
2005 5451 2018 5464 .

1752 5427 1890 5479 quia,
1915 5427 2018 5465 etc.

1828 5478 1858 5517 ι·
1880 5480 2012 5535 Cod.
2045 5481 2223 5537 Casin.
2256 5500 2337 5548 Ill,
2369 5489 2604 5549 cruciﬁxi
2634 5498 2752 5542 sunt
2782 5505 2898 5542 cum
2932 5491 3153 5549 Domino
3173 5498 3199 5549 ?

1818 5560 1856 5586 ω
1886 5549 2021 5605 Cod.
2053 5552 2229 5607 Casin.
2257 5554 2406 5609 addit
2430 5575 2442 5609 :
2477 5549 2591 5611 Nos
2619 5560 2775 5612 etiam
2797 5562 2912 5611 astri
2940 5561 3134 5615 talenta
3157 5577 3340 5620 recon-

1748 5620 1932 5741 dimus.
1979 5619 2175 5680 Nolite.
2205 5623 2394 5693 inquit,
2424 5629 2686 5696 possidere
2729 5642 2933 5685 aurum.
2983 5619 3334 5697 Hoc—aurum,

1749 5705 1776 5741 ρ
1806 5707 1854 5741 c.

1749 5705 1854 5745 CIC.
