3910 6238
567 415 661 465 ιπι

1812 403 1867 457 S.
1909 400 2153 456 MAXIMI
2195 400 2647 457 TAURINENSIS
3753 397 3840 450 ιςξ

571 525 888 580 habentibus
910 539 1097 578 aurum
1121 520 1398 592 possidere
1414 517 1683 587 prohibet,
1711 529 1813 566 non
1840 513 2151 567 habentium
2184 517 2230 573 Α
2264 520 2287 548 ε
2318 512 2608 573 notionem,
2656 510 2788 563 nihil
2834 523 2899 563 ex
2948 523 3016 563 eo
3062 506 3397 578 proferentes
3443 507 3746 577 aliquando
3785 506 3840 558 ad

569 614 913 684 cupiditatem
939 623 965 651 ι
991 627 1110 681 qua:
1137 626 1296 680 pmna
1322 606 1675 663 condemnat?
1694 604 1817 657 Etsi
1832 605 1924 672 qui
1940 602 2156 672 propria

568 713 653 757 ret
676 713 804 757 nent
852 703 1099 757 amittere
1131 702 1415 769 jubentur,
1462 697 1535 750 illi
1564 696 1653 764 qui
1690 696 1863 749 aliena
1904 693 2160 762 diripiunt

570 812 731 864 quam
752 795 985 863 graviter
1007 792 1307 848 feriuntur?
1336 789 1475 843 Sunt
1496 790 1636 842 enim
1660 787 1918 856 plerique,
1946 785 2155 847 fratres,

571 887 661 954 qui
691 900 813 939 cum
835 884 1022 939 humili
1042 884 1163 938 loco
1193 881 1359 950 geniti
1386 879 1602 942 fuerint,
1632 884 1687 932 et
1714 876 1886 931 nullas
1915 891 1943 928 a
1968 889 2160 943 parcn-

577 977 716 1030 tibus
743 975 957 1029 divitias
976 972 1252 1027 consecuti
1272 980 1414 1033 sunt,
1440 977 1589 1022 tanta
1611 967 1847 1021 avaritiae
1869 964 2161 1033 cupiditate

571 1067 860 1135 jactautur,
893 1072 951 1119 ut
980 1071 1168 1134 putent
1196 1078 1253 1116 se
1281 1062 1397 1116 sine
1421 1073 1581 1114 causa
1619 1066 1805 1121 natos,
1840 1058 1942 1111 nisi
1972 1069 2160 1109 aurum

572 1171 790 1231 quoquo
818 1162 977 1224 pacto
1008 1151 1369 1222 possederint;
1416 1149 1788 1204 existimantes
1829 1147 1993 1207 enim,
2022 1144 2162 1198 sicut

574 1248 649 1300 ait
672 1248 933 1316 propheta
958 1245 1109 1313 (Sap.
1135 1243 1269 1308 xv),
1301 1241 1467 1294 vitam
1498 1238 1776 1292 hominum
1807 1234 2160 1303 compositam

574 1337 639 1389 ad
662 1336 890 1397 lucrum,
918 1349 1021 1387 non
1055 1332 1304 1385 dubitant
1327 1329 1702 1395 undecunque,
1728 1327 1889 1380 etiam
1907 1340 1971 1378 ex
1998 1324 2159 1385 malo,

576 1425 890 1493 acquirere;
921 1430 1081 1489 atque
1110 1419 1137 1457 ι)
1171 1421 1244 1472 ita
1275 1416 1579 1487 hujusmodi
1622 1414 1865 1469 homines
1884 1455 1897 1477 ,
1928 1412 2055 1465 dum
2084 1411 2166 1465 Iu-

575 1530 722 1569 crum
747 1512 860 1565 auri
883 1519 1146 1578 qurerunt,
1166 1509 1420 1561 damnum
1443 1505 1628 1559 salutis
1651 1502 1946 1557 inveniunt.
1967 1499 2167 1567 Requi-

576 1619 774 1665 ramus,
810 1602 1020 1661 fratres,
1045 1599 1208 1669 266
1245 1595 1669 1664 quotusquisque
1698 1599 1782 1646 est
1812 1592 1902 1661 qui
1930 1591 2034 1657 hoc
2058 1603 2167 1643 non

579 1696 650 1748 sit
679 1692 955 1762 imbutus?
986 1688 1148 1741 Pauci
1176 1685 1462 1739 admodum
1490 1683 1760 1751 sapientes
1781 1682 1847 1733 ab
1875 1681 1977 1732 hac
1998 1678 2168 1746 pesti-

579 1784 738 1836 lentia
762 1796 821 1833 se
849 1775 1159 1832 defendunt.
1184 1774 1241 1827 Si
1266 1774 1656 1840 negotiatorem
1682 1769 1917 1835 cogites;
1948 1773 2170 1835 propter

2261 618 2451 669 usum,
2504 617 2570 655 ne
2618 601 2828 670 apertio
2875 599 3200 653 latebrarum
3238 597 3310 651 sit
3353 611 3522 653 causa
3566 595 3836 666 prodendi.

2260 690 2487 745 Servant
2507 697 2685 744 autem
2709 687 2835 744 illud
2863 696 2917 742 et
2949 703 3056 742 non
3080 695 3319 751 utuntur,
3342 694 3591 749 servant,
3617 686 3838 753 uuluam;

2260 783 2508 837 custodes
2536 796 2664 850 ergo
2709 779 2937 835 dixerim
2983 779 3116 833 istos
3160 792 3310 839 esse.
3344 792 3453 831 non
3496 776 3770 837 dominos,
3795 783 3840 826 et

2262 874 2493 927 alienum
2538 871 2817 925 attendere
2856 869 3155 937 diligenter,
3189 882 3295 921 non
3342 864 3631 936 proprium
3661 875 3841 917 conve-

2262 961 2473 1015 nienter
2522 958 2847 1028 expendere.
2891 957 3027 1023 Quid
3065 969 3215 1023 ergo,
3247 953 3460 1019 fratres,
3504 951 3713 1023 putatis
3756 951 3839 1002 ha-

2263 1055 2391 1109 bere
2419 1066 2607 1105 aurum
2638 1065 2757 1105 esse
2790 1049 3036 1103 divitias?
3070 1046 3179 1115 Ego
3208 1045 3435 1100 dixerim
3470 1042 3716 1111 majores
3742 1053 3846 1094 esse

2262 1145 2475 1199 divitias
2512 1158 2702 1197 aurum
2739 1158 2846 1196 non
2891 1141 3090 1195 habere
3132 1138 3467 1208 :pretiosior
3513 1134 3667 1190 enim
3709 1145 3847 1186 utens

2272 1236 2290 1274 ί
2335 1235 2481 1303 ejus,
2531 1249 2651 1303 qua:
2680 1246 2867 1287 aurum
2908 1229 3134 1300 despicit
3177 1243 3337 1298 quam
3379 1240 3501 1295 qua:
3546 1236 3747 1278 aurum
3773 1234 3847 1273 τεο

2264 1325 2469 1393 quirit,
2536 1322 2769 1391 majores
2823 1321 2983 1391 plane
3034 1326 3159 1374 sunt
3216 1316 3415 1372 divitia:
3488 1330 3601 1369 non
3660 1312 3849 1367 habere

2267 1429 2478 1479 aurum,
2530 1414 2622 1467 sed
2671 1428 2861 1465 aurum
2912 1409 3231 1464 habentibus
3269 1407 3530 1462 eminere.
3581 1402 3693 1470 Qui
3720 1402 3848 1457 enim

2268 1505 2501 1575 propriis
2528 1501 2763 1556 abundat
2791 1501 2978 1564 bonis,
3017 1499 3196 1552 saeculi
3224 1498 3508 1551 thesauros
3535 1508 3651 1548 non
3680 1490 3847 1559 requi-

2269 1596 2370 1661 rit;
2402 1594 2543 1649 bona
2575 1602 2600 1639 8
2631 1592 2775 1645 enim
2820 1598 2945 1643 sunt
2983 1587 3220 1658 propria,
3251 1588 3527 1649 honestas,
3570 1580 3847 1641 sobrietas,

2271 1682 2665 1745 misericordia,
2697 1681 2916 1735 castitas
2950 1697 2963 1731 :
2994 1693 3114 1748 qua:
3141 1678 3282 1731 bona
3321 1675 3502 1729 omnia
3531 1686 3671 1727 auro
3695 1669 3851 1736 magis

2270 1780 2395 1825 sunt
2440 1772 2710 1839 pretiosa;
2762 1778 2821 1823 ut
2866 1768 3049 1824 sciatis
3088 1766 3181 1835 qui
3228 1766 3310 1820 his
3351 1764 3428 1818 ita
3456 1761 3487 1800 ιι
3520 1762 3714 1817 viliora
3740 1767 3864 1813 sunt.

576 1870 856 1925 avaritiam
886 1868 1089 1937 primus
1128 1865 1180 1917 in
1211 1863 1367 1931 culpa
1396 1871 1496 1915 est.
1535 1873 1555 1899 ο
1589 1859 1646 1913 Si
1676 1859 1921 1937 militiam
1962 1852 2168 1910 tantum
2201 1874 2247 1933 Β
2270 1862 2486 1916 metalla
2512 1880 2524 1914 ;
2550 1862 2663 1914 auri
2690 1860 2891 1914 talenta
2917 1860 3022 1913 emi
3043 1864 3269 1927 possunt
3292 1874 3304 1909 ;
3330 1854 3543 1923 ιιι-εειιῆ
3567 1867 3699 1907 ηδε,
3718 1866 3853 1905 cum-

576 1960 865 2029 respicias;
888 1934 1162 2024 cupiditas
1193 1960 1304 2007 tota
1328 1960 1409 2005 est
1432 1952 1505 2003 illi
1529 1965 1689 2005 causa
1722 1934 1925 2001 militia:
1976 1946 2033 2000 Si
2060 1945 2173 2001 0Πί-

577 2052 662 2106 cia
690 2049 893 2116 singula
927 2044 1299 2116 perscruteris,
1331 2041 1571 2095 invenies
1597 2039 1845 2093 homines
1874 2053 1982 2091 non
2003 2037 2175 2090 hone-

579 2149 725 2195 state
766 2137 958 2192 adduci
998 2134 1065 2189 ad
1090 2133 1427 2201 obsequium,
1460 2131 1555 2185 sed
1585 2128 1763 2200 przeda
1796 2129 1963 2183 veluti
1986 2127 2052 2181 ad
2080 2142 2175 2182 ne-

580 2232 786 2299 gotium
818 2220 1119 2300 provoCari.
1164 2225 1363 2279 Omnes
1405 2224 1565 2291 igitur
1594 2236 1731 2290 pene
1774 2220 1935 2274 lucris
1976 2234 2038 2273 ac
2077 2233 2172 2272 ne-

581 2324 741 2391 gotiis
770 2320 1019 2381 student;
1051 2329 1107 2371 et
1146 2332 1267 2371 cum
1304 2316 1478 2384 primo
1519 2320 1743 2378 surgunt
1769 2310 2021 2373 diluculo,
2067 2325 2173 2363 non

580 2414 819 2479 cogitant
850 2409 949 2462 nisi
983 2416 1038 2461 ut
1067 2404 1265 2473 aliquid
1289 2404 1643 2471 undecunque
1675 2402 1988 2468 percipiant.
2020 2398 2176 2462 Quoo

580 2504 623 2556 si
658 2511 751 2554 aut
797 2500 1052 2553 houcslas
1081 2495 1405 2554 convicerit,
1459 2502 1550 2545 aut
1590 2491 1848 2544 retuderit
1889 2489 2177 2555 judicantis

580 2593 891 2654 auctoritas,
924 2603 1044 2642 cum
1070 2602 1158 2641 res
1192 2587 1395 2639 alienas
1422 2584 1691 2651 diripiant,
1733 2584 1987 2634 damnum
2013 2594 2071 2633 se
2102 2578 2176 2631 fe-

580 2685 717 2738 cisse
764 2687 1082 2749 queruutur.
1132 2675 1259 2729 Sine
1305 2690 1485 2738 causa,
1534 2673 1812 2740 inquiunt,
1864 2669 2171 2731 militamus,

580 2778 697 2830 sine
746 2787 908 2827 causa
960 2770 1294 2832 laboramus;
1345 2767 1503 2821 hodie
1550 2766 1767 2819 domum
1808 2760 2007 2815 referre
2048 2760 2174 2812 nihil

582 2864 753 2935 potui,
787 2861 1040 2929 iniquitas
1068 2858 1261 2927 judicis
1282 2856 1424 2910 male
1453 2870 1539 2909 me
1576 2853 1750 2907 facere
1778 2868 1883 2903 non
1912 2850 2170 2919 permisit.

582 2957 820 3012 Cunctos
850 2953 1011 3022 igitur
1040 2965 1177 3021 pene
1206 2948 1452 3002 homines
1480 2946 1647 3012 agitat
1676 2943 1929 3003 avaritia,
1968 2940 2175 2994 nullum

584 3048 758 3100 dehis
783 3044 1026 3114 quietum
1056 3056 1175 3095 esse
1212 3038 1492 3108 permittit.
1525 3036 1591 3089 Hi
1614 3035 1757 3089 enim
1799 3032 1893 3100 qui
1919 3031 2048 3085 nihil
2078 3031 2175 3084 ha-

585 3141 717 3194 bent
760 3135 1055 3205 cupiditate
1097 3138 1446 3200 torquentur;
1498 3128 1572 3182 illi
1613 3127 1706 3195 qui
1745 3125 1957 3179 divitias
2002 3124 2176 3194 possi-

2274 1952 2452 2021 parari
2473 1960 2724 2021 possunt;
2747 1951 3002 2004 honestas
3024 1947 3168 2002 enim
3194 1962 3301 2001 non
3320 1946 3537 2010 emitur,
3560 1942 3657 1998 sed
3682 1940 3849 2008 acqui-

2274 2042 2437 2106 ritur;
2468 2042 2595 2109 quia
2617 2056 2725 2094 non
2752 2047 2965 2095 constat
2987 2038 3181 2107 pretio,
3209 2036 3304 2092 sed
3326 2036 3543 2089 virtute.
3574 2032 3659 2086 Tu
3684 2030 3850 2098 igitur,

2273 2134 2364 2201 qui
2396 2147 2586 2186 aurum
2615 2130 2880 2201 possides,
2902 2130 2946 2184 si
2974 2129 3172 2198 placet,
3194 2127 3333 2181 bona
3362 2124 3595 2178 invicem
3623 2118 3852 2175 conlera-

2275 2239 2412 2275 mus.
2440 2221 2518 2274 Tu
2540 2236 2661 2275 cum
2684 2232 2909 2289 peregre
2929 2216 3299 2295 proﬁcisceris,
3325 2212 3560 2267 thesauri
3586 2210 3666 2263 tui
3689 2221 3853 2261 neces-

2275 2316 2418 2370 sario
2443 2315 2598 2384 267
2621 2313 2768 2367 domi
2788 2318 3086 2373 remanent,
3113 2309 3309 2377 quibus
3328 2306 3488 2372 longe
3514 2319 3544 2356 a
3570 2311 3622 2357 te
3648 2298 3847 2370 positis,

2274 2422 2490 2476 semper
2520 2404 2777 2474 trepidus,
2809 2417 3022 2470 semper
3046 2402 3282 2454 incertus
3302 2412 3379 2459 es,
3404 2411 3471 2449 ne
3494 2410 3618 2449 cum
3645 2392 3847 2446 domum

2276 2498 2519 2563 redieris,
2550 2512 2657 2549 non
2687 2495 2888 2548 habeas
2916 2491 3058 2560 quod
3104 2489 3357 2543 habebas.
3392 2478 3469 2539 Ita
3500 2486 3627 2538 dum
3659 2492 3855 2547 semper

2277 2587 2621 2641 amissionem
2660 2599 2848 2639 ecfum
2877 2580 3093 2644 metuis,
3125 2576 3268 2647 apud
3307 2574 3696 2631 conscientiam
3726 2575 3850 2621 tuam

2279 2680 2449 2732 nudus
2495 2684 2549 2730 et
2592 2689 2802 2744 pauper
2844 2687 2921 2727 es.
2966 2669 3078 2737 Ego
3123 2676 3301 2721 autem
3348 2676 3679 2733 quocunque
3723 2660 3849 2713 iero.

2277 2782 2411 2823 mea:
2437 2766 2635 2820 divitia:
2662 2778 2750 2818 me
2794 2769 3108 2831 sequuntur,
3141 2772 3241 2812 nec
3283 2754 3527 2824 separari
3573 2758 3796 2822 possunt
3820 2762 3843 2797 a

2279 2874 2365 2913 me
2394 2860 2557 2921 bona,
2588 2854 2845 2924 quoniam
2874 2869 2981 2907 non
3010 2860 3227 2905 terreno
3274 2862 3468 2917 specu,
3517 2843 3610 2898 sed
3641 2835 3855 2911 pectoris

2283 2951 2538 3003 thesauro
2568 2946 2887 3000 retinentur.
2921 2942 3000 2995 Tu
3027 2942 3187 3011 268
3206 2953 3327 2993 cum
3358 2934 3565 2990 recedis
3604 2947 3635 2985 a
3679 2926 3853 2983 saeculo

2279 3034 2651 3105 relinquendo,
2676 3042 2797 3088 tuas
2816 3032 3028 3086 divitias
3055 3026 3362 3099 perdidisti;
3388 3038 3489 3092 ego
3520 3030 3721 3080 autem,
3749 3028 3853 3070 cum

2278 3127 2409 3181 mihi
2431 3125 2497 3180 de
2520 3126 2624 3179 hoc
2656 3123 2670 3161 ί
2699 3122 2899 3177 mundo
2921 3120 3152 3187 migrare
3174 3115 3455 3181 contingit,
3484 3110 3701 3166 divitias
3727 3115 3853 3159 meas

585 3231 716 3285 dent
764 3203 1126 3281 sollicitudine
1164 3222 1501 3284 cruciantur;
1540 3233 1641 3272 nec
1680 3217 1808 3287 ipsis
1845 3214 1871 3253 ἀ
1910 3216 2049 3270 bene
2096 3222 2179 3268 est
2205 3228 2251 3290 ρ
2282 3230 2494 3270 mecum
2512 3212 2578 3267 ad
2600 3210 2903 3283 paradisum
2926 3210 3227 3272 veho;tuas
3241 3203 3457 3259 divitias
3479 3209 3600 3270 post
3623 3206 3851 3252 mortem.

582 3320 671 3388 qui
704 3316 982 3372 recondito
1021 3328 1154 3367 auro
1191 3310 1446 3365 incubant
1467 3348 1482 3372 ,
1520 3309 1629 3361 imo
1660 3306 1791 3375 ipsis
1818 3312 1902 3359 est
1940 3304 2173 3371 gravius.

583 3410 808 3479 Semper
832 3406 975 3461 enim
1004 3410 1130 3459 sunt
1158 3402 1319 3465 anxii,
1363 3399 1560 3461 incesti,
1590 3396 1801 3451 solliciti
1833 3410 1900 3449 ne
1931 3396 2035 3449 hoc
2064 3410 2175 3448 ser-

587 3516 682 3557 vus
710 3501 948 3562 auferat,
991 3514 1060 3552 ne
1099 3497 1183 3551 fur
1228 3494 1475 3558 etiodiat;
1504 3500 1667 3561 atque
1694 3491 1817 3545 ideo
1839 3489 2179 3545 retrudentes

588 3595 715 3651 illud
748 3593 985 3649 tenebris
1012 3592 1083 3645 ita
1113 3587 1471 3652 abscondunt,
1496 3593 1553 3638 ut
1573 3584 1811 3637 omnium
1832 3581 2185 3663 subterfugiat

660 3719 683 3745 ⁸
712 3708 847 3763 ϐοά.
878 3706 1057 3761 Casin.
1089 3719 1167 3769 ιιι,
1197 3717 1295 3772 qua
1326 3715 1474 3772 paena
1509 3694 1855 3759 condemnat?
1932 3686 1945 3733 ἶ

665 3778 691 3816 ι’
718 3778 852 3832 ϐοά.
887 3774 1100 3829 Martin.
1133 3771 1335 3825 omittit
1360 3771 1454 3823 ita.

664 3859 685 3886 ε
717 3847 847 3902 ϐοά.
880 3844 1115 3905 Martiu.,
1141 3841 1201 3895 Si
1224 3841 1525 3901 militantes,
1550 3835 1744 3905 deinde
1765 3844 1840 3888 est
1868 3834 1973 3888 illis
1995 3848 2172 3886 causa.

660 3916 683 3953 ι’
716 3914 848 3971 ϐοά.
877 3914 1083 3975 Casin.,
1110 3926 1202 3963 nec
1224 3911 1353 3978 ipsis
1381 3909 1519 3961 enim
1548 3904 1691 3978 bene.

641 3998 686 4022 ὐ
716 3984 850 4040 ϐοά.
887 3973 1120 4042 Martin.,
1165 3973 1503 4047 militet-fugiat
1547 3976 1815 4039 notitiam,
1866 3973 1998 4027 nihil
2040 3973 2180 4026 enim

582 4073 657 4110 ἐκ
686 4070 764 4110 80.

2282 3305 2533 3375 exemplo
2570 3303 2710 3357 illius
2733 3300 3011 3371 purpurati
3035 3298 3232 3362 divitis,
3250 3294 3385 3363 ignis
3408 3300 3465 3347 et
3489 3291 3725 3346 tenebra:
3743 3285 3849 3340 sub-

2284 3404 2617 3466 sequentur;
2664 3407 2813 3448 meas
2862 3389 3106 3455 divitias,
3157 3384 3407 3455 exemplo
3462 3381 3683 3441 Lazari,
3730 3377 3853 3431 sinu!

2290 3488 2515 3545 Abrahae
2549 3494 2603 3541 et
2629 3481 2907 3541 beatitudo
2934 3479 3210 3550 suscipiet.

2370 3691 2386 3729 ί
2422 3690 2554 3747 ϐοά.
2588 3688 2825 3751 Martin.,
2856 3685 3131 3755 pretiosior
3149 3682 3287 3737 enim
3316 3696 3457 3733 mens
3487 3691 3585 3744 est,
3615 3692 3734 3747 qua,
3763 3681 3849 3726 etc.

2359 3770 2385 3808 α
2414 3760 2548 3816 ϐοά.
2580 3759 2793 3812 Martin.
2827 3754 3026 3811 omittit
3052 3754 3208 3807 enim.

2361 3829 2383 3866 ¹¹
2415 3829 2549 3885 ϐοά.
2582 3827 2820 3891 Martin.,
2846 3824 3059 3879 meliora
3084 3820 3415 3892 proviliora.

2361 3901 2377 3938 ί
2410 3898 2544 3954 ϐοά.
2576 3896 2785 3951 Martin.
2809 3885 3015 3951 omittit
3036 3885 3260 3953 mitndo;
3283 3888 3485 3944 omittit
3504 3885 3669 3940 etiam
3689 3889 3850 3937 vocem

2281 3986 2423 4024 mea:
2430 4009 2443 4022 .

606 4135 3818 4188 __________________.______________________—————

1539 4211 2160 4322 CLASSIS
2246 4203 2951 4335 QUARTA.

1408 4383 2033 4469 HOMILUE
2108 4382 2287 4464 DE
2356 4372 3068 4462 DIVERSIS.

2077 4553 2386 4567 ﬂ

1858 4657 2203 4718 HOMILIA
2248 4654 2601 4716 LXXXIII.

1902 4758 1979 4812 De
2018 4758 2293 4811 traditione
2326 4754 2585 4827 'Symboli.

2048 4840 2434 4899 ADMONI'I'IO.

673 4952 934 5009 Praeclare
958 4947 1209 5003 meritum
1237 4942 1304 4996 de
1325 4940 1562 4995 Ecclesia
1586 4936 1951 5009 jamdiximus
1978 4932 2559 5009 sanctum._Maitimum,
2583 4932 2734 5009 quod
2763 4930 3020 5009 imprimis
3048 4943 3155 4983 non
3183 4934 3577 5009 voectant‘um,
3600 4925 3692 4979 sed
3709 4921 3841 5009 etiam

598 4990 1211 5094 suis__puriora
1250 4990 1976 5094 sanctioraqueLChrlistianm.
2021 5005 2293 5072 religionis
2333 4990 2853 5094 dogmata’Sdidet-it'
2884 5014 2948 5053 ac
2992 4996 3397 5094 piopagaveritz
3440 4995 3642 5049 Prmter
3685 4990 3843 5094 multa.

1611 5092 1622 5094 -
1791 5092 1804 5094 -
1857 5084 1873 5094 .
2022 5081 2329 5094 -_--_-__.--
2367 5086 2606 5094 --__.M
2649 5080 2882 5094 -.-_--_.-
2914 5083 3026 5094 η...
3065 5080 3354 5094 “MM”
3386 5079 3437 5094 ,Α
3489 5078 3649 5094 mm...
3766 5073 3842 5094 Μ,

598 5060 1579 5149 ὲὲιιῖοῆοξὲῖιῖέ
1603 5060 1894 5149 abundant,
1920 5076 1991 5129 sit
2018 5060 2351 5149 argumenti;
2362 5060 2885 5149 commendatissima
2914 5060 3141 5149 symbol}
3167 5060 3456 5133 expositio,
3488 5060 3740 5149 qupmus.
3758 5073 3842 5138 au-

596 5136 1207 5220 ἷπῖἱιέἷέῖίὸιιὶίιίά
1231 5136 1508 5220 sapienter
1525 5156 1685 5220 atque
1713 5136 2291 5220 εξιοςειιιιοιχριτίξδιίιίιι
2313 5140 2654 5220 Enumeratis
2682 5141 2914 5220 primum
2940 5136 3392 5220 codicibusntnssn

3419 5128 3521 5200 qui
3542 5133 3610 5185 de
3642 5128 3844 5200 Maximo

903 5192 930 5211 ..
985 5192 1017 5210 ..
1231 5192 1289 5206 ο..
1330 5192 1491 5204 Nm...
1526 5192 1579 5200 _-
1622 5192 1684 5199 ρ-
1716 5192 1793 5200 ν--
1832 5192 1975 5198 _-----
2456 5192 2463 5193 ,
2500 5192 2535 5193 η
2638 5192 2647 5193 ,
2724 5192 2763 5193 κν
2836 5192 2841 5193 ,

783 5192 1250 5289 ltilicmiuiitfvariam
1282 5192 1419 5289 tituli
1449 5192 1849 5289 inscriptionem
1876 5192 2955 5289 proferemus._lgitur_e‘odices:y_'aticani
2984 5214 3093 5259 tres
3117 5202 3173 5257 S.
3202 5192 3419 5289 Ma’xjmi
3438 5192 3658 5289 pomeri
3686 5192 3843 5289 pref:

606 5257 763 5289 liuent
793 5257 1013 5289 laUIUIu,
1054 5257 1250 5279 ναιιαιιι
1283 5257 1419 5273 ..ιω-ι
1449 5257 1849 5284 ...σω-μωκωη
1878 5257 2046 5283 rw.--
2062 5257 2168 5266 νη--

596 5311 747 5366 runt,
779 5312 971 5366 nempe
998 5295 1133 5348 1278
1153 5306 1277 5366 pag.
1314 5284 1608 5366 ηρἔλϐιίβὲ
1633 5282 1870 5365 pag._78,
1902 5282 2082 5366 vatio.
2106 5279 2168 5334 Pa

2684 5257 2811 5339 δεῖ
2819 5257 3181 5366 ἷᾶ-ῥι-ξιυξθι-ςέ
3208 5270 3439 5366 codices)
3446 5257 3839 5366 yovprieii‘s'ijf

600 5387 727 5443 pas.
759 5368 882 5443 ξω,

1512 5331 1802 5430 Χάδῖέιῗέὶέ
1822 5331 1929 5430 nix,
1951 5331 2372 5430 ᾗξιίἰερόἧὲᾖέῖέ
2393 5331 2580 5430 sancti
2605 5331 2941 5427 Εωιιιιθιθιιιξ
2955 5357 3077 5430 pag.
3103 5340 3191 5430 ᾳ,
3222 5337 3531 5430 natande'm
3562 5331 3842 5430 Laurenti:

601 5360 882 5443 pagf240,
904 5360 1194 5421 Brixiensi‘s
1217 5374 1341 5430 pag.
1370 5360 1494 5421 210,
1521 5360 1802 5421 Augiensis
1822 5369 1929 5417 xw,
1963 5360 2367 5421 ﬂatisponenSis
2393 5360 2580 5402 sancti
2605 5360 2928 5401 Emmerami

601 5459 706 5497 nus
728 5458 742 5496 ι
772 5438 913 5506 Plut.
938 5452 1025 5506 xiv
1053 5448 1176 5506 pag.
1202 5429 1322 5483 M5.
1349 5427 1534 5506 Nullus
1560 5424 1697 5506 alius
1723 5423 2032 5506 mss-liber,
2058 5428 2151 5506 aut
2178 5415 2996 5506 codex}.nobis‘occqrritkq‘qi“

3000 5398 3102 5467 aito
3122 5398 3395 5464 homiliam
3418 5408 3527 5461 alio
3547 5408 3647 5462 sub
3668 5398 3845 5459 nomine

598 5474 1389 5568 3géiai."§éa"dm"§ii:ixé
1399 5474 1947 5568 iii—codicibusviileo
1964 5474 2112 5568 tituli
2140 5490 2485 5568 varietatem.
2508 5485 2781 5568 Inncodipe
2802 5474 3197 5568 'Ratisponensi'
3221 5479 3303 5560 his
3334 5478 3483 5559 notis
3498 5474 3839 5568 Iexprimitur:

606 5579 840 5637 Hamilia
869 5574 1035 5628 sancti

604 5632 787 5711 tiam;
818 5645 1117 5699 breviorem
1145 5640 1306 5711 habet
1341 5635 1519 5711 codeg
1542 5632 1851 5711 @ugieusis,
1900 5645 2092 5711 nempe
2126 5648 2138 5681 :

606 5688 1458 5788 ﬁdem;
1484 5688 1654 5788 Itala}:
1686 5710 1743 5755 et
1777 5688 2134 5788 novariedsis‘.
2176 5695 2546 5788 1ϐοάοιιλιιιμθςΣ
2562 5690 3095 5788 ἱίᾳῑίοιεηιιὲἐιόἓψε
3140 5688 3218 5788 ρο

1124 5544 1382 5624 ἔξἶωῖἶῖ
1400 5544 1691 5619 tradilione
1711 5544 1968 5632 igniculi,
2001 5561 2063 5620 de
2090 5560 2407 5632 expositione
2434 5554 2873 5632 ελιιιςάεινριιε.Ιάιαξιιι⁵
2891 5544 3076 5632 titulus
3095 5549 3296 5632 ⁸ςξξὶδιὶῐ.
3334 5548 3386 5599 in
3412 5544 3623 5632 codice

2187 5607 2423 5681 Honiilii'a
2443 5607 2623 5678 iuncti
2652 5607 2873 5676 Maximi
2902 5624 2956 5675 in
2989 5620 3265 5674 traditione
3291 5615 3542 5687 symboli;
3574 5625 3630 5669 et
3655 5607 3841 5687 similer

3362 5676 3588 5739 mitione
3624 5676 3810 5752 symlfoli
3828 5686 3837 5716 -“

600 5745 1945 5846 Ξῖιζῒ).
1957 5745 2748 5823 ’ξέὶνίῖίυιῆξ*οτοῆάῆίίξῖτίιῑὶωιιί
2784 5760 2939 5820 1278,
2970 5760 3179 5814 scilicet
3208 5771 3221 5808 :
3248 5745 3476 5809 Sabbato
3507 5766 3632 5807 ante
3652 5745 3835 5805 I’almas
