3910 6238
592 271 696 325 455

1832 283 1887 338 S.
1930 283 2143 339 MAXIM

2248 285 2660 345 'AURINENSIS
3755 300 3828 356 Exi

585 387 811 441 consilio
858 387 1058 443 idcirco
1104 392 1338 460 suscepit
1379 392 1668 456 hominem,
1704 406 1761 450 ut
1804 414 1901 465 pro
1947 398 2164 451 homine
2195 403 2239 458 Α
2269 404 2643 469 resurrexisse,
2674 398 2739 459 ad
2769 407 2918 475 cujus
2946 416 3269 478 prmceptum
3290 410 3357 466 de
3386 412 3595 467 tumulo
3620 416 3827 483 sepultus

583 487 768 548 posset
795 478 981 533 occidi.
1010 479 1338 551 Supplicium
1369 493 1547 538 autem
1581 488 1755 540 crucis
1786 488 1968 556 elegit,
2000 497 2059 541 ut
2086 504 2176 542 su-

582 567 883 622 blimiorem
922 568 1198 623 victoriam
1249 580 1463 641 pareret
1506 588 1667 643 pmna
1697 575 1960 641 deterior;
1994 586 2047 631 et
2081 578 2173 645 qui

584 658 614 693 α
638 656 1003 712 universitatis
1045 659 1190 714 bono
1230 662 1554 730 patiebatur,
1587 666 1742 734 quasi
1771 665 1836 719 -in
1883 677 2173 736 conspectu

580 749 767 804 mundi
793 751 847 805 in
875 749 1042 804 altum
1064 750 1090 791 δ
1114 753 1423 808 sublevatos
1440 757 1602 825 .271
1631 756 1992 822 occumberet,
2016 758 2173 812 simul

581 851 642 898 ut
670 846 763 914 qui
789 843 1102 900 cruciﬁxum
1128 844 1400 908 videbant,
1431 846 1695 901 mirabilia
1726 858 2013 903 cernerent
2050 864 2172 903 cru-

578 934 744 989 cillxi.
774 934 908 989 Nam
944 936 1077 989 satis
1112 935 1431 1003 abundeque
1454 925 1677 1002 gloriam
1709 938 1961 1006 patientis
1989 947 2172 994 osten-

577 1026 713 1081 dunt
752 1027 1033 1097 repentina
1080 1027 1212 1082 solis
1266 1028 1583 1090 obscuritas,
1632 1035 1836 1082 tremor
1883 1036 2164 1094 terrarum,

576 1132 830 1172 saxorum
860 1118 1076 1185 divisio,
1105 1118 1427 1172 resurrectio
1458 1126 1808 1174 mortuorum.
1836 1118 1966 1172 lllud
1989 1128 2167 1173 autem

574 1209 762 1277 quanti
803 1218 885 1263 est
914 1208 1226 1274 testimonii,
1271 1208 1415 1277 quod
1452 1209 1612 1261 etiam
1653 1208 1857 1276 pariter
1883 1208 2167 1265 cruciﬁxus

574 1299 715 1352 latro
741 1298 1057 1353 memoriam
1085 1298 1167 1352 sui
1198 1298 1251 1351 in
1280 1298 1484 1351 cmlesti
1514 1311 1682 1365 regno
1712 1295 1826 1352 ﬁeri
1855 1314 1884 1352 a
1915 1308 2165 1354 consorte

573 1389 817 1459 supplicii
849 1390 1203 1459 precabatur?
1233 1387 1367 1442 Hinc
1410 1396 1512 1452 est,
1556 1389 1837 1455 carissimi,
1866 1389 2010 1458 quod
2039 1390 2162 1443 illu-

569 1473 754 1533 siones
781 1487 836 1533 et
862 1479 1057 1548 probra
1092 1493 1211 1545 qua:
1238 1478 1456 1546 pertulit
1490 1476 1752 1539 Christus,
1780 1493 1990 1532 crucem
2017 1494 2163 1533 mor-

569 1579 785 1639 temque
822 1568 937 1636 ejus
977 1583 1084 1633 non
1130 1568 1370 1637 suspiriis
1413 1567 1831 1635 ingemiscimus,
1861 1568 1954 1623 sed
1982 1570 2158 1623 conti-

568 1660 689 1715 nuis
729 1659 971 1713 laudibus
1008 1658 1362 1712 celebramus.
1394 1658 1649 1727 Sepultus
1676 1668 1761 1713 est
1796 1667 1997 1727 autem,
2033 1661 2157 1729 quia

2276 495 2527 547 emersit?
2553 496 2806 550 Ascendit
2847 500 2901 551 in
2948 499 3162 553 cmlum.
3214 500 3467 567 Decebat,
3500 503 3706 566 fratres,
3736 506 3829 557 talis

2274 581 2443 648 gloria
2472 583 2741 640 hominem
2767 587 2857 654 qui
2892 587 2958 641 de
2988 588 3190 655 virgine
3216 591 3570 657 nascebatur;
3610 608 3710 647 nec
3749 596 3827 646 im-

2274 671 2526 739 possibile
2557 675 2607 727 ei
2634 673 2732 728 fuit
2760 676 2954 729 coelum
2988 678 3300 742 ascendere,
3335 681 3420 733 cui
3457 681 3713 749 possibile
3752 683 3829 734 fuit

2274 759 2473 815 inferos
2517 764 2868 833 triumphare.
2908 764 2974 819 Et
3007 781 3227 821 necesse
3254 776 3371 822 erat
3400 777 3461 822 ut
3488 771 3579 837 qui
3615 770 3681 824 ad
3706 788 3826 825 mor-

2273 857 2379 904 tem
2409 850 2475 905 de
2502 865 2668 919 regno
2715 862 2957 919 venerat,
2990 863 3111 922 post
3140 864 3367 910 mortem
3417 856 3622 922 rediret
3665 858 3727 911 ad
3760 874 3826 911 re-

2269 956 2450 1010 gnum.
2482 942 2605 997 Fuit
2627 944 2678 997 in
2709 944 2831 1007 hoc,
2872 946 3154 1013 carissimi,
3183 947 3435 1003 salutaris
3463 960 3519 1005 et
3556 951 3828 1019 incompre-

2269 1032 2437 1086 hensa
2496 1033 2766 1087 mentibus
2810 1034 3057 1089 humanis
3113 1035 3250 1089 inter
3303 1038 3499 1091 omlum
3551 1047 3828 1107 terramque

2268 1124 2575 1176 communio
2610 1141 2621 1174 :
2654 1120 2678 1159 ἀ
2704 1132 2758 1177 et
2786 1123 2922 1177 sicut
2950 1133 3092 1179 terra
3123 1125 3218 1180 Dei
3246 1125 3438 1180 Filium
3470 1143 3532 1182 se
3560 1127 3829 1197 suscepisse

2268 1210 2443 1263 lmtata
2489 1220 2590 1275 est,
2632 1211 2705 1264 ita
2747 1213 2941 1266 malum
2982 1212 3173 1267 Filium
3218 1215 3451 1269 hominis
3490 1233 3552 1272 se
3583 1218 3828 1286 accepisse

2266 1300 2541 1367 gauderet,
2573 1310 2631 1353 ut
2658 1311 2930 1355 cantatum
2962 1311 3062 1377 est.
3074 1319 3169 1371 per
3196 1306 3516 1373 prophetam
3549 1324 3563 1358 :
3591 1306 3827 1360 ιωιειιηιν

2263 1391 2372 1443 caeli
2402 1400 2451 1443 et
2483 1390 2701 1443 exsultet
2731 1400 2867 1444 terra
2890 1390 3061 1461 (Psal.
3102 1392 3243 1461 xcv).
3285 1392 3418 1447 Nam
3448 1396 3591 1449 sicut
3628 1394 3825 1448 manife-

2261 1486 2401 1532 stum
2432 1487 2513 1533 est
2542 1480 3038 1534 terram‘exsultare
3066 1483 3223 1551 272
3248 1481 3315 1535 de
3351 1482 3481 1546 Deo,
3526 1485 3601 1537 ita
3630 1483 3824 1537 dubium

2260 1583 2368 1621 non
2397 1576 2479 1621 est
2521 1569 2714 1623 cmlum
2743 1568 2977 1635 gaudere
3014 1570 3081 1623 de
3110 1570 3343 1624 homine.
3375 1570 3542 1626 Sedet
3568 1573 3637 1626 ad
3663 1572 3824 1626 dexte-

2258 1673 2374 1711 ram
2421 1659 2614 1713 Patris.
2659 1658 2812 1725 Quod
2857 1660 3010 1714 sedet
3050 1659 3316 1727 Christus,
3351 1670 3374 1697 ε
3408 1662 3632 1716 victoris
3656 1676 3824 1714 munus

565 1763 902 1816 consequens
927 1757 1045 1802 erat
1073 1756 1129 1802 ut
1152 1749 1241 1816 qui
1285 1757 1526 1803 mortuus
1561 1748 1733 1803 fuerat
1771 1752 2039 1819 acciperet
2073 1767 2157 1805 se—
2188 1746 2235 1805 B
2260 1756 2343 1802 est
2367 1767 2378 1801 :
2405 1749 2548 1818 quod
2577 1749 2641 1802 ad
2679 1749 2955 1804 dexteram
3000 1748 3173 1804 Patris
3220 1751 3389 1814 sedet,
3438 1750 3733 1804 Divinitatis
3759 1762 3823 1804 est

563 1840 851 1911 pulturam.
880 1837 1134 1908 Sepultus
1159 1848 1242 1893 est
1269 1838 1524 1894 Dominus
1553 1848 1612 1893 ut
1634 1840 1702 1894 ad
1730 1842 2150 1897 consolationem

561 1929 896 1999 sepultorum
924 1928 1354 1982 benedictionem
1393 1931 1635 1999 corporis
1663 1930 1779 1998 ejus
1806 1938 1861 1985 et
1892 1939 2029 1985 terra
2059 1947 2150 1985 su-

561 2020 810 2090 sciperet.
844 2017 1097 2087 Sepultus
1124 2027 1207 2071 est
1245 2026 1300 2069 ut
1337 2019 1428 2086 qui
1470 2034 1595 2074 vere
1623 2029 1867 2075 mortuus
1896 2021 2153 2075 cerneba-

563 2118 673 2175 tur,
706 2123 832 2162 vere
867 2106 1092 2161 rediisse
1121 2121 1151 2159 a
1180 2108 1404 2161 mortuis
1443 2109 1771 2163 crederetur.
1817 2110 2015 2176 Tertia,
2066 2113 2151 2164 in-

559 2201 699 2271 quit,
728 2200 816 2255 die
840 2198 1131 2253 resurrexit
1151 2211 1183 2251 a
1204 2199 1451 2253 mortuis.
1475 2198 1532 2253 Si
1560 2200 1833 2254 credidisti
1853 2201 1918 2256 de
1940 2201 2152 2257 Christo

560 2290 703 2363 quod
730 2289 1008 2344 dedecoris
1044 2299 1146 2357 est,
1178 2289 1339 2346 crede
1367 2290 1511 2357 quod
1550 2290 1731 2358 gloriae
1761 2299 1874 2346 cst:
1907 2293 1950 2346 si
1980 2293 2153 2347 credi-

558 2384 684 2438 disti
706 2384 849 2452 quod
870 2384 1061 2438 mortis
1088 2391 1194 2448 est,
1218 2381 1378 2436 crede
1400 2380 1543 2449 quod
1566 2382 1686 2435 vitm
1713 2390 1813 2435 est.
1839 2380 1989 2436 Sicut
2009 2383 2151 2436 enim

560 2475 615 2527 in
642 2474 892 2543 passione
920 2473 1232 2543 mysterium
1262 2472 1476 2541 pietatis
1503 2480 1602 2535 est,
1629 2472 1700 2525 ita
1726 2472 1779 2524 in
1806 2474 2154 2527 resurrectio—

558 2578 627 2618 ne
648 2564 891 2634 operatio
916 2564 1197 2633 potestatis
1220 2574 1266 2629 ε,
1290 2572 1348 2617 ιιι
1369 2564 1442 2617 ait
1470 2564 1584 2632 ipse
1610 2582 1621 2616 :
1652 2562 1962 2617 Potestatem
1991 2564 2151 2617 habeo

557 2653 780 2724 ponendi
801 2653 1029 2706 animum
1051 2669 1238 2717 meam,
1271 2662 1319 2705 et
1348 2661 1653 2720 potestatem
1679 2653 1840 2706 habeo
1861 2654 2040 2705 iterant
2064 2670 2151 2705 su-

559 2744 735 2797 mendi
762 2760 877 2797 eam
909 2744 1089 2812 (Joan.
1134 2744 1210 2811 ι).
1242 2741 1524 2809 Quomodo
1557 2744 1736 2813 itaque
1771 2760 1877 2798 non
1914 2745 1986 2797 illi
2020 2760 2148 2813 sup-

557 2834 776 2904 petebat
804 2836 911 2889 vita
934 2843 1058 2904 post
1078 2842 1329 2901 mortem,
1359 2835 1444 2889 cui
1472 2836 1607 2888 mori
1630 2852 1735 2888 non
1768 2836 1865 2889 fuit
1891 2838 2160 2901 conditio,-

557 2922 654 2977 scd
680 2924 952 2993 potestas?
974 2924 1083 2978 Nec
1111 2937 1361 2992 magnum
1386 2939 1516 2977 sane
1543 2932 1643 2989 est,
1671 2925 1715 2978 si
1745 2925 1985 2979 dicamus
2010 2946 2021 2978 :
2047 2925 2151 2980 Po-

557 3014 663 3068 tuit
708 3013 953 3070 Christus
995 3028 1296 3082 resurgere,
1339 3030 1461 3069 cum
1512 3015 1841 3084 impossibile
1894 3018 2050 3071 fuerit
2091 3026 2149 3071 ut

2255 1840 2588 1908 privilegium
2638 1850 2693 1894 et
2741 1841 3043 1895 indiscretus
3090 1842 3420 1896 consortium
3477 1842 3734 1895 caritatis.
3768 1841 3822 1893 Et

2253 1928 2391 1983 bene
2420 1930 2485 1983 ad
2515 1929 2792 1983 dexteram
2822 1928 2996 1983 Patris
3034 1930 3379 1983 annuntiatur
3415 1928 3630 1992 sedere,
3662 1930 3711 1982 in
3733 1944 3822 1997 quo

2253 2021 2383 2073 nihil
2413 2018 2428 2057 ί
2457 2019 2746 2074 voluntatis
2774 2034 2882 2072 suze
2909 2018 3173 2084 diabolus,
3203 2018 3294 2085 qui
3326 2026 3470 2071 totus
3497 2026 3581 2071 est
3609 2018 3821 2079 sinister,

2254 2090 2475 2164 invenit:
2508 2108 2634 2180 Inde
2661 2117 2920 2163 venturus
2950 2118 2973 2155 8
3008 2108 3251 2177 judicare
3290 2108 3443 2162 vivos
3480 2116 3537 2161 et
3582 2116 3816 2161 mortuos.

2254 2199 2479 2253 Necesse
2503 2206 2605 2265 est,
2636 2198 2847 2265 fratres,
2889 2206 2948 2251 ut
2974 2198 3249 2252 hominum
3286 2211 3453 2264 genus
3476 2197 3565 2251 ille
3594 2197 3821 2251 discutiat

2251 2291 2341 2359 qui
2370 2291 2604 2355 creavit,
2636 2298 2692 2344 et
2723 2289 2836 2359 ipse
2868 2289 3071 2358 judicet
3116 2290 3205 2357 qui
3235 2289 3462 2343 redemit
3494 2308 3506 2341 :
3533 2290 3821 2358 justumquc

2252 2391 2333 2437 est
2359 2392 2417 2436 ut
2455 2384 2796 2452 omnipotens
2823 2381 3080 2436 Dominus
3126 2382 3382 2435 mortales
3415 2396 3566 2447 suos,
3596 2396 3728 2451 quos
3752 2381 3818 2433 di-

2252 2475 2487 2527 vinitatis
2513 2475 2711 2527 virtute
2739 2472 3006 2536 formavit,
3039 2471 3213 2526 Patris
3240 2471 3443 2540 pietate
3475 2472 3719 2537 salvavit,
3742 2470 3819 2539 ju-

2251 2567 2382 2620 dicis
2420 2566 2817 2619 examinatione
2851 2563 3139 2617 discernat.
3190 2561 3321 2615 Nam
3359 2562 3488 2631 quid
3521 2578 3641 2617 esse
3666 2569 3818 2632 potest

2249 2659 2452 2726 aequius
2480 2656 2621 2726 apud
2647 2656 2836 2721 Deum,
2866 2669 3029 2723 quam
3056 2660 3113 2707 ut
3141 2668 3367 2723 quorum
3413 2654 3467 2707 in
3513 2654 3709 2709 saeculo
3738 2651 3819 2705 fuit

2250 2749 2357 2800 vita
2388 2746 2621 2809 diversa,
2645 2758 2831 2797 eorum
2870 2750 2992 2811 post
3033 2742 3137 2795 hoc
3162 2741 3414 2795 saeculum
3439 2742 3631 2796 merita
3654 2742 3817 2795 distin-

2248 2837 2510 2905 guantur?
2533 2834 2559 2872 ιι
2577 2835 2694 2888 Vivi
2722 2842 2897 2887 autem
2923 2833 3195 2903 judicandi
3224 2832 3532 2887 referuntur
3557 2848 3621 2887 ac
3645 2832 3817 2886 mortui

2249 2937 2307 2982 ut
2328 2929 2565 2981 omnium
2592 2922 2868 2979 hominum
2900 2940 3018 2979 esse
3049 2923 3190 2993 apud
3223 2923 3387 2978 Deum
3415 2940 3543 2979 cura
3572 2924 3814 2980 credatur.

2250 3018 2315 3071 Et
2342 3019 2391 3071 in
2415 3018 2672 3087 Spiritum
2697 3023 2960 3069 sanctum.
2991 3013 3115 3068 Haec
3144 3022 3247 3082 est,
3270 3015 3555 3080 carissimi,
3582 3014 3817 3070 inoﬁensa

555 3116 746 3163 auctor
773 3108 895 3161 vitm
926 3122 1034 3161 non
1065 3107 1259 3160 rediret
1291 3106 1357 3160 ad
1393 3107 1584 3171 vitam;
1622 3117 1713 3161 aut
1747 3110 2017 3176 quomodo
2047 3125 2147 3178 po-
2177 3097 2221 3157 C
2252 3110 2432 3177 regula
2467 3108 2481 3145 ί
2515 3107 2777 3171 veritatis,
2807 3114 2863 3160 ut
2892 3121 3118 3175 quorum
3151 3120 3315 3159 unum
3356 3121 3555 3161 nomen
3594 3116 3697 3173 est,
3728 3121 3815 3160 non

553 3204 694 3252 terat
720 3196 913 3252 inferni
944 3196 1152 3264 legibus
1181 3196 1408 3250 detineri
1444 3199 1531 3265 qui
1558 3198 1757 3252 idcirco
1792 3207 1875 3253 est
1905 3211 2148 3254 mortuus

554 3296 613 3342 ut
635 3304 781 3343 mors
802 3288 1078 3343 amitteret
1096 3289 1455 3358 potestatem?
1476 3288 1617 3342 Nihil
1640 3304 1768 3357 ergo
1791 3290 1926 3344 ultra
1943 3290 2011 3345 de
2033 3292 2147 3361 ejus

552 3378 889 3447 passionibus
918 3378 1330 3442 confundamur,
1361 3378 1493 3432 nihil
1522 3378 1589 3433 de
1627 3377 1741 3447 ejus
1770 3388 1944 3435 morte
1979 3384 2145 3454 trepi-

551 3468 762 3535 demus,
800 3470 888 3524 cui
933 3478 989 3524 et
1033 3468 1347 3536 resurgendi
1393 3477 1637 3538 potestas
1683 3479 1821 3537 erat,
1863 3479 1915 3526 et
1956 3482 2145 3527 natura

552 3557 784 3613 vivendi.
806 3556 971 3623 Cujus
997 3566 1176 3613 autem
1199 3558 1484 3614 dementia:
1518 3568 1601 3615 est
1627 3561 1774 3616 illum
1798 3578 1903 3617 non
1926 3564 2147 3640 credere

553 3808 581 3861 ὁ
625 3747 652 3776 ⁸
686 3737 818 3794 Cod.
852 3738 1111 3803 Brixien.,
1143 3747 1190 3793 et
1220 3741 1305 3810 qui
1326 3755 1420 3809 pro
1448 3741 1794 3795 universitatis
1823 3744 1954 3796 bono
1976 3745 2141 3813 patie—

586 3818 720 3861 (καθ’.

586 3818 854 3933 αἱαὲιιόὀ.
879 3878 1002 3934 Vat.
1025 3876 1165 3932 6452
1187 3886 1241 3932 et
1263 3878 1524 3944 Brixieu.,
1547 3878 1777 3933 sublatus
1799 3880 2133 3935 occumberet.

622 3960 644 4019 εξ
684 3944 817 4019 Cod.
848 3948 967 4019 Vat.
990 3946 1148 4019 6452,
1181 3950 1411 4016 operatio
1440 3950 1709 4019 potestatis
1736 3958 1832 4019 est.

618 4013 644 4054 ἀ
683 4014 816 4072 Cod.
848 4016 968 4072 Vat.
997 4017 1159 4085 1278,
1178 4013 1234 4071 ut
1258 4027 1307 4071 et
1328 4013 1477 4083 sicut,
1506 4027 1612 4073 etc.
1635 4017 1768 4073 Cod.
1794 4019 2051 4074 Vallicell.
2079 4037 2135 4087 ιι,

546 4096 602 4139 ιιι
630 4087 778 4150 sicut,
801 4096 905 4141 etc.

620 4167 643 4192 ε
684 4156 844 4210 [idem
884 4156 1041 4210 codd.
1072 4156 1189 4210 Vat.
1224 4155 1379 4220 6452,
1412 4156 1670 4212 Vallicell.
1701 4174 1757 4221 ιι,
1791 4166 1845 4212 et
1872 4158 2131 4225 Brixien.,

543 4226 773 4280 victoria:
797 4242 981 4280 munus
1010 4236 1105 4279 est.

2252 3202 2321 3255 sit
2362 3215 2547 3254 eorum
2578 3199 2789 3252 diversa
2828 3195 3115 3261 confessio,
3147 3205 3203 3251 et
3226 3196 3316 3264 qui
3354 3198 3406 3250 in
3437 3197 3577 3252 coelo
3605 3196 3740 3267 apud
3771 3210 3817 3249 se

2253 3305 2415 3344 unum
2452 3295 2597 3350 sunt,
2631 3302 2662 3340 a
2696 3286 2851 3340 nobis
2891 3301 2997 3340 non
3034 3293 3352 3354 separentur
3390 3286 3443 3339 in
3486 3287 3666 3341 terris.
3706 3285 3815 3339 Nam

2252 3383 2389 3437 sicut
2425 3378 2702 3433 Divinitati
2731 3377 2860 3431 nihil
2886 3377 2953 3431 de
2995 3377 3256 3431 creaturis
3290 3379 3493 3445 aequari
3534 3386 3729 3449 potest,
3757 3378 3815 3431 ίιι

2252 3486 2463 3527 omnem
2494 3468 2808 3524 divisionem
2830 3474 2883 3521 et
2910 3467 3327 3535 inaequalitatem
3357 3477 3549 3523 natura
3578 3468 3814 3523 Divinita-

2255 3565 2320 3617 tis
2354 3563 2366 3611 i
2399 3558 2651 3616 excludit.
2684 3558 2699 3588 ¹
2731 3554 3036 3611 Secundum
3077 3556 3219 3611 enim
3252 3557 3616 3626 evangelicam
3636 3559 3811 3615 verita-

2326 3738 2344 3778 τ
2389 3738 2530 3794 Idem
2560 3735 2681 3792 cod.
2714 3736 2862 3801 Vat.,
2890 3736 3020 3805 tri/tit
3041 3736 3332 3805 uoluptatis.

2320 3820 2344 3888 ες
2383 3808 2527 3888 [ἀρφ
2703 3805 2834 3888 Y3};
2852 3803 3019 3888 res.
3045 3803 3176 3888 tne
3200 3816 3443 3888 “enim!
3474 3816 3554 3888 ςει
3574 3807 3811 3888 ratione

2314 3878 2341 3917 h
2380 3878 2514 3960 Cod.
2536 3876 2664 3960 .Vat.
2698 3873 3026 3960 lS'iSbabet
3055 3872 3187 3927 Inde
3209 3883 3383 3929 autem
3397 3872 3676 3946 judicandi
3701 3877 3811 3945 refe-

2242 3960 2425 4003 runtur
2452 3954 2547 4001 rivi
2578 3962 2639 3998 ac
2666 3954 2875 3999 mortui.

2321 4018 2332 4056 ί
2381 4017 2513 4074 Cod.
2546 4016 2667 4068 Vat.
2701 4013 2857 4078 H78,
2889 4012 3018 4069 Haec
3042 4024 3137 4079 est,
3167 4015 3442 4079 carissimi,
3473 4015 3728 4085 inoﬁ‘ensa
3750 4028 3811 4065 re

2240 4088 2607 4161 gulad'ettiltlto
2640 4095 2720 4161 ιιει
2738 4092 2854 4161 912-

2314 4160 2327 4209 ι
2370 4152 2508 4211 Cod.
2543 4155 2666 4208 Vat.
2701 4152 2858 4217 1278,
2890 4152 3125 4206 exclusit.

618 4364 628 4391 '
673 4360 967 4414 Secundum
1017 4362 1364 4431 evangelicum
1403 4363 1666 4431 veritatem
1706 4363 1836 4414 sicut
1884 4360 2051 4415 Filius
2096 4378 2128 4413 a
2163 4366 2207 4424 Ι)
2233 4354 2824 4431 stentimidentitatem
2862 4352 3108 4431 ostendit
3143 4360 3345 4431 natura:
3391 4366 3514 4431 cum
3561 4353 3809 4431 Patre,_el

537 4432 701 4486 Putre
720 4432 895 4495 exivit,
919 4433 997 4499 ita,
1018 4439 1068 4483 et
1097 4429 1325 4499 Spiritus
1365 4447 1397 4482 a
1442 4430 1596 4484 Patre
1628 4432 1885 4499 procedit;
1918 4441 1967 4483 et
1999 4430 2128 4485 Uni-

536 4502 741 4573 genitus
783 4502 914 4573 sicut
955 4497 1255 4573 FiliusDei
1281 4511 1395 4573 est,
1424 4500 1498 4552 ita
1545 4510 1595 4553 et
1629 4497 1879 4573 Spiritus
1917 4509 2126 4573 sanctus

536 4568 637 4625 Dei
665 4580 768 4633 est;
790 4580 839 4623 et
867 4571 999 4623 sicut
1026 4568 1185 4623 Pater
1210 4572 1290 4623 cui
1315 4572 1419 4623 vult
1443 4572 1652 4632 revelat,
1677 4572 1750 4623 ita
1771 4572 1927 4623 etiam
1956 4570 2127 4637 Spiri-

534 4652 615 4694 tus
645 4649 695 4693 et
739 4640 999 4710 inspirare
1035 4640 1239 4710 legitur,
1276 4648 1425 4708 prout
1456 4643 1578 4705 vult,
1605 4648 1654 4693 et
1681 4640 1820 4694 dona
1849 4640 2125 4694 caelestium

533 4708 832 4780 gratiarum
845 4708 1097 4767 dividere.
1113 4718 1265 4778 prout
1287 4710 1408 4780 vult.
1432 4741 1501 4748 —
1525 4711 1823 4779 Antequam
1847 4710 2126 4779 aggrediar

535 4780 927 4847 expositionem
968 4779 1175 4848 articuli
1215 4779 1281 4833 de
1317 4779 1516 4848 Spiritu
1553 4792 1759 4838 sancto.
1793 4794 2124 4848 puemonere

526 4849 796 4919 optimum
825 4862 1023 4904 censeo
1053 4847 1340 4919 Maximum
1369 4847 1472 4903 hac
1502 4852 1555 4903 in
1587 4847 1807 4905 homilia
1836 4850 2123 4919 explanare

529 4918 905 4990 apostolorum
948 4918 1277 4990 symbolum,
1309 4919 1451 4986 quod
1486 4935 1672 4973 omnes
1697 4918 1917 4974 Christi
1941 4918 2123 4974 ﬁdeles

532 4988 593 5043 ut
613 4988 734 5042 ﬁdei
761 4988 1000 5058 regulam
1022 4989 1161 5045 scire
1182 4995 1463 5058 tenentur,
1490 4998 1652 5058 atque
1684 4990 1917 5058 appellat
1944 4990 2123 5058 signa—

530 5059 713 5116 culum
752 5056 860 5126 quo
900 5056 1193 5113 Christiani
1222 5058 1288 5112 ab
1317 5056 1616 5119 inﬁdelibus
1647 5056 2017 5114 secernuntur.
2062 5058 2119 5113 ln

531 5127 843 5199 apostolico
882 5127 1042 5197 igitur
1077 5128 1323 5199 symbolo
1364 5136 1419 5181 et
1456 5130 1509 5181 in
1556 5128 1771 5199 Nicagno
1812 5129 2122 5199 simpliciter

531 5144 833 5199 aposmuco
882 5144 1042 5197 Igitur
1077 5144 1104 5183 s
1143 5144 1323 5183 mDOIO
1364 5144 1419 5181 et
1456 5145 1509 5181 ιιι
1556 5144 1771 5183 metune
1812 5145 1909 5183 sun
1953 5144 2119 5183 uerter

530 5198 725 5254 d'citut‘
759 5216 769 5250 :
804 5195 968 5251 Credo
1005 5198 1062 5251 in
1104 5144 1356 5267 Spiritum
1383 5208 1635 5252 sanctum.
1669 5197 1877 5268 Scopus
1906 5146 2119 5253 flaximi

528 5270 668 5323 alius
699 5285 803 5333 non
828 5276 964 5328 erat,
991 5268 1091 5322 nisi
1113 5276 1172 5321 ut
1198 5268 1594 5322 demonstraret
1617 5268 1939 5323 credendam
1959 5268 2121 5333 Spiri-

531 5348 617 5395 tus
640 5339 811 5393 sancti
839 5337 1193 5404 divinitatem,
1211 5337 1353 5405 quod
1377 5339 1545 5393 tribus
1565 5338 1863 5393 rationibus
1884 5337 2115 5393 conﬁcit.

528 5406 765 5463 Primam
787 5408 1018 5462 desumit
1041 5408 1352 5477 ab_origine,
1375 5425 1478 5477 qua
1502 5408 1723 5475 aequalis
1745 5417 1826 5463 est
1850 5408 1939 5462 Dei
1961 5407 2114 5469 Filio,

529 5478 761 5548 ideoque
789 5478 865 5531 ait
889 5477 1075 5548 :rSicut
1095 5475 1265 5531 Filius
1286 5495 1318 5531 a
1350 5475 1509 5531 Patre
1527 5480 1703 5541 exivit,
1727 5480 1800 5531 ita
1834 5478 2056 5548 Spiritus
2088 5483 2126 5531 α’

532 5546 694 5601 Patre
730 5547 977 5615 procedit.
1009 5546 1143 5602 Cum
1172 5556 1350 5601 autem
1381 5548 1544 5604 Filius
1572 5549 1639 5603 ab
1668 5546 1930 5604 tuterno'a
1960 5547 2118 5601 Patre

530 5618 780 5688 cxjverit,
813 5617 1005 5670 eodem
1036 5616 1196 5688 modo
1219 5627 1437 5688 quaterna
1474 5627 1557 5673 est
1588 5620 1860 5688 processio
1889 5617 2117 5685 Spiritus

536 5698 567 5734 ιι
595 5683 779 5756 Patre;
804 5694 858 5741 et
876 5685 1324 5759 quemadmodum
1356 5688 1409 5744 in
1438 5688 1570 5744 Filio
1588 5683 1691 5745 Dei
1713 5683 1981 5743 :eternitas
2002 5688 2115 5741 cxi-

2234 4428 2511 4498 generatio
2534 4425 2746 4498 Filiiex
2777 4424 2892 4498 ipso
2915 4422 3367 4498 Pat_re_ir_nportat,
3393 4430 3450 4475 ut
3470 4437 3543 4477 ex
3563 4424 3677 4493 ejus
3694 4425 3805 4498 sub-

2231 4492 2426 4551 stantia
2456 4498 2522 4551 sit
2552 4494 2793 4565 genitus;
2826 4494 2899 4565 ita
2920 4492 2964 4547 si
2992 4492 3222 4565 Spiritus
3242 4492 3541 4565 abaeterno
3566 4492 3804 4563 processit

2230 4582 2260 4621 a
2289 4566 2468 4630 Patre,
2492 4561 2706 4632 ab'ipso
2735 4562 2950 4631 prodire
2990 4562 3246 4632 nequivit,
3278 4561 3379 4632 nisi
3421 4561 3628 4618 habens
3669 4569 3804 4632 natu-

2228 4653 2341 4691 ram
2367 4630 2718 4701 eamdemque
2738 4630 3113 4701 substantiam.
3136 4630 3386 4701 Secundo
3406 4632 3529 4685 loco
3550 4634 3627 4687 ait
3654 4631 3800 4686 Maxi-

2227 4722 2382 4761 mus:
2414 4705 2482 4758 Et
2522 4699 2995 4773 Unigenitus__sicut
3026 4699 3196 4773 Filius
3228 4700 3325 4755 Dei
3351 4710 3446 4773 est,
3476 4702 3554 4754 ita
3572 4701 3801 4773 etSpiri-

2228 4786 2542 4851 {usAsanctus
2572 4770 2666 4851 re;
2694 4782 2787 4851 est.
2954 4771 3258 4851 signiﬁcare
3286 4770 3472 4851 voluit,
3500 4771 3643 4840 quod
3678 4771 3799 4851 sicut

2179 4862 2185 4868 '
2231 4845 2547 4915 Unigenitus
2572 4844 2668 4896 Dei
2694 4840 2868 4896 Patris
2896 4841 2947 4894 in
2974 4840 3081 4915 vim
3110 4840 3471 4915 generationis
3503 4857 3611 4915 nn_n
3640 4847 3799 4915 potest

2224 4908 2361 4980 esse:
2394 4915 2495 4969 nisi
2526 4914 2696 4977 Deus;
2722 4927 2862 4974 nam,
2891 4918 2949 4965 ut
2976 4908 3136 4980 docet
3162 4909 3218 4980 ὃ.
3254 4908 3488 4980 Basilius
3509 4926 3523 4959 :
3554 4908 3711 4962 Pater
3729 4909 3798 4959 iu-

2226 4977 2498 5052 tellioendo
2520 4984 2742 5052 seipsum
2777 4978 3306 5052 produc_it___Verbum;
3342 4977 3586 5052 ejusdem
3618 4986 3797 5052 natura:

2224 5046 2571 5124 ejusdemque
2596 5046 3122 5124 "substantimAFilius
3162 5056 3397 5117 paternas
3438 5046 3797 5124 intellectionis

2224 5117 2305 5180 est
2322 5117 2598 5183 terminus;
2618 5123 2729 5191 pari
2753 5120 2911 5191 modo
2932 5117 3163 5191 Spiritus
3181 5126 3420 5191 sanctus,
3435 5118 3528 5191 qui
3541 5132 3617 5191 ex
3631 5129 3795 5191 amore

2224 5196 2466 5266 procedit
2494 5202 2549 5266 et
2588 5184 2670 5245 est
2718 5184 2986 5266 terminus
3002 5188 3165 5266 divini
3209 5188 3431 5266 amoris,
3454 5184 3688 5266 Spiritus
3704 5184 3791 5266 Dti

2223 5256 2337 5327 est;
2369 5265 2548 5319 omnia
2578 5276 2697 5330 quae
2720 5260 2813 5313 Dei
2845 5266 2970 5315 sunt
3002 5266 3063 5330 et
3100 5258 3213 5330 ipse
3229 5257 3420 5330 habet.
3453 5256 3606 5312 Hanc
3621 5263 3790 5330 autem

2222 5337 2502 5390 veritatem
2530 5327 2679 5386 tanto
2700 5330 2869 5398 magis
2890 5327 3168 5382 conﬁrmat
3199 5327 3478 5393 Maximus,
3510 5329 3668 5383 tertio
3686 5339 3788 5398 eam

2222 5420 2449 5478 arguens
2478 5393 2881 5478 e§_gcqualitate
2910 5400 3164 5478 potentia:
3188 5398 3434 5478 similiter
3457 5397 3723 5478 ope-rantis
3742 5393 3785 5470 in

2223 5466 2397 5539 Pavtre,
2428 5475 2478 5526 in
2508 5466 2652 5524 Filio
2675 5478 2729 5523 ct
2756 5470 2819 5541 in
2830 5466 3032 5541 Spiritu
3054 5466 3367 5541 AsanctolEt
3385 5466 3520 5521 sicut
3552 5466 3702 5520 Pater
3717 5466 3783 5541 ςιιὶ

2222 5546 2323 5598 vult
2362 5536 2645 5603 miseretur,
2676 5548 2725 5592 et
2772 5536 2942 5591 Filius
2982 5539 3065 5590 cui
3105 5539 3209 5591 vult
3251 5537 3458 5589 Patrem
3488 5541 3697 5591 reretat:
3721 5536 3788 5582 itu

2219 5616 2373 5667 etiam
2407 5612 2632 5680 Spiritus
2671 5617 2717 5662 et
2752 5610 3010 5680 inspirare
3047 5608 3232 5677 legitur
3268 5618 3415 5680 prout
3450 5608 3570 5680 mill,
3592 5616 3641 5680 et
3665 5605 3786 5656 dona

2222 5674 2492 5739 caelestium
2522 5681 2809 5748 gratiarum
2837 5674 3064 5733 dividere
3093 5674 3243 5747 prout
3270 5674 3407 5729 'rult.
3452 5674 3779 5743 Quotiescun-
