3910 6238
528 282 630 335 45η

1778 288 1836 342 S.
1876 288 2123 345 MAXIM!
2162 289 2611 347 TAURINENSIS

3680 296 3783 352 H0

528 394 624 448 llic
660 393 932 463 religionis
960 402 1155 449 nostrae
1185 394 1320 457 linis,
1352 395 1464 450 haec
1490 411 1695 452 summa
1729 399 1979 453 credendi
2002 408 2103 455 est.
2135 406 2184 463 Α
2212 403 2285 458 ris
2306 404 2387 458 sui
2408 404 2607 474 specie,
2637 412 2690 458 et
2717 404 2913 459 occidit
2939 412 2993 460 et
3012 407 3259 476 resurgit.
3292 406 3676 463 Documentum
3706 412 3783 465 nio

526 484 603 538 Et.
636 499 822 539 revera
861 484 982 552 quis
1021 484 1246 541 credens
1284 486 1395 540 Dco
1428 488 1597 555 possit
1626 488 1691 542 de
1719 490 2112 545 resurrectione

527 572 805 637 dubitare,
848 587 968 627 cum
1017 570 1358 629 manifestum
1400 576 1471 629 sit
1510 574 1649 630 hanc
1686 576 1855 631 solam
1899 575 2114 634 Christo

527 678 744 717 causam
772 661 933 718 fuisse
964 664 1250 718 nascendi?
1278 663 1407 730 Qua:
1436 666 1579 719 enim
1607 666 1712 720 alia
1741 669 1897 733 ratio,
1928 684 2115 737 quieve

526 753 729 808 utilitas
758 760 890 815 erat,
931 761 989 805 ut
1027 752 1325 824 Perpetuus
1361 770 1576 809 carnem
1616 756 1925 825 dignaretur
1960 775 2113 813 assu-

526 857 691 907 mere,
721 842 820 897 nisi
843 851 867 879 ιι
898 858 1113 896 carnem
1134 845 1490 911 perpetuitate
1517 844 1780 899 donaret?
1804 862 1923 914 quin
1944 848 2111 917 gloria

526 940 687 994 esset,
714 931 809 985 Dei
834 931 1021 985 Filium
1046 948 1255 987 crucem
1281 949 1387 987 non
1406 933 1671 1003 refugere,
1698 947 1922 992 mortem
1948 940 2109 1011 274

526 1030 801 1091 expetere,
833 1024 1039 1093 perpeti
1078 1024 1427 1093 sepulturam,
1466 1026 1565 1081 nisi
1594 1027 1759 1080 vitam
1800 1032 2114 1086 mortalibus

526 1113 760 1181 praestita
807 1113 1201 1167 resurrectione
1233 1112 1536 1168 conferret?
1576 1116 1741 1170 Posse
1788 1125 1963 1171 autem
2012 1120 2113 1173 hoc

526 1202 641 1258 fieri
680 1201 806 1257 facit
832 1202 1089 1257 Diviiiitas
1128 1203 1304 1265 fidem,
1338 1205 1424 1257 cui
1455 1212 1624 1258 totum
1650 1207 1794 1273 quod
1824 1207 1933 1259 vult
1955 1223 2113 1276 posse

525 1293 779 1350 subsistit.
813 1295 1068 1363 Denique,
1098 1304 1158 1348 ut
1187 1295 1484 1349 indubitata
1527 1299 1839 1367 resurgendi
1867 1301 2110 1369 exempla

524 1386 816 1454 capiamus,
851 1385 963 1453 ipse
992 1385 1077 1439 hic
1104 1388 1349 1449 mundus,
1374 1386 1566 1441 amissa
1598 1396 1923 1457 receptaque
1951 1389 2083 1443 deco

2214 492 2406 547 mirum
2449 492 2637 547 futurae
2683 495 3090 551 resurrectionis
3134 497 3443 566 accipimus,
3475 513 3595 552 cuin
3634 515 3784 555 com—

2215 583 2463 638 mendata
2508 584 2668 640 sulcis
2711 582 2975 640 frumenta
3006 586 3057 640 in
3086 587 3334 656 stipulam
3367 604 3515 643 suam
3541 589 3781 651 redeunt,

2216 679 2272 725 et
2309 672 2582 727 renovatis
2628 669 2902 729 frondibus
2939 675 3163 743 spoliata
3198 675 3317 744 gelu
3350 692 3569 731 nemora
3596 678 3787 730 revivi-

2214 770 2401 827 scunt;
2432 771 2621 817 cuncta
2650 762 2810 815 etiam
2834 777 2953 831 quae
2980 772 3121 817 terra
3148 766 3396 833 producit
3424 774 3514 819 aut
3534 766 3562 804 δ
3587 767 3785 820 semine

2216 858 2309 903 aut
2330 849 2507 904 radice
2534 850 2881 919 multiplicata
2910 851 3220 916 redduntur.
3249 852 3379 918 Qua:
3400 863 3575 908 autem
3597 854 3787 908 duritia

2212 940 2388 994 cordis
2416 948 2498 994 est
2526 955 2631 994 non
2668 940 2889 995 credere
2916 939 3193 995 reformari
3218 942 3510 1006 hominem,
3541 955 3562 983 ε
3587 960 3709 997 cuni
3731 960 3787 996 ea

2215 1044 2333 1098 qua:
2362 1026 2499 1083 facta
2524 1037 2647 1083 sunt
2673 1038 3009 1098 reparentur.
3034 1029 3148 1085 Hoc
3172 1038 3253 1085 est
3279 1032 3557 1096 carissimi,
3580 1033 3792 1102 symbo-

2215 1115 2342 1179 lum,
2373 1115 2524 1184 cujus
2550 1113 2574 1151 ἀ
2603 1116 2803 1171 veritas
2830 1132 3262 1186 unumquemque
3288 1120 3592 1174 credentem
3627 1118 3793 1175 eﬂicit

2214 1202 2601 1269 Christianum;
2624 1204 2727 1260 hoc
2748 1213 2829 1260 est
2847 1207 3164 1276 symbolum,
3187 1208 3333 1275 quod
3350 1217 3407 1264 et
3425 1210 3661 1264 viventes
3679 1225 3791 1263 san-

2213 1295 2430 1358 ctificat,
2464 1304 2518 1350 et
2544 1305 2787 1351 mortuos
2814 1296 3020 1352 reducit
3048 1297 3114 1353 ad
3137 1299 3317 1352 vitam.

1775 1477 2125 1537 HOMILIA
2171 1476 2527 1536 LXXXIV.

1646 1573 1836 1645 Incipit
1855 1579 2096 1647 prtefatio
2126 1577 2193 1647 de
2210 1592 2422 1647 corpore
2451 1577 2660 1631 Christi.

1969 1643 2355 1700 ADMONITIO.

595 1709 760 1778 llujus
783 1710 1019 1783 homilire
1041 1710 1285 1779 praefatio
1310 1719 1601 1783 antequam
1631 1728 1660 1766 a
1691 1712 2001 1769 Mahillonio
2032 1731 2099 1769 ex
2144 1715 2331 1770 codice
2378 1712 2713 1782 Sangallensi
2753 1712 3075 1783 deprompta
3104 1713 3488 1783 publicaretur,
3519 1715 3660 1770 edita
3685 1716 3793 1783 jam

523 1782 696 1853 {inerat
723 1794 753 1853 a
774 1779 1034 1853 Gymnico
1058 1788 1115 1834 et
1137 1796 1166 1834 a
1198 1779 1582 1853 posterioribus
1604 1783 1899 1838 editoribus
1924 1800 2028 1837 uua
2056 1801 2177 1839 cum
2216 1783 2435 1853 homilia
2463 1779 2550 1837 cui
2573 1783 2761 1853 titulus
2798 1779 2960 1853 datus
2983 1779 3065 1836 cst
3098 1779 3119 1833 Ξ
3147 1781 3226 1835 De
3254 1800 3405 1853 cruce
3438 1794 3490 1838 et
3523 1779 3790 1853 sepultura

522 1848 753 1933 ﬂamini,
780 1842 903 1930 pars
931 1850 1020 1933 illa
1048 1865 1167 1933 quze
1194 1842 1379 1933 incipit
1408 1852 1476 1904 ab
1504 1850 1815 1933 ibis'verbis
1841 1872 1858 1933 ε
1897 1854 2177 1933 ἱξὶάεαξζιῑιδ
2310 1854 2540 1933 hoc‘ipso
2564 1842 3035 1933 Domini‘corpdre‘,
3063 1859 3117 1905 et
3144 1852 3489 1933 concluditur
3516 1842 3595 1933 his
3616 1854 3786 1933 aliis;

520 1918 653 1993 ματ
686 1920 911 1993 omnium
940 1920 1157 1993 salutem
1189 1921 1339 1993 citius
1381 1922 1664 1993 suscitavit.
1690 1921 1889 1976 Deinde
1916 1924 2029 1991 ipse
2058 1921 2348 1993 Gymnicus
2371 1918 2568 1993 aliique
2588 1918 2926 1993 collectores
2968 1921 3200 1993 alteram
3232 1922 3571 1993 constituunt
3616 1922 3793 1977 homi-

521 1988 669 2071 liam,
698 1987 798 2071 alia
828 1988 1181 2071 inscriptione
1206 1987 1560 2071 distinctam”:
1593 1990 1671 2044 De
1712 1987 1961 2071 passione
1992 2002 2041 2071 et
2071 1987 2339 2071 sepultura
2384 1987 2621 2071 Domini,
2667 1989 2818 2056 cujus
2842 1990 2948 2043 hoc
2976 1998 3058 2043 est
3086 1989 3345 2071 initium}
3376 1990 3625 2045 Fortasse
3675 1992 3789 2060 quis

520 2058 662 2131 dicat
690 2057 753 2113 de
772 2059 963 2126 prioris
987 2057 1260 2131 dominica;
1285 2060 1674 2131 prtedicatione,
1710 2057 1858 2129 isque
1886 2070 1967 2114 est
1994 2062 2111 2115 linis
2129 2057 2156 2131 '7:
2193 2058 2332 2126 Quid
2353 2062 2539 2131 quieris
2568 2061 2815 2113 viventem
2841 2074 2957 2131 cum
2986 2060 3242 2131 mortuis?
3262 2058 3328 2111 At
3358 2057 3721 2131 anianuense's
3742 2068 3794 2113 et

517 2126 749 2181 editores
774 2141 961 2197 omnes
991 2142 1197 2197 errasse
1225 2127 1671 2197 deprehendimus
1698 2126 2317 2197 ex'quatiiorcodicihus
2347 2126 2561 2197 optimae
2584 2138 2743 2192 notae,
2779 2128 2985 2197 scilicet
3008 2142 3075 2181 ex
3092 2126 3364 2197 Vaticano
3396 2128 3562 2194 6452,
3588 2144 3657 2182 ex
3685 2127 3790 2180 La-

519 2196 788 2267 teranensi
814 2204 870 2249 et
917 2210 987 2267 ex
1024 2194 1234 2267 duobus
1269 2196 1671 2263 Casincnsibus,
1702 2194 1912 2266 qui—de
1956 2200 2164 2253 duabus
2202 2199 2311 2266 jam
2364 2194 2609 2252 indicatis
2655 2197 2897 2267 partibus
2937 2196 3212 2267 honiiliam
3250 2213 3426 2267 unam
3470 2197 3789 2252 conﬁciunt.

521 2264 995 2335 Multoque_magis
1033 2264 1230 2335 haciin
1259 2272 1524 2321 sententia
1569 2283 1666 2321 nos
1692 2264 2028 2321 confirmavit
2052 2264 2237 2322 eadem
2268 2268 2506 2331 homilia,
2540 2268 2624 2321 cui
2653 2264 2775 2335 pars
2811 2266 3031 2319 alterius
3062 2266 3385 2331 innectitur;
3432 2283 3555 2322 cuni
3578 2276 3697 2321 tota
3727 2268 3794 2319 sit

520 2334 588 2388 de
615 2348 774 2404 cruce
798 2333 1026 2397 Domini,
1061 2341 1114 2387 et
1140 2334 1495 2403 fragmentum
1542 2338 1589 2390 ei
1621 2335 1863 2389 additum
1894 2339 2114 2393 omnino
2139 2346 2453 2390 extraneum
2484 2333 2827 2401 agnoscatur.
2860 2335 2916 2387 Si
2941 2349 3071 2388 vero
3093 2344 3433 2404 expungatur
3463 2336 3530 2388 ab
3566 2335 3787 2389 homilia

518 2403 860 2475 depassione
881 2411 937 2457 et
964 2402 1238 2472 sepultura
1270 2405 1480 2475 Domini
1510 2406 1852 2475 principium,
1887 2422 2057 2475 usque
2086 2406 2153 2460 ad
2177 2406 2263 2459 illa
2294 2406 2461 2460 verba
2497 2403 2685 2475 Uterus
2704 2474 2707 2475 ν
2726 2404 3032 2475 procreavit,
3080 2402 3423 2458 manifestam
3453 2406 3791 2475 assequimur

519 2420 586 2457 ue
612 2420 860 2525 passione
881 2420 937 2457 et
964 2420 1238 2472 sepultura
1270 2420 1480 2458 uoinini
1510 2422 1852 2475 principium,
1887 2422 2057 2475 usque
2086 2420 2153 2460 aa
2177 2420 2263 2459 iua
2294 2420 2461 2460 verba
2497 2420 2685 2459 Uterus
2726 2420 3032 2474 procreavit,
3080 2420 3423 2458 maniiestam
3453 2420 3791 2473 assequimur

519 2473 606 2545 c_ol
632 2473 1435 2545 igationem‘cumprzecedenti,
1465 2476 1517 2528 in
1554 2490 1657 2543 qua
1686 2483 1863 2543 empta
1903 2488 1984 2530 est
2023 2477 2353 2545 comparatio
2402 2475 2541 2528 uteri
2570 2474 2803 2545 Virginis
2847 2488 2969 2527 cuni
3010 2482 3360 2545 monumento
3406 2473 3551 2545 quod
3597 2488 3793 2545 corpus

521 2542 716 2597 Christi
739 2542 946 2613 Domini
972 2540 1194 2609 recepit.
1222 2542 1330 2597 Nec
1355 2560 1550 2598 novum
1572 2540 1753 2609 cst,ut
1774 2540 1889 2613 jam
1913 2546 2037 2599 alibi
2067 2540 2319 2609 diximus,
2352 2552 2564 2613 veteres
2593 2542 2908 2603 monachos,
2933 2543 3021 2613 qui
3053 2540 3119 2613 de
3150 2540 3487 2613 antiquitatis
3510 2540 3788 2613 naulragio

518 2613 755 2681 pretiosa
786 2610 1004 2666 Patrum
1034 2613 1230 2681 scripta
1266 2623 1567 2678 servarunt,
1593 2629 1659 2667 ex
1686 2610 1790 2667 una
1819 2615 2037 2668 lioinilia
2068 2615 2151 2667 vel
2180 2629 2431 2668 sermone
2472 2612 2637 2675 duas,
2687 2620 2780 2663 aut
2826 2619 2934 2681 tres
2961 2610 3243 2681 lectiones,
3276 2612 3470 2666 additis
3512 2612 3779 2681 aliquibus

519 2679 587 2735 ad
607 2698 762 2752 usum
791 2697 965 2752 suum,
995 2679 1311 2752 confecisse.
1346 2682 1439 2737 His
1468 2684 1520 2738 in
1554 2684 1725 2737 lucem
1760 2684 1969 2752 positis,
2019 2682 2398 2750 inquirendum
2442 2691 2646 2752 est_an_
2690 2681 2842 2752 prior
2880 2679 3039 2745 hujus
3084 2680 3321 2752 homilite
3342 2695 3507 2752 pars,
3539 2679 3663 2752 qua:
3692 2681 3791 2733 hoc

517 2751 719 2824 codicis
740 2750 1101 2824 Sanga‘llensis
1133 2751 1288 2805 titulo
1318 2754 1645 2824 exhibetur:
1679 2748 1873 2824 incipit
1899 2748 2140 2824 prwfatio
2173 2752 2235 2805 de
2270 2768 2485 2824 corpore
2510 2748 2749 2824 Christi,
2773 2749 2846 2824 _ei
2873 2750 3164 2803 conveniat
3187 2748 3384 2824 _sit_que
3423 2748 3585 2804 veluti
3628 2758 3792 2824 caput

517 2771 719 2804 COUICIS
740 2771 1101 2817 aungauensw
1133 2771 1288 2805 ιιιυιο
1318 2771 1601 2807 ΘΧΠΙΟΘΗΙΓ
1634 2771 1645 2804 Ζ
1686 2771 1795 2805 ιηει
1856 2771 1873 2805 ι
1899 2771 2140 2824 praelatio
2173 2771 2235 2805 ae
2270 2771 2485 2821 corpore
2522 2771 2749 2809 unrtsu,
2796 2771 2846 2803 Cl
2873 2771 3164 2803 CUIIVCIllal
3207 2771 3384 2819 suque
3423 2771 3585 2804 VCIUII
3638 2771 3785 2817 captu

516 2818 775 2891 ejusdem.
809 2820 1045 2891 Dicimus
1073 2833 1201 2887 ergo
1246 2821 1525 2875 exordium
1566 2822 1693 2875 illud
1723 2771 1889 2876 vi£ri
1935 2824 2273 2891 desuniptuin
2314 2838 2343 2875 a
2384 2820 2616 2873 Maximo
2648 2834 2716 2891 ex
2739 2819 3140 2891 circumstantia
3186 2818 3288 2873 loci
3321 2826 3376 2873 et
3409 2820 3699 2891 temporis,
3733 2826 3785 2869 et

515 2885 760 2961 congruit
788 2890 1035 2943 concioni
1060 2891 1112 2961 in
1145 2885 1297 2944 iccetu
1328 2891 1700 2961 episcoporum
1746 2892 1941 2961 habita;
1965 2934 1978 2956 ,
2009 2885 2144 2959 quos
2190 2900 2348 2945 antea
2392 2904 2587 2959 praises
2636 2889 2904 2961 allocutus
2949 2886 3157 2961 fuisset,
3206 2896 3265 2940 ut
3301 2889 3469 2942 moris
3512 2885 3650 2961 erat.
3681 2885 3791 2961 Ipse

516 2957 797 3022 Maximus,
830 2959 1200 3029 commendata
1225 2955 1457 3028 primum
1485 2955 1724 3029 episcoiii
1754 2955 2087 3029 praesidentis
2112 2961 2360 3014 oratione
2394 2955 2819 3029 'niemoratoque
2848 2956 3086 3029 ejusdem
3131 2965 3475 3029 argumento,
3508 2956 3578 3009 de
3608 2955 3787 3029 sepul—

432 3037 436 3041 ‘
514 3034 635 3079 tura
665 3028 907 3107 corporis
933 3027 1131 3107 Christi
1160 3024 1477 3107 sermonem.
1500 3024 1653 3107 suum
1675 3024 1967 3107 instituere
1994 3029 2346 3107 ag_greditur_§
2387 3028 2661 3107 Videamus
2682 3024 2815 3107 ergo.
2832 3027 2895 3078 de
2927 3024 3146 3107 Domini
3166 3042 3400 3107 corpore,
3431 3035 3706 3107 postquam

516 3112 664 3148 cruce
684 3094 979 3165 deponitur,
1010 3098 1131 3167 quid
1159 3107 1385 3168 geratur.
1430 3098 1768 3153 Mabillonius
1798 3115 1901 3152 non
1932 3094 2186 3168 produxit
2215 3100 2267 3152 in
2296 3099 2439 3152 diem
2487 3097 2588 3149 nisi
2615 3094 3002 3165 praelationem,
3034 3094 3352 3162 partemque
3383 3094 3622 3149 humilia:
3653 3094 3782 3150 inci-

2198 3248 2491 3319 signaculo,
2510 3247 2643 3301 sicut
2663 3263 2695 3298 a
2722 3246 3003 3319 primordio
3033 3247 3223 3299 dictum
3246 3257 3350 3319 est,
3376 3248 3556 3316 ﬁdeles
3585 3248 3665 3319 ab_
3701 3250 3779 3319 in:

2203 3315 2441 3388 ﬁdelibus
2472 3325 2837 3388 secernuntur.
2874 3315 3102 3388 oc__est
3150 3315 3455 3388 symbolum,
3489 3327 3593 3371 etc.
3626 3316 3786 3388 Codd.

2206 3384 2372 3509 sua?
2399 3388 2519 3439 Vat.
2556 3385 2692 3439 H78
2714 3394 2767 3439 et
2796 3384 3054 3438 Vallicell.
3089 3400 3123 3438 ii
3165 3384 3417 3455 supplent
3442 3402 3572 3441 vero
3602 3389 3659 3439 in
3692 3387 3791 3456 pri-

2206 3475 2317 3511 mor
2356 3473 2424 3509 ιο.

586 3261 612 3287 ⁸
650 3252 782 3306 Cod.
817 3252 931 3305 Vat.
962 3252 1112 3321 19.78,
1143 3262 1197 3304 ut
1225 3252 1370 3305 carni
1405 3254 1791 3321 perpetuitatem
1822 3256 2054 3306 donaret.

586 3321 611 3358 δ
650 3320 782 3375 Cod.
817 3322 935 3374 Vat.
963 3320 1121 3381 6452,
1154 3332 1241 3375 aut
1268 3322 1320 3374 in
1343 3320 1550 3375 semine.

588 3402 609 3427 ο
648 3388 820 3444 Codd.
852 3390 971 3443 Vat.
1009 3390 1146 3443 1278
1170 3399 1224 3444 et
1245 3390 1431 3445 Vallic.
1464 3407 1518 3454 tl,
1544 3407 1654 3443 cum
1685 3392 1856 3443 omnia
1884 3406 1996 3459 qua:
2018 3392 2098 3460 fa-

514 3470 600 3512 cta
626 3470 766 3512 sunt.

649 3528 781 3582 Cod.
810 3528 1085 3591 l.aureiit.,
1110 3528 1205 3581 hoc
1226 3539 1317 3596 est,
1343 3532 1616 3595 carissimi,
1641 3531 1925 3601 symbolum
1955 3532 2098 3597 cujus

513 3668 621 3720 hinc
650 3680 848 3719 summa
888 3649 1126 3718 credendi
1164 3673 1265 3735 est.
1293 3661 1362 3735 Et
1400 3679 1574 3715 revera
1604 3665 1716 3735 quis
1755 3664 1965 3716 credens
1996 3661 2103 3735 Deo
2140 3666 2180 3723 Β
2209 3674 2303 3735 cur
2327 3673 2531 3711 summa
2564 3656 2686 3735 fidei
2717 3666 2913 3711 nostra:
2933 3657 3043 3735 dici
3070 3665 3251 3735 apte-a
3278 3655 3513 3735 Maximo
3542 3659 3792 3726 nequive-

512 3737 675 3805 possit
722 3735 786 3788 de
823 3735 1195 3805 resurrectione
1232 3732 1487 3805 dubitare,
1518 3732 1631 3786 cum
1673 3736 2003 3805 manifestum
2040 3734 2107 3805 sit

513 3800 650 3859 hanc
676 3805 840 3859 solam
868 3803 1063 3856 Christi
1088 3818 1296 3855 causam
1334 3803 1493 3871 fuisse
1531 3803 1798 3871 nascendi.
1820 3800 1897 3838 V—
1918 3800 2107 3871 Sequi-

514 3884 603 3927 tur
624 3881 682 3927 iit
709 3873 774 3927 de
804 3873 981 3927 carnis
1009 3869 1403 3926 resurrectione
1432 3870 1711 3925 disseram.
1746 3870 1895 3925 Hanc
1933 3869 2104 3922 Maxi—

515 3960 633 3998 mus
676 3943 947 4012 religionis
992 3948 1191 3995 nostrze
1240 3938 1397 4012 linem
1443 3955 1813 4012 summamque
1855 3938 2104 4012 credendi

514 4027 633 4067 esse
662 4008 879 4077 scribit;
915 4019 1202 4080 propterea
1225 4009 1388 4079 quod,
1422 4018 1478 4063 ut
1508 4010 1835 4080 Augustinus
1863 4008 2105 4080 animad-

513 4082 692 4144 vertit,
712 4076 873 4136 serm.
894 4076 1102 4146 2l3,’al.
1119 4079 1185 4133 de
1203 4076 1469 4147 Tempore
1495 4076 1617 4138 219.
1646 4096 1791 4133 num.
1809 4079 1863 4145 9,
1887 4086 2018 4131 tom.
2038 4076 2102 4139 V,

513 4166 639 4222 pag.
670 4148 771 4204 656
806 4168 818 4203 :
854 4149 967 4203 Ista
1008 4151 1121 4222 jam
1169 4150 1289 4218 ﬁnis
1334 4150 1552 4222 δᾲς-θεά
1592 4150 1713 4222 ﬁnis
1732 4151 1853 4222 sine
1882 4148 2105 4222 [ingerit

516 4216 820 4275 resurrectio
850 4216 1042 4273 carnis.
1067 4218 1133 4272 Et
1161 4216 1321 4273 serm.
1356 4218 1479 4284 2H,
1512 4216 1657 4272 num.
1692 4219 1778 4284 12,
1810 4232 1929 4287 pag.
1962 4216 2102 4287 660:

515 4290 649 4345 llazc
676 4299 752 4343 est
780 4290 1096 4351 Christiana,
1140 4290 1247 4342 haec
1281 4290 1555 4352 catholica,
1589 4290 1697 4341 haec
1728 4288 2014 4355 apostolica
2042 4286 2106 4353 [i-

514 4361 624 4413 des.
642 4358 851 4429 Credite
877 4357 1078 4413 Christo
1100 4359 1292 4429 dicenti
1314 4376 1331 4411 :
1354 4358 1583 4429 Capillus
1612 4360 1793 4429 capitis
1815 4356 1967 4429 vestri
2003 4373 2106 4429 non

513 4427 721 4497 peribit,
762 4439 809 4481 et
854 4428 1162 4497 inﬁdelitate
1202 4426 1438 4497 depulsa,
1475 4430 1652 4497 quanti
1676 4426 1893 4481 ualeatis
1937 4426 2104 4494 potius

517 4496 1050 4569 cogitate;rquomodo
1092 4496 1434 4551 dubitabimus
1463 4496 1599 4568 quod
1640 4499 1830 4569 animae
1856 4497 2104 4569 etcarnis

516 4564 708 4621 ndstra:
734 4564 888 4622 vitam
930 4567 1143 4620 daturus
1172 4569 1239 4620 sit
1278 4564 1542 4631 teternant,
1576 4568 1660 4636 qui
1692 4584 1784 4635 pro
1815 4564 1959 4619 nobis
1986 4566 2104 4636 ani-

517 4654 657 4691 mant
681 4646 729 4690 et
760 4653 964 4690 carnem
1002 4639 1243 4705 suscepit,
1274 4638 1327 4689 in
1365 4652 1465 4707 qua
1504 4635 1807 4698 moreretur,
1837 4645 1887 4707 et
1914 4635 2101 4703 posuit,

517 4722 631 4759 cum
652 4715 954 4769 moreretur,
984 4713 1031 4757 et
1055 4703 1260 4772 recepit,
1288 4722 1351 4759 ne
1371 4703 1508 4758 mors
1530 4708 1807 4758 timeretur.
1834 4703 1951 4772 Quo
1978 4717 2106 4755 sane

516 4783 727 4843 spectat
763 4774 904 4843 quod
943 4774 1127 4843 scribit
1165 4771 1326 4843 yetiis
1355 4774 1831 4843 auctorsermonis
1858 4771 1925 4825 ad
1946 4779 2104 4843 cate-

520 4832 843 4895 cliumeno's.
875 4851 1036 4905 quem
1074 4838 1125 4887 in
1148 4832 1640 4905 dubiisgAugustini
1673 4840 1956 4905 numerant
1984 4846 2100 4884 mo-

519 4908 683 4961 nachi
704 4901 1518 4973 congregationisBeneilictinze
1535 4903 1707 4973 sancti
1726 4901 1929 4973 Mauri,
1948 4917 2099 4973 nu_m.

520 4975 613 5039 Si,
642 4984 775 5038 tom,
803 4969 866 5029 VI
901 4969 1128 5042 opt-rum
1152 4975 1328 5027 sancti
1352 4971 1663 5042 Augustini,
1688 4986 1807 5040 pag.
1830 4970 1934 5042 416
1963 4988 1975 5023 :
2001 4969 2103 5042 lle-

522 5055 910 5102 surrecturum,
933 5039 1132 5111 inquit,
1156 5058 1265 5096 esse
1292 5039 1498 5095 omnem
1523 5039 2102 5111 carnem,rationalem

522 5113 724 5167 scilicet
742 5110 1059 5176 creaturam,
1074 5113 1305 5180 ﬁdeliter
1320 5122 1605 5164 teneamus.
1624 5110 1749 5164 Η,εο
1768 5126 1943 5165 suum
1959 5124 2099 5161 FIDE!

524 5198 771 5255 βιοῦται,
797 5194 1158 5255 ᾳιιωέερηιῄᾳι
1193 5199 1287 5235 nos
1320 5184 1383 5255 ab
1410 5180 1741 5255 infidelibus.
1776 5180 1895 5255 Qua
1938 5180 2005 5231 de
2048 5194 2103 5231 re

526 5253 719 5307 confer
739 5247 900 5307 etiam
921 5247 1317 5306 Tertulliauum
1347 5247 1502 5304 initio
1525 5251 1643 5304 libri
1676 5250 1743 5304 de
1776 5247 2103 5303 Ressurrec-

526 5325 892 5387 tionecariiis,
911 5332 967 5378 et
986 5332 1205 5377 sanctos
1236 5322 1495 5391 Cyrillum
1524 5319 2099 5391 Hierosolymitamim.

523 5395 735 5448 eatccli.
766 5393 854 5456 18,
880 5386 1031 5446 num.
1074 5393 1125 5457 1,
1161 5386 1416 5461 ρειςξῖὃὸ
1445 5391 1576 5445 edit.
1608 5386 1897 5461 ParisIan'.
1930 5386 2099 5461 172οξ

526 5462 893 5531 Epipliaiiium
922 5463 976 5517 in
1008 5457 1305 5525 Ancorato,
1329 5476 1483 5514 iium.
1510 5462 1599 5524 9|,
1630 5477 1752 5530 pag.
1787 5458 1876 5521 95,
1904 5468 2034 5510 tum.
2062 5457 2101 5511 ll

524 5547 757 5599 "perum
774 5536 904 5587 edit.
935 5533 1093 5586 Paris
1124 5548 1214 5585 an.
1243 5531 1406 5592 1622,
1432 5541 1599 5598 utque
1623 5543 1851 5585 austeros
1878 5540 2101 5597 practer-

523 5598 644 5655 es...
669 5622 682 5667 ;
706 5602 945 5658 Leonem
979 5618 1259 5672 maguum,
1286 5616 1451 5655 serm.
1484 5602 1714 5672 69,cap.
1740 5598 1797 5659 2,
1834 5615 1953 5669 pag.
1983 5599 2099 5672 199,

528 5686 658 5727 tum.
682 5674 698 5728 Ι
724 5673 959 5743 Operam
986 5674 1050 5729 ed
1074 5668 1117 5726 ἱ.
1146 5671 1303 5726 ﬂetu.
1337 5687 1427 5727 an.
1461 5672 1618 5727 1753.
1654 5668 1761 5727 Nec
1796 5668 1925 5725 mo
1947 5668 2104 5723 vich

2210 3729 2280 3781 rit
2302 3728 2644 3789 resurrectio,
2678 3742 2800 3780 cum
2836 3735 2892 3781 et
2918 3727 3039 3795 ﬁnis
3068 3743 3128 3779 ea
3164 3727 3233 3779 sit
3261 3728 3371 3779 sine
3407 3728 3530 3796 ﬁne,
3562 3736 3622 3781 et
3648 3742 3789 3781 coni-

2210 3798 2536 3865 plementum
2568 3796 2834 3849 felicitatis
2856 3797 3022 3849 totius
3044 3796 3295 3857 hominis,
3321 3804 3377 3850 et
3398 3796 3609 3850 admitti
3633 3796 3791 3852 credi-

2207 3882 2312 3934 que
2343 3880 2447 3919 non
2480 3866 2665 3934 possit,
2696 3866 2792 3918 nisi
2815 3874 3049 3933 ponatur
3076 3866 3433 3934 credatur-que
3458 3874 3570 3919 tota
3601 3865 3788 3919 Christi

2210 3933 2599 4006 mysteriorum,
2639 3935 2943 4006 complexio
2985 3953 2996 3986 :
3033 3949 3141 4001 quo
3187 3933 3402 4001 quidem
3448 3949 3615 3989 sensu
3662 3935 3783 3988 ibid.

2208 4004 2554 4073 Epiphanius,
2586 4005 2638 4056 in
2667 4020 2727 4057 ea
2760 4004 3051 4057 thesaurum
3094 4020 3315 4067 omnem,
3346 4014 3396 4056 et
3426 4021 3569 4057 sana:
3611 4006 3789 4057 mentis

2206 4076 2621 4143 ﬁrmamentum,
2636 4090 2697 4143 ac
2718 4073 2835 4126 boni
2856 4073 3009 4143 oﬂicii
3037 4089 3178 4141 spem
3204 4089 3403 4125 omnem
3433 4090 3543 4143 esse
3571 4074 3787 4143 colloca-

2208 4141 2333 4201 tam.
2361 4145 2539 4197 docet.
2586 4142 2788 4196 Eodem
2828 4141 3074 4196 recidunt
3100 4157 3219 4210 qua:
3260 4142 3380 4195 loco
3420 4142 3663 4196 indicato
3690 4141 3787 4194 Leo

2206 4213 2427 4280 Magnus
2448 4212 2842 4265 animadvertit.
2868 4211 3003 4266 Hinc
3026 4212 3310 4279 Apostolus
3332 4212 3385 4264 in
3409 4211 3429 4264 Ι
3452 4210 3521 4263 ad
3544 4210 3783 4266 Corinlh.

2207 4298 2324 4351 cap.
2364 4298 2450 4345 xv,
2483 4297 2626 4335 vers.
2662 4281 2731 4351 1ῖό
2760 4299 2770 4332 :
2809 4281 2869 4335 Si
2898 4280 3221 4341 resurrectio,
3251 4281 3441 4348 inquit,
3475 4293 3784 4351 magnorum

2208 4348 2309 4404 non
2334 4361 2431 4415 est,
2476 4368 2637 4421 neque
2669 4350 2904 4403 Christus
2934 4352 3231 4403 resurrexit.
3363 4360 3531 4421 autem
3559 4348 3786 4403 Christus

2207 4438 2310 4498 non
2347 4419 2642 4498 resurreLrit,
2667 4421 2838 4473 inanis
2868 4428 2941 4498 est
2975 4436 3096 4498 ergo
3120 4419 3425 4498 pradicatio
3451 4421 3778 4498 nostrﬂinao

2206 4492 2288 4543 nis
2317 4499 2393 4544 est
2418 4489 2623 4558 etﬁdes
2650 4498 2835 4558 uestra.
2862 4489 3013 4554 Quod
3037 4487 3257 4557 quidem
3298 4487 3367 4541 ad
3402 4496 3567 4558 caput
3615 4487 3783 4558 Theo—

2204 4559 2434 4625 doritus,
2477 4556 2598 4627 pag.
2646 4557 2750 4610 195
2790 4578 2802 4611 :
2849 4559 2911 4613 Si
2952 4556 3257 4628 non’277
3303 4557 3547 4621 creditur,
3604 4556 3783 4628 inquit.

2206 4624 2511 4683 resurrectic
2552 4624 2819 4696 corporum
2844 4666 2859 4689 ,
2921 4624 3299 4696 supervacanea
3336 4634 3431 4696 est
3493 4624 3788 4695 praedicatio

2209 4698 2497 4769 Evangelii.
2516 4695 2648 4769 71am
2676 4712 2806 4751 vero
2834 4712 2953 4752 cum
2982 4695 3215 4749 Verbum
3241 4695 3502 4761 divinum,
3532 4704 3594 4747 ut
3622 4710 3686 4769 ex
3713 4706 3785 4744 sa-

2206 4769 2312 4823 cris
2340 4765 2556 4822 Litteris
2593 4766 2752 4835 plane
2798 4774 3028 4831 constat,
3075 4779 3290 4818 carnem
3332 4765 3699 4835 assuinpserit
3734 4768 3785 4811 ut

2206 4838 2497 4892 humanum
2544 4832 2713 4905 genus
2762 4835 3081 4897 redimeret,
3113 4848 3177 4887 ac
3223 4848 3329 4905 non
3374 4832 3583 4905 animas
3622 4832 3780 4905 solum

2206 4908 2377 4961 salute
2418 4902 2767 4975 sempiterna,
2798 4905 2895 4959 sed
2920 4918 3145 4975 corpora
3184 4903 3343 4975 etiam
3388 4902 3781 4975 immortalitate

2209 4976 2453 5038 donaret,
2486 4971 2583 5029 cur
2613 4990 2718 5027 non
2752 4975 2926 5043 potuit
2956 4971 3216 5043 Maximus
3244 4972 3424 5043 dicere
3443 4971 3590 5043 hanc
3631 4976 3781 5043 solum

2162 5062 2172 5081 ι
2210 5044 2397 5099 Christi
2430 5062 2641 5097 causam
2680 5040 2838 5113 fuisse
2874 5043 3152 5095 nascendi?
3184 5041 3400 5113 Scilicet
3402 5041 3566 5113 lianc
3607 5040 3776 5113 solent,

2213 5131 2405 5185 nempe
2434 5115 2600 5185 totius
2629 5108 2885 5185 hominis,
2901 5113 3003 5165 hoc
3023 5120 3107 5165 est
3126 5112 3318 5185 animae
3343 5108 3779 5185 278_c0rpo_ris-

2210 5201 2313 5254 que
2341 5176 2729 5255 sempiternam,
2752 5182 3078 5255 felicitatem.
3110 5179 3188 5255 Ac
3206 5178 3274 5232 de
3302 5176 3547 5255 corporis
3574 5176 3777 5255 quidem

2211 5248 2603 5310 resurrectiome
2631 5254 2761 5307 satis
2785 5252 2983 5305 dictum
3007 5256 3119 5314 est;
3144 5248 3210 5302 de
3249 5248 3419 5301 salute
3459 5258 3640 5303 autem
3668 5248 3772 5299 aui-

2211 5340 2308 5377 m:c
2347 5326 2425 5378 sic
2462 5323 2547 5376 ille
2576 5323 2628 5375 in
2650 5322 2835 5375 eadem
2862 5320 3078 5373 homilia
3108 5316 3295 5373 scribit
3320 5335 3331 5369 :
3360 5315 3566 5371 Idcirco
3599 5316 3773 5381 Unigr—

2210 5396 2344 5448 nitus
2376 5392 2624 5446 Altissimi
2650 5407 2849 5444 sumere
2866 5390 3111 5460 dignatus
3135 5398 3209 5442 est
3237 5402 3464 5460 carnem,
3496 5386 3777 5455 complexus

2209 5474 2283 5518 est
2306 5478 2525 5525 crucem,
2548 5472 2602 5513 ut
2629 5471 2693 5524 te,
2716 5463 2803 5527 qui
2822 5455 3033 5512 crimina
3062 5468 3146 5510 tua
3166 5455 3379 5511 evadere
3393 5465 3667 5527 et‘peccatu
3679 5466 3772 5527 non

2206 5544 2409 5603 poteras
2435 5572 2449 5595 ,
2506 5520 2828 5603 indulgentia
2867 5532 3065 5598 faceret
3102 5529 3425 5603 innocentem
3462 5520 3501 5603 Ξ.
3531 5526 3644 5578 ideo
3677 5520 3772 5603 lui-

2208 5592 2492 5657 inaculutus
2513 5592 2686 5671 Agnus
2713 5592 2907 5652 occisus
2931 5610 3029 5657 est,
3062 5605 3115 5647 ut
3142 5616 3163 5647 ιι
3163 5595 3250 5664 jus
3272 5612 3452 5648 cruore
3481 5592 3685 5647 humsmi
3700 5601 3772 5653 ge“

2211 5676 2344 5727 ueris
2377 5670 2581 5725 macula
2608 5678 2904 5741 tergei'etur.
