3910 6238
482 259 585 317 “3

1727 265 1782 318 S.
1824 263 2068 318 MAXIM]
2109 264 2560 322 TAURINENSIS

3638 273 3759 330 ια

479 369 737 434 dixerim;
767 377 851 423 est
882 369 1025 423 enim
1054 370 1346 426 similitudo
1379 386 1486 424 non
1519 385 1701 439 parva.
1735 371 1887 427 Sicut
1911 374 2056 428 enim
2084 383 2130 437 Α
2163 385 2187 414 ο
2218 376 2344 431 Hmc
2387 378 2645 432 virtutum
2668 379 2854 435 .lidelis
2892 389 2975 436 est
3011 397 3294 447 memoria,
3338 402 3457 456 qua:
3503 389 3649 443 intra
3690 406 3755 444 so

480 458 742 513 Dominus
768 457 836 513 de
874 460 1062 514 matris
1086 461 1243 515 vulva
1268 461 1422 516 vivus
1447 462 1645 529 exivit,
1688 463 1762 517 ita
1789 471 1846 518 et
1872 465 1939 518 de
1964 463 2060 519 Jo-

480 548 614 616 seph
638 547 792 622 vivus
810 548 1084 616 sepultura
1111 551 1344 605 surrexit
1376 569 1387 603 :
1413 559 1468 606 et
1494 551 1634 606 sicut
1659 559 1788 608 tunc
1813 552 1881 608 de
1906 562 2061 609 utero

481 639 548 694 ad
571 640 963 709 prredicandum
990 651 1152 696 natus
1179 653 1293 708 est,
1345 644 1418 697 ita
1441 652 1496 698 et
1522 660 1666 698 nunc
1692 644 1758 699 ad
1787 646 2062 714 evangeli-

480 727 710 783 uadum
737 735 958 784 renatus
978 719 1060 784 est
1087 729 1156 785 de
1178 731 1445 801 sepulcro.
1468 731 1578 788 Nisi
1606 733 1750 802 quod
1776 734 2064 801 gloriosior

481 818 583 874 ista
617 832 780 887 quam
826 818 916 873 illa
952 819 1226 888 nativitas.
1272 819 1366 874 illa
1414 822 1558 875 enim
1598 837 1792 892 corpus
1835 823 2062 878 mortale

479 909 685 979 genuit,
711 909 827 964 hzec
848 909 1013 969 edidit
1041 910 1377 964 immortale:
1405 919 1525 980 post
1551 911 1696 984 illam
1725 913 2060 967 nativitatem

480 996 550 1050 ad
577 994 777 1052 inferos
805 1005 832 1033 ⁸
862 996 1227 1066 descenditur,
1253 1005 1374 1067 post
1398 999 1536 1079 hanc
1565 1010 1836 1055 remeatur
1858 1002 1924 1055 ad
1958 1018 2061 1057 cm-

481 1087 581 1142 los.
616 1087 936 1156 Religiosior
966 1089 1126 1158 plane
1155 1089 1254 1143 ista
1299 1098 1382 1144 est
1430 1106 1593 1159 quam
1643 1091 1733 1145 illa
1784 1091 2055 1147 nativitas.

477 1176 572 1233 llla
593 1177 737 1232 enim
767 1178 934 1233 totius
956 1177 1138 1234 mundi
1169 1178 1453 1232 Dominum
1484 1195 1676 1233 novem
1704 1180 1974 1236 mensibus
2004 1181 2059 1234 in

480 1274 636 1321 utero
657 1253 902 1322 clausum
925 1269 1116 1333 tenuit,
1151 1269 1264 1322 haec
1289 1277 1470 1323 autem
1498 1269 1522 1307 δ
1556 1270 1715 1323 tridui
1745 1279 1950 1324 tantum
1979 1279 2060 1324 tu-

476 1355 606 1409 muli
635 1357 840 1423 gremio
866 1356 1187 1420 custodivit;
1214 1358 1305 1427 illa
1333 1367 1648 1413 cunctorum
1678 1376 1831 1428 spem
1857 1360 2060 1415 tardius

478 1448 746 1516 protulit,
797 1447 914 1522 haec
972 1449 1214 1502 omnium
1277 1449 1505 1504 salutem
1553 1452 1709 1506 citius
1755 1454 2056 1508 suscitavit.

481 1538 496 1565 ⁸
553 1534 684 1601 Quae
739 1537 1073 1606 comparatio
1131 1539 1336 1594 ventris
1391 1548 1446 1593 et
1501 1541 1733 1606 tumuli;
1792 1559 1916 1597 cum
1968 1545 2057 1599 illa

476 1627 636 1696 281
667 1641 732 1679 ex
750 1626 961 1680 'intimis
988 1627 1286 1683 visceribus
1310 1629 1475 1684 edidit
1514 1630 1704 1697 lilium,
1747 1633 1834 1688 hic
1878 1644 2057 1690 autem

2165 470 2447 525 continens
2491 469 2782 535 Christum,
2821 471 2938 526 laedi
2980 488 3103 527 cum
3131 474 3508 531 haereticorum
3551 495 3752 535 curru-

2163 559 2348 627 ptione
2377 576 2486 613 non
2516 562 2752 628 patitur;
2783 562 2852 617 de
2893 577 2998 632 qua
3044 567 3304 632 memoria
3335 568 3390 620 in
3419 569 3590 624 sacris
3615 569 3757 625 dicit

2163 649 2459 706 Dominus:
2495 649 2904 724 Quotiescunque
2930 654 3025 708 hoc
3057 653 3077 692 τ
3113 657 3336 725 facietis,
3356 661 3411 712 in
3446 663 3756 714 memoria-

2162 741 2261 792 mei
2290 741 2511 808 facietis,
2535 741 2696 795 donec
2717 743 2915 798 veniam
2938 743 3086 814 (Luc.
3117 746 3270 816 nu).
3311 747 3758 819 Quotiescunque

2161 831 2303 884 enim
2325 829 2594 886 ChriStum
2623 833 2912 902 loquimur,
2939 837 3100 893 toties
3120 853 3244 893 eum
3273 842 3414 896 sacri
3443 842 3558 898 oris
3587 853 3612 891 ε
3634 858 3758 898 me~

2163 921 2336 975 moria
2379 924 2841 980 commendamus.
2891 925 3210 996 Sepulcrum
3253 946 3384 1002 ergo
3430 942 3621 1002 patens
3668 943 3760 990 est

2161 1022 2345 1084 guttur
2374 1011 2400 1050 δ
2429 1030 2637 1069 eorum.
2664 1016 2836 1072 Recte
2863 1018 3023 1087 plane
3059 1021 3192 1076 dicit
3235 1025 3533 1094 propheta;
3563 1027 3758 1094 sepul-

2162 1121 2315 1159 crum
2329 1106 2469 1159 enim
2485 1105 2683 1162 Christi
2693 1117 2886 1177 patens
2899 1119 2981 1165 est
2995 1113 3446 1180 evangelistarmn
3458 1118 3620 1187 233
3631 1119 3761 1169 bea-

2158 1202 2272 1248 tum
2301 1202 2500 1263 guttur,
2549 1212 2646 1265 per
2672 1199 2816 1266 quod
2857 1200 2987 1254 illud
3027 1210 3234 1257 aeterno
3275 1204 3579 1260 litterarum
3625 1207 3762 1259 the-

2158 1299 2322 1338 sauro
2373 1285 2747 1341 condiderunt.
2804 1287 2999 1346 Patens
3045 1301 3223 1348 autem
3272 1296 3577 1363 sepulcrum
3630 1297 3762 1351 ideo

2160 1373 2374 1437 dicitur,
2402 1377 2526 1444 quia
2551 1378 2642 1445 qui
2664 1379 2780 1432 vult
2800 1379 2868 1434 ad
2887 1378 3084 1437 Christi
3106 1384 3392 1451 pervenire
3411 1386 3762 1455 mysterium,

2160 1481 2269 1519 non
2299 1466 2600 1534 ingreditur
2633 1468 2700 1522 ad
2732 1469 2882 1536 illud,
2929 1471 3030 1528 nisi
3072 1488 3170 1541 per
3198 1473 3211 1510 ί
3242 1475 3570 1543 evangeliea:
3610 1475 3764 1531 Scri-

2159 1564 2332 1626 ptura:
2353 1566 2643 1612 secretum.
2664 1559 2676 1607 i
2702 1558 2760 1612 In
2784 1558 3105 1615 Litterarum
3129 1563 3576 1620 enim‘sacrarum
3597 1567 3763 1634 quasi

2159 1646 2392 1716 quodam
2421 1662 2564 1702 novo
2586 1650 2803 1704 vasculo
2827 1650 2852 1686 ιε
2877 1652 3337 1709 commendandus
3359 1662 3444 1710 est
3473 1654 3760 1712 Dominus.
3776 1648 3790 1655 ’

470 1715 815 1813 solummodo
865 1716 1041 1813 locum
1081 1720 1390 1813 praestiterit
1432 1722 1768 1813 sepulturzet
1796 1727 1814 1756 ³
1845 1724 1913 1778 At
1959 1741 2060 1795 ego
2090 1736 2137 1795 Β
2165 1715 2415 1804 Quisquis
2445 1737 2606 1806 igitur
2634 1738 2763 1793 illud
2782 1739 2963 1794 videre
2984 1740 3273 1808 desiderat,
3306 1744 3377 1797 ibi
3405 1751 3462 1798 et
3484 1745 3762 1813 passionis

473 1803 627 1868 dico,
676 1819 784 1858 non
833 1805 1098 1860 minorem
1143 1804 1344 1876 Ioseph
1390 1808 1640 1863 allectum
1701 1811 1862 1866 fuisse
1901 1828 2061 1882 quam

474 1892 673 1948 Mariae.
724 1893 998 1963 Siquidem
1049 1895 1138 1949 illa
1184 1905 1339 1951 utero
1381 1897 1664 1953 Dominum
1690 1943 1704 1967 ,
1761 1901 1849 1956 hic
1897 1904 2061 1959 corde

472 1984 787 2053 conceperit
816 1995 871 2049 ες
903 1984 992 2038 illa
1030 1983 1292 2040 Salvatori
1320 1987 1682 2042 membrorum
1726 2005 1944 2046 suorum
1971 2008 2059 2048 se-

472 2082 680 2129 cretum
728 2076 996 2143 praestitit,
1029 2075 1055 2112 ἀ
1088 2077 1174 2130 hic
1220 2087 1486 2131 secretum
1534 2079 1615 2132 sui
1664 2082 1907 2150 corporis
1950 2098 2060 2138 non

474 2166 721 2233 negavit;
754 2166 841 2219 illa
863 2166 1146 2220 Dominum
1173 2167 1364 2237 pannis
1386 2169 1608 2224 involvit
1627 2188 1746 2225 cum
1778 2181 1935 2228 natus
1954 2182 2056 2238 est,

473 2253 561 2308 hic
590 2254 767 2309 linteis
789 2271 911 2310 cum
937 2259 1187 2322 recessit;
1223 2259 1311 2311 illa
1341 2261 1592 2328 perunxit
1618 2262 1836 2316 beatum
1864 2280 2061 2333 corpus

473 2343 619 2408 oleo,
648 2344 739 2399 hic
766 2346 1096 2400 aromatibus
1116 2347 1420 2401 honoravit.
1445 2347 1786 2404 Conveniunt
1808 2367 1935 2422 ergo
1956 2355 2060 2409 sibi

471 2434 749 2503 obsequia,
780 2438 1034 2492 convenit
1081 2446 1136 2492 et
1182 2438 1434 2505 allectus;
1466 2441 1607 2495 unde
1633 2458 1852 2498 necesse
1895 2455 1977 2500 est
2005 2456 2060 2501 et

471 2525 723 2578 meritum
769 2527 1076 2591 convenire,
1119 2528 1221 2581 nisi
1267 2529 1411 2596 quod
1457 2531 1678 2599 angelus
1725 2532 1942 2588 Mariam
1991 2536 2058 2590 ad

469 2618 787 2687 obsequium
811 2620 1121 2687 admonuit,
1148 2622 1349 2694 Joseph
1372 2634 1550 2680 autem
1574 2630 1689 2684 sola
1705 2630 1913 2699 justitia
1933 2649 2058 2703 per-

468 2708 662 2774 suasit;
691 2708 983 2780 Josephin
1012 2729 1109 2768 suo
1135 2717 1385 2785 sepulcro
1413 2721 1591 2788 posuit
1614 2722 1916 2777 Dominum.
1952 2725 2055 2780 Le-

468 2799 645 2866 gimus
674 2799 726 2853 in
756 2802 1024 2872 propheta
1051 2823 1062 2857 :
1099 2805 1404 2874 Sepulcrum
1445 2821 1626 2879 patens
1651 2825 1725 2866 est
1751 2823 1926 2885 guttur
1970 2835 2057 2871 eo-

467 2905 585 2942 rum
613 2890 786 2960 (Psal.
819 2894 894 2963 v).
927 2893 982 2948 Si
1014 2910 1142 2965 ergo
1184 2898 1487 2966 sepulcrum
1526 2910 1714 2969 patens
1754 2914 1836 2959 est
1874 2916 2057 2971 guttur

466 2978 772 3044 hominum;
803 2983 924 3036 vide
961 2999 1030 3038 ne
1078 2984 1217 3039 forte
1245 2989 1540 3043 secundum
1573 2991 1716 3047 hanc
1751 2995 2055 3051 similitudi-

2165 1826 2281 1893 ejus
2323 1835 2720 1880 sacramentum
2751 1827 2766 1864 ι
2802 1827 3023 1891 invenit,
3074 1839 3128 1884 et
3173 1833 3592 1887 resurrectionis
3639 1833 3761 1902 glo-

2165 1916 2298 1969 riam
2326 1918 2685 1984 recognoscit.
2714 1916 2910 1973 Patens
2938 1933 3066 1988 ergo
3090 1928 3274 1988 guttur
3292 1930 3604 1976 sanctorum
3633 1931 3759 1985 est;

2164 2007 2305 2084 unde
2332 2006 2619 2076 Apostolus
2652 2008 2719 2062 ad
2765 2007 3075 2066 Corinthios
3105 2011 3179 2065 ait
3203 2031 3216 2065 :
3251 2011 3325 2067 Os
3351 2022 3586 2068 nostrum
3610 2024 3760 2081 patet

2164 2096 2233 2148 ad
2260 2113 2368 2162 ros,
2396 2113 2426 2150 ο
2455 2095 2707 2151 Corinthii
2731 2097 2783 2168 (Ι
2808 2098 2930 2153 Cor.
2956 2100 3031 2169 v1)
3059 2119 3070 2152 :
3097 2101 3327 2156 invitans
3355 2117 3450 2156 eos
3472 2111 3530 2156 ut
3552 2103 3758 2172 prmdi-

2165 2187 2396 2242 cationis
2441 2203 2550 2242 suae
2591 2203 2805 2258 semper
2845 2198 3086 2258 apertam
3123 2189 3343 2260 januam
3384 2194 3759 2262 ingrediantur

2165 2286 2202 2312 ω
2219 2277 2417 2333 Christi
2438 2288 2644 2333 secreta
2669 2282 2942 2350 mysteria.
2969 2281 3027 2335 In
3057 2283 3159 2337 hac
3185 2283 3348 2350 igitur
3373 2287 3613 2353 pectoris
3634 2301 3758 2339 me-

2162 2370 2334 2423 moria
2375 2371 2675 2425 collocatur
2703 2371 2960 2428 Dominus
2986 2389 3017 2427 a
3052 2373 3272 2442 Joseph,
3302 2383 3328 2410 ιι
3361 2383 3417 2428 ut
3449 2376 3502 2429 in
3526 2376 3756 2442 justitire

2160 2460 2288 2517 sede
2317 2462 2641 2530 requiescat,
2676 2471 2731 2517 et
2756 2463 2952 2518 habeat
2977 2464 3146 2521 Filius
3174 2466 3403 2520 hominis
3446 2466 3535 2520 ubi
3584 2477 3754 2539 caput

2160 2549 2404 2603 reclinet.
2438 2548 2725 2607 Videamus
2766 2552 2926 2622 igitur
2972 2567 3139 2622 quare
3181 2552 3428 2608 Salvator
3470 2555 3523 2608 in
3573 2555 3752 2611 aliena

2159 2640 2435 2709 sepultura
2464 2649 2718 2709 ponatur,
2757 2657 2822 2696 ac
2850 2657 3000 2698 suam
3031 2659 3142 2697 non
3171 2643 3369 2698 haheat
3389 2645 3749 2714 sepulturam.

2158 2730 2283 2784 Ideo
2327 2732 2381 2785 in
2425 2732 2599 2786 aliena
2638 2733 2912 2802 sepultura
2939 2735 3174 2802 ponitur,
3207 2736 3331 2803 quia
3372 2751 3471 2805 pro
3513 2737 3751 2790 aliorum

2158 2824 2488 2877 moriebatur
2515 2825 2716 2889 salute;
2747 2834 2941 2881 °mors
2987 2827 3130 2881 enim
3173 2829 3275 2883 ista
3325 2845 3432 2883 non
3480 2829 3556 2882 illi
3599 2829 3748 2883 illata

2158 2921 2258 2977 est,
2289 2914 2386 2967 sed
2411 2915 2566 2970 nobis
2594 2914 2797 2979 delata;
2830 2931 2976 2971 mors
3004 2917 3104 2972 ista
3137 2934 3245 2972 non
3274 2919 3349 2972 illi
3388 2919 3613 2983 accidit,
3647 2918 3746 2974 sed

2157 3002 2313 3057 nobis
2343 3003 2572 3071 prolicit.
2600 3002 2670 3057 Ut
2691 3004 2820 3072 quid
2847 3020 2976 3075 ergo
3004 3007 3054 3061 ei
3083 3008 3298 3076 propria
3323 3009 3618 3077 sepultura,
3645 3010 3742 3078 qui

466 3086 588 3125 nem
617 3072 898 3128 Dominum
927 3073 1126 3146 Joseph
1159 3095 1266 3132 non
1297 3089 1408 3133 tam
1439 3083 1494 3135 in
1532 3084 1808 3152 sepultura
1840 3095 2052 3142 terrena
2083 3101 2126 3159 ς
2159 3095 2214 3147 in
2241 3110 2302 3148 se
2332 3103 2562 3149 mortem
2615 3097 2888 3165 propriam
2915 3072 3043 3151 inon
3085 3072 3355 3153 habebat?
3388 3072 3453 3153 ‘ut
3498 3098 3625 3168 quid
3668 3072 3748 3150 illi

465 3163 728 3229 posuerit,
749 3179 911 3232 quam
934 3166 987 3218 in
1010 3177 1360 3222 monumento
1383 3171 1464 3223 sui
1489 3174 1725 3240 pectoris
1749 3176 2050 3241 collocarit,

464 3259 519 3305 et
547 3253 956 3308 custodiendum
987 3256 1135 3310 illum
1158 3261 1480 3327 susceperit,
1514 3278 1623 3316 non
1653 3272 1763 3318 tam
1793 3270 2053 3322 memoria

465 3339 636 3411 fragili
658 3344 1070 3414 elementorum,
1094 3361 1257 3416 quam
1277 3351 1535 3406 memoria
1561 3365 1749 3409 sancta
1769 3357 2049 3414 virtutum.

2152 3184 2390 3238 tumulus
2426 3185 2480 3237 in
2510 3185 2689 3247 terris,
2721 3183 2869 3254 cujus
2896 3186 3053 3242 sedes
3087 3173 3344 3242 manebat
3385 3189 3438 3241 in
3468 3188 3656 3242 caelis?
3685 3197 3744 3242 ut

2151 3274 2279 3341 quid
2297 3274 2368 3327 illi
2384 3275 2683 3344 sepultura,
2701 3287 2727 3325 ιι
2742 3276 2834 3345 qui
2852 3275 3011 3330 tridui
3031 3284 3239 3332 tantum
3261 3280 3518 3348 temporis
3539 3279 3739 3348 spatio,

2152 3382 2260 3420 non
2290 3374 2401 3419 tam
2447 3368 2502 3420 in
2541 3368 2791 3438 sepulcro
2821 3375 3066 3425 mortuus
3089 3370 3277 3438 jacuit,
3310 3385 3475 3438 quam
3505 3370 3653 3424 velut
3687 3371 3741 3423 in

537 3527 564 3556 ι
762 3518 943 3599 Casia.
979 3521 1100 3587 108,
1133 3525 1202 3576 ad
1223 3525 1415 3596 inferos
1445 3527 1731 3597 descendit,
1764 3542 1880 3599 post
1909 3532 2044 3589 hanc
2145 3537 2285 3590 enim
2314 3539 2569 3592 sacrario.

465 3590 709 3642 remeavit
732 3589 802 3643 ad
827 3592 1001 3645 calas.
1281 3589 1291 3596 ⁷

538 3653 564 3692 δ
600 3655 735 3728 Cod.
764 3657 943 3728 Casin.
971 3658 1074 3713 108
1092 3669 1152 3714 et
1181 3661 1303 3717 Vat.
1337 3663 1494 3728 {270,
1525 3667 1716 3722 triduo.

539 3734 564 3810 ξ
591 3724 912 3810 Codd.n\’at.
943 3728 1102 3810 117.9.
1125 3739 1183 3810 et
1208 3731 1390 3786 Casin.
1421 3724 1542 3798 108,
1575 3743 1823 3810 concepit.

536 3790 564 3835 ἀ
593 3791 728 3861 Cod.
753 3793 932 3850 Casin.
966 3790 1098 3861 108,7
1116 3800 1197 3852 hic
1225 3813 1274 3854 et
1302 3790 1564 3856 secretum.

537 3871 563 3900 ο
591 3860 764 3918 Codd.
787 3865 862 3936 __S.
893 3860 1082 3924 Crucis
1107 3869 1160 3922 in
1188 3869 1323 3934 Jer.,
1354 3881 1409 3926 et
1441 3872 1499 3927 S.
1528 3873 1716 3932 Crucis
1761 3878 1952 3934 Minor.
1986 3883 2038 3936 in

468 3932 746 3998 Laurent.,
775 3933 902 3989 ﬂare
924 3937 1061 3990 enim
1089 3932 1348 3994 uirtutum.

543 4000 560 4038 τ
588 3999 722 4056 Item
749 4004 927 4085 codd:
954 4006 1013 4060 S.
1043 4005 1237 4085 Crucis
1263 4009 1476 4078 Minon,
1510 4021 1565 4067 et
1592 4013 1870 4085 Laurent.,
1904 4018 2044 4084 Quo-

465 4073 758 4142 tiescunque
776 4073 872 4126 hoc
899 4075 1142 4144 feceritis.

538 4150 563 4187 κ
592 4140 727 4195 Cod.
760 4140 1036 4195 Lateran..
1066 4151 1278 4195 memori

635 4157 727 4195 ou.
760 4157 1036 4210 Lateran.,
1066 4157 1342 4203 memoriae.

537 4207 564 4245 ιι
591 4209 760 4266 Codd.
792 4210 871 4287 _90
899 4212 956 4287 S.
987 4207 1173 4287 Crucis
1207 4219 1258 4271 in
1287 4219 1604 4287 Jerusalem,
1631 4232 1686 4278 et
1714 4225 2043 4282 Lateranen—

462 4280 556 4363 sisz
588 4282 1063 4363 guttur'hominum.
1091 4282 1240 4363 Quod
1265 4300 1400 4343 recte
1420 4302 1570 4362 atque
1589 4280 1745 4363 plane
1766 4280 2039 4361 dicit,ic_tﬁc.

2221 3605 2244 3643 ι
2268 3606 2439 3662 Codd.
2470 3607 2527 3661 S.
2553 3607 2742 3663 Crucis
2761 3608 2979 3672 Minoa,
3004 3618 3060 3663 et
3078 3609 3135 3665 S.
3156 3609 3345 3666 Crucis
3369 3611 3422 3665 in
3445 3611 3580 3678 Jer.,
3608 3630 3740 3668 noro

2132 3678 2354 3731 sarculo
2385 3678 2772 3732 commendatus
2791 3686 2868 3732 est
2895 3678 3168 3734 Dominus.

2223 3745 2238 3784 ι
2272 3745 2409 3801 Cod.
2442 3746 2500 3800 S.
2531 3746 2718 3802 Crucis
2747 3747 2962 3810 Minor.,
3005 3757 3386 3804 sacramentum
3413 3751 3656 3818 inratiet,
3687 3761 3736 3806 et

2149 3819 2543 3871 resurrectionis
2570 3818 2789 3888 gloriam
2818 3827 3165 3887 recognoscet.

2219 3896 2256 3921 ω
2283 3885 2419 3941 Cod.
2443 3886 2646 3941 Casiu..
2676 3887 2746 3940 ad
2769 3885 2963 3941 Christi
2983 3897 3180 3941 secreta

2222 3964 2248 4036 τι
2278 3927 2419 4010 ὅόιῖξ
2674 3927 3217 4022 ἓῖυέἷέἰῖὶἷιῖζνὲἇῖὁε
3239 3957 3463 4029 ἀκειίιειε
3480 3959 3628 4013 sedes
3655 3978 3734 4016 re-

2150 4035 2426 4148 “magia
2453 4093 2574 4148 cod.
2619 4093 2674 4148 S.
2713 4093 2900 4160 Crucis
2927 4093 3079 4157 Min.,
3101 4111 3242 4150 mors
3282 4110 3387 4149 non
3414 4097 3493 4151 illi
3522 4099 3732 4152 accidit.

2153 4161 2406 4234 Somnum
2453 4166 2623 4234 potius
2653 4166 2822 4234 fuisse
2848 4180 3001 4234 quant
3042 4173 3288 4234 mortem;
3317 4182 3456 4220 mors
3481 4170 3616 4222 enim
3648 4171 3739 4222 isti

2149 4232 2301 4284 illata
2328 4242 2423 4296 est,
2451 4231 2598 4286 nobis
2626 4231 2830 4304 delata;
2861 4231 2996 4304 'cod.
3046 4231 3114 4286 99
3159 4232 3215 4288 S.
3267 4234 3454 4289 Crucis
3501 4237 3555 4291 in
3593 4235 3763 4304 εἰει-..ζ’

2152 4318 2292 4354 mors
2317 4304 2455 4371 enim
2492 4304 2593 4356 ista
2636 4320 2739 4357 non
2772 4303 2849 4356 illi
2886 4303 3035 4356 illata
3075 4313 3175 4371 est,
3211 4305 3302 4358 sed
3341 4305 3487 4360 nobis
3527 4308 3728 4369 delata;

590 4346 1034 4438 Alfaterann
1061 4355 1164 4408 nisi
1192 4375 1283 4426 per
1305 4346 2043 4437 cvange'licdrumscriptura;
2075 4362 2122 4420 Ι)

463 4435 576 4472 rum
602 4428 818 4473 secreta.

536 4487 721 4543 tCod.
754 4489 873 4560 γει.
907 4488 1062 4560 12707,
1116 4493 1182 4547 In
1229 4495 1544 4553 Litterarum
1591 4503 1727 4555 enim
1778 4521 2046 4560 sacrarum

461 4561 728 4628 mysterio.
758 4558 891 4614 Cod.
923 4559 992 4614 90
1031 4559 1089 4614 S.
1119 4563 1308 4621 Crucis
1350 4569 1402 4621 in
1449 4567 1582 4636 Jer.,
1628 4569 1692 4624 In
1734 4558 2044 4630 Litterarum

534 4708 549 4738 ί
592 4706 748 4781 Apud
785 4709 1020 4767 editores
1055 4728 1247 4772 omnes
1292 4718 1405 4776 hzec
1451 4720 1678 4776 humilia
1717 4723 1883 4778 habet
1925 4725 2045 4781 titu-

463 4777 571 4862 lum
598 4794 612 4829 :
645 4776 994 4862 De_pas‘sione
1020 4792 1069 4835 et
1088 4787 1351 4862 sepultura
1374 4789 1616 4862 Domini,
1646 4776 1816 4862 atque
1833 4776 2041 4849 init—ium

461 4845 793 4930 hujusmodi.
825 4848 1078 4930 Fortasse
1117 4845 1244 4930 quis
1264 4858 1406 4930 dicat
1430 4860 1496 4914 de
1524 4845 2044 4929 prioris‘dominimc

461 4917 863 4996 praedicatione,
883 4919 934 4972 in
957 4936 1061 4996 qua
1085 4917 1490 4996 praedicavimus
1515 4917 1618 4985 non
1641 4917 1901 4988 minorem
1925 4917 2044 4990 esse

461 4984 708 5053 gloriam,
724 4990 866 5068 quod
889 4984 1126 5047 tumulus
1149 4993 1346 5068 Joseph
1369 4984 1711 5054 suscitaverit
1720 4984 2038 5068 Domi—num,

460 5068 622 5138 quam
638 5057 791 5138 quod
818 5072 938 5138 eum
969 5071 1174 5138 sancta:
1203 5057 1382 5138 Maria;
1413 5077 1594 5125 uterus
1628 5074 1945 5138 procrearit.

533 5125 1047 5212 tidtnegoaico‘non
1075 5135 1326 5212 minorem
1351 5135 1543 5212 J_o_sepl_t
1582 5125 1821 5208 affectum
1862 5125 2039 5212 fuisse,

460 5193 848 5266 quam_Mariar,
881 5205 987 5252 etc.
1011 5231 1080 5239 —
1102 5203 1339 5259 Assumit
1370 5205 1457 5260 hic
1475 5193 1748 5265 'Maxiinus
1773 5193 2042 5266 exornati:

461 5261 587 5346 dum
601 5261 812 5344 ‘Joseph
835 5267 903 5320 ab
922 5268 1242 5346 Arimathzua
1259 5276 1602 5346 dilectionem
1618 5261 1746 5346 erga
1771 5261 2040 5346 Christum

461 5332 765 5420 Dominum,
795 5350 1020 5420 eamque
1058 5345 1267 5420 caritati
1315 5343 1492 5420 maria}
1541 5332 2042 5420 Virginis—aquis;

460 5417 582 5456 rare
622 5405 852 5487 videtur.
891 5405 1086 5487 Verum
1124 5413 1418 5487 s_i_qu:e»in
1457 5405 1660 5487 Ioseph
1700 5405 2042 5474 comm'endat

460 5475 875 5545 perpendantur,
908 5479 1110 5545 patebit
1140 5475 1352 5537 Maiimi
1401 5475 1625 5540 animus
1651 5489 1917 5543 laudantis
1945 5489 2039 5543 Jo-

458 5543 591 5626 seiih
621 5543 691 5597 ob
719 5543 959 5626 extrema
989 5547 1164 5626 ollicia
1198 5567 1324 5621 erga
1352 5553 1553 5620 Jesum,
1583 5559 1670 5611 cui
1712 5568 1925 5613 mortuo
1954 5560 2038 5613 di-

460 5624 618 5680 gnam
666 5615 890 5684 pnnbuit
934 5615 1286 5690 sepulturam,
1313 5640 1518 5695 suoque
1542 5615 1600 5681 in
1630 5643 1772 5683 novo
1800 5631 2040 5684 condidit

2221 4439 2713 4513 l’le..Latera_n.,
2743 4443 2826 4512 qui
2856 4442 3024 4513 triduo
3053 4451 3253 4513 tantum
3282 4459 3385 4497 non
3430 4453 3535 4498 tam
3562 4447 3613 4499 in
3644 4461 3728 4499 se-

2150 4509 2328 4580 pulcro
2355 4520 2585 4565 mortuus
2606 4509 2811 4581 jacens,
2841 4511 2994 4564 veluti
3020 4513 3075 4564 in
3103 4511 3287 4567 lectulo
3313 4515 3518 4584 quieuit.

2147 4739 2519 4785 monumento.
2549 4730 2758 4786 Similia
2789 4733 3026 4788 nascenti
3049 4733 3105 4787 in
3132 4733 3382 4792 humanis
3412 4733 3506 4789 Dei
3533 4735 3668 4790 Filio
3697 4755 3724 4792 a

2148 4797 2313 4875 Maria
2358 4802 2614 4875 praestita
2640 4800 2804 4875 fuisse
2840 4802 3484 4875 dicunturaSanguioemA
3505 4807 3723 4875 scilicet,

2145 4869 2311 4940 vitam
2361 4877 2415 4940 et
2454 4871 2693 4925 membra
2724 4872 2778 4925 in
2819 4887 2918 4926 suo
2947 4873 3233 4940 purissimo
3264 4869 3418 4927 utero
3460 4869 3724 4931 Salvatori

2145 4938 2310 5010 dedit,
2347 4939 2570 5007 ejusque
2598 4940 2878 4995 infantiam
2905 4938 3038 4995 aluit
3071 4950 3235 5010 atque
3266 4944 3492 4998 curavit.
3524 4942 3724 4999 Princi-

2146 5009 2290 5076 pium
2322 5019 2450 5076 ergo
2474 5009 2796 5074 dilectionis,
2827 5019 2880 5065 et
2910 5011 3031 5065 ﬂuis
3060 5011 3112 5064 iu
3143 5009 3370 5078 utroque
3399 5013 3601 5075 similis,
3631 5017 3721 5069 sed

2148 5093 2252 5150 non
2281 5079 2502 5150 mqualis
2530 5080 2776 5144 intentio,
2809 5089 2971 5150 atque
2998 5081 3242 5134 extensio
3275 5082 3530 5135 caritatis.
3565 5082 3723 5139 Amor

2147 5149 2289 5218 enim
2318 5145 2462 5216 erga'
2475 5147 2660 5211 Deum,
2701 5163 2809 5217 quo
2853 5145 3055 5218 purior,
3085 5159 3141 5202 et
3167 5151 3406 5204 sanctior
3433 5154 3629 5215 anima,
3659 5169 3722 5208 eo

2147 5216 2463 5284 perfectior;
2493 5233 2612 5272 cum
2641 5216 2733 5272 illo
2761 5216 2884 5286 igne
2913 5234 2942 5272 a
2973 5219 3086 5273 Deo
3111 5219 3229 5287 ipso
3251 5219 3413 5273 corda
3446 5218 3724 5275 incendan-

2145 5292 2250 5357 tur,
2284 5295 2434 5341 tanto
2468 5288 2836 5357 vehementior
2879 5297 2960 5342 est
3004 5287 3242 5357 ﬂamma,
3284 5303 3392 5354 quo
3433 5290 3604 5357 major
3643 5303 3722 5345 est

2144 5354 2425 5426 dispositio
2454 5355 2518 5410 ad
2551 5373 2667 5411 eam
2709 5357 3091 5426 recipiendam.
3145 5356 3448 5411 Laudabilis
3477 5354 3604 5426 ergo
3630 5359 3721 5413 Jo-

2142 5425 2295 5492 seph,
2325 5426 2416 5494 qui
2460 5427 2592 5479 nihil
2631 5425 2907 5481 omisit’ut
2946 5425 3295 5495 Redemptori
3323 5425 3587 5483 honorem
3611 5431 3723 5484 cul-

2143 5502 2372 5567 tumque
2388 5505 2693 5567 prmstaret;
2722 5496 2815 5550 sed
2841 5496 3200 5567 venerabilior
3225 5495 3415 5567 Maria,
3437 5514 3558 5567 qua:
3581 5516 3724 5554 mun-

2143 5563 2401 5687 gobeditdit
2429 5565 2782 5632 Salvatorem,
2829 5580 3004 5635 neque
3046 5566 3100 5620 in
3142 5580 3208 5620 eo
3247 5563 3526 5634 diligendo
3548 5584 3726 5639 parem

2183 5649 2212 5685 8
2253 5649 2302 5685 Ill
2335 5672 2350 5687 ο

2183 5649 2350 5688 δοωι.
