3910 6238
472 286 574 340 4η

1696 278 1751 333 S.
1792 275 2036 331 ΜΑχιΜι
2075 274 2530 336 TAURINENSIS

3650 289 3738 343 4'8

482 390 727 443 omnibus
775 388 1001 459 puerulo
1036 405 1047 440 :
1084 386 1381 459 Quicunque
1437 388 1780 441 numiliaverit
1830 405 1885 441 se
1926 389 2059 441 sicut
2088 392 2136 449 Α
2169 386 2185 425 ὶ
2218 391 2665 459 pervidens,folio
2694 392 2940 461 pudenda
2961 396 3223 449 contexit.
3247 393 3402 451 Prius
3422 398 3565 451 enim
3586 413 3737 466 quam

484 496 609 550 puer
636 481 753 545 iste,
782 479 865 533 hic
890 481 1061 550 major
1103 482 1202 534 erit
1250 482 1306 537 in
1354 495 1510 550 regno
1556 479 1798 533 caelorum
1827 479 2055 551 (Matth.

487 571 663 640 xvul);
692 571 832 629 unde
870 572 1214 641 intelligimus
1242 571 1385 640 quod
1415 571 1714 643 humilitate
1753 572 2063 641 pervenitur

486 663 554 716 ad
597 673 622 701 ι
669 678 928 731 regnum,
978 664 1322 733 simplicitate
1376 672 1691 732 penetratur
1734 662 1800 716 ad
1845 662 2061 717 ccelum.

486 755 739 825 Quisquis
760 770 888 823 ergo
916 758 1063 826 cupit
1091 756 1395 810 Divinitatis
1424 766 1606 809 tenere
1627 753 1853 824 fastigia,
1887 755 2065 808 humi-

488 846 656 901 litatis
684 847 791 900 ima
816 856 1085 913 sectetur;
1130 847 1435 914 quicunque
1463 846 1575 899 vult
1605 846 1823 899 fratrem
1860 860 2066 914 przcvc—

491 936 608 991 nire
633 936 925 1006 regnando,
951 938 1098 1007 prius
1127 937 1274 991 illum
1298 938 1585 1005 prmveniat
1605 938 1972 1004 obsequendo,
1995 938 2067 992 si-

492 1038 584 1085 cut
627 1030 703 1083 ait
754 1028 1043 1098 Apostolus
1097 1046 1108 1080 :
1170 1028 1381 1082 Honore
1429 1029 1643 1081 invicem
1700 1030 2067 1098 prwvenienter

496 1118 672 1189 (Rom.
719 1118 845 1188 xu),
891 1120 1071 1173 vincat
1125 1134 1247 1172 eum
1296 1116 1503 1181 ciliciis,
1536 1126 1592 1171 ut
1640 1119 1807 1187 possit
1856 1119 2068 1172 vincere

492 1209 798 1264 sanctitate.
830 1208 887 1263 Si
917 1209 1061 1262 enim
1092 1216 1142 1262 te
1172 1224 1281 1261 non
1308 1209 1441 1263 laesit
1472 1208 1496 1245 δ
1527 1207 1717 1272 frater,
1751 1208 2066 1276 obsequium

495 1289 755 1364 meretur,
780 1306 839 1351 ut
864 1298 1053 1366 diligas
1087 1315 1099 1349 :
1133 1297 1276 1366 quod
1295 1298 1337 1350 si
1368 1296 1592 1351 forsitan
1620 1298 1772 1364 laesit,
1796 1298 1966 1366 magis
1989 1296 2069 1351 of-

496 1385 671 1443 licium
692 1395 947 1449 meretur,
980 1394 1035 1438 ut
1061 1386 1258 1439 vincas.
1284 1384 1410 1439 Haec
1432 1388 1571 1439 enim
1598 1395 1791 1440 nostra:
1810 1384 2071 1441 Christia-

496 1478 677 1532 nitatis
704 1493 913 1532 summa
948 1484 1031 1532 est
1059 1486 1116 1530 ut
1145 1478 1445 1532 amantibus
1474 1478 1892 1534 vicissitudinem
1916 1518 1930 1543 ,
1976 1479 2069 1531 la:-

494 1568 743 1623 dentibus
760 1568 1073 1638 patientiam
1094 1580 1115 1607 ε
1134 1570 1506 1638 rependamus.
1525 1570 1627 1635 Qui
1648 1586 1774 1640 ergo
1791 1571 1951 1625 fuerit
1978 1588 2073 1640 pa-

497 1657 714 1711 tientior
734 1658 801 1711 ad
830 1658 1097 1725 injuriam,
1118 1659 1391 1728 potentior
1407 1660 1769 1713 constituetur
1788 1662 1842 1714 in
1872 1676 2068 1731 regno;

2168 490 2419 553 peccaret
2448 483 2747 538 honestatis
2774 493 2892 538 erat
2939 484 3126 540 colore
3145 488 3409 551 'vcstitus;
3442 494 3603 553 atque
3628 485 3737 540 ideo

2168 574 2462 629 nuditatem
2511 574 2853 630 inhonestam
2883 590 2993 630 non
3020 585 3216 630 natura
3247 577 3495 640 instituit,
3528 578 3625 631 sed
3650 578 3736 632 de—

2169 666 2278 719 licti
2308 674 2488 719 reatus
2510 666 2729 721 invenit.
2765 665 2896 719 Nam
2923 677 2978 720 et
3005 652 3179 721 sancti
3210 668 3386 737 angeli
3424 668 3479 721 in
3506 661 3736 739 splendi-

2169 756 2390 811 dissimo
2418 757 2602 810 habitu
2629 757 2929 823 constituti,
2959 758 3201 825 nunquid
3247 759 3444 812 tunicis
3491 761 3736 828 operiun-

2170 854 2259 899 tur
2299 854 2354 899 et
2401 846 2613 914 palliis?
2644 846 2750 902 Sed
2776 862 2899 900 cum
2946 848 3015 901 sit
3065 848 3118 901 in
3166 849 3267 902 illis
3298 851 3593 904 nativitatis
3636 836 3763 903 suae.

2168 936 2309 990 nuda
2340 937 2659 1000 substantia,
2693 938 2869 990 vestiti
2896 938 3146 992 videntur
3199 954 3335 1004 esse,
3388 941 3531 1009 quod
3580 942 3739 995 sancti

2170 1034 2313 1078 sunt.
2338 1024 2425 1079 Sic
2446 1027 2608 1095 igitur
2629 1034 2684 1079 ct
2711 1026 2883 1080 Adam
2914 1027 3224 1082 custodiens
3251 1031 3553 1083 honestatis
3591 1045 3737 1098 ange-

2172 1115 2287 1169 lice
2314 1116 2648 1185 dignitatem,
2678 1126 2799 1169 erat
2836 1118 3052 1184 quidem
3077 1118 3251 1172 nudus
3282 1119 3564 1173 mundanis
3592 1122 3739 1172 vestio

2172 1207 2295 1271 bus,
2325 1208 2419 1259 sed
2449 1208 2867 1261 immortalitatis
2905 1217 3023 1261 erat
3072 1209 3359 1278 splendore
3388 1212 3626 1264 vestitus.
3656 1210 3738 1261 Ni-

2173 1297 2245 1349 hil
2260 1306 2297 1332 ιη
2316 1312 2535 1365 pravum
2550 1298 3033 1366 respiciebantejus
3049 1300 3210 1364 oculi;
3235 1316 3343 1353 non
3359 1316 3455 1355 cor
3474 1300 3586 1367 ejus
3601 1308 3743 1367 turpe

2174 1389 2375 1456 aliquid
2416 1390 2715 1458 cogitabat;
2749 1401 2866 1442 erat
2895 1390 3038 1459 apud
3076 1391 3331 1444 honestas
3366 1400 3571 1444 mentes
3597 1391 3741 1442 nudi-

2176 1486 2255 1532 tas
2283 1480 2395 1547 ipsa
2428 1480 2637 1532 vestita.
2669 1478 2819 1533 Sicut
2847 1480 2992 1534 enim
3029 1480 3171 1548 apud
3223 1495 3457 1548 nequam
3510 1481 3745 1533 homines

2178 1570 2346 1637 turpis
2374 1570 2633 1637 cogitatio
2658 1585 2688 1623 a
2717 1570 3158 1638 concupiscentia
3197 1570 3439 1624 vestibus
3466 1584 3571 1623 non
3595 1583 3742 1622 arce-

2178 1669 2293 1723 tur,
2324 1660 2397 1711 ita
2446 1659 2587 1727 apud
2629 1666 2845 1713 sanctos
2881 1660 3030 1713 viros
3059 1660 3285 1713 honesta
3335 1659 3638 1728 simplicitas
3686 1655 3745 1709 ad

494 1769 603 1807 non
632 1755 777 1808 enim
805 1754 873 1809 ad
902 1754 1183 1823 imperium
1204 1754 1461 1808 etelorum
1477 1755 2067 1823 pervenitursuperbia,
2101 1746 2148 1806 Β
2174 1752 2663 1821 concupiscendum
2686 1751 2927 1804 nuditate
2952 1766 3061 1804 non
3099 1750 3360 1814 trahitur;
3392 1749 3485 1803 sed
3511 1750 3639 1803 sicut
3668 1747 3743 1799 vi-

497 1842 717 1907 divitiis,
732 1842 1070 1913 prazfectura,
1084 1844 1179 1898 sed
1201 1844 1523 1911 humilitate,
1537 1846 1812 1913 pauperie,
1830 1846 2070 1899 lenitate.

497 1934 655 1987 Arcto
677 1932 703 1970 ἀ
736 1936 872 1987 enim
898 1943 947 1986 et
967 1943 1188 2003 angusta
1212 1943 1288 1986 est
1307 1935 1389 1986 via
1412 1950 1525 2003 qua:
1553 1934 1693 1986 ducit
1719 1934 1786 1986 ad
1812 1944 1833 1971 ο
1864 1950 2075 2004 regnum

498 2026 517 2093 (
542 2024 732 2077 Matth.
764 2041 833 2078 vn
857 2024 898 2093 ).
921 2023 1172 2092 Quisquis
1199 2038 1328 2091 ergo
1349 2023 1642 2076 honoribus
1664 2021 1875 2077 inﬂatus
1897 2023 2073 2089 fuerit,

496 2124 551 2169 ct
573 2115 688 2167 auri
720 2114 984 2167 thesauris
1010 2114 1286 2176 dilatatus,
1319 2120 1576 2179 tanquam
1612 2120 1864 2166 onustum
1889 2114 2075 2166 et‘im-

496 2204 734 2272 peditum
778 2202 1007 2264 animal,
1040 2216 1136 2270 per
1166 2210 1447 2270 angustum
1499 2203 1646 2270 regni
1703 2203 1805 2256 iter
1850 2204 2079 2259 transire

495 2308 606 2346 non
638 2292 866 2361 poterit;
899 2292 1059 2346 simul
1086 2291 1246 2345 etiam
1276 2299 1335 2344 ut
1363 2307 1420 2344 se
1446 2292 1720 2346 existimat
1748 2294 2076 2361 pervenisse,

495 2385 764 2438 sarcinam
787 2382 903 2451 ejus
929 2384 1118 2451 exigua
1143 2391 1294 2450 porta
1318 2398 1424 2436 non
1446 2383 1683 2452 capiens,
1717 2382 1735 2419 ί
1761 2398 2079 2452 repercusso

497 2474 704 2537 limine,
733 2482 1029 2529 retrorsum
1074 2473 1223 2527 abire
1264 2482 1518 2543 cogetur;
1548 2483 1655 2528 tam
1686 2475 1829 2529 enim
1855 2483 2081 2544 angusta

498 2568 581 2619 est
601 2564 753 2619 diviti
778 2564 1215 2634 portaromlestis,
1248 2579 1407 2633 quam
1435 2572 1517 2618 est
1547 2564 1759 2619 camelo
1781 2580 1910 2619 acus
1939 2564 2083 2620 fora-

502 2671 625 2711 men
674 2655 960 2725 exiguum;
993 2654 1132 2709 unde
1170 2654 1245 2707 ait
1290 2656 1455 2726 286
1508 2654 1765 2710 Dominus
1798 2674 1810 2707 ε
1845 2654 2083 2711 Facilius

498 2756 575 2809 est
603 2750 857 2806 camelum
886 2764 974 2817 per
1000 2748 1235 2818 foramen
1266 2763 1390 2799 acus
1420 2749 1672 2810 transire,
1705 2764 1858 2817 quam
1880 2748 2084 2801 divitem

494 2839 693 2891 intrare
740 2838 794 2891 in
823 2855 1040 2908 regnum
1068 2839 1310 2891 caelorum
1340 2837 1553 2907 (Matth.
1588 2838 1718 2909 xxx).
1767 2838 1917 2893 Sicut
1940 2840 2083 2894 enim

494 2928 778 2993 camelum,
821 2930 1017 2983 animal
1048 2938 1348 2984 tortuosum
1387 2937 1549 2998 atque
1588 2928 1859 2994 deforme,
1892 2933 2081 2999 exigua

497 3026 523 3065 ε
553 3032 781 3071 caverna
812 3019 1085 3087 pncterire
1114 3034 1220 3073 non
1247 3020 1479 3088 patitur;
1513 3022 1587 3073 ita
1618 3029 1673 3074 et
1700 3020 1919 3075 divitem
1950 3037 2081 3075 ava-

2181 1842 2333 1896 tiosis
2363 1842 2430 1895 ad
2460 1840 2818 1909 Corruptelam
2841 1840 2981 1915 nuda
3004 1848 3127 1893 sunt
3148 1839 3361 1900 omnia,
3396 1838 3467 1890 ita
3496 1836 3745 1903 religiosis

2179 1931 2247 1985 ad
2276 1932 2645 1985 castimoniam
2678 1938 2900 1998 operata
2938 1938 3063 1984 sunt
3093 1929 3365 1983 universa.
3399 1927 3535 1993 Quid
3578 1936 3744 1979 autem

2180 2022 2255 2075 ait
2282 2022 2587 2087 evangelica
2634 2021 2833 2075 lectio?
2864 2018 2963 2083 Qui
3011 2020 3448 2072 scandalizaverit
3492 2035 3637 2070 unum
3692 2018 3747 2067 de

2180 2113 2382 2184 pusillis
2412 2115 2567 2182 287
2602 2112 2744 2177 istis,
2775 2112 2858 2181 qui
2884 2113 2937 2163 in
2966 2128 3046 2163 me
3073 2112 3315 2172 credunt,
3366 2110 3567 2179 expedit
3593 2110 3632 2160 ei
3652 2149 3667 2170 ,
3698 2118 3745 2158 ut

2180 2194 2523 2276 suspendatur
2550 2206 2687 2259 mola
2716 2204 2947 2257 asinaria
2977 2204 3031 2256 in
3055 2203 3187 2255 collo
3208 2203 3339 2272 ejus,
3370 2211 3397 2237 ιι
3434 2211 3481 2253 et
3504 2210 3747 2269 mergatur

2180 2299 2235 2349 in
2266 2298 2577 2367 profundum
2606 2298 2766 2349 maris
2810 2294 3041 2365 (Matth.
3076 2294 3253 2362 mu).
3288 2292 3516 2347 Pusillos
3539 2292 3621 2345 hic
3648 2307 3745 2344 non

2180 2396 2341 2441 aetate
2367 2402 2583 2455 pueros,
2616 2386 2711 2439 sed
2739 2384 2938 2439 malitia
2983 2383 3238 2452 parvulos
3266 2382 3431 2446 dicit;
3466 2382 3599 2435 sicut
3619 2381 3747 2448 Apo-

2182 2477 2353 2531 stolus
2382 2478 2455 2529 ait
2486 2495 2497 2527 :
2543 2476 2750 2529 Malitia
2780 2475 2979 2545 paruuli
3007 2482 3187 2537 estote,
3216 2482 3270 2525 ut
3298 2470 3527 2525 sensibus
3555 2470 3749 2540 perfecti

2184 2566 2299 2636 sitis
2324 2575 2346 2600 ο
2382 2567 2398 2636 (
2424 2565 2448 2617 Ι
2482 2564 2600 2619 Cor.
2632 2580 2738 2626 xxv,
2771 2562 2839 2616 ΞΟ
2863 2562 2901 2632 ).
2936 2562 3037 2627 Qui
3066 2570 3192 2616 sunt
3220 2562 3308 2615 isti
3329 2562 3433 2615 nisi
3462 2560 3633 2615 clerici
3656 2558 3733 2611 ido

2187 2656 2303 2723 nei,
2336 2655 2587 2709 monachi
2622 2654 2889 2723 religiosi,
2916 2655 3004 2708 vel
3030 2655 3185 2708 laici?
3214 2653 3467 2724 Quisquis
3495 2653 3644 2720 igitur
3676 2651 3749 2704 his

2185 2751 2619 2815 irreverens,-aut
2646 2745 3070 2801 contumeliosus
3092 2746 3383 2811 exstiterit,
3414 2744 3517 2797 hac
3535 2742 3748 2797 belluina

2186 2857 2346 2911 poena
2376 2842 2665 2910 plectetur,
2697 2848 2757 2893 ut
2784 2839 3003 2893 informi
3032 2854 3164 2892 saxo
3194 2840 3432 2907 relegato
3459 2838 3532 2892 illi
3561 2837 3622 2891 ad
3648 2835 3749 2889 col-

2188 2932 2294 2985 lum
2327 2931 2696 3000 praecipitetur
2725 2930 2781 2982 in
2808 2944 2979 2983 mare.
3002 2928 3110 2983 Sed
3139 2928 3412 2982 videamus
3442 2943 3538 2983 cur
3567 2936 3592 2974 υ
3614 2940 3749 2980 scau-

2189 3021 2547 3075 dalizantibus
2575 3018 2917 3074 Christianos
2960 3018 3059 3072 ista
3106 3032 3265 3086 poma
3311 3018 3528 3072 decreta
3557 3016 3644 3077 sit,
3669 3021 3751 3067 aut

498 3122 613 3159 rum
645 3116 808 3175 atque
848 3109 1160 3163 mendacem
1205 3118 1349 3163 arcta
1387 3111 1509 3163 coeli
1542 3110 1705 3178 janua
1742 3112 1961 3166 minime
2004 3113 2083 3166 in-
2113 3102 2159 3163 C
2190 3113 2317 3183 quid
2361 3112 2462 3166 sibi
2488 3112 2614 3165 velit
2654 3111 2771 3179 ipsa
2801 3110 3096 3172 sententia;
3125 3118 3255 3178 puto
3302 3109 3449 3163 enim
3479 3119 3505 3156 ει
3551 3104 3749 3176 aliquod

497 3208 642 3251 trare
668 3198 947 3266 permittit,
981 3199 1111 3252 Nam
1153 3200 1273 3254 ideo
1309 3200 1434 3254 nudi
1468 3202 1518 3253 in
1563 3202 1759 3256 saeculo
1790 3204 2077 3269 nascimur,

497 3287 623 3341 nudi
654 3289 815 3342 etiam
845 3289 913 3343 ad
959 3290 1230 3345 lavacrum
1269 3292 1605 3356 accedimus,
1638 3291 1665 3329 ιι
1695 3302 1750 3347 et
1791 3295 1918 3349 nudi
1947 3310 2083 3364 quo-

495 3395 601 3448 que
620 3418 635 3444 ,
666 3388 721 3434 et
747 3380 985 3449 expediti
1025 3381 1092 3434 ad
1119 3382 1240 3436 cceli
1265 3381 1485 3451 januam
1514 3400 1883 3455 properamus.
1912 3385 2081 3452 Quam

496 3480 677 3526 autem
704 3473 1054 3540 incongruum
1080 3480 1134 3527 et
1157 3474 1447 3530 absurdum
1480 3485 1564 3531 est
1597 3485 1673 3542 ut,
1698 3492 1859 3546 quem
1882 3479 2080 3533 nudum

499 3570 674 3617 mater
700 3565 904 3630 genuit,
936 3564 1134 3621 nudum
1155 3567 1380 3635 suscipit
1401 3566 1639 3623 Ecclesia
1658 3607 1672 3631 ,
1703 3568 1852 3623 dives
1880 3569 2083 3622 intrare

494 3652 624 3708 velit
659 3652 712 3705 in
754 3652 989 3708 cmlum?
1013 3662 1304 3723 propterea
1342 3654 1356 3693 ί
1388 3656 1718 3712 adolescenti
1747 3658 1821 3712 illi
1850 3659 1998 3712 diviti
2028 3660 2082 3713 in

495 3740 789 3811 Evangelia
810 3758 841 3796 a
863 3742 1145 3799 Salvatore
1168 3745 1363 3805 dicitur
1395 3764 1409 3800 :
1442 3748 1458 3796 i
1492 3748 1553 3803 Si
1574 3750 1647 3802 vis
1667 3752 1923 3820 perfectus
1950 3767 2078 3817 esse,

494 3833 653 3886 vende
680 3833 854 3887 omnia
882 3841 991 3900 tua,
1019 3843 1068 3889 et
1088 3834 1155 3887 da
1175 3836 1485 3905 pauperibus
1510 3836 1555 3891 ¹¹.
1582 3838 1757 3908 Usque
1785 3839 1921 3894 adeo
1938 3826 2081 3894 enim

496 3922 635 3976 nuda
652 3922 821 3976 virtus
841 3930 965 3992 apta
980 3924 1117 3979 omlo
1132 3932 1236 3991 est,
1261 3933 1339 3991 ut,
1362 3930 1605 3995 quamvis
1619 3929 1813 3997 justus,
1837 3932 2083 3998 quamvis

495 4021 742 4076 sanctus,
767 4029 957 4069 aurum
976 4016 1064 4070 vel
1084 4016 1299 4074 divitias
1326 4022 1626 4090 possidens,
1651 4039 1755 4077 non
1780 4026 1947 4092 possit
1964 4041 2081 4081 esse

496 4102 785 4174 perfectus.
810 4098 996 4162 Talem
1024 4110 1169 4167 enim
1193 4112 1364 4165 voluit
1385 4112 1784 4170 adolescentem
1810 4117 1959 4171 illum
1984 4118 2084 4173 Do-

496 4198 676 4251 minus
696 4198 764 4251 ad
778 4200 1085 4267 paradisum
1108 4203 1307 4272 redire,
1330 4205 1504 4273 qualis
1516 4204 1687 4261 Adam
1715 4206 1891 4262 fuerat
1908 4210 1973 4265 de
1994 4226 2084 4279 pa-

496 4286 659 4340 radisi
680 4288 1010 4345 sublimitate
1035 4292 1307 4361 dejectus;
1340 4296 1513 4351 nudus
1537 4298 1679 4352 enim
1709 4298 1879 4355 Adam
1903 4302 2079 4357 incola

496 4375 728 4444 paradisi
752 4374 883 4431 fuit:
910 4378 1140 4451 denique
1164 4393 1286 4455 post
1307 4394 1587 4454 peccatum
1611 4388 1905 4446 nuditatem
1925 4407 2079 4447 suam

2187 3206 2499 3276 mysterium
2530 3204 2809 3258 continere
2852 3220 2864 3253 :
2910 3202 3063 3269 quasi
3091 3216 3217 3254 vero
3264 3216 3374 3254 non
3402 3200 3664 3255 sulliceret
3706 3198 3750 3249 in

2185 3311 2332 3349 mare
2373 3294 2578 3348 homini
2626 3292 2987 3360 demergendo
3016 3305 3205 3344 saxum
3234 3290 3621 3358 qualecumque
3656 3301 3749 3339 non

2185 3401 2433 3454 magnum
2464 3394 2554 3439 aut
2581 3400 2824 3447 enorme,
2855 3383 2950 3438 sed
2978 3381 3133 3436 molae
3160 3381 3407 3435 asinaria:
3449 3378 3580 3449 lapis
3606 3378 3652 3432 ei
3679 3391 3750 3429 re-

2184 3480 2391 3548 legetur
2436 3477 2503 3532 ad
2548 3478 2743 3532 collum
2764 3518 2779 3543 ,
2810 3483 2869 3529 ut
2896 3490 3018 3531 cum
3066 3475 3308 3544 perituro
3338 3472 3558 3526 homine
3586 3474 3749 3541 pereat

2184 3585 2271 3623 res
2300 3568 2416 3624 usui
2463 3568 2785 3623 necessaria.
2820 3566 2928 3621 Sed
2955 3573 3086 3635 puto
3122 3565 3228 3619 hoc
3264 3564 3435 3632 magis
3462 3578 3601 3628 esse,
3626 3556 3751 3631 quod

2187 3662 2239 3714 in
2286 3660 2576 3729 Scripturis
2604 3660 2740 3713 asini
2789 3658 2955 3727 ﬁgura
2984 3656 3216 3727 populus
3243 3655 3522 3723 gentilium
3568 3666 3752 3707 nuncu-

2184 3762 2362 3824 patur,
2395 3753 2485 3823 qui
2509 3752 2703 3807 clausis
2732 3751 2901 3805 oculis
2930 3750 3073 3805 circa
3106 3747 3423 3818 ignorantiae
3462 3746 3653 3801 molam
3680 3758 3753 3798 er-

2186 3846 2325 3901 roris
2353 3846 2434 3900 sui
2464 3860 2596 3915 gyro
2626 3843 2973 3913 pertrahitur,
3003 3847 3057 3895 et
3084 3840 3201 3895 sine
3228 3838 3333 3893 ulla
3360 3853 3549 3893 cursus
3600 3836 3752 3891 direc-

2186 3939 2335 3992 tione
2365 3937 2605 4005 vestigiis
2654 3936 2707 3989 in
2754 3950 2812 3989 se
2860 3947 3006 4002 saepe
3035 3930 3383 3985 redeuntibus
3432 3929 3627 3982 invitus
3652 3922 3751 3979 usui

2186 4030 2396 4083 laborat
2434 4028 2633 4081 alieno.
2667 4025 2857 4079 Nonne
2884 4024 3027 4078 enim
3068 4021 3164 4076 tibi
3194 4021 3409 4076 videtur
3434 4020 3629 4075 molam
3657 4016 3750 4070 asi-

2184 4120 2390 4173 nariam
2420 4118 2638 4173 volvere
2666 4116 2897 4185 populus
2924 4114 3140 4181 gentilis
3164 4155 3178 4179 ,
3204 4111 3442 4179 quandiu
3475 4121 3496 4149 τ
3529 4112 3681 4181 288
3708 4106 3749 4157 in

2184 4210 2463 4278 imperitia:
2492 4222 2601 4261 suae
2630 4207 2815 4260 labore
2842 4203 3132 4258 versatur?
3163 4210 3369 4255 naturae
3397 4200 3612 4268 quidem
3653 4196 3751 4249 vin-

2184 4303 2318 4357 culis
2362 4302 2627 4370 alligatus,
2662 4306 2719 4351 ut
2761 4298 2985 4351 verbum
3034 4295 3130 4348 Dei
3162 4303 3184 4331 ⁸
3242 4292 3433 4355 molat,
3487 4290 3750 4345 Dominum

2184 4394 2304 4450 caeli
2334 4400 2559 4462 quierat,
2604 4390 2699 4445 sed
2746 4397 2946 4458 opertae
2995 4386 3194 4440 mentis
3231 4384 3474 4439 aecitate
3527 4380 3753 4437 subfusus

567 4552 754 4634 '.Cod.
788 4552 967 4610 Casin.
1002 4556 1227 4634 legitad
1268 4563 1468 4630 caelum,
1497 4565 1709 4621 omissis
1748 4568 1929 4624 verbis
1955 4572 2079 4625 sim-
2111 4573 2159 4634 D
2185 4579 2361 4625 autem
2392 4572 2514 4627 ιυᾱ.
2542 4568 2599 4623 S.
2631 4566 2818 4621 Crucis
2847 4566 2899 4619 in
2928 4563 3036 4621 Jer.
3069 4567 3182 4622 haec
3210 4566 3477 4620 habentur
3505 4582 3522 4618 :
3550 4565 3747 4634 dicitur;

496 4624 727 4695 ριὶςίιίιῑίς
750 4624 1165 4695 penetratur—ad,
1196 4640 1302 4688 etc.

569 4692 595 4730 δ
616 4692 757 4747 Cod.
780 4693 899 4748 Vat.
932 4694 1091 4762 6450,
1114 4692 1174 4754 St
1204 4702 1339 4754 enim
1368 4711 1415 4754 te
1438 4720 1540 4756 non
1572 4705 1706 4758 lwsit
1736 4708 1915 4763 fratris
1936 4709 2082 4763 obse-

544 4765 690 4845 tium,
722 4776 944 4845 meretur
970 4776 1026 4819 ut
1055 4770 1257 4845 vincas.
1300 4768 1536 4845 Uterque
1566 4775 1687 4828 cod.
1722 4765 1778 4830 S.
1812 4776 1998 4833 Crucis
2026 4780 2080 4833 in

530 4848 607 4885 er.
629 4833 767 4915 'leg'it
796 4844 1035 4915 meretur,
1065 4847 1135 4889 ut:
1164 4840 1371 4911 diligas,
1397 4833 1537 4915 quod
1576 4845 1619 4915 si
1650 4848 1870 4915 forsitan
1912 4850 2045 4901 lwsit
2063 4890 2077 4909 ,

499 4904 663 4975 magis
688 4902 982 4975 obsequium
1008 4902 1336 4975 φωνέων-,ἀι
1362 4902 1552 4966 uincas.
1582 4902 1659 4968 Ita
1688 4924 1743 4970 et
1772 4917 1958 4973 Vallic.
1993 4917 2061 4970 15

500 4960 1656 5095 quatenashabeguw..;r.;.;...',';;;.."‘
1690 4960 1742 4970 ν-

575 5057 595 5081 (τ
627 5042 761 5095 Cod.
792 5043 911 5095 Vat.
944 5045 977 5095 6
1019 5046 1113 5095 δΟ-
1146 5050 1447 5095 mendam";

575 5057 595 5117 ς
627 5042 761 5117 Qud.
792 5043 911 5098 Vat.
944 5042 1114 5117 (i550,
1146 5042 1449 5117 pendamus.

569 5110 595 5148 ἀ
632 5114 865 5183 Uterque
893 5115 1013 5169 cod.
1048 5110 1176 5183 legit
1202 5122 1358 5171 Arcta
1386 5131 1576 5176 autem.

577 5191 599 5268 ς
630 5182 761 5268 god.
798 5182 1066 5268 Vallicell;
1086 5182 1173 5268 lii,
1202 5188 1271 5268 ad
1298 5190 1453 5268 vitam
1483 5209 1581 5268 pro
1610 5194 1679 5268 ad
1705 5212 1935 5268 regnum.

530 5323 538 5331 _
579 5251 610 5331 ί.
634 5248 869 5337 Uterque
889 5254 1010 5308 cod.
1034 5248 1376 5337 S.._Crucis.in
1412 5248 1521 5337 ἔρξ’.
1556 5262 1681 5337 legit
1701 5248 2027 5337 repercussus
2048 5285 2081 5320 a

501 5323 677 5373 limine
707 5329 985 5405 retrorsum
1008 5327 1176 5381 redire
1210 5329 1427 5399 cogitur.
1458 5323 1768 5389 Cod.vVat.'
1786 5335 1925 5389 6450
1953 5338 2081 5405 legit

504 5407 761 5449 repressus
790 5409 821 5443 a
857 5394 1049 5449 limine.

504 5407 761 5457 repressus
790 5409 821 5443 a
857 5407 1049 5450 umme.

575 5470 600 5553 ξ
629 5459 762 5553 (Qud.
798 5461 866 5553 92
890 5462 951 5553 Sc:
978 5465 1163 5553 Urucis
1192 5470 1243 5548 in
1273 5466 1403 5553 Iern,
1435 5472 1623 5553 exigua
1651 5492 1773 5528 nats
1804 5492 2043 5529 caverna.

564 5528 598 5649 ’τι
614 5528 762 5651 god.
793 5534 885 5586 cit.
918 5532 975 5587 S.
999 5535 1185 5590 Crucis
1224 5538 1277 5591 in
1298 5528 1408 5593 Jer.
1436 5528 1562 5609 legit
1588 5554 1643 5597 ut
1673 5546 1862 5599 nudi...
1895 5528 2081 5600 prooe-

579 5616 612 5651 η
681 5638 693 5651 .

505 5616 693 5652 remus.

583 5667 763 5723 illud.
814 5670 933 5727 Vat.
983 5670 1121 5727 6450
1210 5676 1520 5735 adolescenti
1561 5682 1725 5738 diviti.
1772 5684 1825 5738 In
1858 5693 2084 5754 utroque

2184 4642 2268 4713 qui
2319 4643 2412 4713 sibi
2455 4636 2940 4713 justus_videbatur,
2971 4646 3021 4690 et
3065 4646 3297 4704 sanctus,
3327 4645 3376 4689 et
3424 4636 3596 4690 omnia
3640 4633 3749 4703 legis

2185 4709 2434 4765 mandata
2456 4709 2770 4776 'complesse.

2260 4781 2272 4828 ἱ
2313 4780 2447 4835 Cod.
2479 4774 2739 4833 Vallicell.
2768 4774 2855 4837 15,
2886 4775 3032 4837 vade,
3064 4776 3243 4840 vende,
3272 4783 3377 4829 etc.

2259 4848 2284 4886 ¹ι
2316 4850 2477 4905 lidem
2509 4847 2669 4903 codd.
2721 4844 2776 4899 S.
2808 4843 2995 4899 Crucis
3036 4846 3089 4899 in
3112 4843 3220 4899 Jer.
3254 4844 3459 4898 addunt
3484 4852 3531 4897 et
3562 4840 3749 4895 habebis

2187 4920 2479 4973 thesaurum
2509 4920 2562 4971 in
2593 4917 2756 4987 uelo,
2770 4922 2818 4968 et
2844 4916 2957 4987 veni
2984 4932 3193 4987 sequere
3218 4930 3319 4967 me.

2264 4988 2279 5026 ι
2313 4990 2443 5045 Cod.
2482 4989 2598 5041 Vat.
2629 4984 2785 5045 6450,
2820 4977 3101 5039 nuditatem
3126 5000 3276 5037 suam
3302 4985 3605 5053 pravidens.
3628 4977 3744 5034 Cod.

2187 5059 2400 5130 Vallic.,
2432 5059 2569 5130 {aliis
2595 5054 2854 5130 pudenda.

2263 5140 2301 5165 ιε
2335 5120 2568 5198 Uterque
2595 5120 2717 5198 cod.
2751 5125 2866 5198 cit.,
2900 5120 3393 5198 Nihilpraui‘tunc.

2260 5207 2285 5234 ¹³
2315 5192 2498 5254 Codd:
2516 5197 2703 5251 Vallic.
2750 5193 2838 5258 15,
2869 5202 2925 5249 et
2951 5192 3131 5249 Casin.
3187 5192 3316 5255 ΝΞ,
3347 5204 3397 5246 et
3429 5194 3743 5258 demergatur.

2260 5278 2285 5304 ο
2319 5268 2444 5323 Post
2487 5270 2601 5322 haec
2648 5264 2939 5334 Scriptura:
2982 5264 3146 5319 verba
3174 5262 3371 5318 desinit
3401 5261 3744 5316 Vallicellanus

2186 5338 2449 5462 “iecisti.
2483 5408 2689 5467 Casin.,
2721 5402 3029 5457 Christianis
3067 5401 3555 5464 scandalizantibus,
3586 5407 3683 5454 etc.

2263 5487 2287 5527 ιι
2322 5476 2557 5545 Uterque
2598 5473 2733 5545 cod:
2750 5481 3080 5545 memoratus
3100 5514 3115 5535 ,
3146 5481 3275 5545 puto,
3296 5475 3432 5545 enim
3462 5472 3619 5526 illam.

2265 5557 2285 5585 τ
2317 5545 2451 5599 Cod.
2472 5542 2599 5600 Vat.
2634 5543 2792 5607 6450,
2822 5542 3095 5610 imperitia:
3121 5555 3230 5596 sua!
3257 5542 3453 5598 labore.

2265 5626 2284 5651 ⁸
2320 5616 2460 5671 Idem
2492 5615 2635 5678 cod.,
2676 5612 2895 5666 Verbum
2931 5610 3026 5665 Dei
3054 5611 3211 5665 mola.
