3910 6238
164 382 259 436 «HO

1528 376 1802 433 HOMILIA
1846 376 2118 431 LXXXVI.

3331 383 3430 440 tm

162 504 361 551 vultum
390 496 560 549 animi
586 498 796 566 erigere
825 499 891 551 ad
933 497 1123 564 Deum,
1156 508 1181 534 ἰ
1226 495 1409 552 cordis
1446 496 1631 550 oculos
1670 495 1744 547 le-
1776 498 1819 555 Α
1849 506 2002 560 spem
2027 490 2165 559 gerit
2195 492 2421 546 laboris:
2455 495 2541 547 cui
2573 508 2696 547 vera
2722 496 2864 549 mola
2893 495 3120 551 asinaria
3143 496 3213 551 ad
3235 498 3431 554 collum

162 603 284 641 vare
306 602 418 641 non
448 587 625 655 possit
643 586 713 640 ad
738 587 948 641 caelum.
978 586 1087 641 Sed
1115 588 1369 655 quoniam
1398 586 1539 640 mola
1568 585 1744 639 asina-

163 680 234 730 ria
261 675 289 714 δ
317 691 511 731 saxum
535 690 658 731 esse
686 684 922 740 constat;
946 676 1221 731 videamus
1248 676 1294 731 si
1326 682 1381 729 et
1412 687 1743 743 paganorum

161 765 277 820 talis
300 772 383 821 est
411 766 578 820 mola.
612 765 758 820 Talis
784 773 867 820 est
893 766 1085 835 plane;
1117 780 1277 820 saxea
1308 764 1452 819 enim
1481 763 1621 816 mola
1661 768 1745 816 est

161 875 487 931 paganorum
509 860 738 931 Jupiter,
768 860 1127 928 Herculesque
1159 859 1417 928 lapideus,
1440 857 1582 912 circa
1606 871 1742 927 quos

164 965 186 994 ε
217 952 372 1007 caecis
400 951 577 1006 oculis
619 947 883 1019 frequenti
913 964 1096 1003 errore
1132 949 1479 1002 circumeunt.
1511 944 1698 999 Cmcos
1721 984 1735 1009 ,

164 1040 398 1109 inquam,
423 1040 656 1094 dixerim
694 1055 879 1093 eorum
917 1039 1102 1094 oculos
1140 1038 1228 1106 qui
1259 1042 1449 1106 putant
1477 1050 1535 1090 se
1559 1033 1740 1100 videre

163 1130 301 1199 quod
326 1146 434 1184 non
471 1130 688 1193 vident;
731 1129 1049 1197 aspicientes
1077 1128 1219 1181 enim
1247 1142 1436 1181 saxum
1477 1123 1642 1177 Deum
1682 1137 1740 1178 se

166 1219 339 1273 videre
370 1218 669 1273 confidunt.
713 1219 962 1271 Attamen
999 1216 1090 1284 qui
1137 1215 1333 1269 molam
1373 1213 1563 1276 volvit,
1608 1226 1741 1265 con—

166 1309 457 1363 summandi
505 1306 790 1375 aliquando
837 1304 995 1359 ﬁnem
1042 1304 1222 1373 operis
1276 1302 1457 1367 habet,
1508 1299 1738 1353 exeundi

1845 583 2216 651 suspenditur,
2260 592 2443 653 portat
2481 585 2746 655 lapidem,
2777 587 2869 656 qui
2914 597 3134 657 portare
3170 588 3433 645 debuerat

1841 672 2028 740 jugum
2054 669 2271 726 Christi.
2306 672 2501 730 Asinus
2523 685 2651 743 ergo
2680 674 2747 731 ad
2776 676 2971 731 molam
2994 716 3009 741 ,
3044 692 3225 733 aecus
3251 677 3319 733 ad
3347 679 3429 733 la-

1846 762 2056 831 pidem,
2102 764 2317 831 gentilis
2362 766 2431 820 ad
2469 781 2694 834 saxum,
2734 768 2825 836 qui
2878 767 3068 823 adorat
3111 780 3427 839 cumquem

1846 868 1957 907 non
1999 852 2146 907 videt
2173 870 2273 909 nec
2304 858 2565 923 agnoscit.
2600 857 2741 913 Deus
2766 859 2907 912 enim
2936 875 3042 912 non
3073 858 3126 913 in
3155 858 3429 914 manufac—

1844 945 1913 1000 tis
1934 945 2159 1010 habitat,
2190 962 2291 1002 nec
2319 948 2373 1001 in
2402 949 2620 1003 metallo
2642 958 2734 1003 aut
2772 966 2904 1005 saxo
2931 950 3294 1019 cognoscitur.
3328 948 3426 1005 Hic

1843 1049 1973 1103 ergo
2011 1036 2227 1103 gentilis
2255 1037 2482 1105 populus
2510 1053 2629 1091 cum
2660 1040 3089 1107 persecutionem
3119 1036 3425 1095 Christiano

1842 1123 2101 1190 intulerit,
2132 1126 2233 1180 hac
2260 1142 2417 1194 paena
2454 1128 2726 1196 plectitur,
2768 1137 2827 1183 ut
2855 1145 2977 1184 cum
3025 1146 3121 1185 sua
3163 1131 3421 1199 sacrilega

1840 1212 1983 1265 mola
2006 1212 2279 1281 judicandi
2307 1216 2487 1270 saeculi
2514 1213 2757 1273 fluctibus
2786 1218 3144 1288 demergatur.

1428 1388 1773 1449 HOMILIA
1819 1389 2176 1450 LXXXVI.

1522 1484 1601 1537 De
1624 1484 1802 1537 bellico
1834 1491 2075 1538 tumultu.

1609 1572 1998 1629 ADMONITIO.

230 1672 555 1727 Muratorius
578 1672 819 1725 omnium
840 1670 1045 1750 primus
1068 1670 1211 1750 hanc
1225 1665 1674 1750 hor‘r‘i‘i‘liam‘inter
1693 1679 1975 1750 sermones
2002 1664 2057 1718 S.
2093 1666 2804 1750 Ambrosiidusurpatamﬁ.
2835 1675 3068 1733 Maximo
3097 1676 3412 1737 Taurinensi

169 1744 409 1797 restituit.
444 1741 580 1796 Eam
612 1742 758 1795 enim
789 1732 991 1809 reperit
1018 1739 1072 1791 in
1095 1738 1281 1791 codice
1311 1735 1377 1787 98
1408 1733 1783 1797 Ambrosiano,
1816 1732 2185 1857 de.quo_s:eﬁe
2228 1732 2557 1795 mentionem
2586 1743 2885 1810 habuimus,
2915 1755 2971 1801 et
2996 1732 3120 1802 cum
3150 1732 3415 1819 statim;

170 1812 308 1857 rimis
335 1811 529 1857 eodem
553 1827 619 1857 ex
652 1826 775 1857 mss.
808 1808 1138 1857 denmmntis
1163 1807 1214 1857 in
1248 1817 1380 1857 tom.
1410 1820 1462 1857 ιν
1486 1802 1738 1855 Αηθειιοι.
1762 1802 2072 1857 Dubltcawt.
2138 1844 2139 1847 η
2168 1822 2231 1857 uc
2258 1822 2426 1857 usaue
2450 1810 2555 1857 hoc
2581 1827 2699 1857 cnm
2733 1817 3041 1857 imiimnnin
3063 1818 3115 1857 in
3146 1821 3415 1857 αοηιιοηίς-

2138 1822 2197 1859 11]

169 1812 308 1865 rimis
335 1811 530 1866 eodem
553 1827 622 1869 ex
650 1826 775 1864 mss.
808 1807 1138 1877 depromptis
1163 1807 1214 1862 in

1306 1821 1380 1859 m.
1410 1820 1462 1857 ιν
1486 1802 1738 1855 Anecdot.
1762 1802 2072 1870 publicavit.

2202 1822 2238 1886 cl
2258 1822 2426 1886 usque
2450 1810 2701 1886 haecum
2712 1817 3041 1886 testimonio
3063 1818 3115 1870 in
3146 1810 3418 1886 sequenti.

167 1881 258 1935 bus
286 1880 735 1933 Maximianorum
782 1872 1007 1947 ope-rum
1036 1872 1356 1955 editioribus
1399 1880 1656 1955 exornata
1687 1872 1951 1955 apparuit.
1988 1872 2095 1955 I‘Nlos
2114 1872 2445 1955 auctoritate
2482 1880 2705 1955 codic_is_
2708 1882 2774 1935 99
2803 1883 2857 1955 δ.
2889 1884 3076 1941 Crucis
3104 1887 3156 1939 in
3198 1872 3415 1943 Jerusa—

169 1952 284 2012 lem,
312 1950 516 2019 ubircst
543 1964 664 2018 pag.
694 1942 1018 2011 160,'sermo
1047 1945 1133 2008 95,
1163 1944 1407 2019 eamdem
1437 1942 1778 2019 illustramus,
1804 1954 1977 2008 neque
1998 1942 2307 1998 haesitamus
2334 1944 2390 2000 S.
2428 1950 2643 2017 prmsuli
2664 1949 2978 2009 Taurinensi
3007 1970 3269 2019 asserere,
3295 1972 3419 2012 cum

170 2028 217 2073 ct
243 2011 448 2073 dicendi
474 2011 641 2083 ratio:
666 2019 853 2086 reique
881 2021 1252 2084 argumentum
1283 2014 1381 2082 ipsi
1412 2011 1714 2065 conveniat.

171 2132 550 2186 Ascuam-rvis.
582 2159 655 2170 ——
675 2127 754 2179 Ad
783 2126 1125 2206 Taurinenses
1154 2125 1284 2177 cives
1310 2122 1371 2176 ob
1400 2121 1737 2206 barbarorum
1767 2128 1813 2187 Β
1844 2115 1863 2154 ί
1896 2129 2160 2188 prteparat
2187 2122 2483 2182 animabus.
2509 2126 2790 2184 Cernimus
2817 2133 3011 2187 armari
3036 2134 3267 2190 civitatis
3295 2118 3425 2206 por.-

229 2202 280 2251 in
309 2201 577 2266 proximas
606 2198 893 2265 provincias
939 2196 1275 2266 irruptionem
1306 2191 1650 2266 trepidantes,
1688 2198 1738 2241 et

232 2262 495 2321 tuitionem
528 2262 974 2340 defengonemque
1007 2262 1159 2340 Urbis
1189 2271 1430 2340 parantes
1456 2262 1588 2312 hanc
1617 2276 1738 2340 ora-

231 2337 415 2389 tionem
460 2331 643 2387 habuit
680 2334 739 2387 S.
775 2331 1056 2386 Maaiimus.
1103 2331 1293 2384 Eorum
1318 2332 1501 2401 quippe
1540 2331 1739 2381 animos

232 2408 425 2474 erigere
453 2406 525 2457 ad
544 2420 688 2471 spem
715 2404 871 2479 dirini
900 2402 1128 2479 praesidii
1155 2400 1388 2479 conatur,
1418 2400 1697 2479 admonens
1720 2439 1734 2462 ,

232 2485 284 2526 ut
307 2469 508 2542 'pravos
539 2469 703 2525 mores
734 2469 1043 2542 corrigentes
1077 2471 1167 2523 Dei
1194 2470 1476 2542 uindictam
1521 2469 1738 2520 ulterius

232 2540 505 2611 provocare
530 2551 761 2602 caveant,
802 2551 951 2609 atque
976 2540 1120 2593 illam
1149 2540 1247 2608 piis
1292 2541 1580 2607 sanctisque
1626 2553 1741 2605 ope-

234 2610 371 2665 ribus
399 2613 617 2679 placare
641 2610 898 2663 studeant.

235 2744 407 2799 MoVet
435 2743 665 2797 fortasse
694 2754 807 2804 vos,
841 2738 1066 2801 fratres,
1096 2736 1237 2807 quod
1281 2737 1537 2790 tumultus
1565 2736 1735 2789 bello-

175 2849 283 2887 rum
310 2842 363 2887 et
391 2831 729 2885 incursiones
753 2828 1061 2897 praeliorum
1084 2826 1197 2880 ﬁeri
1239 2827 1485 2880 audimus
1506 2826 1736 2893 assidue,

172 2931 223 2977 et
259 2938 351 2976 cur
380 2920 581 2975 nostris
623 2916 953 2987 temporibus
980 2914 1111 2969 ﬁant
1138 2915 1478 2970 dilectionem
1506 2922 1739 2969 vestram

170 3013 390 3068 fortasse
416 3012 541 3081 plus
572 3017 773 3064 movet.
804 3007 909 3063 Sa!
934 3008 1046 3062 haec
1073 3022 1233 3061 causa
1260 3007 1505 3075 estquia,
1535 3014 1739 3077 quanto

173 3105 331 3172 magis
356 3102 589 3174 proximi
620 3107 800 3156 sumus
823 3099 1008 3153 mundi
1038 3099 1269 3163 excidio,
1293 3106 1444 3153 tanto
1472 3099 1640 3165 magis
1659 3113 1741 3153 re-

173 3207 269 3262 gno
294 3211 476 3249 sumus
528 3195 757 3264 proximi
802 3194 1113 3248 Salvatoris.
1145 3192 1261 3262 lpse
1310 3192 1456 3248 enim
1486 3192 1740 3246 Dominus

174 3284 271 3350 ait,
301 3286 442 3355 quod
472 3285 529 3338 in
575 3286 865 3340 novissimis
908 3285 1082 3338 diebus
1120 3293 1360 3355 exsurget
1405 3301 1529 3354 gens
1558 3294 1740 3339 contra

173 3380 382 3441 gentem,
407 3382 457 3426 et
482 3390 698 3444 regnum
724 3374 971 3426 adversus
996 3389 1211 3442 regnum
1237 3372 1427 3443 (Marc.
1470 3372 1616 3442 xxxi)
1647 3391 1659 3424 :
1684 3383 1739 3427 et

1840 2216 1942 2272 tas,
1988 2209 2244 2267 debemus
2290 2216 2451 2267 etiam
2494 2217 2641 2285 prius
2689 2220 2741 2273 in
2788 2222 2942 2277 nobis
2986 2234 3169 2293 portas
3209 2241 3424 2283 armare

1832 2298 2070 2367 justitiac,
2104 2302 2168 2355 de
2195 2303 2385 2370 quibus
2424 2305 2479 2359 S.
2528 2310 2789 2376 propheta
2819 2312 2953 2365 dixit
2993 2332 3005 2365 :
3049 2315 3260 2385 Aperite
3295 2318 3421 2371 mihi

1838 2400 2017 2459 portas
2058 2394 2278 2463 justitiw
2307 2397 2484 2463 (Psal.
2515 2400 2710 2469 chn).
2765 2402 2915 2459 Tunc
2961 2414 3141 2459 autem
3189 2408 3423 2465 civitatis

1836 2490 1991 2549 porta
2036 2485 2239 2538 munita
2268 2501 2387 2541 esse
2434 2491 2651 2555 poterit,
2684 2492 2729 2546 si
2758 2494 2906 2561 prius
2952 2496 3006 2547 in
3054 2497 3209 2551 nobis
3251 2507 3423 2567 portm

1834 2570 2054 2639 justiti-.9.
2083 2576 2407 2630 muniantur.
2441 2578 2653 2633 Etenim
2676 2583 2810 2635 nihil
2836 2585 3057 2653 prodest
3086 2603 3270 2643 muros
3299 2605 3420 2643 mu—

1838 2662 1955 2715 nire
1983 2667 2415 2732 propugnaculis,
2443 2677 2497 2721 et
2526 2670 2691 2724 Deum
2715 2687 3011 2741 provocare
3037 2679 3293 2744 peccatis.
3324 2678 3420 2735 Illa

1835 2754 1983 2807 enim
2013 2756 2354 2810 constituitur
2382 2756 2543 2823 ferro,
2576 2762 2719 2815 saxis
2759 2769 2814 2817 et
2842 2765 3080 2832 sudibus,
3108 2768 3221 2823 haec
3247 2785 3425 2823 arma-

1840 2849 1927 2896 tur
1964 2844 2359 2911 misericordia,
2401 2848 2732 2917 innocentia,
2765 2855 3039 2921 castitate;
3071 2857 3160 2911 illa
3192 2859 3424 2915 telorum

1840 2932 2180 2988 multitudine
2223 2937 2553 3002 custoditur,
2602 2939 2715 2995 hmo
2761 2944 3065 2998 orationum
3119 2944 3422 3015 frequentia

1837 3020 2156 3078 defenditur.
2199 3023 2267 3077 Et
2313 3026 2381 3080 ad
2428 3028 2643 3096 plenam
2688 3032 2970 3088 tuitionem
3000 3035 3213 3090 urbium
3240 3046 3424 3107 portas

1838 3114 2139 3184 principum
2160 3116 2335 3170 solent
2354 3118 2503 3187 signa
2526 3121 2831 3188 praecedere
2856 3142 2868 3174 ε
2892 3126 3191 3181 animarum
3212 3138 3423 3184 nostra-

1838 3219 1957 3258 rum
1980 3213 2162 3275 portas
2182 3206 2391 3275 signum
2412 3208 2705 3265 Salvator-is
2724 3215 3002 3284 anticipet.
3023 3216 3183 3285 Ergo,
3207 3219 3419 3289 fratres,

1838 3301 2062 3364 propter
2088 3295 2323 3351 futurum
2346 3296 2604 3367 judicium
2644 3303 2808 3357 armis
2834 3320 2935 3359 nos
2970 3306 3279 3363 cmlestibus
3304 3322 3424 3364 mu-

1837 3388 2064 3452 niamus,
2104 3389 2445 3460 accingamur
2467 3391 2632 3448 lorica
2660 3391 2800 3458 fidei,
2834 3397 3020 3453 salutis
3061 3400 3212 3467 galea
3242 3410 3424 3471 prote-

173 3461 288 3563 Ilibi
320 3481 331 3515 ε
364 3462 492 3516 Cum
522 3464 769 3564 videritis
819 3462 973 3564 befla.
1004 3472 1054 3515 ει
1099 3471 1440 3564 τετταθηιοιιιρ
1470 3465 1735 3564 ςιίειηξεξ,
1763 3483 1810 3546 c
1839 3493 2047 3548 gamur,
2086 3480 2253 3535 verbo
2300 3482 2395 3536 Dei
2441 3485 2668 3552 spiritali
2713 3486 2891 3555 gladio
2921 3461 3300 3558 defendamur;
3330 3496 3422 3564 qni

174 3552 339 3605 scitote
375 3554 623 3619 quoniam
657 3554 712 3605 in
740 3553 980 3623 proximo
1008 3562 1085 3606 est
1132 3570 1343 3623 regnum
1392 3552 1485 3607 Dei
1517 3552 1731 3624 (Matth.

175 3640 328 3709 xxiv).
373 3640 519 3709 Ergo
568 3641 817 3695 vicinitas
846 3641 946 3695 ista
987 3641 1251 3696 bellorum
1278 3643 1513 3697 vicinum
1564 3644 1735 3713 magis

175 3730 317 3787 nobis
342 3730 613 3786 Christum
640 3746 760 3786 esse
786 3732 1137 3787 demonstrat.
1167 3732 1341 3801 Atque
1368 3732 1493 3788 ideo
1520 3735 1738 3789 venien-

176 3827 275 3875 tem
301 3822 665 3877 adversarium
696 3822 885 3877 timere
931 3837 1039 3877 non
1087 3822 1277 3888 debeo,
1326 3825 1451 3892 quia
1477 3840 1577 3895 per
1620 3826 1736 3881 haec

174 3910 311 3980 signa
340 3914 521 3968 venire
576 3913 757 3983 potius
806 3912 1045 3982 intelligo
1092 3912 1443 3980 Salvatorem,
1493 3917 1736 3986 quamvis

177 4000 305 4052 enim
351 4001 451 4056 iste
495 4010 700 4056 metum
730 4002 956 4057 incutiat
1006 4005 1388 4073 temporalem,
1420 4005 1509 4060 ille
1555 4014 1736 4062 tamen

175 4089 385 4145 salutem
428 4090 606 4146 defert
637 4092 1033 4162 sempiternam.
1070 4092 1266 4150 Potens
1312 4096 1474 4166 289
1517 4103 1601 4151 est
1639 4112 1732 4151 au-

176 4184 271 4231 tem
303 4180 437 4234 idem
466 4181 762 4246 Dominus,.
789 4192 848 4237 ut
884 4190 939 4238 et
983 4184 1230 4239 hostilem
1260 4200 1291 4239 a
1330 4187 1485 4241 nobis
1511 4187 1737 4257 repellat

176 4283 442 4335 pavorem,
487 4280 545 4327 et
582 4288 733 4327 suam
775 4275 930 4329 nobis
965 4276 1302 4345 praesentiam
1331 4278 1603 4345 largiatur.
1633 4278 1736 4334 Per

177 4356 264 4411 bos
307 4359 463 4427 igitur
505 4362 772 4416 bellorum
826 4364 1082 4426 tumultus
1134 4365 1317 4420 mundi
1353 4368 1621 4434 quoddam
1658 4371 1733 4424 si-

176 4443 433 4510 guiﬁcatur
489 4450 786 4515 excidium;
850 4450 1084 4507 futurum
1138 4455 1279 4509 enim
1331 4456 1586 4525 judicium
1638 4458 1734 4515 Dei

176 4533 276 4590 haec
301 4537 613 4608 inquietudo
654 4541 924 4611 praecedit.
954 4541 1051 4597 Est
1072 4553 1251 4600 autem
1278 4547 1545 4614 quoddam
1580 4564 1734 4604 com-

176 4628 408 4683 motionis
456 4629 718 4698 judicium
773 4632 867 4687 Dei
922 4630 1105 4689 videre
1148 4636 1291 4704 quod
1324 4647 1549 4693 metuas.
1598 4641 1734 4696 Dum

176 4716 302 4770 enim
345 4721 486 4774 cauti
533 4737 721 4776 sumus
764 4723 833 4776 ad
878 4738 941 4778 ea
983 4739 1103 4792 qum
1139 4728 1427 4794 cernimus,
1466 4732 1736 4787 cautiores

1836 3573 1980 3627 enim
2004 3573 2089 3628 his
2120 3574 2283 3629 amis
2312 3575 2605 3632 instructus
2632 3578 2791 3633 fuerit
2827 3596 2928 3637 nec
2954 3592 3273 3653 praesentem
3301 3602 3424 3655 per-

1835 3661 2192 3717 turbationem
2221 3664 2429 3729 metuit,
2464 3680 2564 3720 nec
2586 3665 2825 3722 futurum
2860 3669 3122 3739 judicium
3161 3674 3421 3741 pertime-

1834 3753 1953 3808 scit.
2000 3751 2276 3821 Siquidem
2318 3764 2536 3811 sanctus
2582 3756 2750 3813 David
2796 3759 2899 3815 hac
2944 3760 3233 3818 devotione
3263 3764 3426 3835 290

1843 3848 2121 3911 protectus
2146 3842 2358 3898 Goliam
2386 3844 2536 3900 illum
2569 3845 2917 3903 fortissimum
2960 3861 3223 3907 armatum
3254 3856 3415 3911 etiam

1835 3931 2059 3987 inermis
2087 3934 2374 3999 occiderit,
2407 3944 2462 3991 et
2490 3938 2661 3991 virum
2689 3939 3005 3996 bellicosum
3032 3944 3423 4003 munitionibus

1834 4022 2070 4091 undique
2098 4025 2511 4096 circumseptum
2539 4028 2651 4083 sola
2676 4028 2797 4085 fidei
2827 4032 3025 4088 virtute
3046 4037 3418 4103 prostraverit.

1834 4111 1966 4167 Cum
1995 4114 2137 4167 enim
2183 4114 2242 4169 S.
2284 4115 2453 4169 David
2479 4133 2588 4172 non
2613 4122 2915 4189 Operiretur
2942 4124 3114 4192 galea,
3142 4139 3254 4179 non
3282 4140 3422 4194 prm-

1833 4202 2141 4270 cingeretur
2190 4214 2215 4252 ε
2263 4205 2472 4275 gladio,
2514 4223 2626 4262 non
2672 4210 2859 4266 lancea
2907 4220 3174 4279 uteretur;
3225 4215 3421 4270 occidit

1834 4299 2013 4347 autem
2060 4293 2211 4347 illum
2260 4310 2368 4355 non
2416 4297 2523 4351 telo
2569 4297 2766 4364 ferreo,
2811 4300 2906 4355 sed
2948 4304 3127 4372 gladio
3166 4305 3415 4373 spiritali.

1835 4381 2090 4449 Quamvis
2139 4386 2281 4440 enim
2338 4388 2556 4461 inermis
2598 4391 2767 4448 oculis
2809 4393 3086 4449 hominum
3129 4396 3420 4464 videretur,

1834 4472 1967 4527 satis
1994 4482 2185 4535 tamen,
2216 4484 2333 4529 erat
2374 4480 2552 4547 gratia
2575 4479 2877 4537 Divinitatis
2917 4494 3173 4542 armatus.
3218 4486 3420 4545 Verum

1836 4561 1951 4630 ipse
1996 4564 2250 4632 spiritalis
2296 4563 2505 4634 gladius
2552 4584 2660 4623 non
2708 4571 2807 4625 fuit
2853 4574 3090 4642 gladius;
3139 4592 3246 4632 non
3276 4576 3420 4645 enim

1835 4652 2012 4720 gladio
2032 4653 2253 4720 Colias,
2285 4656 2379 4712 sed
2423 4658 2601 4727 lapide
2631 4670 2931 4729 prostratus
2959 4669 3227 4722 occubuit.
3261 4667 3421 4740 Legi-

1836 4757 1955 4797 mus
1999 4744 2055 4797 in
2097 4742 2388 4815 Scripturis
2417 4748 2609 4817 lapidis
2636 4752 2900 4808 vocabulo
2928 4753 3199 4811 Christum
3225 4759 3421 4828 figura-

672 4826 793 4916 ⁴ἷ¹¹ῗ¹⁸
823 4828 1131 4918 ~FP‘ffam“’-
1166 4816 1277 4918 vi”-
1302 4827 1481 4918 “‘F‘“
1521 4824 1736 4918 ξερίθηε
1765 4834 1811 4892 D
1837 4832 1959 4887 liter
1985 4802 2284 4904 designaii;
2335 4802 2484 4893 sicut.
2519 4839 2595 4891 ait
2640 4802 2901 4909 pasta;
2932 4802 3420 4918 inﬁxi};

176 4891 249 4948 his
267 4898 462 4954 actibus
496 4903 724 4958 terrenis
746 4904 1027 4960 instruitur
1051 4910 1498 4976 quemadmodum
1518 4911 1545 4950 ἀ
1568 4912 1731 4972 futuri

362 4978 833 5059 debeat‘judicium
853 4992 1147 5060 declinare,
1170 4997 1293 5052 dum
1315 5001 1457 5055 enim
1477 5006 1732 5074 perspicit

177 5068 225 5122 in
251 5071 344 5129 hac
367 5080 639 5134 communi
667 5083 1070 5150 perturbatione
1101 5086 1364 5154 primores
1391 5068 1536 5146 viros
1567 5068 1731 5148 eitui-

178 5159 333 5253 tiones
354 5166 405 5221 in
425 5171 692 5227 mmnibus
721 5188 1045 5244 praeparare,
1069 5176 1183 5245 ipse
1201 5180 1520 5237 admonetur
1542 5198 1731 5253 quem-

180 5248 442 5312 admodum
487 5259 540 5315 in
588 5258 765 5317 futura
812 5264 1093 5322 eversione
1136 5268 1319 5325 mundi
1363 5248 1731 5333 defensionem

243 5415 711 5513 f_(3(_>d:S.
736 5427 924 5513 Crucis
948 5430 1002 5486 in
1027 5429 1138 5488 Jer.
1161 5432 1293 5507 legit
1309 5440 1577 5513 cordisque
1603 5460 1728 5499 οσα-

181 5484 247 5537 tos
271 5502 366 5541 non
453 5496 546 5547 ssit
571 5496 641 5548 ad
658 5498 861 5552 calum.

242 5553 265 5592 δ
299 5508 656 5612 Ωοᾶἶοϐοςίη.-
685 5568 843 5612 etiam

242 5553 265 5592 δ
291 5553 424 5631 Cod.
453 5561 658 5631 Casin.,
685 5568 843 5621 etiam
869 5585 1054 5623 saxum
1079 5588 1191 5628 esse
1209 5586 1428 5631 constat.

246 5633 265 5698 ξ
291 5624 425 5698 [dem
452 5632 572 5686 eod.
605 5624 750 5698 V'at.,
782 5639 906 5692 caeci
934 5641 1086 5693 oculi.

242 5688 265 5729 ⁸
286 5694 411 5750 Cod.
442 5698 497 5755 S.
526 5688 713 5760 Crucis
1223 5718 1396 5770 surculi
1425 5718 1602 5773 debeat
1630 5722 1692 5775 de

1829 4921 2230 4993 reprobauerunt
2252 4927 2592 4995 mdiﬁcantes,
2608 4930 2693 4981 hic
2708 4932 2880 5000 factus
2900 4936 3047 4987 estin
3068 4942 3221 5003 caput
3241 4941 3418 5008 anguli

1832 5010 2008 5081 (Psal.
2054 5014 2240 5085 cxvn).
2286 5015 2455 5085 igitur
2500 5032 2622 5071 cum
2652 5018 2828 5087 lapide
2870 5019 3053 5077 Golias
3097 5026 3415 5093 percutitur,

1832 5100 2031 5171 Christi
2052 5105 2250 5161 virtute
2277 5109 2653 5177 prosternitur.
2683 5110 2753 5165 Et
2772 5112 2827 5166 in
2853 5128 2957 5182 qua
2987 5117 3201 5173 tandem
3223 5134 3417 5188 corpo-

1831 5192 1907 5248 ris
1934 5202 2089 5262 parte
2114 5197 2499 5265 prosternitur?
2527 5197 2587 5260 Ιιι
2614 5198 2793 5257 fronte
2829 5203 3060 5269 scilicet;
3092 5208 3305 5274 gentilis
3331 5220 3418 5265 est

1831 5284 2121 5356 sacrilegus
2146 5286 2330 5353 homo,
2362 5287 2437 5344 ibi
2454 5291 2763 5356 percutitur
2789 5308 2822 5350 a
2848 5293 3084 5362 Christo,
3112 5298 3201 5353 ubi
3228 5297 3415 5354 deerat

1833 5451 2032 5525 etinarp
2050 5455 2331 5525 judicium.

1908 5520 2102 5590 fidem
2130 5526 2278 5590 cod.,
2306 5525 2569 5582 tuitionem
2596 5533 2859 5587 nauibus.

1911 5587 1930 5629 ί
1960 5589 2109 5665 idem
2131 5587 2586 5665 cod.,ipraaparet.

1904 5613 1930 5706 ἑ
1960 5613 2109 5714 1'33:
2131 5613 2636 5722 ἓὲἓῗέῖΐὲιξιῗὲἒιίη
2657 5667 2791 5733 Jer.,
2816 5671 3011 5739 clypeo.
