3910 6238
497 367 595 420 451

1724 363 1779 417 S.
1822 363 2059 417 MAXIMI
2101 362 2544 418 TAURINENSIS

3650 369 3747 421 μία

492 450 773 545 Christus;
796 487 852 534 et
873 478 945 532 ibi
964 478 1014 532 ei
1035 477 1259 533 infertur
1283 477 1468 531 mortis
1487 476 1727 540 exitium,
1751 476 1841 530 ubi
1863 477 2071 544 signum
2105 485 2149 537 Α
2180 475 2356 542 gravis
2394 483 2449 528 et
2475 474 2780 543 impeditus,
2813 476 2884 530 ita
2909 485 2964 529 ut
2993 476 3264 532 ambulare
3291 479 3379 532 vix
3413 488 3622 548 posset,
3654 495 3738 534 ea-

492 567 680 622 salutis
722 583 834 622 non
879 567 1164 621 invenitur.
1213 565 1467 632 Quamvis
1512 566 1654 620 enim
1700 572 1844 619 esset
1883 562 2067 618 Golias

492 658 727 726 undique
757 673 1028 712 armorum
1056 658 1392 726 protectione
1417 657 1672 717 munitus,
1703 654 1852 709 frons
1885 662 2065 707 tamen

492 744 608 812 ejus
633 746 851 814 patebat
878 745 946 798 ad
969 754 1214 810 mortem,
1246 746 1371 813 quia
1399 745 1727 813 signaculum
1767 743 2068 796 Salvatoris

490 848 600 887 non
629 834 890 903 gestabat.
929 835 1102 902 Atque
1132 833 1250 888 ideo
1279 834 1350 889 ibi
1376 835 1689 903 percutitur,
1719 833 1808 885 ubi
1834 831 2006 885 nudus
2033 845 2065 884 a

495 922 588 979 Dei
617 924 786 992 gratia
810 925 1091 992 reperitur.
1116 922 1239 977 llrcc
1259 930 1435 976 autem
1466 922 1520 975 in
1543 932 1567 959 ιι
1590 922 1755 991 ﬁgura
1784 920 1921 974 facta
1947 935 2066 976 esse

492 1028 652 1068 nemo
679 1021 761 1068 est
788 1015 878 1082 qui
906 1014 1130 1068 nesciat.
1160 1011 1291 1066 Nam
1335 1020 1390 1066 et
1416 1011 1585 1065 David
1619 1025 1888 1064 armorum
1919 1009 2071 1063 indu-

493 1103 689 1158 mentis
728 1117 850 1159 sese
893 1112 1018 1158 ante
1063 1103 1442 1173 puecinxerat;
1475 1100 1569 1156 sed
1595 1116 1714 1156 cum
1755 1106 1900 1154 esset
1927 1099 1980 1151 in
2010 1099 2076 1153 iis

2171 562 2292 616 dem
2321 564 2437 618 sine
2464 564 2804 618 cunctatione
2843 566 3067 636 projecit
3085 606 3100 631 ,
3149 568 3456 636 signiﬁcans
3483 585 3631 624 anna
3661 570 3739 624 illa

2169 652 2470 721 huiusmodi
2511 669 2643 707 vana
2686 663 2743 708 et
2782 656 3054 710 luxuriosa
3099 672 3217 712 esse
3247 672 3431 727 opera,
3465 659 3518 711 in
3558 660 3742 727 quibus

2171 740 2262 808 qui
2290 756 2409 795 sese
2437 743 2760 811 permiscere
2779 744 3028 810 voluerit,
3058 753 3307 814 tanquam
3347 746 3522 815 gravis
3550 756 3604 800 et
3629 762 3740 816 gra-

2171 831 2349 884 diendi
2377 831 2444 885 ad
2471 833 2666 887 ccelum
2690 849 2904 889 cursum
2927 836 3152 890 liberum
3182 850 3289 889 non
3313 835 3550 890 habebit.
3581 835 3742 891 Simul

2171 927 2226 972 et
2267 920 2394 973 illud
2433 937 2533 976 nos
2561 922 2744 977 docuit
2781 924 2924 994 quod
2952 940 3061 978 non
3090 926 3143 978 in
3183 926 3346 979 armis
3387 933 3594 978 tantum
3622 940 3740 994 spe:

2172 1010 2337 1065 randa
2363 1012 2586 1068 victoria
2610 1022 2724 1081 est,
2755 1015 2850 1070 sed
2878 1016 2930 1069 in
2959 1016 3176 1070 nomine
3203 1014 3499 1072 Salvatoris
3524 1016 3736 1070 oranda.

1746 1189 2092 1249 HOMILIA
2136 1190 2517 1251 LXXXVII.

1743 1289 1823 1342 De
1848 1289 2075 1342 hostibus
2107 1305 2209 1342 non
2241 1291 2502 1344 timendis.

1920 1376 2309 1431 ADMONITIO.

561 1471 709 1542 lianc
735 1486 948 1540 quoque
976 1472 1259 1542 homiliam
1290 1470 1653 1542 Mabillonius,
1699 1477 1904 1542 erutam
1952 1482 2019 1520 ex
2059 1467 2244 1521 codice
2285 1466 2622 1542 Sangallensi
2647 1471 2701 1542 in
2729 1470 2909 1526 Museo
2940 1471 3125 1542 I_talico
3152 1472 3441 1542 publicavit

3541 1483 3590 1526 st
3611 1474 3737 1527 duas

488 1537 877 1611 praecedentes,
907 1539 1356 1611 quemadmodum
1395 1539 1590 1611 fecisse
1617 1537 1952 1611 Gallandium
1988 1544 2201 1611 constat
2228 1552 2296 1611 ea
2324 1547 2455 1611 toni.
2493 1538 2564 1591 lX
2593 1539 2725 1593 Bibl.
2752 1550 2920 1594 veter.
2962 1537 3198 1611 Patrum,
3225 1557 3346 1611 pag.
3383 1537 3511 1595 55f.
3539 1542 3737 1597 Titulus

489 1604 632 1688 apud
671 1609 788 1688 illos
812 1617 898 1688 est
926 1604 1231 1688 sequentia,
1263 1609 1435 1688 qualis
1458 1610 1514 1662 in
1552 1606 1993 1688 mss._rep_eritur.
2024 1604 2132 1659 Nos
2159 1604 2236 1688 De
2264 1607 2492 1688 hostibus
2520 1626 2624 1688 non
2641 1611 2898 1688 timendis
2919 1610 3163 1688 eamdem
3187 1604 3589 1688 inscripsimus,
3620 1627 3736 1688 cum

488 1673 574 1742 hic
602 1676 661 1730 S.
687 1677 945 1731 Maximus
966 1673 1298 1732 Christianos
1321 1679 1387 1731 ad
1423 1677 1632 1744 agenda
1653 1673 1909 1728 virtutum
1949 1689 2114 1744 opera
2143 1673 2477 1740 adhortetur,
2509 1686 2567 1731 ut
2607 1679 2673 1731 ab
2703 1679 2945 1732 inimicis
2968 1680 3278 1733 liberentur.
3308 1673 3515 1733 Nullius
3538 1673 3738 1734 codicis

488 1747 796 1817 testimonio
835 1747 1178 1814 Sangallense
1219 1762 1320 1817 ms.
1367 1743 1718 1808 illustramus,
1760 1758 1882 1817 cum
1910 1743 2122 1812 penitus
2150 1757 2213 1817 ea
2257 1753 2474 1817 careant
2503 1762 2720 1817 omnes;
2769 1748 2864 1802 sed
2903 1747 3023 1815 quis
3050 1748 3321 1814 ambigere
3347 1751 3545 1817 poterit
3586 1748 3737 1816 hujus

487 1818 689 1886 pariter
715 1812 1000 1886 Maximum
1030 1816 1287 1870 orationis
1332 1823 1611 1869 auctorem
1639 1812 1967 1868 censendum
2016 1813 2172 1866 esse?
2213 1813 2646 1882 quandoquidem
2692 1817 2782 1870 vix
2824 1812 3046 1871 exorsus
3091 1812 3442 1886 praecedentis
3477 1812 3735 1872 summam

484 1877 856 1953 complectitur
870 1886 893 1937 ?

487 1975 644 2052 εει
675 1974 1062 2052 Ancuunuruu.
1083 2005 1156 2052 A—-
1193 1971 1606 2052 Inexpugnabile
1643 1981 1719 2025 est
1757 1987 2062 2052 propugna-
2098 1973 2139 2030 Β
2167 1983 2328 2037 quam
2355 1985 2483 2039 quae.
2505 1971 2560 2024 in
2586 1986 2649 2026 ea
2679 1980 2800 2026 sunt
2827 1979 3049 2041 peccata
3075 1979 3374 2026 serventur.
3414 1971 3554 2042 Ergo
3573 1976 3664 2044 qui
3685 1975 3736 2026 in

506 2041 722 2101 iculum
762 2043 1144 2110 contraihostes
1174 2041 1413 2095 resistere
1448 2041 1712 2110 precibus,
1738 2041 1956 2109 jejuniis
2002 2055 2062 2110 ac

552 2113 901 2181 eleemosynis.
936 2109 1034 2173 Qui
1078 2113 1186 2164 sine
1229 2110 1326 2163 Dei
1373 2108 1544 2180 gratia
1590 2108 1930 2181 munitionem,
1965 2108 2063 2160 sibi

553 2179 845 2234 construere
890 2189 1156 2244 conantur,
1203 2179 1426 2248 vulpium
1455 2197 1594 2232 maie
1633 2180 1867 2231 videntur
1907 2179 2064 2246 foveae

555 2250 655 2304 sibi
685 2249 952 2303 latibulum
977 2264 1298 2318 praeparare.

557 2423 796 2477 Meminit
828 2430 1003 2478 vestra
1042 2421 1257 2478 dilectio
1300 2425 1404 2478 hoc
1439 2439 1540 2479 nos
1577 2423 1855 2493 superiore
1884 2423 2059 2478 domi-

489 2513 603 2567 nica
627 2513 963 2581 praulicasse,
988 2520 1045 2564 ut
1064 2512 1218 2567 bonis
1239 2513 1462 2576 actibus,
1485 2513 1707 2567 assiduis
1730 2512 2061 2566 orationibus

488 2609 674 2670 portas
719 2601 872 2655 nobis
913 2601 1131 2668 justitiae
1175 2617 1565 2664 reseraremus,
1599 2617 1662 2655 ac
1697 2600 2060 2668 frequentibus

487 2692 861 2761 eleemosynis,
908 2692 1056 2745 velut
1096 2693 1234 2759 vallo
1272 2709 1368 2747 nos
1410 2692 1786 2746 misericordiae
1826 2693 2060 2746 munire-

486 2795 624 2833 ntus.
657 2779 837 2834 Murus
866 2782 1004 2835 enim
1051 2783 1263 2849 quidam
1309 2783 1732 2852 inexpugnabilis
1757 2791 1839 2836 est
1871 2791 2055 2836 contra

485 2867 846 2922 adversarium
874 2870 1121 2923 resistere
1148 2871 1520 2941 eleemosynis,
1543 2871 1795 2925 dimicare
1819 2870 2053 2939 jejuniis.

487 2956 741 3021 Quamvis
779 2959 931 3020 enim
980 2960 1181 3012 inimici
1225 2975 1373 3014 arma
1426 2961 1533 3015 sint
1575 2961 1786 3026 valida,
1836 2961 2056 3016 fortiora

486 3036 664 3099 tamen
693 3047 807 3103 haec
847 3063 992 3101 arma
1023 3059 1146 3104 sunt
1172 3048 1464 3105 Salvatoris
1498 3069 1512 3103 :
1553 3052 1744 3120 quibus
1782 3052 1872 3120 qui
1903 3053 2056 3106 indu-

487 3145 578 3190 tus
628 3136 806 3205 fuerit,
836 3139 961 3193 licet
1002 3140 1218 3195 inermis
1264 3141 1430 3195 oculis
1473 3142 1747 3196 hominum
1793 3142 2051 3209 videatur,

485 3225 616 3281 satis
643 3234 824 3280 tamen
853 3238 1088 3284 armatus
1114 3238 1227 3296 est,
1255 3231 1378 3298 quia
1408 3245 1528 3284 eum
1562 3232 1820 3288 Divinitas
1847 3248 2052 3288 summa

2166 2059 2386 2111 nomine
2412 2057 2625 2112 Domini
2654 2060 3004 2114 munitionem
3045 2068 3324 2128 praestaret
3359 2062 3594 2125 civitati,
3641 2063 3737 2116 iste

2165 2162 2292 2202 vere
2319 2150 2662 2202 securitatem
2709 2149 2914 2202 civibus
2959 2157 3130 2218 parat.
3181 2149 3312 2203 Nam
3357 2150 3446 2218 qui
3485 2150 3602 2204 sine
3644 2151 3734 2205 Dei

2164 2241 2335 2308 gratia
2365 2241 2714 2294 munitionem
2740 2242 2859 2294 urbi
2888 2251 3201 2296 construere
3233 2252 3473 2309 conatur,
3504 2244 3595 2298 hic
3619 2244 3733 2298 vul-

2166 2322 2309 2400 pium
2331 2347 2482 2385 more
2506 2332 2714 2385 videtur
2739 2332 2903 2386 fovete
2927 2334 3023 2387 sibi
3048 2334 3325 2388 latibulum
3349 2336 3505 2404 292
3527 2349 3733 2404 praepa-

2163 2434 2303 2472 rare.
2329 2419 2516 2474 Nonne
2538 2422 2677 2474 enim
2699 2422 2800 2475 iste
2823 2432 3072 2491 tanquam
3094 2423 3266 2492 vulpis
3287 2425 3340 2477 in
3368 2439 3432 2478 ea
3460 2425 3614 2479 fovea
3633 2432 3731 2489 est,

2161 2509 2254 2575 qui
2277 2517 2472 2562 terram
2497 2509 2695 2579 jugiter
2723 2510 2873 2576 fodit,
2899 2513 3092 2566 coelum
3118 2514 3335 2568 omnino
3357 2531 3463 2569 non
3488 2516 3735 2585 respicit?

2161 2599 2250 2652 Ait
2281 2601 2421 2653 enim
2454 2601 2725 2666 Dominus,
2766 2604 2903 2656 sicut
2949 2603 3144 2658 lectum
3182 2621 3354 2674 nuper
3393 2607 3729 2662 audivimus:

2169 2687 2355 2757 Vulpes
2380 2691 2548 2758 foveas
2576 2690 2779 2755 habent,
2804 2700 2850 2743 et
2878 2681 3232 2746 volucrescaeli
3255 2695 3403 2748 nidos
3423 2694 3506 2746 ubi
3537 2699 3732 2766 requie-

2159 2788 2335 2832 scant:
2351 2780 2490 2846 ﬁlius
2510 2788 2680 2831 autem
2702 2781 2923 2833 hominis
2943 2798 3045 2834 non
3069 2782 3216 2836 habet
3240 2784 3326 2836 ubi
3345 2794 3494 2854 caput
3519 2786 3731 2838 reclinet

2163 2868 2374 2936 (Matth.
2405 2869 2516 2938 vni)
2540 2886 2552 2919 :
2576 2883 2694 2936 qua:
2728 2871 2990 2924 sententia
3013 2886 3172 2939 quem
3194 2873 3519 2931 intellectum
3543 2874 3732 2928 habeat

2159 2958 2446 3026 diligenter
2475 2959 2832 3014 intendamus.
2878 2960 2996 3014 Non
3025 2962 3166 3014 enim
3195 2962 3261 3016 de
3291 2963 3406 3031 ipso
3433 2965 3733 3032 specialiter

2158 3048 2374 3100 animali
2411 3049 2620 3101 locutus
2643 3056 2726 3103 est
2755 3049 3012 3106 Dominus
3043 3069 3054 3102 :
3084 3051 3178 3104 sed
3204 3052 3270 3105 de
3297 3051 3383 3106 his
3406 3054 3729 3113 hominibus,

2157 3137 2249 3204 qui
2270 3139 2469 3191 versuti
2499 3153 2712 3207 semper
2738 3146 2791 3191 et
2817 3138 3012 3202 callidi,
3057 3140 3241 3208 vulpes
3268 3142 3500 3197 moribus
3521 3158 3734 3212 semper

2156 3228 2350 3282 imitari
2392 3229 2633 3292 student;
2676 3228 2800 3282 dum
2827 3229 3002 3283 aliena
3050 3229 3412 3286 fraudulenter
3453 3233 3731 3302 diripiunt,

485 3316 736 3370 custodit.
761 3316 969 3370 Bonum
992 3331 1074 3372 est
1095 3321 1253 3387 igitur
1275 3321 1326 3373 in
1347 3321 1689 3375 tribulatione
1713 3338 1886 3385 orare,
1915 3323 2054 3391 jeju—
2079 3327 2124 3387 ε
2157 3322 2364 3375 foveam
2385 3337 2492 3374 sum
2523 3320 2834 3388 perditionis
2877 3319 3159 3384 effodiunt;
3195 3322 3315 3376 ideo
3335 3332 3492 3391 caput
3511 3322 3729 3386 Christi,

485 3420 633 3471 nare,
665 3408 912 3476 psallere,
958 3411 1220 3464 misereri.
1264 3411 1358 3467 His
1386 3413 1525 3466 enim
1553 3414 1690 3477 telis,
1733 3415 1868 3468 sicut
1894 3415 2061 3469 David

485 3496 788 3564 exemplum
816 3507 1003 3551 contra
1032 3498 1239 3553 Goliam
1285 3502 1620 3570 protulimus,
1653 3503 1826 3558 solent
1867 3505 2058 3558 adver-

483 3583 654 3638 sarios
697 3600 827 3639 suos
871 3587 1086 3641 vincere
1133 3589 1449 3654 Christiani,
1500 3593 1580 3645 his
1627 3594 1787 3646 armis
1831 3594 2060 3649 civitatis

486 3672 682 3725 muenia
708 3674 999 3729 custodire.
1032 3675 1170 3730 Dicit
1197 3679 1340 3731 enim
1369 3688 1585 3734 sanctus
1607 3683 1865 3750 propheta
1895 3701 1906 3734 :
1938 3681 2060 3736 Nisi

484 3759 738 3816 Dominus
767 3765 1061 3818 custodierit
1090 3768 1373 3832 civitatem,
1417 3770 1469 3820 in
1509 3787 1691 3824 vanum
1733 3774 1944 3842 vigilant
1974 3775 2058 3841 qui

481 3853 779 3905 custodiunt
797 3871 911 3906 eam
932 3854 1102 3923 (Paul.
1127 3858 1327 3925 cxxvi).
1361 3858 1416 3910 In
1439 3876 1630 3912 vanum
1653 3876 1779 3929 ergo
1805 3863 1900 3916 iste
1923 3864 2057 3929 vigi-

485 3942 561 3996 lat
587 3945 678 4012 qui
706 3959 756 4011 pl
783 3952 862 3997 tat
907 3960 966 3999 se
1013 3961 1223 3999 armare
1267 3948 1560 4012 civitatem,
1606 3965 1725 4004 cum
1774 3953 1885 4020 ipse
1939 3951 2059 4006 ﬁdei

483 4045 631 4084 arma
659 4047 767 4086 non
797 4032 1012 4088 habeat.
1057 4034 1116 4087 In
1142 4051 1337 4089 vanum
1379 4039 1536 4105 plane
1564 4040 1767 4093 laborat
1793 4042 1881 4109 qui
1911 4043 2056 4095 azsti-
2103 4079 2106 4081 ›

483 4128 598 4173 mat
623 4135 681 4174 se
709 4123 989 4176 tuitionem
1017 4123 1106 4177 alii
1136 4141 1327 4193 parare
1357 4143 1532 4195 posse,
1565 4146 1685 4183 cum
1727 4132 1839 4199 ipse
1868 4133 1935 4185 sit
1964 4133 2057 4185 Dei

483 4209 653 4276 gratia
672 4209 976 4265 destitutus.
1011 4212 1096 4266 Ait
1122 4214 1377 4269 Dominus
1406 4218 1459 4269 in
1483 4217 1769 4286 Evangelio
1796 4237 1806 4270 :
1832 4219 2054 4286 Mediae,

484 4316 607 4353 cura
635 4309 684 4354 te
712 4303 878 4370 ipsum
910 4303 1057 4372 (Luc.
1083 4306 1177 4374 Iv).
1213 4305 1324 4361 Hoc
1353 4310 1597 4377 exemplo
1626 4310 1904 4364 dicendum
1933 4320 2014 4364 est
2041 4331 2052 4362 :

488 4391 635 4459 prius
682 4399 757 4456 tu,
792 4391 974 4457 homo,
1007 4404 1110 4448 tua:
1147 4398 1368 4452 consule
1395 4399 1575 4465 saluti,
1609 4409 1665 4453 ut
1692 4401 1863 4468 possis
1900 4402 2056 4454 saluti

484 4482 763 4551 providere
787 4485 1097 4539 multorum.
1131 4487 1393 4542 Caeterum
1419 4505 1539 4543 cum
1569 4499 1622 4544 te
1657 4491 1973 4546 imbecillem
2004 4502 2058 4547 et

485 4571 754 4629 inﬁrmum
784 4574 1026 4638 videam,
1058 4591 1121 4629 ac
1161 4576 1465 4633 Divinitatis
1496 4581 1693 4633 auxilio
1722 4581 2052 4647 destitutum,

2161 3410 2304 3478 quod
2334 3419 2416 3463 est
2458 3410 2614 3472 Deus,
2645 3410 3005 3465 habitaculum
3036 3411 3089 3463 in
3130 3411 3212 3464 his
3252 3426 3359 3464 non
3387 3420 3564 3480 potest
3594 3414 3735 3466 inve-

2162 3501 2276 3553 nire
2302 3500 2392 3567 qui
2421 3499 2664 3553 habitant
2692 3500 2744 3552 in
2775 3499 3019 3555 defossis.
3064 3499 3199 3565 Quid
3230 3509 3408 3554 autem
3433 3504 3735 3570 specialiter

2161 3590 2394 3642 hreretici
2437 3589 2681 3658 vulpibus
2709 3601 3090 3660 comparantur
3139 3592 3281 3644 nulla
3323 3594 3596 3646 cunetatio
3636 3602 3732 3646 est.

2161 3678 2294 3732 Sunt
2324 3680 2483 3742 enim,
2509 3680 2644 3733 sicut
2675 3682 2875 3749 vulpes,
2907 3681 3100 3744 dolosi,
3139 3682 3427 3750 importuni
3455 3691 3509 3736 et
3539 3684 3734 3747 timidi;

2160 3769 2249 3822 ubi
2277 3770 2511 3836 quietem
2539 3772 2820 3833 senserint,
2862 3770 2931 3824 ibi
2963 3771 3163 3824 rabiem
3193 3787 3301 3824 sua:
3326 3771 3555 3826 levitatis
3587 3787 3735 3826 excr-

2159 3867 2309 3921 cent;
2333 3859 2422 3911 ubi
2445 3860 2767 3926 vigilantiam
2789 3861 3105 3929 repererint,
3132 3860 3326 3914 exinde
3348 3860 3530 3913 dolosa
3556 3859 3735 3913 fraude

2161 3947 2460 4015 diffugiunt.
2494 3948 2624 4001 Nam
2656 3950 2792 4003 sicut
2817 3957 3169 4003 memoratum
3197 3950 3393 4002 animal
3417 3964 3631 4018 semper
3657 3955 3735 4004 est

2161 4036 2342 4102 fallax,
2366 4054 2578 4106 semper
2600 4040 2879 4104 incertum,
2903 4054 3003 4093 nec
3023 4040 3312 4107 aliquando
3332 4055 3537 4093 morum
3563 4047 3734 4109 potest

2159 4138 2365 4183 mutare
2409 4131 2716 4194 versutiam,
2771 4131 2840 4182 ita
2885 4138 2939 4183 et
2985 4130 3160 4184 omnis
3199 4129 3480 4184 hzereticus
3524 4145 3734 4198 semper

2159 4219 2335 4284 fallax,
2375 4236 2586 4289 semper
2615 4222 2847 4274 incertus
2887 4229 2996 4284 est;
3043 4229 3098 4274 et
3136 4235 3253 4274 cum
3300 4228 3472 4274 tecum
3494 4220 3735 4273 videatur

2158 4310 2470 4378 simpliciter
2498 4310 2676 4378 loqui,
2708 4319 2876 4363 mutat
2897 4312 3055 4364 verba
3075 4352 3089 4376 ,
3119 4310 3213 4364 sed
3251 4325 3358 4363 non
3389 4324 3590 4373 mores,
3621 4326 3731 4362 mo-

2158 4401 2382 4454 destiam
2409 4413 2655 4456 sermone
2684 4402 2974 4470 promittit,
3017 4403 3219 4455 rabiem
3259 4402 3422 4456 corde
3449 4402 3729 4470 depromit.

2160 4490 2344 4558 Vulpis
2390 4491 2556 4545 cauda
2606 4491 2769 4556 fallit,
2814 4492 3093 4545 hrcreticus
3138 4491 3315 4559 lingua
3355 4491 3729 4555 circumvenit;

2157 4583 2329 4651 vulpis
2357 4584 2814 4638 mansuetudinem
2855 4583 3173 4637 animalibus
3217 4583 3400 4651 ﬁngit,
3437 4592 3495 4636 ut
3518 4583 3728 4651 capiat;

483 4679 592 4718 non
621 4665 794 4719 solum
841 4667 1090 4730 civitatis,
1132 4683 1250 4736 qua:
1295 4685 1391 4738 per
1432 4679 1484 4724 te
1533 4681 1772 4740 paratur,
1821 4675 2060 4730 custodia
2088 4685 2139 4744 ι)
2165 4674 2444 4726 htereticus
2472 4673 2895 4727 moderationem
2918 4673 3221 4727 hominibus
3248 4673 3533 4742 promittit,
3558 4682 3616 4726 ut
3643 4687 3731 4724 no-

483 4771 591 4810 non
620 4756 853 4822 conﬁdo,
881 4759 975 4812 sed
1010 4775 1200 4815 vereor
1227 4777 1293 4815 ne
1321 4766 1603 4818 conturbet
1633 4775 1724 4820 tua
1751 4766 2053 4836 desperatio

482 4845 776 4900 civitatem.
809 4846 956 4902 Tunc
982 4863 1109 4917 ergo
1138 4851 1326 4904 civitas
1351 4855 1553 4907 munita
1578 4864 1676 4923 est,
1701 4858 1914 4925 quando
1936 4873 2055 4912 eam

484 4936 655 5004 magis
683 4935 822 4990 Deus
851 4937 963 5006 ipse
990 4939 1221 4992 custodit
1259 4958 1271 4992 :
1306 4951 1432 4997 tunc
1461 4956 1639 4998 autem
1670 4962 1787 5000 eam
1823 4949 2057 5002 custodit

485 5024 625 5079 Deus
645 5025 781 5079 sicut
799 5029 1052 5096 scriptum
1081 5037 1182 5092 est,
1205 5032 1419 5098 quando
1444 5035 1744 5089 habitantes
1763 5037 1815 5089 in
1835 5053 1906 5091 .ea
1931 5048 2058 5092 sunt

485 5131 673 5170 omnes
700 5117 980 5184 moderati,
1011 5134 1230 5187 graves,
1273 5122 1561 5178 Christiani
1590 5136 1751 5194 atque
1780 5130 2049 5186 catholici.

485 5202 714 5259 Necesse
750 5213 833 5258 est
873 5207 1048 5273 enim,
1097 5217 1156 5261 ut
1199 5211 1470 5266 civitatem
1509 5222 1794 5270 conservet
1820 5218 1961 5273 Deus
1999 5221 2053 5274 in

483 5308 588 5362 qua
615 5294 684 5348 de
707 5298 983 5364 placetdis
1017 5300 1129 5355 suis
1169 5300 1403 5356 inveniat
1428 5305 1574 5372 quod
1595 5317 1850 5364 reservet.
1879 5310 2053 5364 Caue-

484 5398 601 5436 rum
626 5383 713 5438 ubi
732 5392 815 5438 est
842 5385 1046 5440 luxuria
1067 5427 1082 5450 ,
1110 5391 1329 5459 perﬁdia
1351 5401 1511 5461 atque
1531 5395 1882 5465 blasphemia,
1907 5399 2054 5453 illam

481 5472 757 5527 civitatem
790 5491 899 5530 non
926 5486 1101 5532 servat
1129 5477 1415 5535 Dominus:
1463 5499 1534 5540 ne
1560 5500 1672 5539 non
1710 5495 1820 5541 tam
1845 5489 2050 5556 civitas,

559 5706 583 5733 ⁸
613 5696 756 5752 Idem
779 5699 900 5753 cod.
919 5701 983 5754 S.
1016 5700 1200 5756 Crucis
1228 5703 1279 5756 in
1310 5703 1440 5770 Jer.,
1469 5706 1521 5758 in
1551 5703 1788 5773 ﬁguram.

2160 4775 2308 4830 cent;
2335 4766 2421 4818 illa
2443 4774 2618 4818 autem
2642 4765 2876 4834 proludit
2901 4774 2959 4818 ut
2980 4763 3207 4832 jugulet,
3239 4765 3325 4818 hic
3353 4765 3500 4833 prius
3527 4763 3730 4818 blandi-

2161 4865 2248 4910 tur
2283 4865 2342 4909 ut
2370 4857 2648 4924 exspolict.
2700 4856 2983 4909 Familiare
3029 4863 3208 4908 autem
3237 4855 3381 4923 vulpi
3418 4862 3501 4908 est
3527 4854 3730 4923 gallina:

2162 4963 2374 5016 semper
2420 4947 2657 5001 insidiari
2700 4957 2755 5002 et
2792 4947 2980 5016 pullis,
3025 4954 3084 4999 ut
3119 4947 3223 5001 sia
3263 4955 3433 5000 matre
3473 4947 3728 5016 quispiam

2163 5038 2371 5106 longius
2396 5039 2616 5104 abierit,
2654 5039 2706 5092 in
2741 5038 2854 5107 ejus
2881 5037 3112 5107 prmdam
3140 5045 3413 5107 captetur;
3444 5038 3515 5092 ita
3548 5047 3602 5092 et
3627 5038 3727 5091 ha:-

2160 5131 2361 5185 reticus
2401 5129 2557 5183 matri
2590 5127 2840 5184 Ecclesia:
2869 5142 3083 5198 semper
3113 5129 3397 5184 insidiatur
3424 5136 3479 5182 et
3511 5128 3646 5190 ﬁliis,
3678 5133 3728 5178 ut

2161 5223 2206 5276 si
2231 5222 2368 5276 forte
2406 5221 2636 5290 aliquem
2665 5220 3109 5289 negligentiorem
3135 5217 3426 5282 invenerit,
3457 5231 3552 5269 sua
3592 5213 3725 5267 illum

2162 5313 2310 5367 rabie
2340 5313 2762 5367 circumscribat.
2792 5311 2944 5377 Quod
2979 5317 3156 5365 autem
3185 5309 3393 5377 gallinae
3418 5315 3564 5362 recte
3590 5318 3724 5360 com-

2163 5412 2382 5472 paretur
2407 5403 2666 5466 Ecclesia,
2700 5403 2754 5456 in
2784 5401 3076 5469 Evangelio
3108 5401 3360 5468 legimus,
3389 5399 3598 5454 dicente
3625 5395 3722 5449 Do-

2163 5495 2309 5551 mino
2337 5495 2405 5550 ad
2430 5494 2728 5549 Jerusalem
2763 5512 2776 5546 :
2807 5492 3114 5558 Jerusalem,
3144 5493 3335 5563 quoties
3364 5491 3499 5545 volui
3524 5501 3723 5558 congre-
