3910 6238
155 381 262 439 ιέἲό
1501 391 1750 446 HOMth

1856 389 2131 447 .XXXVIH.

171 517 293 571 gare
319 501 457 571 ﬁlios
489 512 640 570 tuos,
663 506 799 558 sicut
825 505 1018 576 gallina
1038 507 1500 576 congregatpitllos
1529 522 1649 558 suos
1676 505 1769 558 sub

173 591 291 644 alas
311 608 434 645 suas
457 591 615 662 (Luc.
647 595 800 664 xm)?
827 594 991 650 Recte
1012 605 1192 650 autem
1216 604 1558 666 comparatur
1576 596 1774 663 gallina

172 679 452 736 Ecclesiae.
485 683 646 738 Sicut
672 684 818 738 enim
863 701 972 739 non
1018 687 1192 740 solum
1238 702 1365 741 suos
1404 685 1541 742 ﬁlios
1583 687 1770 752 nutrit,
1877 687 2068 756 vigiliis
2095 693 2172 749 ut,
2201 686 2589 742 interveniente
2613 687 2979 746 misericordia
3011 687 3138 757 Dei,
3174 695 3231 743 et
3257 689 3450 744 barba-

171 771 278 825 sed
305 772 474 826 etiam
509 773 720 828 alienos
765 775 987 845 suscipit
1031 777 1343 843 venientes;
1393 778 1466 831 ita
1495 785 1551 832 et
1577 778 1772 846 gallina
1877 791 2060 831 rerum
2083 775 2404 845 repellamus
2423 776 2722 846 feritatem,
2753 787 2807 832 et
2835 778 3204 832 hiereticorum
3232 778 3456 834 insidias

173 874 290 917 non
317 862 500 917 solum
525 878 624 919 eos
647 864 815 918 nutrit
842 879 981 934 quos
1007 865 1121 936 ipsa
1144 866 1433 920 excluserit
1451 907 1465 931 ,
1498 867 1592 921 sed
1610 866 1774 921 etiam
1879 866 2246 921 retundamus.
2280 865 2527 936 Explicit.

1408 975 1755 1035 HOMILIA
1799 976 2216 1036 LXXXVIII.

707 1070 787 1125 De
814 1089 917 1126 non
945 1073 1188 1126 timendis
1216 1073 1440 1127 hostibus
1477 1074 1770 1128 carnalibus
1799 1083 1848 1127 et
1878 1075 1943 1127 de
1970 1075 2150 1145 gratiis
2178 1084 2293 1146 post
2317 1075 2488 1128 cibum
2517 1073 2627 1129 Deo
2657 1076 2872 1147 agendis
2903 1075 2953 1130 1.

1626 1161 2024 1217 ADMONITIO.~

246 1254 421 1334 293
441 1252 1049 1334 Forusseggbitahjtur
1089 1254 1406 1334 utrum-haec
1433 1253 1655 1334 homilia
1679 1269 1802 1334 cum
1844 1253 2178 1333 sermonibus
2207 1252 2571 1334 Ambrosianis
2592 1252 2813 1334 confusa
2843 1253 2992 1315 olim,
3021 1261 3082 1334 ut
3105 1255 3265 1308 docet
3284 1257 3448 1334 editio

162 1320 504 1378 Parisie'nsis
523 1337 611 1374 an.
638 1320 796 1392 1569,
821 1321 878 1392 S.
904 1321 1143 1392 Maximo,
1160 1323 1594 1392 sitAdecernenda
1621 1339 1635 1374 :
1661 1322 1804 1392 quod
1833 1322 2045 1375 nonnisi
2076 1338 2210 1375 unus
2233 1330 2339 1392 au_t_
2352 1322 2489 1375 alter
2508 1321 2828 1392 codex__ejus
2865 1330 3111 1392 assertor
3128 1324 3446 1392 reperiatur.

159 1391 320 1472 §unt
359 1399 542 1472 autem
569 1391 1082 1472 hujusmodi-codex
1103 1389 1191 1472 D9
1229 1389 1447 1472 San'c‘tai
1468 1391 1655 1445 Crucis
1682 1389 1735 1444 in
1779 1390 2075 1472 Jerusalem
2105 1407 2252 1472 num.
2279 1390 2363 1470 16,
2395 1398 2452 1444 et
2477 1390 2646 1470 codex
2670 1389 3305 1472 ντῃίςξιιιμεςηηϐὃκρεις.Δ

158 1460 376 1515 Exstat
398 1459 559 1514 etiam
588 1457 650 1513 in
669 1459 856 1515 codice
884 1459 1245 1514 Laurentiano
1268 1475 1304 1513 ι
1337 1459 1472 1515 Plut.
1504 1476 1592 1513 nv
1631 1474 1755 1528 pag.
1798 1459 1920 1520 281,
1965 1460 2055 1512 ubi
2099 1460 2334 1513 auctoris
2364 1459 2578 1512 nomine
2605 1467 2771 1528 caret.
2796 1458 2912 1528 Sed
2952 1457 3270 1528 Gennadius
3291 1464 3447 1516 testi-

155 1530 365 1584 monio
391 1543 490 1583 suo
511 1528 725 1608 plenam
753 1528 913 1583 ﬁdem
933 1529 1033 1584 sibi
1061 1529 1312 1609 vindicat,
1336 1529 1428 1597 qui
1457 1526 1738 1647 praecipuis

155 1616 278 1653 non
310 1597 554 1652 timendis
580 1605 632 1650 et
657 1598 722 1651 de
749 1599 932 1663 gratiis
959 1608 1074 1663 post
1114 1598 1280 1650 orbum
1308 1596 1422 1651 Deo
1461 1615 1590 1663 agen
1633 1613 1694 1648 is.
1741 1595 1750 1647 Τ

1856 1529 1909 1580 Lis
1931 1528 2142 1580 titulum
2171 1528 2311 1580 illius
2331 1528 2406 1580 ita
2444 1527 2713 1594 expressit
2738 1545 2750 1578 :
2782 1526 2861 1581 De
2897 1527 3124 1599 ltostibus
3150 1530 3447 1585 carnalibus

1856 1611 1874 1649 s
1914 1597 2198 1649 memorati
2246 1596 2461 1650 codices
2505 1594 2691 1648 iisdem
2732 1610 2871 1663 pene
2911 1597 3088 1650 verbis
3127 1607 3447 1663 conceptam

154 1616 278 1678 ,σει
310 1614 554 1678 struendis
580 1614 632 1650 ει
657 1614 722 1678 (ξε
749 1614 932 1668 ργαωε
959 1614 1074 1667 ροει
1114 1614 1283 1678 εροιηξ
1308 1614 1422 1678 1)ξο
1461 1614 1694 1678 agendis.
1749 1614 1874 1678 "es
1914 1614 2461 1678 m‘emorauncoulces
2505 1614 2713 1676 "5081“.
2732 1614 2871 1677 pene
3127 1614 3447 1667 conceptam

155 1667 528 1748 epigraphem
556 1664 872 1747 przeferunt';
902 1664 1224 1748 natn‘codex
1252 1665 1310 1747 S:
1341 1664 1527 1720 Crucis
1556 1667 1608 1720 in
1636 1665 1930 1745 Jerusalem
1960 1665 2163 1744 habet;
2196 1664 2276 1744 D_e
2305 1664 2534 1744 hostibus
2574 1664 2739 1732 magis
2777 1666 3128 1744 spiritalibus
3149 1664 3312 1736 quam
3332 1683 3448 1720 car-

155 1736 385 1814 εσιιριε
408 1735 715 1814 metuendis,
739 1736 878 1814 etde
903 1747 1085 1814 gratus
1112 1744 1228 1814 post
1250 1734 1418 1814 Cibum
1445 1735 1556 1789 Deo
1586 1734 1886 1814 referendis.
1912 1733 2028 1814 Duo
2051 1734 2261 1814 reliqui,
2285 1732 2574 1814 Vaticanus
2595 1740 2649 1785 et
2671 1731 3082 1814 haureiitianus,
3105 1744 3405 1814 consonant
3430 1754 3444 1790 :

155 1805 250 1880 ρο
280 1804 515 1880 hostibus
540 1807 704 1880 magis
729 1801 1085 1880 spiritu'alibus
1107 1801 1412 1880 metuendis,
1435 1813 1492 1880 _et
1518 1812 1632 1873 post
1643 1801 2038 1880 '_cibum_gr_atiis
2067 1801 2175 1855 Deo
2204 1801 2442 1880 agendis,
2467 1817 2570 1854 non
2593 1802 2901 1880 amittentes
2923 1803 3107 1880 nisi
3126 1803 3442 1880 canalibus.

154 1873 442 1944 Gennadii
469 1868 846 1944 auctoritatem
874 1871 1321 1944 plurimi‘fecisse
1363 1868 1610 1944 videntur
1649 1868 2003 1944 Benediétini_
2019 1868 2266 1944 monachi
2307 1883 2559 1937 congreg.
2602 1868 2782 1944 Sancti
2809 1869 3008 1934 Mauri,
3050 1871 3277 1944 ideoque
3304 1873 3446 1944 hanc

153 1943 543 1997 homiliamab
585 1943 709 1997 albo
746 1939 1054 1998 sermonum
1093 1941 1151 1997 S.
1199 1942 1467 1996 Ambrosii
1493 1942 1842 2003 deleverunt,
1885 1947 1941 1994 et
1970 1939 2028 1994 S.
2061 1940 2291 1992 Maximo
2319 1946 2680 1998 asseruerunt,
2712 1939 3032 1993 adnotantes
3075 1940 3126 1992 in
3172 1939 3446 1996 veteribus

154 2012 445 2082 Ambrosii
467 2011 794 2082 editionib'us
819 2011 1009 2082 haberi
1027 2011 1245 2082 titulum
1273 2029 1286 2064 :
1317 2011 1486 2082 Super
1513 2020 1674 2082 caput
1693 2026 1766 2082 vn
1792 2008 2110 2082 Job_sermo,_
2135 2017 2259 2082 etc._
2284 2005 3442 2082 Verum_posteriores_editores_._Gymnicus

199 2096 296 2150 ag.
327 2079 453 2144 267,
495 2079 797 2135 Galesinius
834 2093 957 2149 pag.
990 2079 1112 2143 171,
1155 2075 1482 2150 Raynaudus
1504 2075 1623 2149 pag.
1648 2078 1774 2147 240,
1805 2085 1862 2133 et
1888 2077 2218 2148 Margarinus
2245 2077 2298 2130 in
2328 2077 2464 2130 Bibl.
2492 2077 2630 2129 Max.
2657 2084 2787 2131 tom.
2820 2075 2916 2144 Vl,
2938 2091 3060 2147 pag.
3084 2077 3176 2141 45,
3198 2075 3445 2134 eamdem

3345 395 3452 451 ιω

1872 505 2147 575 appositos
2165 504 2266 558 sibi
2288 504 2480 559 educat
2497 506 2722 562 alienos.
2745 506 2930 577 Igitur,
2951 506 3159 574 fratres,
3182 522 3456 565 armemus

1878 612 1977 652 nos
1997 611 2092 666 per
2110 596 2248 650 hanc
2266 595 2657 652 hebdomadam
2669 597 2910 667 jejuniis,
2931 598 3264 654 orationibus
3291 608 3454 668 atque

251 2150 439 2204 unadii
461 2151 865 2220 inscriptionem
887 2150 1243 2204 retinuerunt.

162 2263 644 2319 ARGUIENTUI.-—
663 2263 889 2318 Adversa
911 2265 1130 2317 tolerare
1147 2264 1368 2332 sapienti
1387 2262 1589 2316 virtutis
1604 2279 1762 2332 επεν·
1793 2264 1835 2322 Β
1864 2260 1971 2313 vita
1992 2259 2171 2313 omnia
2192 2258 2539 2327 experiantur
2558 2256 2727 2321 mala;
2752 2255 3064 2325 piraterium
3089 2256 3233 2310 enim
3254 2256 3444 2312 Lalin

238 2335 427 2386 citium
451 2343 556 2397 est,
587 2334 851 2401 insipienti
879 2326 1318 2402 praevaricationis
1347 2326 1758 2387 occasio..Bene-

239 2403 483 2472 liciarum
510 2410 586 2456 est
611 2403 874 2456 retributio
903 2403 1220 2466 divinorum,
1262 2411 1316 2454 ut
1355 2402 1532 2472 refecti
1563 2402 1760 2470 gratias

244 2469 357 2525 Deo
383 2473 688 2541 referamus.

235 2622 582 2690 Frequenter
621 2620 871 2675 admonui
899 2637 1018 2688 vos,
1060 2620 1274 2688 fratres,
1317 2628 1396 2687 ut,
1439 2620 1565 2673 dum
1613 2618 1757 2682 licet,

167 2722 194 2749 ³
228 2711 366 2765 dum
393 2710 445 2764 in
475 2710 652 2779 spatio
705 2717 810 2777 est,
855 2710 1015 2764 saluti
1063 2717 1253 2764 vestra:
1295 2709 1543 2764 omnibus
1589 2706 1761 2761 modis

165 2799 553 2866 consulcretis,
584 2806 638 2852 et
666 2799 719 2852 in
747 2800 848 2853 hac
881 2800 992 2852 vita
1026 2799 1177 2853 brevi
1203 2800 1370 2852 vitam
1399 2798 1551 2852 vobis
1579 2797 1759 2866 provi-

164 2890 376 2946 deretis
420 2898 700 2946 aeternam.
762 2889 988 2959 Sapiens
1032 2891 1170 2943 enim
1228 2890 1455 2958 quisque
1511 2888 1759 2956 intelligit

165 2978 319 3049 quod
361 2979 475 3033 haec
511 2979 620 3032 vita
660 2979 936 3033 hominum
978 2995 1084 3033 non
1114 2978 1182 3032 ad
1211 2979 1449 3046 quietem
1475 2977 1598 3031 data
1618 3019 1634 3043 ,
1665 2976 1757 3030 sed

167 3071 239 3125 ad
273 3070 536 3136 laborem,
567 3069 672 3124 hoc
699 3076 801 3131 est,
843 3076 901 3122 ut
929 3069 1016 3122 hic
1054 3069 1265 3123 laboret
1304 3076 1360 3122 et
1393 3069 1445 3121 in
1481 3075 1757 3136 posterum

169 3161 496 3229 requiescat.
529 3162 543 3190 ¹
577 3158 674 3214 Hic
719 3166 896 3212 autem
945 3159 1157 3226 requies
1203 3157 1375 3220 nulla;
1422 3157 1584 3210 tantis
1612 3156 1756 3210 enim

171 3250 331 3304 malis
351 3250 463 3303 haec
483 3250 590 3302 vita
613 3249 818 3318 repleta
839 3255 941 3314 est,
965 3256 1024 3302 ut
1048 3248 1449 3316 comparatione
1470 3245 1586 3314 ejus
1609 3261 1757 3299 mors

169 3339 196 3378 δ
227 3339 468 3394 remedio
489 3346 703 3408 putetur
724 3352 861 3403 esse,
886 3353 992 3392 non
1019 3352 1205 3407 poma;
1237 3352 1360 3390 nam
1386 3335 1506 3390 ideo
1536 3337 1754 3389 brevem

169 3429 316 3483 illam
345 3429 470 3482 fecit
496 3429 659 3495 Deus,
689 3435 748 3481 ut
775 3428 1032 3482 molestia:
1079 3428 1213 3496 ejus,
1240 3427 1365 3496 quia
1396 3427 1756 3495 prosperitate

170 3532 283 3571 non
305 3525 574 3586 poterant,
599 3515 858 3584 temporis
876 3515 1165 3584 exiguitate
1191 3513 1486 3569 finirentur.
1515 3514 1753 3583 Denique

1863 2350 2286 2419 experimentum
2335 2349 2436 2403 dici
2491 2355 2697 2418 potest;
2753 2363 2850 2401 seu
2904 2355 3051 2401 certe
3106 2348 3442 2416 piraterium,

1860 2438 2004 2507 quod
2033 2438 2086 2492 in
2116 2439 2216 2492 hac
2242 2438 2352 2490 vita
2389 2437 2532 2492 circa
2578 2437 2820 2490 homines
2864 2435 3142 2503 diabolus,
3185 2445 3443 2504 tanquam

1861 2531 2030 2599 pirata
2053 2529 2332 2591 desaeviat;
2361 2527 2669 2597 piraterium
2685 2527 2826 2580 enim
2852 2525 3210 2580 habitaculum
3231 2527 3437 2595 pirata-

1861 2635 1980 2672 rum
2001 2626 2101 2672 est.
2136 2617 2340 2672 Tandiu
2369 2631 2496 2685 ergo
2524 2617 2576 2669 in
2602 2616 2858 2685 piraterio
2887 2629 3092 2681 sumus,
3124 2615 3358 2682 quandiu
3389 2615 3442 2670 in

1858 2708 1964 2763 hac
1982 2722 2144 2762 carne
2165 2706 2326 2776 positi
2348 2705 2656 2774 praedonum
2676 2703 3034 2772 spiritualium
3053 2704 3443 2759 tentationibus

1857 2796 2221 2864 subjacemus;
2248 2795 2490 2866 quamvis
2512 2794 2564 2848 in
2594 2794 2694 2847 hac
2723 2793 2837 2862 ipsa
2863 2794 2972 2846 vita
2999 2793 3160 2846 etiam
3185 2793 3438 2847 carnales

1857 2887 2035 2953 nobis,
2061 2886 2152 2953 qui
2192 2892 2316 2939 sunt
2357 2883 2599 2950 barbari,
2640 2882 2826 2950 pirata:
2854 2897 2962 2936 non
2991 2880 3216 2946 desunt;
3261 2882 3443 2938 minus

1859 2982 2035 3028 tamen
2066 2989 2159 3028 eos
2190 2975 2351 3027 timeo
2388 2972 2501 3040 qui,
2547 2971 2644 3025 etsi
2683 2969 2928 3024 auferunt
2952 2970 3296 3040 patrimonia,
3329 2987 3441 3025 non

1857 3072 2082 3134 possunt
2123 3062 2332 3116 auferre
2365 3062 2659 3130 justitiam;
2704 3060 2866 3131 294
2891 3060 2958 3114 εἰ·
2984 3075 3171 3115 aurum
3217 3062 3432 3126 tollunt,

1856 3151 2124 3207 Christum
2156 3159 2302 3207 certe
2333 3153 2520 3205 tollere
2559 3167 2666 3205 non
2709 3156 2962 3219 possunt;
2993 3150 3037 3202 si
3067 3149 3326 3218 diririunt
3353 3166 3441 3204 ar-

1855 3249 2093 3309 gentum,
2119 3257 2226 3295 non
2249 3247 2472 3309 possunt
2492 3240 2723 3308 diripere
2742 3237 3100 3292 Salvatorem.
3131 3238 3260 3304 Quis
3282 3242 3442 3308 igitur

1857 3348 1963 3385 non
1987 3342 2010 3371 ε
2034 3331 2250 3385 festinat
2277 3331 2474 3384 habere
2503 3330 2601 3384 sibi
2631 3328 2923 3395 Christum,
2951 3344 3112 3396 quem
3134 3345 3240 3384 non
3269 3331 3440 3401 possit

1856 3422 1924 3476 ab
1952 3437 2018 3476 eo
2047 3436 2145 3475 nec
2190 3420 2368 3489 praedo
2414 3419 2668 3489 diripere,
2715 3432 2815 3474 nec
2858 3420 3028 3475 hostis
3071 3419 3440 3488 auferre,nec

1855 3513 2138 3582 captivitas
2161 3512 2447 3582 separare?
2476 3510 2578 3577 Qui
2595 3513 2736 3565 enim
2759 3512 2921 3565 habet
2941 3510 3236 3577 Christum,
3263 3513 3440 3567 homi-

170 3613 391 3660 sanctus
414 3603 515 3657 Job
543 3603 710 3657 dicit:
743 3601 1057 3656 Piraterium
1084 3612 1160 3656 est
1197 3603 1302 3656 vita
1342 3604 1562 3656 hominis
1605 3618 1756 3671 super
1782 3614 1826 3676 ο
1858 3618 1982 3658 nem
2032 3619 2140 3657 non
2192 3612 2408 3656 veretur
2450 3601 2742 3654 inimicum.
2809 3599 2947 3665 Quid
3001 3600 3146 3653 enim
3201 3600 3439 3655 facturus

171 3705 360 3750 terram
393 3693 510 3763 (Job
538 3693 664 3760 vni;
693 3694 797 3748 hoc
824 3702 929 3762 est,
958 3694 1072 3748 sive
1112 3693 1255 3762 quod
1294 3694 1540 3748 homines
1568 3694 1623 3747 in
1652 3695 1754 3748 hac

241 3853 268 3880 ⁸
295 3842 472 3898 Codd.
497 3841 553 3896 S.
579 3840 766 3896 Crucis
787 3858 842 3895 ιη
870 3841 978 3896 Jer.
1011 3850 1067 3896 et
1088 3840 1340 3896 Laurent.
1366 3842 1602 3908 addunt,
1631 3844 1750 3897 dum

171 3923 369 3992 tanpus
395 3914 452 3992 in
483 3912 650 3992 spgtio
669 3923 774 3992 est,
796 3911 952 3992 saluti
973 3921 1156 3992 pestra:
1184 3913 1510 3992 omnimodis,
1535 3922 1619 3968 etc

242 3978 468 4037 b'Codd.
502 3979 569 4034 99
598 3981 655 4033 ὃ.
679 3979 864 4035 Crucis
893 3982 942 4034 in
965 3978 1072 4034 Jer.
1105 3990 1160 4035 et
1201 3980 1315 4034 Vat.
1350 3980 1508 4050 1268,
1540 3999 1752 4052 compa-

245 4143 259 4171 ¹
293 4137 393 4190 Hic
423 4144 593 4189 autem
615 4137 811 4205 requies
832 4136 975 4189 nulla
995 4147 1102 4201 est;
1129 4140 1286 4192 tantis
1307 4155 1444 4192 enim
1465 4141 1615 4192 malis
1639 4141 1746 4194 haec

173 4212 276 4263 vita
301 4207 496 4274 repleta
522 4213 626 4268 est,
665 4216 749 4276 ut_
759 4209 1146 4276 comparatione
1185 4209 1294 4276 ejus
1339 4225 1479 4262 mors
1524 4212 1746 4263 remedio

173 4273 373 4348 putetur
397 4291 500 4348 non
529 4290 695 4348 paena.
721 4273 864 4348 Nam
880 4273 1004 4328 ideo
1034 4273 1227 4348 brevem
1260 4278 1403 4330 illam
1433 4279 1551 4346 fecit
1585 4278 1744 4342 Deus,

173 4344 228 4399 ut
256 4345 503 4399 molestia:
530 4344 809 4414 ejus,qui'a
849 4347 1188 4414 prosperitate
1215 4362 1317 4399 non
1339 4344 1595 4414 poterant,
1621 4358 1746 4400 tem-

209 4417 314 4468 oris
340 4414 617 4481 exiguitate
645 4413 1398 4480 ﬁnirentur.—Admonuerat
1420 4425 1542 4469 ante
1568 4415 1750 4470 ﬁdeles

209 4434 314 4468 om
340 4434 617 4481 extguuate
645 4434 1398 4480 [ιηπεηιιιν.-Λαωοιιυει·ει
1420 4434 1542 4469 ante
1568 4434 1750 4470 [IGCICS

174 4434 435 4536 Elaximus
463 4481 528 4534 de
552 4482 672 4534 vitae
697 4481 980 4547 brevitate,
1021 4483 1073 4536 in
1114 4499 1215 4552 qua
1247 4483 1628 4538 elaborandum
1670 4494 1753 4538 est

175 4551 441 4622 omnibus,
468 4561 528 4622 ut
549 4565 646 4622 pe_r
665 4565 890 4622 agonem
910 4551 1162 4622 virtutum
1187 4554 1470 4622 acquisitio
1491 4552 1582 4607 fiat
1603 4563 1752 4608 teter-

177 4637 259 4674 ηπ
287 4620 574 4674 felicitatis.
601 4619 802 4672 Deinde
825 4619 987 4673 docet
1014 4620 1241 4676 libenter
1268 4619 1599 4676 subeundam
1632 4639 1752 4678 esse

177 4699 434 4752 mortem;
474 4688 624 4755 cujus
658 4705 752 4756 per
780 4704 897 4742 eam
943 4697 1166 4744 terrenae
1199 4707 1386 4745 omnes
1419 4692 1752 4747 calamitates

177 4767 233 4813 et
279 4758 569 4821 molestiae,
619 4771 754 4830 quas
795 4759 984 4830 mundi
1032 4758 1188 4830 hujus
1234 4762 1534 4830 voluptates
1585 4762 1749 4816 lenire

179 4834 596 4899 nequeuntnec
639 4828 867 4888 auferre,
905 4827 1073 4899 linem
1117 4829 1334 4883 habent.
1362 4827 1525 4884 'Mors
1567 4831 1744 4899 igitur,

178 4895 418 4965 quamvis
440 4895 509 4948 sit
537 4910 691 4963 paena
716 4896 938 4965 peccati,
973 4912 1077 4949 non
1106 4907 1190 4950 est
1216 4901 1454 4952 omnium
1484 4895 1746 4954 malorum

179 4963 488 5037 maximum,
531 4963 982 5037 quemadmodum
1023 4967 1248 5037 gentiles
1277 4969 1580 5037 philosophi
1624 4985 1744 5023 eam

1858 3695 2122 3748 sapienti?
2150 3693 2350 3747 Pecora
2371 3691 2485 3760 ejus
2510 3691 2770 3745 abducet?
2800 3688 2914 3744 Hoc
2933 3691 3098 3745 etiam
3120 3691 3294 3745 morbi
3323 3692 3440 3747 lues

1857 3843 2195 3913 ratione'ejus
2219 3861 2355 3913 mors
2381 3844 2658 3913 remedium
2679 3852 2882 3912 putetur
2896 3859 3035 3913 _esse,
3069 3860 3172 3913 non
3201 3861 3371 3913 pana.

1933 3925 1955 3953 ε
1990 3909 2153 3966 Iidem
2182 3912 2342 3967 codd.
2375 3912 2443 3965 90
2471 3913 2526 3966 S.
2575 3909 2757 3967 Crucis
2797 3913 2850 3966 in
2888 3909 2996 3964 Jer.
3032 3921 3088 3966 et
3132 3909 3273 3972 Vat"
3307 3914 3436 3976 Quis

1860 3983 2017 4054 igitur
2041 3997 2144 4035 non
2171 3984 2393 4052 festinet.

1853 4150 1946 4202 est,
1979 4155 2116 4191 mors
2129 4137 2249 4210 ejus
2275 4148 2654 4210 sacramentum
2670 4149 2784 4210 est;
2823 4156 2928 4193 non
2974 4142 3134 4210 igitur
3168 4143 3432 4196 maerenda

1854 4226 2010 4271 mors,
2037 4206 2187 4282 quam
2213 4206 2303 4282 Dei
2328 4208 2496 4260 Filius
2516 4225 2621 4282 non
2643 4209 2948 4282 dedigngtus
2969 4206 3064 4274 est,
3088 4227 3186 4282 non
3203 4213 3432 4282 refugit;

1855 4295 1956 4330 non
1987 4276 2312 4330 resolvendus
2333 4286 2408 4329 est
2430 4277 2555 4330 ordo
2577 4276 2794 4331 naturai.
2829 4276 3094 4339 Patarea
3115 4276 3434 4334 addit-com-

1855 4362 2067 4417 munem
2096 4360 2213 4398 esse
2241 4347 2477 4417 omnium
2519 4346 2793 4400 hominum
2835 4348 3200 4403 conditionem
3220 4391 3236 4413 ,
3267 4363 3296 4402 a
3325 4367 3432 4417 qua

1857 4431 2014 4469 nemo
2039 4415 2171 4467 liber
2197 4416 2400 4477 evadit,
2427 4422 2483 4467 et
2509 4431 2629 4469 cum
2653 4419 2958 4471 necessario
2981 4418 3316 4471 moriendum
3339 4415 3432 4484 sit,

1855 4486 2071 4539 levitate
2114 4484 2324 4536 laborat
2372 4484 2602 4549 animus,
2651 4487 2740 4552 qui
2787 4486 3042 4542 formidat
3088 4496 3337 4552 mortem,
3377 4498 3434 4543 et

1854 4553 2123 4606 tristitiam
2146 4553 2440 4606 luctuosam
2464 4552 2609 4606 facit.
2654 4549 2839 4607 Tertio
2878 4553 3162 4609 confirmat
3203 4549 3434 4612 Ambro-

1855 4624 1964 4675 sius
1985 4623 2122 4676 hanc
2141 4623 2441 4692 veritatem,
2469 4624 2610 4690 quod
2634 4639 2780 4676 mors
2801 4623 3013 4692 quidem
3038 4625 3090 4676 in
3113 4638 3300 4678 natura
3324 4639 3432 4682 non

1855 4692 1973 4754 fuit,
2005 4693 2099 4762 sed
2127 4691 2470 4745 conversain
2500 4700 2746 4762 naturam
2775 4691 2888 4756 est;
2918 4709 3022 4746 non
3051 4695 3197 4747 enim
3221 4710 3251 4747 a
3278 4697 3430 4762 prin-

1850 4763 1991 4832 cipio
2034 4761 2173 4832 Deus
2211 4769 2440 4832 mortem
2487 4761 2734 4832 instituit,
2777 4777 2896 4832 cum
2939 4763 3140 4830 primos
3181 4761 3433 4832 parentes

1849 4829 2176 4902 immortales
2207 4829 2410 4902 fecerit,
2455 4839 2509 4902 et
2555 4831 2789 4902 paradisi
2829 4829 3429 4902 incelasicons'tituerit;

1847 4900 1940 4952 sed
1968 4914 2153 4952 eorum
2176 4901 2598 4966 prevaricatioue
2624 4899 2870 4952 damnata
2899 4901 2950 4953 in
2995 4901 3178 4955 labore
3215 4899 3430 4968 diurno,

1842 4969 2152 5036 gemituque
2175 4969 2510 5022 intolerando
2530 4970 2639 5020 vita
2662 4969 2937 5022 hominum
2961 4971 3124 5038 cmpit
3163 4985 3286 5027 esse
3327 4974 3430 5026 mi-

179 5029 533 5114 appellabant,
549 5029 670 5114 sed,
685 5032 978 5114 remedium
1006 5029 1389 5114 salutare,_:quo
1412 5029 1746 5114 hominesab
1777 5058 1818 5114 ο
1846 5029 2090 5114 serabilis
2108 5078 2122 5099 ,
2152 5038 2336 5092 debuit
2362 5039 2476 5091 dari
2520 5038 2638 5091 linis
2679 5039 2961 5114 malorum,
2991 5029 3432 5114 quandoquidem

180 5101 584 5156 adversitatibus
625 5113 680 5155 et
700 5103 950 5156 aerumnis
989 5106 1209 5158 omnino
1238 5101 1550 5160 liberantur.
1583 5106 1744 5161 Eam-

181 5171 297 5226 dem
321 5171 622 5224 doctrinam
651 5171 816 5224 tradit
841 5169 896 5224 S.
937 5173 1247 5229 Ambrosius
1284 5176 1375 5228 lib.
1409 5177 1474 5229 dc
1503 5175 1630 5230 Fide
1663 5193 1746 5230 rc-

179 5240 546 5313 surrectipnis;
588 5255 697 5313 se_r_1_
723 5240 858 5293 libro
898 5255 934 5293 ιι
952 5241 1038 5313 __de
1065 5240 1315 5313 _EXCCSSU
1343 5245 1517 5313 Satyri
1545 5243 1741 5310 fratris,

180 5323 323 5379 num.
352 5308 435 5372 46,
469 5317 600 5362 tom.
633 5308 697 5361 IV
729 5324 855 5376 opp.
897 5310 1029 5379 edit.
1065 5310 1276 5367 Venetas
1319 5330 1406 5367 an.
1442 5308 1615 5379 ⁷1751,
1658 5308 1745 5370 ubi

179 5378 408 5498 pluribus
435 5379 764 5446 argumentis
778 5378 985 5497 lprobat
1028 5390 1257 5435 mortem
1303 5392 1522 5436 strenuo
1564 5378 1743 5438 animo

200 5461 288 5498 ore
332 5446 722 5498 perferendam.
821 5446 956 5498 rimo
1005 5449 1147 5498 enim
1196 5451 1315 5498 loco
1355 5453 1506 5498 nobis.
1546 5451 1741 5498 Christi

200 5447 288 5499 'ore
332 5446 722 5515 perferendam.
778 5446 956 5498 Primo
1005 5449 1147 5502 enim
1196 5451 1315 5506 loco
1355 5453 1506 5506 nobis
1546 5451 1744 5506 Christi

180 5517 466 5585 exemplum
489 5517 765 5585 proponit,
785 5517 874 5583 qui
899 5525 1070 5583 potu.t
1095 5535 1195 5572 non
1221 5522 1376 5583 mori,
1395 5523 1436 5573 si
1462 5523 1738 5574 voluisset:

181 5583 279 5638 Sed
298 5602 452 5657 neque
478 5583 840 5658 refugiendam
865 5599 1075 5637 mortem
1096 5591 1240 5658 quasi
1260 5592 1495 5658 ignavam
1524 5591 1737 5658 putavit,

181 5668 321 5723 neque
359 5656 542 5710 melius
587 5656 686 5708 nos
728 5670 884 5726 quam
932 5656 1194 5708 moriendo
1240 5656 1532 5712 servasset
1561 5658 1742 5726 Itaque

179 5736 294 5779 mars
319 5727 428 5796 ejus
458 5728 564 5780 vita
595 5734 674 5780 est
703 5725 931 5778 omnium
966 5763 977 5776 .
1011 5763 1022 5776 .
1059 5763 1070 5775 .
1108 5764 1121 5776 .
1151 5765 1162 5777 .
1197 5767 1208 5779 .
1238 5745 1371 5782 mors
1400 5730 1507 5801 ejus
1531 5725 1742 5782 victoria

1847 5107 2008 5160 etiam
2038 5122 2184 5161 mors
2205 5117 2522 5176 pnematma
2543 5115 2796 5160 mmmam
2824 5110 2960 5176 parit
2989 5107 3249 5173 salutem;
3284 5110 3432 5166 ideo-

1848 5192 1951 5246 que
1974 5176 2039 5229 de
2064 5176 2209 5244 justo
2224 5175 2424 5242 legitur
2446 5175 2572 5244 Sup.
2601 5191 2719 5244 cap.
2749 5194 2799 5229 IV
2825 5175 2836 5228 ἐ
2867 5176 3064 5246 Raptus
3086 5188 3179 5236 est.
3214 5196 3277 5232 ne
3316 5197 3429 5233 ma-

1847 5245 1958 5297 liti'u
2000 5255 2220 5298 mutaret
2259 5245 2568 5298 intellectum
2590 5246 2718 5314 ejus.
2754 5246 2884 5298 Nam
2913 5245 3276 5302 acarnalihus
3311 5258 3367 5302 et
3395 5266 3417 5303 ε

1848 5315 2030 5367 mundi
2051 5315 2314 5369 illecebris
2342 5315 2595 5378 liberatus
2621 5315 2733 5368 Deo
2755 5316 2906 5377 vivit,
2933 5317 3023 5382 qui
3053 5332 3174 5369 cum
3208 5325 3425 5374 terreno

1846 5400 1876 5436 e
1898 5399 2116 5437 carcere
2139 5383 2322 5438 eduxit
2343 5394 2396 5436 et
2421 5383 2691 5436 transtulit
2713 5384 2763 5435 in
2788 5398 3008 5452 regnum
3032 5400 3205 5438 suum.
3226 5386 3427 5442 Natura

1844 5455 1986 5532 enim
2015 5454 2242 5532 humana
2266 5469 2362 5532 per
2385 5461 2740 5532 mortemnen
2769 5453 3090 5532 destruitur;
3130 5453 3426 5532 sed-gratia

1846 5521 2138 5575 Salvatoris
2166 5521 2436 5589 aspirante
2464 5521 2652 5588 recipit
2691 5521 3179 5582 immortalitatem,
3229 5524 3278 5574 in
3318 5538 3424 5588 qua

1846 5591 2057 5645 condita
2085 5590 2274 5656 fuerat,
2310 5599 2365 5642 et
2405 5589 2674 5642 Creatoris
2697 5590 2874 5655 imago
2913 5599 2968 5642 et
2990 5589 3283 5642 similitudo
3305 5607 3428 5657 qua:

1848 5661 1898 5713 in
1931 5662 2168 5725 homine,
2192 5660 2316 5712 dum
2340 5658 2681 5719 conderetur,
2709 5659 2965 5726 impressa
2989 5657 3106 5720 fuit,
3132 5657 3427 5726 perfectior

1847 5739 2006 5799 atque
2035 5728 2317 5784 formosior
2341 5726 2596 5794 resurgit.
