3910 6238
525 343 632 398 ιῖτδ

1743 347 1796 401 S.
1841 345 2082 400 MAXIMI
2122 346 2569 404 TAURINENSIS
3677 350 3764 408 ιδδ

525 457 698 511 facere
725 456 1024 511 consuevit.
1074 456 1326 508 Armenta
1369 453 1620 524 diripiet?
1666 454 1809 508 Istud
1847 455 2099 509 damnum
2128 465 2174 518 Α
2204 460 2576 513 contemnatis.
2609 458 2743 513 Cum
2773 460 2914 514 enim
2939 459 3288 529 jcjnnandum
3317 460 3566 527 dicimus,
3591 471 3766 529 plaster

525 546 805 598 abactores
827 544 1109 598 tolerando
1129 543 1241 612 jam
1261 541 1462 598 didicit.
1486 543 1661 612 Ipsum
1690 542 1932 597 fortassis
1951 553 1975 581 ⁸
1997 561 2106 598 non

525 633 598 686 illi
622 633 874 688 admovet
902 634 1074 698 taedia,
1107 633 1200 687 sed
1221 642 1489 695 removet;
1521 633 1627 687 hoc
1647 633 1787 686 enim
1811 633 1884 686 illi
1907 634 2103 698 intulit,

526 721 666 789 quod
698 723 904 790 majore
931 736 1053 776 cum
1082 722 1326 776 molestia
1353 723 1515 775 febris
1538 720 1783 785 afferret,
1810 725 2106 791 prmsertim

521 828 642 868 cum
671 812 813 866 dicat
841 814 1094 867 Dominus
1136 832 1147 865 :
1195 812 1371 867 Nolite
1413 815 1586 867 timere
1621 831 1705 868 eos
1746 818 1829 884 qui
1872 817 2108 868 occidunt

521 921 726 972 corpus,
745 907 974 958 animum
997 914 1165 958 autem
1186 921 1288 957 non
1311 915 1526 973 possunt
1546 905 1775 958 occidere
1794 905 2006 972 (Matth.
2027 907 2104 973 x).

523 993 600 1047 Illi
632 995 792 1062 igitur
820 995 1126 1063 spirituales
1154 994 1271 1062 plus
1303 995 1573 1048 metuendi
1612 994 1798 1063 piratte
1834 1004 1987 1057 sunt,
2017 997 2108 1065 qui

523 1101 635 1138 non
663 1085 837 1138 solum
867 1099 1094 1152 corpora
1116 1084 1412 1145 hominum,
1446 1082 1539 1136 sed
1568 1090 1623 1138 et
1651 1085 1855 1136 animas
1877 1085 2110 1153 spoliare

523 1182 952 1232 consueverunt;
985 1173 1074 1240 qui
1106 1189 1213 1226 non
1246 1181 1352 1224 tam
1382 1187 1571 1225 aurum
1607 1173 1789 1226 mundi
1818 1189 1976 1242 quam
2014 1189 2109 1227 au-

525 1278 643 1316 rum
672 1261 793 1316 ﬁdei
826 1261 1036 1316 auferre
1065 1263 1335 1326 nituntur;
1362 1262 1452 1329 qui
1483 1276 1588 1315 non
1629 1270 1738 1314 tam
1769 1263 1948 1316 saeculi
1986 1263 2110 1316 sub-

522 1353 775 1408 stantiam
803 1366 965 1420 quam
993 1350 1192 1405 Christi
1219 1351 1536 1419 sapientiam
1559 1350 1950 1419 deprtedantur.
1977 1352 2108 1404 Nam

524 1444 626 1512 ipsi
669 1442 823 1496 nobis
848 1439 1155 1509 spirituales
1181 1441 1364 1494 hostes
1393 1440 1492 1494 hos
1513 1440 1755 1493 carnales
1797 1441 2107 1502 immittunt,

526 1542 585 1586 ut
611 1533 902 1602 probemur
931 1532 984 1583 in
1027 1531 1371 1584 tribulatione
1409 1530 1568 1598 positi
1595 1544 1757 1597 quam
1785 1530 1950 1584 simus
1979 1546 2109 1584 eon-

530 1621 753 1676 ﬁdentes
783 1621 836 1674 in
864 1621 993 1682 Deo,
1024 1621 1117 1689 qui
1156 1619 1223 1674 de
1259 1621 1377 1674 solo
1407 1621 1522 1689 ipso
1553 1620 1845 1674 remedium
1876 1621 2113 1689 postule-

527 1728 668 1766 mus.
713 1711 850 1764 Sunt
895 1711 1036 1764 enim
1069 1709 1285 1777 quidam
1314 1710 1427 1776 qui,
1473 1709 1525 1761 in
1555 1709 1900 1762 tribulatione
1930 1711 2110 1777 positi,

2208 562 2407 614 paucos
2447 563 2605 602 nemo
2645 549 2883 616 jejunat;
2933 567 3055 604 cum
3101 551 3459 622 eleemosynze
3508 551 3758 608 facietul'n.

2209 636 2381 703 major
2405 638 2624 691 avaritia
2652 654 2747 693 vos
2773 641 3108 707 constringit.
3148 637 3316 694 Orare
3341 648 3522 694 autem
3546 650 3598 694 et
3626 655 3764 708 agere

2210 723 2320 778 Deo
2349 727 2563 792 gratias,
2608 728 2735 796 quid
2783 729 2869 790 sit,
2923 729 3206 796 plerosque
3246 729 3313 783 de
3363 729 3516 783 vobis
3557 729 3765 782 arbitror

2209 815 2484 885 ignorare;
2542 819 2633 887 qui
2677 829 2958 888 surgentes
2985 821 3159 888 primo
3192 821 3428 875 diluculo
3470 821 3674 876 nonnisi
3710 819 3764 873 de

2207 907 2432 975 prandio
2461 911 2723 978 cogitent:
2751 926 2870 964 cum
2895 910 3226 979 pranderint,
3258 925 3452 965 somno
3474 926 3532 965 se
3554 909 3764 972 tradant,

2208 1013 2480 1066 nunquam
2523 999 2794 1053 Divinitati
2837 1001 3035 1069 gratias
3079 999 3403 1064 referentes,
3447 1016 3564 1069 qua:
3603 1000 3767 1052 illiset

2209 1089 2487 1158 prandium
2537 1090 2602 1143 ad
2648 1090 3028 1156 refectionem,
3077 1099 3131 1144 et
3175 1105 3424 1145 somnum
3472 1089 3673 1144 dederit
3711 1089 3766 1140 ad

2211 1182 2466 1250 quietem.
2487 1180 2702 1248 Utique,
2728 1189 2785 1235 tu
2803 1180 3124 1244 Christiane,
3147 1181 3192 1234 si
3212 1197 3269 1233 es
3291 1180 3457 1242 utilis,
3484 1179 3771 1232 meminisse

2211 1271 2374 1324 debes
2401 1270 2552 1337 cujus
2580 1285 2775 1339 panem
2805 1270 3061 1334 comedis,
3103 1279 3157 1323 et
3192 1270 3242 1322 ei
3282 1268 3492 1322 laudem
3522 1267 3677 1338 296
3701 1266 3771 1319 di-

2211 1374 2352 1414 cere.
2385 1360 2480 1414 Dic
2506 1361 2634 1414 mihi
2660 1375 2806 1424 num,
2837 1361 2882 1414 si
2915 1359 3113 1428 aliquid
3136 1357 3203 1412 de
3233 1366 3324 1411 tuo
3353 1359 3646 1426 cuicunque
3677 1357 3770 1408 lar-

2211 1448 2360 1516 giris,
2404 1457 2686 1517 exspectas
2735 1458 2793 1502 ut
2837 1450 2931 1503 tibi
2973 1449 3171 1516 gratias
3214 1455 3363 1516 agat,
3411 1455 3470 1500 ut
3509 1445 3773 1499 bent-dicat

2211 1537 2424 1590 demum
2448 1537 2515 1590 de
2545 1552 2652 1605 quo
2681 1539 2730 1592 ei
2757 1539 3063 1592 humanitas
3089 1539 3159 1591 sit
3187 1538 3418 1590 tributa?
3456 1535 3553 1589 Cui
3582 1536 3625 1589 si
3650 1534 3772 1589 forte

2214 1628 2412 1694 gratias
2459 1644 2564 1682 non
2606 1630 2748 1697 agit,
2780 1629 3225 1697 quemadmodum
3253 1645 3282 1682 a
3308 1636 3363 1683 te
3392 1613 3677 1688 denotatur
3703 1630 3774 1682 in-

2215 1721 2431 1786 gratus?
2473 1707 2552 1772 Ita
2581 1734 2708 1788 ergo
2738 1728 2791 1772 et
2820 1735 2849 1772 a
2879 1719 3032 1772 nobis
3059 1728 3332 1787 exspectat
3363 1720 3453 1786 qui
3496 1733 3596 1772 nos
3620 1719 3774 1786 pascit

526 1805 710 1859 dicant
737 1804 894 1856 malis
920 1803 1126 1856 artibus
1154 1802 1338 1856 1108185
1363 1802 1609 1864 vincere,
1641 1799 1829 1852 iisdem
1860 1815 1960 1855 COS.
1984 1801 2113 1854 arti-
2144 1812 2188 1870 Β
2219 1809 2376 1870 Deus,
2402 1817 2459 1862 ut
2479 1825 2576 1878 pro
2602 1810 2851 1878 pmslilis
2870 1810 2937 1862 ab
2959 1825 3023 1862 eo
3049 1809 3184 1862 escis
3205 1806 3228 1844 ἀ
3254 1809 3454 1876 gratias
3474 1808 3771 1871 referamus,

526 1897 627 1948 bus
654 1894 851 1948 debere
873 1892 1137 1962 superari,
1160 1892 1509 1960 desperantes
1535 1890 1613 1944 de
1642 1890 1772 1952 Deo,
1801 1905 1832 1944 a
1853 1890 2110 1945 daemoni-

527 1988 628 2041 bus
659 1988 938 2040 victoriam
969 1983 1295 2053 ﬂagitantes;
1346 1982 1529 2035 miseri
1575 1981 1820 2034 homines
1867 1981 2114 2035 nesciunt

527 2077 654 2145 quid
684 2075 908 2140 faciunt,
951 2074 1080 2142 quid
1124 2073 1429 2140 loquantur.
1476 2071 1609 2124 Dum
1638 2072 1779 2124 enim
1819 2072 1978 2125 rebus
2003 2072 2115 2125 suis

523 2175 790 2230 metuunt,
815 2167 965 2221 obliti
987 2173 1111 2218 sunt
1135 2165 1408 2232 religionis
1429 2179 1491 2217 ac
1517 2162 1656 2227 ﬁdei,
1681 2163 1770 2234 qui
1794 2179 1879 2218 res
1899 2165 2113 2232 quidem

524 2265 651 2314 suas
677 2258 814 2311 forte
839 2259 999 2327 295
1031 2272 1137 2308 non
1161 2253 1188 2291 ὶ)
1211 2254 1460 2322 perdunt,
1484 2254 1575 2307 sed
1605 2254 1749 2321 quod
1779 2266 1859 2308 est
1889 2256 2114 2322 amplius

527 2363 655 2402 suas
685 2348 892 2401 animas
917 2346 1284 2415 perdiderunt.
1321 2343 1458 2396 Dicit
1485 2352 1700 2397 sanctus
1731 2342 1831 2396 Job
1858 2363 1868 2394 :
1900 2344 1959 2398 Si
1984 2346 2116 2397 bona

532 2449 553 2477 ε
584 2439 868 2508 excipimus
895 2437 956 2489 de
981 2452 1137 2488 manu
1163 2434 1393 2496 Domini,
1430 2451 1588 2503 quare
1621 2451 1724 2486 non
1755 2436 1891 2487 mala
1923 2436 2113 2488 tolera-

526 2531 690 2583 bimus
721 2529 861 2598 (Iob.
899 2528 994 2597 n)?
1041 2527 1156 2580 lloc
1199 2535 1280 2580 est
1320 2527 1364 2579 si
1415 2527 1570 2579 bonis
1615 2527 2114 2593 supervenientibus

525 2623 915 2692 jucundamur,
973 2636 1141 2690 quare
1194 2636 1302 2674 non
1361 2628 1415 2675 et
1465 2621 1702 2674 adversis
1749 2621 2111 2675 accidentibus

523 2712 924 2766 confortemur?
947 2712 1182 2766 Adversa
1219 2710 1451 2764 tolerare
1480 2711 1709 2779 sapienti
1733 2711 1944 2763 virtutis
1965 2725 2112 2764 exer-

525 2804 744 2870 citium,
794 2803 1066 2872 insipienti
1109 2802 1570 2870 prmvaricationis
1597 2811 1679 2856 est
1709 2803 1940 2856 occasio.
1993 2801 2109 2854 Dixi

523 2907 625 2962 ego
672 2895 980 2962 frequenter
1026 2902 1085 2947 ut
1133 2894 1186 2946 in
1234 2893 1336 2947 hac
1379 2894 1489 2945 vita
1539 2893 1688 2946 brevi
1732 2892 1897 2945 vitam
1959 2891 2112 2945 vobis

525 2984 845 3053 providentis
898 2992 1190 3047 aitet-nam,
1239 2982 1383 3050 quod
1432 2982 1590 3036 doleo
1642 2997 1739 3036 cur
1785 2982 1889 3034 hoc
1933 2980 2112 3034 facere

2217 1908 2272 1952 et
2299 1900 2521 1952 saturati
2551 1899 2704 1974 donis
2746 1899 2911 1966 ipsius
2953 1898 3135 1952 laudes
3175 1898 3436 1952 dicamus.
3487 1897 3612 1951 [Isne
3647 1897 3772 1951 enim

2218 1986 2599 2042 beneﬁciorum
2621 1997 2701 2042 est
2723 1988 3004 2042 retributio
3025 1988 3347 2053 divinorum,
3374 1996 3430 2040 ut
3457 2004 3578 2042 cum
3609 1985 3772 2040 refecti

2218 2078 2491 2142 fuerimus,
2523 2079 2659 2133 bene
2690 2095 2787 2133 nos
2815 2073 3165 2133 conliteam'ur
3194 2088 3468 2147 acceptos.
3502 2077 3770 2135 Caeterum,

2220 2169 2263 2224 si
2308 2170 2630 2237 accipientes
2666 2169 2843 2223 divina
2874 2185 3093 2222 munera
3117 2212 3130 2234 ,
3179 2169 3327 2223 taciti
3371 2177 3424 2221 et
3455 2169 3774 2221 immemores

2222 2257 2496 2322 fuerimus,
2528 2269 2780 2328 tanquam
2824 2260 3014 2327 ingrati
3045 2269 3098 2313 et
3121 2259 3322 2325 indigni
3366 2272 3552 2312 eorum
3593 2255 3773 2310 submi-

2219 2349 2537 2402 nistratione
2580 2349 2970 2411 fraudahimur;
3017 2357 3072 2401 ut
3100 2348 3284 2412 Deum,
3317 2363 3478 2414 quem
3522 2345 3775 2398 beneﬁciis

2216 2455 2324 2492 non
2349 2441 2694 2505 cognovimus
2714 2479 2727 2501 ,
2754 2439 2904 2491 malis
2952 2439 3320 2505 ingruentibus
3361 2438 3705 2505 requiramus,
3729 2444 3774 2486 et

2218 2529 2457 2582 adversis
2480 2529 2818 2581 stimulemur
2841 2527 2908 2580 ad
2934 2526 3259 2593 rogandum,
3293 2536 3315 2563 ο
3341 2527 3489 2593 quod
3525 2525 3773 2595 prosperis

2215 2621 2411 2686 gratias
2441 2634 2545 2670 non
2571 2618 2775 2684 egimus
2805 2616 2872 2669 ad
2913 2615 3211 2676 fruendum,
3241 2616 3380 2669 sicut
3421 2631 3561 2668 nunc
3606 2613 3621 2650 ί
3660 2629 3771 2668 con-

2217 2710 2392 2775 tingit,
2425 2708 2592 2774 utqui
2622 2707 2674 2758 in
2700 2722 2830 2774 pace
2870 2707 3004 2775 pigri
3045 2705 3302 2759 fuerimus
3343 2704 3414 2758 ad
3444 2704 3630 2758 Iaudes
3655 2703 3773 2756 refe-

2211 2797 2436 2859 rendas,
2481 2794 2644 2849 modo
2688 2795 2741 2847 in
2786 2795 3126 2850 tribulatione
3165 2793 3360 2863 trepidi
3403 2794 3690 2848 existamus
3717 2791 3772 2842 ad

2212 2888 2448 2956 pericula
2481 2885 2834 2955 deploranda.

1795 3070 2140 3131 HOMILIA
2189 3069 2550 3129 LXXXIX.

1801 3165 1878 3219 De
1907 3168 2084 3220 eodem
2122 3178 2422 3236 argumento
2454 3164 2536 3219 II.

1967 3253 2358 3308 ADMONITIO.

597 3348 755 3423 297
790 3347 956 3423 Cum
991 3345 1106 3398 hare
1161 3345 1378 3423 humilia
1400 3344 1470 3397 sit
1489 3344 1822 3423 continuatio
1864 3344 2234 3423 pne-cedentis,
2259 3345 2412 3423 cujus
2436 3344 3103 3423 meminisseGenuadium
3128 3345 3384 3423 diximus,
3414 3344 3468 3398 id
3481 3358 3775 3423 agnoscen-

521 3413 961 3471 tes—Benedictini
988 3413 1241 3467 monachi
1270 3429 1524 3482 congreg.
1559 3413 1614 3466 S.
1641 3413 1810 3466 Mauri
1832 3413 2073 3480 ejusdem
2103 3415 2408 3468 auctoritati
2436 3415 2793 3468 adhaeserunt.
2825 3414 2907 3482 Ita,
2927 3414 2984 3482 in
3009 3415 3159 3482 pragf.
3192 3413 3256 3470 ad
3288 3428 3450 3482 serm.
3479 3413 3538 3466 S.
3571 3414 3776 3482 Ambro-

520 3487 604 3540 sii.
635 3485 831 3538 Eorum
862 3485 1213 3538 assertionem
1244 3479 1564 3536 conﬁrmant
1593 3479 1901 3536 testimonia
1930 3482 2157 3536 duorum
2188 3483 2432 3537 codicum
2477 3499 2630 3548 mss.,
2658 3498 2852 3549 nempe
2880 3479 2966 3544 99,

3044 3522 3057 3535 .
3089 3481 3276 3534 Crucis
3307 3498 3362 3535 in
3390 3481 3528 3544 Jer.,
3560 3492 3617 3535 et
3645 3481 3775 3535 Vati.

522 3556 642 3609 cani
691 3553 848 3616 1268,
879 3555 969 3621 qui
1016 3552 1073 3605 S.
1102 3553 1356 3605 antistitis
1411 3551 1756 3621 Taurinensis
1803 3553 2021 3621 nomine
2070 3567 2189 3605 eam
2217 3552 2570 3618 adornarunt,
2595 3561 2651 3606 et
2680 3560 2932 3618 tanquam
2961 3552 3279 3621 concionem
3309 3566 3429 3604 cum
3456 3553 3634 3621 priore
3661 3566 3777 3621 eon-

523 3640 715 3677 nexain
766 3618 1084 3676 retulerunt.
1136 3621 1192 3673 In
1239 3621 1426 3675 codice
1466 3620 1826 3690 Laurentiano
1857 3637 1891 3673 x
1913 3618 2059 3690 Plut.
2105 3638 2193 3674 xiv
2224 3622 2338 3675 hmc
2367 3621 2587 3675 homilia‘
2615 3629 2695 3676 est
2724 3635 2987 3690 anonyma
3009 3659 3023 3684 ,
3042 3620 3169 3690 ejus
3192 3631 3374 3690 tamen
3397 3618 3584 3675 titulus
3613 3639 3625 3672 :
3659 3620 3776 3672 Item

521 3694 800 3764 sequentia,
833 3693 900 3764 ad
929 3706 1048 3764 eam
1077 3704 1194 3764 qua:
1232 3692 1278 3743 ei
1322 3689 1584 3764 praecedit
1601 3698 1862 3764 spectare
1893 3689 2150 3743 declarat.
2183 3691 2522 3764 Quapropter
2548 3687 3250 3764 collectores'homiliarum.
3279 3687 3777 3764 Cumdio_except_o,

521 3757 612 3830 qui
639 3778 697 3816 se
737 3761 928 3814 aratim
947 3760 1034 3812 vul
1074 3759 1182 3811 avit
1211 3757 1396 3819 tomll,
1459 3774 1542 3828 ag.
1566 3757 1684 3821 150,
1719 3770 2001 3826 utramque
2027 3757 2329 3814 successive
2351 3757 2650 3825 ediderunt,
2673 3757 2717 3812 G
2759 3759 2962 3812 innicus
2990 3757 3193 3812 scilicet
3214 3772 3334 3826 pag.
3354 3758 3478 3821 271,
3496 3757 3778 3811 Galesinius

523 3846 643 3882 nae.
669 3777 788 3882 igi.
815 3774 1140 3882 Ravnaugus
1169 3842 1288 3882 nae.
1320 3775 1764 3882 Aljlargarinus
1793 3829 1848 3882 in
1875 3826 2011 3881 Bibl.
2063 3828 2203 3882 Max.
2256 3838 2384 3882 tom.
2417 3827 2504 3882 IV.
2531 3843 2652 3882 nae.
2687 3776 2773 3882 ᾖ.
2797 3828 3044 3882 apposito
3074 3827 3230 3880 titulo
3255 3843 3267 3877 :
3303 3827 3539 3880 Homilia
3567 3829 3775 3881 secunda

523 3828 643 3900 pag.
669 3828 788 3893 l72,
815 3828 1140 3898 Raynaudus
1169 3842 1288 3898 pag.
1320 3828 1406 3892 4i,

523 3900 751 3970 ejusdem
771 3901 906 3951 unde
926 3913 1103 3966 supra.

1486 3826 1764 3897 argarinus
1793 3829 1848 3887 in
1875 3826 2011 3881 Bibl.
2063 3828 2203 3883 Max.
2256 3838 2384 3882 tom.
2417 3827 2504 3892 IV,
2531 3843 2652 3898 pag.

2759 3868 2773 3891 ,
2797 3828 3044 3896 apposito
3074 3827 3230 3880 titulo
3255 3843 3267 3877 :
3303 3827 3539 3880 Homilia
3567 3829 3775 3881 secunda

524 3992 912 4048 ARGUIENTUI.
943 4015 1017 4026 —-
1043 3989 1103 4043 S.
1137 3988 1330 4042 Doctor
1358 3987 1533 4056 ﬁdeles
1563 3986 1820 4051 hortatur,
1851 3995 1906 4038 ut
1935 4003 2109 4040 omnes
2140 3991 2183 4052 C
2213 3990 2258 4044 si
2297 4004 2483 4044 servus
2521 4003 2609 4052 es,
2649 3987 2811 4041 redde
2853 3987 3080 4040 Domino
3110 3986 3318 4041 timoris
3357 3986 3696 4054 obsequium;
3740 3985 3778 4038 si

590 4063 877 4136 actiones}:
902 4058 1012 4111 Deo
1029 4059 1399 4136 .auspicentur.
1415 4068 1463 4136 et
1484 4073 1577 4136 pro
1606 4057 1822 4136 singulis
1850 4058 2110 4136 quotidia-

594 4130 677 4183 nis
713 4129 864 4182 donis
905 4129 1102 4198 gratias
1127 4126 1174 4180 ei
1210 4129 1476 4198 referant;
1507 4126 1658 4198 idque
1684 4134 1741 4198 ut
1765 4126 1994 4198 faciant,
2024 4143 2110 4179 eos

597 4215 698 4252 non
727 4193 1089 4252 solum'doceri
1119 4193 1339 4258 ratione,
1363 4195 1453 4250 sed
1471 4193 1630 4247 etiam
1648 4193 1917 4247 admoneri
1945 4211 2113 4248 exem-

599 4269 720 4338 plis,
751 4267 995 4322 ostendit.

595 4441 743 4499 Satis
785 4439 1102 4507 abundeque
1131 4438 1328 4492 dixisse
1358 4451 1444 4490 me
1484 4435 1646 4490 credo
1688 4433 1964 4503 superiore
2005 4432 2110 4485 Do-

526 4539 723 4594 rainice
752 4536 820 4590 ad
857 4534 1257 4602 eorreptionem
1284 4544 1472 4584 eorum
1499 4528 1609 4596 qui,
1653 4527 1845 4581 divinis
1874 4525 2111 4578 muneri-

528 4629 628 4684 bus
665 4624 1018 4696 perfruentes,
1057 4619 1258 4689 gratias
1301 4633 1407 4671 non
1449 4615 1691 4669 referunt
1734 4614 2014 4676 Creatori;
2056 4620 2112 4665 et

528 4726 741 4775 utentes
768 4713 1041 4770 beneflciis
1066 4711 1393 4772 caelestibus,
1425 4717 1678 4776 tanquam
1710 4706 1903 4775 ingrati
1942 4712 1998 4758 et
2025 4705 2110 4757 in-

528 4807 672 4876 digni
717 4803 1124 4861 beneﬁciorum,
1173 4815 1281 4852 non
1328 4806 1740 4852 remunerantur
1787 4802 2100 4857 auctorem;

529 4896 742 4966 ingrati,
774 4895 1023 4961 inquam,
1053 4890 1148 4958 qui
1185 4889 1354 4943 Deum
1381 4903 1483 4942 nec
1510 4886 1666 4954 quasi
1693 4884 1834 4939 servi
1863 4891 2110 4937 metuunt

530 4985 837 5050 Dominum,
867 4991 969 5035 nec
1001 4979 1154 5048 quasi
1182 4976 1271 5030 ﬁlii
1311 4974 1668 5030 honoriﬁcant
1706 4982 1764 5026 ut
1805 4980 2102 5042 parentem.

531 5076 665 5132 Dicit
684 5088 781 5143 per
808 5069 1125 5141 prophetam
1149 5067 1290 5122 Deus
1315 5085 1326 5119 :
1350 5065 1409 5120 Si
1427 5065 1680 5119 Dominus
1696 5080 1827 5128 sum,
1851 5063 1935 5116 ubi
1953 5064 2108 5116 timor

529 5163 710 5220 meus?
742 5163 785 5214 si
805 5169 970 5229 pater,
996 5157 1082 5210 ubi
1102 5172 1248 5209 amor
1277 5169 1418 5207 meus
1461 5153 1714 5220 (Malach.
1747 5156 1786 5221 ι)
1811 5154 1833 5205 ?
1863 5151 1978 5208 Hoc
2003 5161 2104 5218 est,

605 5303 628 5330 ³
658 5291 790 5346 Cod.
818 5289 965 5352 Vat.,
996 5286 1172 5356 Ipsum
1196 5285 1428 5353 fortassis
1457 5281 1769 5335 acciditnon
1792 5280 1885 5333 illi.

603 5361 632 5401 ι
654 5361 785 5416 Cod.
819 5358 964 5418 Vat.,
999 5356 1228 5418 perdent.

607 5443 630 5472 ε
661 5431 808 5484 Idem
834 5426 958 5482 cod.
993 5422 1132 5486 Vat.,
1155 5422 1462 5490 excepinuis.

603 5498 633 5539 ἀ
657 5499 802 5554 Idem
841 5495 999 5552 codd.
1025 5493 1082 5548 S.
1108 5486 1292 5548 Crucis
1332 5492 1385 5544 in
1411 5488 1520 5542 .ler.
1548 5495 1602 5542 et
1629 5487 1774 5553 Vat.,
1806 5486 1884 5538 illi
1909 5486 2107 5556 gratias

532 5574 838 5643 πίειραν..

609 5650 633 5678 ο
663 5638 801 5692 Idem
829 5632 954 5690 cod.
986 5632 1044 5687 S.
1086 5629 1270 5687 Crucis
1316 5629 1369 5682 in
1411 5627 1543 5688 δεῖ..
1575 5635 1629 5682 et
1673 5626 1790 5680 Vat.
1834 5625 1979 5693 legit,
2022 5626 2107 5695 qui

539 5707 814 5778 prosperis.
842 5713 948 5760 etc.

2216 4077 2374 4142 ﬁlius,
2405 4078 2599 4132 exhibe
2639 4075 3010 4146 patrifamilias
3047 4076 3314 4131 affectum.
3360 4077 3439 4130 Tu
3468 4086 3643 4131 autem
3672 4090 3776 4130 cum

2213 4170 2412 4237 gratias
2440 4183 2549 4222 non
2571 4168 2704 4234 agis,
2731 4166 2898 4220 Deum
2929 4181 3029 4220 nec
3056 4165 3251 4233 diligis,
3276 4180 3376 4220 nec
3398 4166 3630 4229 vereris;
3655 4163 3779 4218 unde

2214 4264 2306 4308 aut
2333 4264 2622 4309 contumax
2657 4269 2865 4314 servus,
2907 4262 3001 4307 aut
3028 4253 3292 4321 superbus
3331 4269 3390 4308 es
3433 4254 3594 4309 ﬁlius.
3628 4264 3651 4299 κ
3690 4251 3777 4318 Qui

2214 4355 2298 4399 est
2337 4345 2498 4409 igitur
2533 4343 2678 4398 utilis
2722 4341 3058 4398 Christianus
3100 4358 3316 4411 semper
3353 4342 3515 4397 debet
3553 4341 3691 4396 Patri
3726 4357 3777 4394 ac

2217 4434 2444 4488 Domino
2469 4449 2568 4488 suo
2607 4432 2792 4487 laudes
2819 4433 3018 4494 dicere,
3049 4441 3103 4486 et
3130 4433 3184 4485 in
3224 4433 3340 4500 ejus
3360 4433 3589 4502 gloriam
3615 4432 3773 4487 omnia

2217 4538 2538 4593 procurare;
2568 4523 2706 4577 sicut
2735 4523 2810 4575 ait
2836 4523 3025 4576 beatus
3064 4522 3380 4592 Apostolus,
3422 4522 3607 4577 dicens
3633 4542 3644 4574 :
3668 4521 3778 4575 δίεπε

2217 4614 2562 4677 manducetis,
2593 4615 2696 4667 sive
2721 4612 2912 4678 bibitis,
2942 4611 2967 4650 ¹¹
2997 4615 3101 4666 sive
3132 4613 3279 4666 aliud
3312 4615 3510 4684 facitis,
3540 4615 3704 4667 omnia
3729 4613 3774 4663 in

2218 4702 2438 4773 gloriam
2466 4701 2566 4755 Dei
2588 4704 2742 4772 facile
2768 4701 2822 4772 (I
2835 4702 2954 4756 Cor.
2973 4702 3245 4771 x).Videte
3270 4703 3429 4770 quale
3466 4702 3481 4738 ί
3509 4704 3606 4756 viri
3633 4701 3772 4755 Chri-

2212 4792 2372 4847 stiani
2400 4792 2688 4860 Apostolus
2715 4793 2884 4846 voluit
2904 4807 3024 4846 esse
3049 4791 3376 4859 convivium,
3394 4799 3453 4845 ut
3474 4793 3642 4861 magis
3661 4789 3773 4843 ﬁdes

2212 4879 2407 4938 Christi
2437 4897 2600 4950 quam
2629 4883 2838 4952 prandii
2857 4883 3039 4949 sagina
3067 4882 3401 4947 comedatur,
3433 4891 3490 4936 et
3520 4883 3635 4952 plus
3663 4877 3770 4934 reﬁ~

2214 4973 2323 5028 ciat
2361 4973 2632 5026 hominem
2671 4972 2925 5027 dominici
2959 4973 3196 5026 nominis
3234 4969 3488 5040 frequens
3525 4970 3770 5027 invocatio

2215 5074 2381 5131 quam
2401 5063 2677 5131 epularum
2720 5061 2997 5129 multiplex
3038 5067 3092 5113 et
3137 5060 3352 5130 copiosa
3399 5060 3632 5121 collatio,
3673 5071 3770 5110 nie—

2215 5151 2426 5220 liusque
2454 5157 2638 5220 pascat
2663 5149 2988 5203 esurientem
3027 5148 3213 5217 religio
3244 5163 3404 5216 quam
3429 5149 3630 5217 sagina.
3657 5143 3767 5198 0m-

2291 5279 2311 5316 ι
2345 5277 2480 5334 Cod.
2515 5278 2661 5343 Vat.,
2687 5278 2928 5347 concipit.

2267 5358 2312 5428 .8
2334 5349 2466 5403 Cod.
2499 5347 2618 5428 Vat.
2655 5347 2790 5400 1268
2812 5343 2968 5414 legit:
2996 5343 3132 5410 Quid
3158 5356 3232 5400 est
3253 5347 3448 5417 igitur?
3473 5350 3613 5401 utilis
3638 5348 3768 5402 Chri-

2217 5427 2754 5540 wﬁngdilftfaurent.
2797 5485 2862 5538 10
2890 5484 3016 5552 legit
3049 5503 3060 5536 :
3092 5487 3136 5538 si
3174 5485 3369 5607 aliguid
3416 5487 3562 5539 aliud
3601 5487 3767 5556 facilis.

2295 5555 2307 5591 ί
2341 5553 2472 5607 Cod.
2507 5555 2624 5607 Vat.
2657 5573 2667 5606 :
2702 5554 2880 5607 Videte
2913 5554 3064 5607 (male
3093 5556 3211 5607 viris
3281 5555 3548 5607 [tristimiis
3575 5559 3767 5607 Aposto-

2295 5555 2307 5591 ί
2341 5553 2472 5609 Cod.
2507 5555 2624 5608 Vat.
2657 5573 2667 5606 :
2702 5554 2880 5608 Videte
2913 5554 3064 5624 quale
3093 5556 3211 5608 viris
3239 5553 3548 5609 Christianis
3575 5553 3768 5625 Aposto-

2217 5625 2295 5678 lus
2318 5626 2474 5678 voluit
2502 5641 2616 5678 esse
2643 5625 2944 5677 conuiuium.
