3910 6238
94 340 189 392 £37

1537 398 1540 400 ν
1562 336 1842 393 ΗΟΜΙῌΑ
1881 338 1967 393 XC
1982 382 1994 391 .

3256 344 3357 395 iii-‘3

92 468 195 515 nm,
225 452 417 520 inquit,
445 452 503 505 in
527 452 751 522 gloriam
776 450 873 504 Dei
906 453 1080 521 facile.
1128 448 1327 506 Omnes
1362 463 1488 518 ergo
1530 461 1682 506 actus
1712 456 1757 511 Α
1786 451 2150 521 plis.l\'onne'
2171 452 2410 506 videmus
2426 462 2480 507 et
2499 454 2879 509 minutissimas
2905 469 3055 516 aves,
3088 468 3208 507 cum
3235 455 3353 509 illu-

92 548 113 579 ³
137 547 350 596 nostros
376 539 597 595 Christo
629 541 777 602 velut
812 542 961 596 socio
982 541 1069 595 vel
1095 549 1231 596 teste
1251 542 1539 609 compleri,
1570 541 1672 594 hac

90 630 295 686 scilicet
320 633 555 698 ratione,
588 641 645 686 ut
666 633 806 687 bona
835 632 952 701 ipso
976 641 1198 687 auctore
1218 630 1506 695 faciamus;
1531 632 1672 685 mala

90 729 311 788 propter
338 722 505 789 ipsius
528 722 942 776 contubernium
969 722 1320 776 declinemus.
1353 723 1516 793 293
1546 720 1676 775 Eru-

89 810 255 862 bescit
283 810 427 862 enim
458 812 602 863 mala
630 810 808 866 facere
835 811 928 880 qui
958 811 1061 881 scit
1085 808 1357 865 Christum
1386 826 1446 865 se
1473 812 1674 865 habere

88 898 423 967 participem.
450 898 701 955 Christus
729 909 909 956 autem
955 901 1009 954 in
1037 902 1193 956 bonis
1221 901 1434 968 adjutor
1472 910 1572 972 est,
1619 901 1673 953 in

89 988 242 1041 malis
262 998 449 1044 noster
473 998 557 1043 est
583 999 951 1044 conservator.
983 976 1124 1057 Ergo
1145 1004 1265 1044 cum
1295 990 1529 1043 diluculo
1552 1006 1673 1043 sur-

90 1078 282 1145 gimus,
312 1078 590 1143 debemus,
623 1080 935 1148 priusquam
963 1081 1318 1149 procedamus
1346 1096 1377 1135 e
1405 1081 1670 1146 cubiculo,

89 1170 284 1237 gratias
312 1183 475 1236 agere
504 1168 791 1234 Salvatori,
825 1178 882 1224 et
920 1179 1047 1223 ante
1076 1187 1265 1226 omnes
1288 1180 1442 1226 actus
1468 1174 1671 1237 saeculi,

88 1270 236 1317 actus
263 1263 463 1316 habere
485 1262 720 1331 pietatis,
745 1264 835 1330 qui
858 1271 959 1317 nos
980 1264 1320 1330 quiescentes
1341 1270 1394 1317 et
1414 1262 1678 1318 dormnen-

92 1361 169 1407 tos
207 1353 261 1406 in
300 1352 511 1408 lectulis
551 1352 863 1408 custodivit.
895 1351 1026 1418 Quis
1054 1354 1329 1408 enimnisi
1371 1353 1513 1408 Deus
1550 1354 1675 1407 dor-

90 1444 341 1497 mientem
396 1443 634 1497 custodit
676 1432 996 1497 hominem?
1044 1445 1134 1511 qui
1184 1444 1257 1497 ita
1306 1444 1575 1502 resolutus
1622 1446 1674 1497 in

90 1550 359 1600 somnum,
384 1544 441 1588 et
468 1534 668 1589 oblitus
696 1535 779 1588 sui
810 1534 1008 1601 vigoris
1036 1534 1290 1601 humani,
1322 1549 1350 1589 a
1380 1549 1441 1589 se
1467 1535 1675 1589 alienus

88 1624 338 1689 eﬂicitur,
369 1633 431 1678 ut
455 1625 664 1679 nesciat
682 1624 811 1692 quid
840 1626 954 1692 ipse
977 1624 1067 1687 sit,
1100 1625 1317 1678 ubinam
1341 1624 1670 1688 demoretur,

89 1714 275 1769 adesse
312 1714 412 1769 sibi
452 1722 601 1768 certe
630 1713 746 1781 ipse
776 1728 883 1767 non
912 1714 1099 1782 possit.
1140 1712 1487 1767 Necessarius
1514 1713 1675 1782 igitur

1774 550 2076 597 cescentem
2106 541 2246 597 diem
2271 558 2464 598 aurora
2485 544 2750 613 producit,
2785 546 2837 599 in
2865 545 3179 614 quibusdam
3208 546 3359 601 nido-

1774 647 1891 685 rum
1923 632 2181 687 cubiculis
2208 634 2359 687 varia
2405 634 2686 690 dulcedine
2716 651 3027 705 personare,
3059 644 3113 690 et
3142 637 3193 691 id
3240 646 3358 692 stu-

1773 723 1923 777 diose
1959 737 2137 791 agere,
2172 725 2481 793 priusquam
2533 727 2866 794 procedant,
2920 735 2980 804 ut
3040 725 3356 781 Creatorem

1773 828 1948 877 suum,
1998 813 2126 881 quia
2177 813 2389 881 loquela
2438 830 2544 869 non
2587 823 2830 884 possunt,
2861 816 3126 870 suavitate
3154 817 3363 871 demul~

1773 914 1960 969 eeant;
1984 912 2039 957 et
2059 903 2504 971 quemadmodum
2525 920 2859 973 unaquaeque
2881 920 3085 973 earum,
3107 908 3359 975 quoniam

1774 992 2110 1049 confessione
2158 995 2372 1062 nequit,
2404 995 2633 1049 modulis
2670 997 2863 1064 prodat
2910 997 3255 1065 obsequium;
3288 998 3360 1049 ita

1776 1095 1833 1139 ut
1863 1086 2107 1140 videatur
2132 1086 2234 1140 sibi
2276 1085 2521 1140 devotius
2550 1088 2747 1155 gratias
2786 1101 2966 1155 agere,
3007 1103 3126 1157 qua:
3155 1087 3362 1141 dulcius

1775 1178 2105 1247 personavit,
2135 1179 2241 1233 hoc
2268 1179 2451 1242 etiam,
2478 1189 2700 1247 peracto
2745 1179 2846 1232 diei
2896 1195 3082 1242 cursu,
3114 1179 3362 1232 similiter

1774 1268 1987 1324 facere?
2004 1267 2141 1333 Quid
2164 1282 2293 1335 ergo
2322 1269 2421 1321 sibi
2450 1270 2562 1321 vult
2588 1268 2688 1321 ista
2712 1269 2872 1321 certis
2895 1269 3225 1337 temporibus
3253 1267 3363 1322 dis-

1776 1360 1953 1429 posita
1996 1358 2265 1412 cantilena
2306 1367 2359 1412 et
2408 1359 2549 1427 jugis
2606 1358 2851 1422 intentio,
2910 1358 3008 1412 nisi
3063 1358 3356 1425 gratiarum

1775 1449 2018 1519 qnzrdam
2040 1450 2109 1503 sit
2134 1448 2483 1502 immoderata
2513 1446 2816 1502 confessio?
2846 1447 3055 1508 Pastori
3084 1449 3229 1501 enim
3259 1464 3359 1502 suo

1776 1542 1889 1593 avis
1943 1540 2183 1605 innoxia,
2213 1540 2336 1607 quia
2386 1554 2637 1593 sermone
2692 1555 2799 1592 non
2852 1540 3049 1608 potest,
3098 1540 3365 1599 suavitate

1773 1629 2081 1691 blanditur;
2112 1628 2315 1682 habent
2334 1629 2475 1682 enim
2504 1636 2559 1682 et
2580 1643 2705 1682 aves
2724 1635 2997 1697 pastorem
3025 1642 3202 1693 suum,
3228 1630 3367 1680 sicut

1775 1722 1849 1774 ait
1877 1720 2134 1774 Dominus
2167 1738 2179 1771 :
2217 1718 2475 1789 Respicite
2501 1718 2735 1771 rol..tilia
2773 1718 2904 1780 coeli,
2936 1718 3180 1786 quoniam
3221 1718 3235 1752 ¹⁷
3265 1733 3369 1769 non

90 1806 227 1862 Deus
247 1807 401 1863 adest
421 1807 835 1872 dormientibus,
859 1807 985 1876 quia
1014 1806 1345 1861 dormientes
1363 1807 1462 1861 sibi
1486 1806 1674 1860 adesse
1706 1804 1749 1863 Β
1781 1819 1976 1875 serunt,
2007 1826 2168 1880 neque
2187 1818 2401 1874 metunt,
2434 1817 2482 1861 et
2512 1807 2670 1860 Pater
2697 1816 2883 1874 uester,
2915 1808 3000 1878 qui
3020 1807 3075 1859 in
3101 1807 3244 1860 εωιὶε
3271 1817 3367 1870 est,

90 1914 192 1951 non
216 1906 445 1967 possimt
472 1914 486 1961 ;
513 1906 572 1951 et
600 1913 630 1949 a
659 1898 939 1951 nocturnis
970 1895 1175 1953 insidiis
1202 1911 1374 1965 genus
1396 1897 1671 1950 hominum

94 1990 206 2056 ipse
234 1988 539 2053 custodiat;
571 1988 697 2056 quia
720 1988 772 2041 id
802 1988 1062 2057 temporis
1090 1988 1115 2025 δ
1142 2003 1303 2042 nemo
1332 1987 1468 2041 alter
1494 1988 1674 2056 pervi-

91 2081 234 2148 g-lat,
260 2080 431 2133 debeo
454 2094 585 2148 ergo
609 2079 684 2131 illi
718 2080 945 2145 gratiam
976 2079 1087 2146 qui,
1116 2087 1172 2131 ut
1194 2092 1294 2145 ego
1313 2076 1679 2132 securusdor-

90 2172 271 2236 miam,
299 2171 387 2224 ille
412 2170 717 2239 pervigilat.
740 2168 859 2237 Ipse
889 2169 1030 2222 enim
1055 2185 1154 2223 nos
1183 2169 1325 2223 Deus
1347 2168 1680 2223 ituros'cubi-

90 2269 196 2314 tum
239 2260 475 2329 quodam
531 2262 737 2329 gremio
781 2261 996 2328 quietus
1036 2262 1279 2329 suscipit,
1323 2268 1378 2313 et
1424 2261 1677 2313 thesauro

89 2354 234 2419 pacis
258 2352 541 2405 recondito
564 2360 763 2411 servat,
791 2360 845 2405 et
870 2352 1156 2419 caliginum
1188 2351 1418 2421 quadam
1452 2353 1679 2405 tnitione

88 2442 139 2494 in
179 2442 357 2495 lucem
387 2439 659 2503 defendit;
692 2450 749 2493 ut
792 2441 994 2493 malitia
1028 2440 1364 2494 inimicorum
1403 2440 1675 2494 hominum

87 2532 380 2601 repellatur
413 2532 674 2594 tenebris,
715 2546 834 2600 qua:
867 2546 973 2583 non
1015 2540 1194 2599 potest
1216 2531 1551 2600 benignitate
1581 2531 1677 2584 de-

87 2625 207 2691 pelli
232 2641 247 2689 ;
281 2632 340 2679 et
369 2639 558 2693 pacem
588 2623 743 2678 fessis
772 2631 992 2692 prmstet
1020 2624 1340 2694 obscuritas,
1380 2637 1541 2690 quam
1570 2637 1677 2675 non

88 2717 377 2783 praestabat
404 2716 752 2776 humanitas;
796 2715 923 2769 dum
966 2716 1110 2769 enim
1148 2716 1322 2769 nescit
1359 2715 1523 2770 homo
1587 2712 1679 2766 ubi

86 2823 235 2861 suum
260 2806 631 2861 adversarium
656 2814 1031 2875 persequatur,
1065 2820 1275 2873 pacem,
1308 2818 1469 2872 quam
1492 2802 1680 2857 volens

88 2906 337 2965 pr.estare
358 2896 552 2961 uoluit,
584 2904 807 2965 pra:th
848 2896 1067 2950 invitus.
1098 2893 1366 2949 Debemus
1391 2909 1525 2962 ergo
1554 2908 1678 2947 sur-

86 2996 267 3054 gentes
298 2982 499 3054 gratias
535 2996 558 3025 ο
590 2987 701 3041 Deo
740 3000 920 3054 agere,
953 2994 1009 3041 et
1036 3001 1197 3040 omne
1224 2985 1330 3039 diei
1358 3001 1494 3055 opus
1524 2986 1576 3039 in
1603 2986 1678 3039 si-

40 3062 43 3063 l
86 3092 187 3145 guo
215 3076 397 3132 facere
424 3077 742 3133 Salvatoris.
774 3077 965 3132 Nonne
1001 3093 1123 3132 cum
1151 3077 1326 3131 adhuc
1354 3078 1569 3145 gentilis
1595 3091 1681 3131 es-

1778 1902 1943 1973 pascit
1970 1900 2063 1954 illa
2086 1899 2299 1965 (Matth.
2327 1901 2419 1969 ri).
2448 1901 2516 1952 At
2534 1899 2727 1967 quibus
2753 1898 2964 1951 tandem
2985 1898 3123 1952 cibis
3143 1912 3373 1966 pascun-

1780 2002 1865 2045 tur
1894 1992 2051 2045 aves?
2072 1990 2344 2061 vilissimis
2372 1987 2577 2043 scilicet
2608 1995 2663 2041 et
2686 1987 2941 2041 terrenis:
2961 2002 3089 2040 aves
3104 2002 3234 2055 ergo
3256 2002 3373 2055 pro-

1780 2092 1900 2152 pter
1928 2084 2089 2152 300
2115 2081 2247 2135 viles
2275 2095 2426 2134 escas
2450 2079 2649 2146 gratias
2670 2086 2855 2146 agunt,
2888 2085 2941 2131 tu
2971 2077 3374 2146 pretiosissimis

1778 2174 1949 2242 epulis
1969 2171 2226 2241 pasceris,
2258 2178 2313 2223 et
2354 2170 2591 2236 ingratus
2621 2184 2698 2222 es.
2729 2167 2862 2233 Quis
2914 2166 3076 2234 igitur
3104 2181 3211 2219 non
3251 2180 3375 2218 eru-

1778 2266 1980 2327 bescat,
2011 2277 2229 2316 sensum
2262 2260 2495 2314 hominis
2518 2258 2744 2319 habens,
2776 2258 2893 2311 sine
2923 2256 3254 2326 psalmorum
3286 2270 3374 2309 ce-

1780 2354 2027 2408 lebritate
2054 2352 2197 2406 diem
2225 2351 2503 2413 claudere;
2533 2364 2651 2401 cum
2676 2348 2802 2417 ipsa:
2827 2362 2955 2402 aves
2973 2347 3041 2401 ad
3067 2347 3375 2415 gratifican-

1779 2444 1906 2498 dum
1958 2442 2196 2511 psalterii
2225 2441 2490 2495 suavitate
2518 2440 2849 2508 persultent;
2880 2446 2934 2492 et
2987 2437 3105 2505 ejus
3150 2438 3375 2505 gloriam

1779 2549 1885 2587 non
1915 2546 2169 2587 versuum
2198 2529 2478 2584 dulcedine
2505 2543 2822 2596 personare,
2852 2527 3005 2595 cujus
3042 2527 3256 2581 laudem
3280 2542 3371 2580 vo-

1779 2625 1954 2678 lucres
1978 2621 2253 2677 modulata
2280 2619 2550 2675 cantilena
2575 2618 2962 2688 pronuntiant?
2988 2616 3203 2673 Imitare
3224 2632 3375 2686 ergo,

1780 2714 1966 2779 frater,
1996 2712 2383 2767 minutissimas
2409 2725 2538 2764 aves
2565 2725 2726 2765 mane
2761 2718 2818 2764 et
2861 2725 3092 2779 vespere
3130 2708 3308 2765 Creati
3331 2713 3376 2765 ri

1779 2806 1977 2873 gratias
1998 2803 2313 2867 referendo;
2345 2810 2400 2857 et
2419 2802 2463 2855 si
2494 2817 2554 2855 es
2572 2801 2822 2856 devotior
2842 2802 3057 2859 imitare
3072 2802 3375 2866 lusciniam,

1779 2897 1863 2952 cui
1894 2896 2148 2965 quoniam
2185 2894 2252 2948 ad
2282 2892 2537 2949 dicendas
2564 2893 2752 2947 laudes
2778 2894 2895 2948 dies
2928 2894 3044 2948 sola
3079 2909 3186 2947 non
3222 2892 3373 2947 sulti-

1780 2988 1872 3045 cit.
1898 2994 2161 3041 noctuma
2181 2985 2355 3053 spatia
2387 2983 2629 3053 pervigili
2653 2984 2920 3038 cantilena
2940 2982 3209 3047 decurrit;
3237 2992 3292 3036 et
3321 2992 3377 3037 tu

1781 3079 1943 3148 igitur
1964 3076 2211 3130 laudibus
2240 3075 2346 3129 tuis
2373 3074 2517 3128 diem
2546 3074 2768 3128 vincens
2797 3074 2947 3142 oreri
2994 3081 3089 3128 tuo
3114 3073 3252 3127 adde
3282 3089 3380 3127 no-

86 3186 192 3232 scs,
219 3170 439 3226 solebas
477 3171 628 3237 signa
660 3170 992 3239 perquirere,
1024 3185 1143 3239 qua:
1172 3170 1343 3238 signa,
1373 3170 1570 3238 quibus
1592 3185 1679 3224 re—
1707 3163 1754 3224 C
1784 3180 1973 3226 cturna
1994 3167 2268 3225 currentia
2297 3166 2586 3231 curricula,
2619 3173 2675 3220 et
2706 3166 3005 3221 insomnem
3033 3165 3268 3233 suscepti
3306 3166 3381 3219 Ia-

88 3261 181 3316 bus
194 3270 378 3318 essent
392 3277 671 3332 prospera,
686 3253 881 3332 magna
899 3264 1247 3332 inquisitione
1262 3262 1675 3332 colligereﬂam

88 3370 224 3408 nunc
254 3354 383 3408 nolo
412 3369 564 3408 erres
605 3355 659 3407 in
691 3370 945 3419 numero;
978 3356 1114 3410 scito
1152 3354 1276 3425 quia
1304 3357 1359 3409 in
1388 3371 1495 3410 uno
1524 3356 1678 3422 signo

87 3445 284 3500 Christi
314 3446 561 3499 omnium
608 3460 786 3499 rerum
818 3453 900 3499 est
946 3454 1060 3500 tuta
1098 3447 1447 3515 prosperitas.
1480 3444 1582 3513 Qui
1624 3446 1678 3500 in

88 3534 186 3588 hoc
206 3534 363 3603 signo
390 3534 660 3589 seminare
688 3536 930 3604 coeperit,
964 3536 1084 3589 vita:
1111 3535 1342 3591 fructum
1375 3552 1677 3605 conseque-

91 3633 175 3677 tur
199 3633 451 3689 aeternae,
483 3624 577 3691 qui
606 3624 661 3677 in
698 3624 800 3679 hoc
828 3626 983 3693 signo
1013 3625 1115 3679 iter
1141 3623 1318 3680 facere
1345 3625 1675 3694 aggreditur,

88 3715 150 3765 azl
180 3715 345 3786 293
370 3715 570 3770 uelum
600 3729 767 3783 usque
790 3716 1087 3784 perveniet.
1110 3714 1169 3769 ιιι
1188 3715 1296 3770 hoc
1315 3715 1477 3785 igitur
1505 3718 1679 3771 nomi-

91 3820 155 3857 ne
191 3819 382 3859 omnes
423 3813 578 3859 actus
625 3804 795 3858 nostri
841 3804 1103 3871 dirigendi
1134 3813 1278 3870 sunt,
1310 3812 1365 3858 et
1394 3805 1462 3859 ad
1504 3806 1678 3874 ipsum

92 3894 251 3948 tutius
280 3896 405 3948 vita:
433 3886 643 3949 nostrae
671 3894 964 3948 commotio
1008 3891 1329 3961 referenda;
1359 3896 1507 3964 quia,
1538 3897 1679 3950 sicut

90 3985 161 4035 ait
186 3982 481 4053 Apostolus
512 4001 525 4036 :
560 3981 627 4036 In
671 3984 785 4053 ipso
829 3983 1065 4048 vivimus,
1110 4000 1372 4038 moremur
1411 3994 1462 4039 et
1501 4002 1679 4040 sumus

92 4076 225 4141 (Act.
256 4090 387 4138 xvu,
415 4073 530 4143 28).
554 4071 662 4128 Sed
688 4082 881 4128 etcum
904 4089 1131 4144 vespera
1158 4075 1302 4129 diem
1323 4076 1542 4142 claudit,
1577 4080 1679 4148 ipsi

91 4164 347 4219 debemus
374 4178 473 4233 per
517 4163 832 4233 psalterium
878 4164 1089 4220 laudem
1117 4165 1320 4231 dicere,
1351 4174 1408 4221 et
1452 4168 1679 4235 gloriam

91 4254 203 4321 ejus
227 4254 506 4309 modulata
534 4255 800 4309 suavitate
826 4255 1139 4319 concinere,
1163 4272 1293 4325 quo,
1325 4272 1550 4327 operum
1580 4275 1680 4314 no-

92 4354 326 4409 strorum
371 4352 746 4400 consummato
779 4345 1093 4410 certamine,
1119 4347 1285 4401 veluti
1313 4348 1546 4404 victores
1588 4365 1677 4405 re-

92 4436 269 4504 quiem
296 4434 323 4471 ἀ
355 4436 722 4503 acquiramus,
752 4443 808 4491 et
848 4436 1047 4493 laboris
1090 4438 1336 4506 quasdam
1376 4442 1552 4510 palma
1609 4443 1681 4497 sit

1781 3260 1928 3315 boris
1957 3257 2275 3313 industriam
2297 3257 2537 3326 psalterii
2556 3256 2697 3310 serie
2722 3256 3026 3310 consolare.
3059 3254 3127 3308 Et
3154 3254 3279 3323 quia
3309 3256 3379 3310 de

1779 3352 1862 3405 his
1892 3332 2081 3405 avibus
2099 3350 2435 3404 mentionem
2456 3347 2555 3403 feci
2583 3364 2701 3418 quae
2732 3348 2982 3402 noctibus
3004 3348 3245 3415 vigilant,
3280 3363 3381 3401 no-

1778 3443 1833 3497 lo
1861 3451 1915 3496 te
1946 3442 2273 3496 imitatorem
2302 3455 2423 3494 esse
2465 3447 2708 3503 noctuae,
2740 3454 2858 3506 qua:
2886 3439 3012 3492 licet
3038 3454 3135 3507 per
3162 3447 3379 3520 no.ctem

1778 3535 1982 3603 vigilet,
2008 3549 2109 3603 per
2135 3533 2277 3588 diem
2306 3541 2489 3587 tamen
2517 3532 2669 3602 pigra
2701 3532 2783 3586 vel
2805 3547 2945 3589 caeca
2965 3540 3069 3598 est.
3087 3546 3207 3601 qua:
3228 3547 3382 3600 gran-

1780 3625 1939 3680 dibus
1967 3624 2140 3681 oculis
2170 3624 2798 3691 tenebrarutn.caligines
2820 3623 3013 3693 diligit,
3031 3624 3381 3695 splendorem

1781 3716 1912 3771 solis
1926 3715 2426 3782 horrescit,mirum
2445 3714 2589 3768 enim
2612 3714 2665 3767 in
2688 3712 2905 3769 modum
2927 3713 3261 3769 illuminatur
3280 3715 3381 3769 ob-

1781 3807 2061 3869 scuritate,
2089 3806 2207 3860 luce
2236 3812 2490 3861 ctecatur.
2516 3803 2660 3858 Istud
2686 3805 2882 3859 animal
2910 3804 3289 3860 bteretirorum
3319 3806 3380 3856 ti-

1780 3911 1913 3965 gura
1945 3904 2028 3951 est
2061 3903 2224 3966 atque
2250 3895 2551 3963 gentilium,
2582 3896 2672 3963 qui
2704 3894 2955 3950 tenebras
2985 3895 3381 3963 amplectuntur

1781 3987 2003 4061 diaboli,
2033 3987 2208 4041 lucem
2227 3984 2522 4040 Salvatoris
2547 3985 2885 4045 horrescunt,
2900 3992 2957 4038 et
2984 3984 3280 4051 grandibus
3305 3985 3383 4039 di-

1781 4077 2145 4147 sputationum
2167 4075 2339 4131 oculis
2357 4081 2587 4129 cernunt
2606 4089 2741 4127 vana
2756 4113 2771 4138 ,
2796 4088 2904 4127 non
2919 4073 3220 4143 respiciunt
3240 4090 3383 4128 sem-

1780 4168 2011 4237 piterna.
2043 4165 2122 4221 De
2165 4165 2252 4220 his
2276 4166 2351 4219 ait
2377 4163 2635 4218 Dominus
2668 4182 2682 4215 :
2718 4161 2911 4216 Oculos
2950 4161 3161 4229 habent,
3188 4172 3237 4217 et
3274 4181 3379 4219 non

1781 4257 2066 4313 uidebunt:
2116 4258 2174 4310 in
2219 4241 2449 4310 tenebris.
2492 4252 2760 4307 ambulant
2815 4251 2987 4323 (Psal.
3021 4252 3193 4322 CXIII).
3240 4251 3381 4306 Sunt

1782 4353 1927 4409 enim
1960 4350 2106 4406 acuti
2150 4348 2221 4402 ad
2246 4346 2643 4416 superstitiOsa,
2673 4345 2898 4399 hebetes
2926 4342 2994 4398 ad
3020 4343 3231 4408 divina;
3282 4346 3375 4413 qui

1782 4443 1910 4498 dum
1963 4456 2024 4496 se
2076 4446 2269 4510 putant
2325 4447 2348 4485 δ
2405 4435 2688 4490 sublimius
2736 4434 2955 4489 evolare
3016 4432 3377 4499 sermonibus,

92 4524 298 4595 soporis
326 4524 549 4579 oblivio.
574 4523 688 4579 Hoc
714 4532 894 4579 autem
923 4533 983 4580 ut
1009 4525 1287 4595 faciamus,
1317 4528 1529 4597 fratres,
1572 4548 1679 4587 non
1712 4520 1760 4579 Ι)
1788 4520 2044 4601 tanquam
2071 4536 2286 4585 noctua:
2306 4527 2419 4583 veri
2448 4526 2666 4581 luminis
2691 4525 2978 4596 splendore
3004 4526 3305 4583 turbantur.

92 4616 261 4669 solum
280 4614 543 4671 docemur
570 4615 799 4683 ratione,
824 4617 919 4672 sed
939 4619 1102 4673 etiam
1124 4619 1476 4677 admonemur
1495 4638 1680 4679 exem-

1467 4715 1811 4779 HOMILIA
1859 4715 1990 4777 XC.

1157 4811 1236 4867 De
1261 4815 1560 4884 paenitentia
1588 4826 1637 4871 et
1650 4817 1869 4887 jejunis:
1899 4812 2253 4867 Ninivitarum
2276 4808 2327 4863 Ι.

1547 4906 1941 4963 ΑὓΜΟΝιἸῚυ.

158 4993 320 5069 301
345 4992 404 5069 _Si
433 4992 501 5047 de
528 4992 762 5069 homilite
789 5001 1012 5051 auctore
1037 4996 1128 5051 hic
1150 4996 1325 5069 solum
1348 4999 1613 5069 agendum
1640 5007 1804 5065 esset,
1832 5016 1899 5055 ex
1953 4996 2388 5069 codicibus‘tnss.
2420 5009 2547 5051 eam
2586 4994 2646 5069 S.
2706 4994 2941 5069 Maximo
2969 4994 3385 5069 decernentibus

98 5062 358 5139 reiin
386 5062 827 5139 concluderetur;
859 5073 915 5119 at
928 5081 1063 5139 cum
1080 5068 1263 5139 multa
1288 5069 1359 5123 sit
1382 5062 1437 5123 in
1468 5071 1629 5139 titulo
1652 5062 2014 5139 discrepantia
2043 5067 2724 5139 adlongiorem__cogimur
2742 5066 3217 5139 disceptationem.
3248 5138 3251 5139 ν
3276 5068 3380 5123 (Ξυ-

94 5133 237 5188 diees
253 5133 423 5202 aliqui
449 5132 680 5202 simplici
719 5134 820 5190 hac
856 5136 1146 5206 epigraphe
1176 5154 1191 5191 :
1223 5135 1303 5191 De
1313 5138 1533 5208 jejuniis
1575 5132 1957 5204 Ninivitarum,
1992 5132 2269 5193 homiliau]
2298 5132 2633 5203 inscribunt;
2664 5135 2758 5205 qui
2807 5132 2934 5192 sunt
2987 5138 3378 5193 vetustissimus

96 5295 196 5408 ut:
213 5284 638 5412 adiuvent.
672 5287 839 5344 habet
869 5306 884 5343 :
928 5286 1122 5345 Omnes
1159 5307 1283 5362 ergo
1308 5301 1453 5345 actus
1482 5291 1687 5349 Christo

165 5424 192 5465 ι’
216 5426 391 5480 Codd.
422 5423 480 5480 S.
512 5423 697 5480 Crucis
724 5426 778 5483 in
821 5427 958 5493 Jer.,
1002 5427 1259 5485 Laurent.
1310 5429 1377 5484 10
1404 5438 1460 5485 et
1486 5429 1683 5495 Vatic.,

95 5497 209 5576 auia
260 5496 320 5550 id
362 5496 604 5564 temporis
641 5496 713 5550 ad
748 5499 1139 5555 custodiendum
1180 5500 1312 5555 alter
1339 5517 1487 5556 nemo
1515 5502 1688 5568 perni-

100 5568 393 5692 wg‘Codd.
434 5634 493 5690 S.
522 5634 712 5692 Crucis
755 5638 808 5692 in
835 5637 945 5695 Jer.
978 5646 1037 5694 et
1064 5636 1186 5694 Vat.
1216 5639 1401 5708 legunt
1432 5658 1445 5693 :
1477 5638 1686 5695 Christo

98 5723 264 5777 agere.

382 5800 657 5862 ΡΑτιιοι.
711 5799 901 5863 LVII.

1864 5289 1890 5329 δ
1920 5291 2057 5373 Cod.
2091 5292 2213 5347 Vat.
2242 5289 2404 5358 1268,
2430 5299 2487 5347 et
2505 5289 2809 5349 Galesinius
2835 5290 3007 5358 legit:
3038 5289 3220 5350 νειιιι
3234 5294 3393 5349 uicto-

2486 5431 2625 5512 ειείιη
3035 5499 3047 5511 .

1866 5498 1888 5538 τ
1919 5499 2089 5556 Codd.
2120 5499 2179 5556 S.
2202 5499 2392 5555 Crucis
2425 5501 2481 5555 in
2528 5498 2641 5554 Jer.
2676 5506 2732 5551 et
2762 5497 2891 5553 .Vat.
2936 5499 3197 5554 omittunt
3223 5514 3381 5567 neque

2070 5637 2151 5709 VS.
2170 5638 2361 5709 Crucis
2380 5638 2436 5709 in
2464 5636 2601 5699 δεῖ..
2628 5643 2684 5689 et
2703 5632 3009 5709 Calesinius
3031 5675 3047 5701 ,
3079 5637 3167 5709 qui
3185 5634 3306 5689 dum
3330 5650 3383 5687 se

1792 5718 1972 5781 putant
1997 5707 2265 5763 subtilibus
2292 5708 2495 5761 evolare
2522 5702 2859 5761 sermonibus.

3067 5796 3143 5856 15
