3910 6238
558 294 665 347 659
1694 299 1750 352 S.
1793 298 2033 352 MAXIM!
2073 297 2141 351 Τέ

2251 295 2515 351 JNENSIS
3691 283 3780 337 biit)

559 407 920 480 Sangallensis
944 407 1124 480 homil.
1157 405 1218 460 71
1247 406 1658 480 ,(Vallicellanus
1701 412 1742 462 A
1775 410 1804 462 7
1835 426 1954 480 pag.
1990 409 2081 480 11,
2115 419 2170 463 et
2199 408 2264 461 99
2292 410 2350 464 S.
2381 410 2648 480 Crucisin
2669 408 2966 480 Jerusalem
3024 408 3208 480 homil.
3238 406 3349 480 ‘43,
3399 405 3623 480 Codices
3673 418 3785 480 vero

565 474 759 547 Belgici
778 519 792 538 ,
821 476 1158 547 Martinensis
1182 478 1737 547 et_Camberoneusis,
1768 474 1869 534 nec
1895 474 1999 533 non
2031 479 2437 546 Ratisponensis
2467 479 2523 532 S.
2579 479 2899 532 Emmerami
2929 493 3047 547 pag.
3080 476 3178 540 27,
3202 477 3423 547 titulum
3452 475 3650 528 habent
3679 474 3785 547 {De

561 544 784 602 (maniis
813 555 860 616 e_t
889 544 951 598 de
970 546 1186 616 jejuniis
1213 544 1581 600 Ninivitarum.
1615 549 1696 604 Ab
1723 550 1807 604 bis
1834 548 2084 602 diil‘erunt
2111 544 2280 602 codex
2329 547 2711 604 Amb‘rosianus
2762 547 2804 600 11
2869 544 3303 613 164,'homiliam
3350 545 3414 598 de
3460 545 3786 616 rogationibus

564 628 794 687 vocans:
829 611 1213 687 _Inc_ip'it'sernto
1237 617 1302 671 de
1329 618 1712 687 rogationibus;
1743 627 1796 673 et
1823 618 1993 687 codex
2017 617 2324 672 Casinensis
2345 632 2438 687 cx:
2466 633 2587 687 pag.
2619 616 2687 669 26
2720 635 2732 669 :
2760 616 2838 669 De
2859 611 3070 687 (latonia
3097 617 3296 687 majore
3318 630 3487 687 seruio
3512 611 3571 666 S.
3592 611 3786 687 Musam

562 686 802 756 episcopi.
831 683 888 738 in
910 682 1281 756 Laurentianis
1307 682 1463 742 codd.
1489 687 1556 740 57
1584 682 1720 742 Plut.
1753 704 1858 742 xvu
1888 694 1943 740 et
1971 686 2092 746 157,
2125 687 2253 739 olim
2281 685 2418 739 tedii.
2452 682 2735 754 metropol.
2763 685 2896 756 eccl.
2921 685 3096 756 Flam,
3117 682 3271 756 deest
3300 683 3513 756 titulus,
3546 690 3602 735 et
3636 682 3787 735 solum

564 753 826 826 indicatur
847 755 1166 811 auctorillis
1197 755 1406 826 usitatis
1423 756 1602 811 verbis
1632 775 1645 810 :
1674 756 1829 826 Unde
1877 770 2219 826 supra,__cum
2273 757 2580 826 przecedens
2606 753 2822 826 homitia
2871 755 2928 809 S.
2962 753 3176 806 Maximi
3220 753 3441 826 nomine
3493 761 3784 826 exornetur.

566 824 662 878 llic
686 823 919 878 lectores
938 832 1151 880 nostros
1172 823 1542 892 admonemus,
1573 826 1626 878 in
1655 825 1862 880 duobus
1882 821 2034 878 codd.
2067 821 2342 878 Vaticanis
2366 823 2501 892 1268
2528 834 2582 878 et
2609 823 2743 890 615,
2775 825 3020 892 abrasqu
3047 823 3285 892 conspici
3309 821 3549 892 auctoris
3597 835 3786 878 nomen.

563 891 950 962 adiectumque
972 892 1035 958 _S.
1062 895 1354 959 Ambrosii;
1377 910 1440 948 ac
1469 888 1605 950 duos
1631 895 1763 950 alios
1789 893 2029 959 codices,
2061 909 2252 962 nempe
2273 893 2444 947 Vatic.
2479 888 2780 946 Palatinum
2829 891 2934 962 455
2981 906 3102 962 p_ag.
3155 888 3290 962 281,
3315 899 3370 943 et
3413 888 3787 962 Ui-bevetauum

633 978 685 1034 g.
701 962 842 1034 150,
863 958 1159 1034 anonymos
1175 963 1627 1034 essen-Quomodo
1652 978 1780 1032 ergo
1799 958 2316 1034 tantascriptjoitum
2344 961 2965 1034 varietas__conc_ilianda?
2983 958 3442 1034 'Gennadittsuqui
3470 958 3793 1034 primigenios

585 1026 908 1087 ioiniliarum
938 1026 1151 1085 maximi
1182 1026 1910 1100 titulos—primusrreCEnsuit,
1950 1026 2092 1084 hanc
2115 1031 2190 1084 De
2219 1033 2517 1099 paenitentia
2569 1030 2916 1084 Ninivitarum
2959 1031 3295 1100 nominavit,
3319 1026 3605 1100 Gennadio
3656 1026 3790 1100 igitur

564 1101 904 1172 adhmserunt
930 1109 1195 1172 quotquot
1221 1100 1298 1154 De
1316 1096 1530 1172 jejuniis
1557 1099 1906 1172 Ninivitarum
1929 1101 2207 1172 homiliam
2219 1096 2577 1172 appellarunt,
2610 1115 2730 1172 cum
2775 1100 3202 1172 per_uni_versale
3223 1097 3489 1172 jejunium
3521 1103 3642 1172 acta
3685 1096 3747 1172 sit
3767 1110 3794 1147 a

563 1171 809 1225 Ninivitis
835 1164 1148 1239 paenitentia
1178 1172 1230 1224 in
1255 1164 1633 1239 priedicatione
1660 1168 1826 1224 Jonas.
1860 1168 1962 1235 Qui
1992 1185 2118 1223 vero
2147 1164 2466 1224 addiderunt
2491 1171 2656 1223 veteri
2685 1164 2840 1224 titulo
2869 1166 2948 1222 De
2970 1169 3166 1221 titaniis
3205 1164 3292 1239 vel
3335 1167 3413 1239 De
3462 1164 3797 1239 rogationibus

565 1242 727 1295 ritum
751 1240 806 1293 in
834 1234 1070 1294 Ecclesia
1093 1256 1123 1293 a
1152 1234 1332 1294 multis
1357 1241 1509 1294 annis
1532 1234 1906 1304 introductum,
1935 1248 1992 1292 ut
2017 1239 2186 1293 tribus
2210 1239 2396 1294 diebus
2424 1247 2548 1294 ante
2577 1239 2786 1292 Domini
2818 1239 3199 1293 Ascensionem
3213 1237 3498 1306 jejunium,
3525 1234 3799 1302 etpublicm

563 1309 981 1378 supplicationes
1000 1309 1342 1378 haberentur,
1372 1311 1540 1364 secuti
1561 1317 1701 1364 sunt.
1733 1307 1942 1361 Litania
1964 1305 2204 1378 profecto
2227 1309 2367 1362 idem
2390 1308 2654 1377 signiﬁcat
2682 1323 2743 1362 ac
2770 1307 3107 1378 supplicatio,
3139 1305 3311 1378 eaque
3361 1306 3558 1378 duplex
3587 1313 3690 1366 est;
3715 1318 3798 1378 so-

565 1373 792 1446 ieiunior
819 1378 871 1431 in
892 1377 978 1431 die
999 1376 1132 1432 festo
1159 1377 1218 1432 S.
1251 1377 1445 1443 Marci,
1474 1378 1694 1446 ejusque
1718 1373 1982 1446 institutio
2008 1377 2374 1444 antiquissima
2399 1373 2656 1442 habetur,
2687 1393 2809 1446 cum
2837 1373 2904 1431 de
2959 1387 3022 1431 ea
3056 1377 3113 1431 S.
3163 1373 3456 1445 Gregorius
3504 1373 3719 1446 Magnus
3754 1373 3800 1426 in

565 1449 656 1502 lib.
687 1461 722 1500 ιι
749 1444 916 1515 Epist.
947 1447 1274 1501 mentionem
1305 1441 1481 1501 faciat.
1502 1441 1780 1500 'No'nnulli
1802 1462 1831 1499 a
1855 1446 1912 1500 8.
1968 1441 2169 1500 Lazaro
2199 1447 2410 1500 Mediol.
2455 1441 2737 1515 episcopo,
2769 1445 2825 1500 S.
2858 1446 3072 1501 Eusebii
3119 1441 3550 1515 praedecessore
3578 1441 3800 1515 eamdem

563 1512 813 1585 repetunt
837 1515 1242 1585 institutionem.
1275 1515 1406 1570 Alia:
1431 1517 1628 1570 litaniaa
1655 1517 1832 1585 minus
1859 1516 2148 1585 solemnes,
2173 1531 2290 1585 qua:
2318 1512 2626 1585 rogationes
2644 1512 2995 1585 'Ascensionis
3018 1512 3179 1568 etiam
3207 1522 3502 1585 vocantur,
3537 1512 3803 1585 institute-

563 1579 670 1652 que
689 1584 937 1654 dicuntur
964 1600 994 1638 a
1016 1585 1073 1639 S.
1106 1584 1366 1654 Mamerto
1393 1587 1647 1654 episcopo
1676 1584 1963 1642 Viennensi
1994 1586 2046 1638 in
2076 1579 2244 1654 Gallia
2267 1624 2281 1647 ,
2307 1601 2337 1638 a
2360 1579 2468 1652 q'uo
2497 1585 2689 1639 deinde
2712 1585 2854 1654 Eccl.
2887 1584 3046 1654 Rom.
3072 1593 3316 1654 tempore
3340 1583 3537 1654 Leonis
3588 1579 3794 1654 Phill,

566 1647 790 1722 aliaeque
809 1653 1060 1708 Ecclesia:
1089 1653 1350 1722 ejusmodi
1377 1647 1537 1708 ritum
1562 1647 1901 1722 acceperunt.
1935 1654 2052 1707 Vid.
2085 1647 2409 1722 Incontrium
2458 1655 2695 1722 ‘archiep.
2746 1653 2890 1706 Flor.
2924 1653 3016 1708 lib.
3074 1647 3279 1722 Exp'lic.
3312 1651 3463 1722 test.
3514 1664 3637 1722 pag.
3684 1647 3799 1722 221.

569 1716 924 1802 Rogatidnum
952 1716 1134 1803 autem
1155 1723 1416 1803 jejunium
1445 1739 1551 1778 non
1575 1716 1771 1776 retinet
1793 1723 1951 1803 modo
1981 1723 2094 1803 nisi.
2112 1721 2362 1803 Ecclesia
2381 1723 2621 1803 Mediol.,_
2641 1716 2834 1803 quibus
2854 1722 3040 1803 diebus
3067 1716 3281 1803 supplet
3300 1716 3562 1803 jejunium
3579 1716 3805 1803 Quadra:

565 1787 799 1862 gesimze,
822 1789 972 1858 cujus
1001 1787 1371 1862 initiuin'apud
1401 1795 1570 1862 ipsam
1595 1808 1703 1846 non
1727 1800 1810 1846 est
1837 1793 1936 1846 nisi
1965 1808 1994 1845 a
2016 1793 2185 1861 prima
2213 1792 2451 1861 ejusdem
2467 1787 2766 1862 dominica.
2792 1791 2900 1845 Nos
2925 1792 2978 1845 in
3005 1787 3316 1862 collocanda
3348 1787 3450 1862 hac
3479 1789 3706 1862 homilia_
3726 1787 3803 1862 ab

564 1855 750 1930 ordine
777 1855 1096 1917 recessimus
1123 1855 1439 1930 anteion
1461 1862 1746 1925 editorum,
1777 1863 1867 1930 qui
1897 1855 2159 1929 eam'post
2185 1855 2430 1915 humilius
2462 1860 2736 1916 Paschalis
2763 1862 3090 1930 retulerunt,
3112 1868 3170 1930 ut
3190 1859 3493 1930 Gymnicus
3514 1872 3662 1930 pagg.“
3686 1855 3803 1930 162,

566 1927 861 2001 Calesinius
889 1944 1008 2001 pag.
1041 1929 1166 1997 158,
1197 1929 1522 2001 Baynaudus
1554 1946 1671 2000 pag.
1703 1925 1824 2001 22f,
1849 1939 1907 2001 et
1937 1925 2268 2001 Margarinus
2310 1930 2458 2001 Bib|._
2478 1930 2618 1984 Max.
2642 1941 2779 2001 tom.
2811 1929 2892 1991 Vl,
2924 1946 3048 2000 pag.
3070 1929 3156 1992 27,
3184 1925 3263 2001 et:
3294 1929 3436 1982 inter
3480 1927 3725 2001 homilias
3750 1925 3807 1976 de

564 1998 776 2070 diversis
805 1996 1102 2070 posuimus,
1126 1996 1250 2067 quia
1279 1996 1409 2053 nihil
1437 1996 1813 2070 habetconcio
1843 1999 2059 2070 Maximi
2088 1999 2152 2052 de
2181 1998 2532 2070 rogationibus
2568 2000 2655 2070 vel
2697 1996 2942 2063 laetaniis,
2969 1996 3023 2053 ei
3050 2014 3178 2070 cum
3201 1998 3290 2070 ad;
3320 2013 3441 2070 eam
3472 1996 3701 2070 appellet
3725 2009 3806 2048 se-

563 2081 732 2187 aueus
761 2066 999 2149 humilia,
1024 2066 1253 2149 quaeest
1273 2069 1440 2149 altera
1469 2069 1536 2122 de
1557 2067 1819 2139 Ninivitis,
1849 2077 1912 2149 ut
1934 2069 2210 2136 utriusque
2234 2066 2499 2136 connexio
2533 2069 2792 2132 videatur,
2819 2076 3097 2136 utramque
3137 2067 3295 2121 simul
3342 2066 3506 2121 cdere
3558 2066 3806 2133 optimum

601 2151 812 2187 unmus
830 2178 846 2187 .
872 2150 1069 2187 omissa
1097 2137 1238 2187 tituli
1259 2137 1528 2187 additione
1562 2155 1573 2187 :
1601 2137 1678 2187 De
1715 2138 1957 2187 lmtanns.

601 2136 812 2192 uximus
830 2178 846 2204 ,
872 2127 1069 2191 omissa
1097 2137 1238 2191 tituli
1259 2137 1528 2192 additione
1562 2155 1573 2188 :
1601 2127 1678 2191 De
1715 2127 1957 2191 lwtaniis.

564 2249 953 2303 AIGUIENTUI.
982 2278 1052 2291 --
1086 2245 1215 2300 Tota
1253 2244 1604 2300 Ninivitarum
1646 2248 1822 2299 civitas
1874 2245 1929 2297 in
1981 2246 2140 2299 tribu-
2171 2251 2215 2307 Α
2242 2260 2396 2316 gem;
2428 2246 2759 2302 obliviscitur
2811 2247 2954 2299 enim
3000 2259 3058 2301 se
3113 2259 3296 2314 regem
3336 2257 3476 2307 esse,
3510 2245 3599 2298 ubi
3653 2242 3806 2296 Deum

632 2319 826 2372 latione
838 2317 1127 2388 jejunauit;
1170 2332 1280 2388 nos
1306 2333 1502 2388 quoque
1539 2325 1820 2388 temporum
1873 2317 2142 2388 angustias

630 2384 937 2441 sustinentes
965 2402 1138 2455 omnes
1166 2384 1365 2455 pariter
1383 2384 1628 2455 jejunare
1644 2384 1911 2455 debemus,
1942 2384 1993 2455 et
2032 2385 2135 2436 mi—

635 2456 968 2510 sericordiam
1007 2453 1104 2508 Dei
1137 2452 1447 2507 cunctorum
1473 2452 1785 2506 abstinentia
1837 2453 2136 2522 implorare.

637 2609 885 2679 Legimus
911 2610 965 2662 in
990 2608 1269 2678 prophetis
1293 2609 1446 2677 (Jon.
1475 2610 1588 2679 ιιι),
1621 2616 1648 2645 ⁸
1678 2623 1800 2663 cum
1850 2607 2040 2663 Ninive
2067 2607 2143 2664 ci—

573 2700 724 2752 vitati
752 2698 1030 2754 subversio
1055 2698 1313 2752 divinitus
1358 2697 1688 2763 immineret,
1727 2705 1782 2752 et
1821 2697 1973 2766 juxta
2021 2711 2143 2752 sen-

569 2790 788 2843 tentiam
819 2789 912 2842 Dei
934 2788 1241 2842 destruendi
1263 2788 1406 2841 illam
1436 2796 1650 2857 tempus
1685 2789 1988 2858 ingrueret,
2013 2803 2142 2843 con-

569 2878 823 2934 sistentes
845 2879 897 2932 in
928 2889 992 2932 ea
1021 2879 1166 2932 aliud
1193 2893 1300 2932 non
1329 2879 1581 2933 habuisse
1598 2878 1925 2948 praesidium,
1955 2878 2059 2932 nisi
2088 2884 2146 2931 ul

571 2970 796 3038 abjectis
823 2969 851 3007 δ
874 2969 1171 3038 crapulosis
1191 2970 1368 3039 epulis
1388 2969 1590 3038 jejunia
1620 2970 1927 3024 continuata
1975 2968 2145 3024 susci-

572 3067 781 3128 perent,
813 3066 866 3113 et
893 3058 1194 3113 divitiarum
1246 3059 1546 3114 ambitione
1575 3070 1596 3097 ο
1627 3061 1860 3129 seposita
1883 3099 1898 3124 ,
1930 3059 2146 3113 humili-

573 3164 686 3209 tate
712 3159 771 3210 se
792 3157 1125 3224 paupertatis
1150 3156 1464 3222 induerent;
1493 3153 1702 3212 scilicei
1731 3165 1788 3211 ut
1837 3156 2028 3211 exinde
2071 3173 2151 3212 re-

495 3318 497 3320 _
575 3244 805 3299 mediam
829 3245 1169 3314 perciperent
1198 3245 1338 3300 unde
1375 3247 1453 3301 cis
1499 3246 1728 3314 perditio
1777 3247 2146 3315 contingebat;

575 3333 680 3388 hoc
699 3339 818 3399 est,
849 3340 908 3386 ut
934 3333 1066 3387 iram
1097 3332 1415 3399 Dlvinitatis,
1440 3346 1605 3403 quam
1654 3327 1973 3389 luxui-iando
2018 3351 2146 3404 pro—

573 3429 917 3492 vocg'Verant,
949 3422 1264 3478 abstinendo
1286 3423 1547 3486 lenirent,
1573 3432 1628 3477 et
1681 3424 1939 3479 oliensam
1990 3437 2151 3493 quam

577 3513 632 3567 in
660 3525 756 3568 eos
780 3513 1030 3582 superbia
1061 3521 1404 3568 contraxerat
1431 3514 1702 3568 humilitas
1730 3515 2015 3584 mitigaret.
2059 3517 2150 3570 Di-

2244 2352 2423 2405 regem
2445 2337 2683 2391 omnium
2715 2336 3071 2405 pertimescit;
3105 2346 3205 2389 nec
3237 2335 3502 2402 potentia:
3546 2345 3655 2387 suae
3706 2346 3807 2384 me-

2244 2429 2421 2496 minit,
2447 2428 2536 2481 ubi
2562 2427 2854 2496 potentiam
2876 2425 3183 2480 Divinitatis
3197 2425 3459 2494 agnoscit.
3475 2421 3808 2477 Obliviscitur

2245 2531 2373 2587 ergo
2399 2531 2458 2573 se
2485 2529 2664 2585 regem
2711 2530 2862 2577 esse,
2896 2515 3021 2569 dum
3072 2513 3287 2584 projicit
3339 2525 3665 2582 purpuram,
3695 2510 3808 2565 dum

2245 2606 2490 2660 diadema
2519 2606 2757 2674 deponit,
2789 2605 2963 2659 cilicio
2991 2612 3169 2657 autem
3198 2603 3423 2657 vestitur
3451 2613 3506 2655 et
3530 2615 3710 2666 sacco,
3734 2600 3809 2665 je-

2242 2695 2407 2762 juniis
2451 2703 2796 2764 perseverat,
2831 2693 3165 2747 orationibus
3232 2698 3246 2728 ι
3305 2692 3641 2745 immoratur.
3691 2688 3808 2742 Mira

2247 2785 2406 2855 303
2430 2799 2518 2840 res
2547 2801 2560 2835 ε
2587 2784 2713 2837 dum
2736 2797 2798 2837 se
2828 2797 3007 2852 regem
3058 2782 3332 2836 hominum
3368 2783 3380 2830 i
3420 2794 3541 2835 esse
3571 2794 3676 2833 non
3717 2793 3811 2832 πιεμ

2248 2876 2439 2939 minit,
2476 2889 2569 2929 rex
2619 2873 2807 2944 incipit
2860 2885 2979 2928 esse
3027 2872 3266 2941 justititc.
3319 2867 3624 2940 Religiosus
3670 2868 3812 2938 igitur

2249 2967 2498 3035 princeps
2528 2980 2636 3017 non
2666 2960 2896 3033 perdidit
2949 2962 3253 3032 imperium,
3274 2961 3368 3017 sed
3397 2961 3645 3014 mutavit.
3677 2959 3812 3012 Priu-

2249 3056 2483 3123 cipatum
2512 3054 2657 3107 enim
2680 3061 2804 3106 ante
2831 3052 3077 3106 militaris
3112 3050 3408 3120 disciplinae
3462 3050 3658 3116 tenuit,
3684 3062 3812 3101 nunc

2251 3143 2551 3200 cmlestium
2567 3142 2969 3212 disciplinarum
2991 3143 3199 3198 obtinet
3246 3142 3632 3211 principatum.
3689 3139 3812 3198 Non,

2257 3235 2496 3301 inquam,
2524 3233 2758 3302 perdidit
2783 3233 3086 3302 imperium,
3117 3233 3242 3302 quia
3269 3231 3382 3287 sive
3409 3231 3572 3296 ferro,
3603 3229 3716 3288 sive
3737 3231 3813 3298 ju-

2253 3324 2419 3390 stitia,
2450 3337 2549 3392 pro
2585 3322 2785 3377 civium
2840 3323 3012 3377 salute
3058 3324 3264 3392 primus
3311 3323 3550 3393 invigilat
3583 3341 3598 3376 :
3629 3323 3813 3394 primus

2248 3415 2413 3483 plane
2430 3413 2702 3485 invigilat;
2726 3414 2871 3484 quia,
2897 3423 2958 3468 ut
2979 3422 3091 3468 tota
3115 3415 3302 3468 civitas
3321 3413 3611 3483 jejunaret,
3635 3413 3814 3467 famem

2256 3509 2357 3565 sibi
2385 3523 2480 3562 rex
2508 3509 2713 3578 primus
2768 3507 2990 3574 indixit,
3021 3507 3045 3546 ι
3081 3515 3135 3562 et
3188 3508 3335 3563 solus
3381 3507 3627 3561 omnium
3671 3519 3814 3562 causa

567 3607 709 3660 citur
737 3605 1058 3674 303mm
1087 3605 1141 3658 in
1171 3604 1258 3658 illa
1307 3605 1646 3660 tribulatione
1672 3605 1788 3674 ipse
1818 3621 1934 3671 rex,
1978 3607 2144 3677 depo-
2180 3613 2220 3670 Β
2246 3609 2395 3679 prior
2414 3608 2578 3677 coepit
2606 3607 2831 3672 esurire,
2861 3619 3021 3676 quam
3042 3607 3223 3673 miles;
3256 3618 3476 3662 necesse
3521 3607 3668 3660 enim
3713 3612 3816 3660 erat

565 3699 672 3752 sita
712 3696 978 3765 imperiali
1005 3704 1291 3766 purpura,
1321 3696 1486 3765 regali
1540 3697 1829 3751 ambitione
1865 3697 2135 3761 submota,

565 3786 808 3841 membra
837 3797 935 3841 sua
959 3780 1133 3841 cilicio
1157 3786 1520 3853 praecinxisse,
1552 3795 1713 3855 atque
1741 3787 1791 3840 in
1829 3803 1993 3842 sacco
2022 3785 2048 3824 ά
2079 3801 2140 3844 se

568 3878 758 3931 diebus
779 3891 845 3930 ac
863 3875 1110 3929 noctibus
1128 3861 1418 3930 volutasSe.
1473 3874 1701 3944 Sapiens
1727 3891 1855 3946 ergo
1899 3892 2016 3943 rex,
2047 3879 2142 3946 qui

566 3963 733 4018 sciret
760 3962 1210 4031 quemadmodum
1232 3962 1457 4019 adversa
1487 3973 1511 4000 ε
1543 3963 1647 4018 sibi
1684 3978 1940 4035 superare
1986 3965 2142 4022 debe-

565 4061 682 4118 ret;
714 4053 731 4090 τ
764 4054 946 4106 hostes
973 4051 1116 4106 enim
1162 4052 1360 4106 virtute
1407 4054 1695 4123 superabat
1718 4096 1733 4122 ,
1769 4055 1933 4110 Deum
1963 4064 2144 4110 autem

572 4140 870 4196 humilitate
895 4141 1160 4224 vincebat.
1188 4137 1416 4211 Sapiens
1443 4142 1603 4222 plane
1646 4158 1740 4198 rex
1760 4184 1774 4210 ,
1802 4145 1892 4212 qui
1942 4144 2142 4198 intelli-

570 4244 722 4304 geret
754 4234 947 4304 quibus
973 4234 1138 4288 annis
1167 4243 1408 4289 uteretur
1432 4250 1534 4304 pro
1574 4234 1828 4304 temporis
1855 4237 2141 4305 qualitate;

570 4341 696 4380 cum
753 4326 895 4380 enim
923 4335 948 4370 κ
976 4325 1293 4380 insidiantur
1339 4326 1412 4379 illi
1467 4327 1747 4392 homines,
1771 4327 2147 4397 apprehendit

574 4431 722 4469 artua
753 4415 942 4470 bellica
966 4432 981 4480 ;
1012 4427 1131 4470 cum
1154 4416 1401 4470 irascitur
1428 4415 1456 4452 ιι
1483 4417 1531 4470 ei
1562 4417 1721 4482 Deus,
1749 4419 1971 4487 corripit
1999 4434 2145 4473 arma

571 4499 807 4575 iustitiae.
836 4505 1094 4573 Sapiens,
1126 4505 1341 4572 inquam
1361 4547 1375 4571 ,
1408 4517 1536 4570 rex,
1566 4509 1661 4575 qui
1714 4523 1814 4576 pro
1863 4507 2035 4563 salute
2071 4509 2146 4564 ci-

578 4595 738 4660 vium,
771 4601 1108 4664 peccatorem
1130 4608 1189 4648 se
1214 4595 1384 4663 magis
1413 4594 1701 4650 conﬁtetur
1720 4612 1839 4653 esse
1866 4612 2028 4666 quam
2057 4614 2144 4652 re-

643 4717 668 4745 ·
697 4705 829 4761 Cod.
860 4705 1071 4776 Casin.,
1095 4706 1214 4776 quia
1243 4703 1591 4776 cumnNinive.
1624 4719 1733 4761 etc.

640 4777 668 4816 1³
694 4776 824 4829 Tres
856 4776 1015 4831 codd.
1047 4775 1317 4840 Ambros“
1350 4775 1468 4828 Vat.
1494 4787 1548 4830 et
1576 4780 1632 4830 s.
1685 4776 1874 4832 Crucis
1903 4778 1955 4831 in
2004 4776 2137 4843 ιη,

565 4847 793 4914 capiosis
814 4845 996 4914 epulis.

640 4863 1126 4985 ξ’ίξᾶῗιῗῖῗέῗῖιιᾷι
1139 4952 1159 4978 ,
1186 4912 1438 4982 deposita.

635 4981 664 5022 ι
693 4981 940 5050 Quinque
955 4975 1216 5045 codd.,'in
1242 4975 1393 5035 sacco
1423 4991 1472 5034 et
1491 4985 1659 5035 cinere
1682 5001 1770 5046 se,
1803 4994 1906 5040 etc.

639 5061 665 5091 ο
692 5051 824 5107 Cod.
852 5050 1103 5105 Urbevet.
1135 5050 1333 5104 omittit
1351 5051 1468 5104 sibi.

642 5120 662 5160 ί
690 5121 835 5178 idem
861 5115 981 5175 cod.
1008 5117 1259 5192 [erev'eL
1290 5122 1451 5174 habet
1499 5123 1694 5176 hostem
1739 5140 1837 5192 pro
1865 5129 2061 5186 hostes;
2088 5134 2142 5178 et

571 5192 844 5248 Dominum
875 5206 972 5248 oro
1000 5189 1189 5243 Deum.

640 5260 824 5314 [ϐοά.
859 5256 978 5313 Vat.
1014 5256 1166 5323 1270,
1199 5258 1588 5313 insidiarentur.

638 5329 661 5401 ξι
692 5328 1185 5401 Coddi‘VatLiz'iO
1211 5326 1444 5401 εει-6151,
1486 5329 1758 5401 iiliiDeus,
1791 5333 1999 5401 abripit,
2027 5341 2130 5387 etc.

641 5397 655 5440 ί
685 5399 818 5456 Cod.
845 5397 965 5464 vat.
1023 5396 1192 5452 Ραιιι.
1220 5393 1327 5452 455
1348 5393 1460 5453 hac
1505 5400 1667 5454 habet
1699 5419 1710 5452 :
1741 5393 2063 5465 immoratur,
2089 5413 2136 5454 et

565 5477 637 5528 sic
666 5470 1077 5524 misericordiam
1103 5469 1314 5522 Domini
1333 5482 1439 5520 una
1460 5485 1574 5522 cum
1599 5469 1697 5522 sibi
1723 5470 1964 5528 subiectis
2001 5471 2136 5524 obti-

567 5557 684 5596 nere
710 5541 924 5609 meruit,
953 5546 1077 5591 teste
1125 5535 1427 5609 Scriptura,
1454 5555 1568 5605 qua:
1601 5542 1723 5592 dicit
1753 5556 1770 5591 :
1805 5535 1946 5592 Vidit
1996 5539 2136 5594 Deus

565 5625 720 5680 opera
746 5607 1089 5680 earum,_quia
1127 5607 1357 5672 conversi
1373 5619 1496 5660 sunt
1537 5609 1605 5680 de
1630 5610 1711 5661 eia
1757 5624 1852 5662 sua
1905 5609 2063 5672 mala,
2088 5621 2138 5662 et

566 5678 798 5738 misertus
825 5690 902 5733 est
928 5678 1183 5730 Dominus
1236 5691 1389 5745 super
1439 5679 1709 5742 malitiam,
1742 5692 1894 5746 quam
1940 5682 2136 5732 locutus

2242 3707 2299 3752 ut
2321 3698 2410 3766 qui
2434 3695 2708 3768 potentior
2733 3697 2942 3753 caneris
2987 3695 3177 3762 fuerat,
3210 3696 3459 3752 devotior
3505 3695 3662 3751 iteret
3701 3696 3814 3751 uni‘

2240 3787 2428 3842 versis.
2459 3784 2715 3856 Exemplo
2741 3787 2904 3857 igitur
2929 3801 3030 3843 suo
3059 3787 3073 3824 ι
3108 3794 3376 3856 praeparat
3403 3784 3657 3857 religioni
3670 3801 3813 3840 exer-

2245 3878 2409 3933 citum
2428 3918 2444 3944 ,
2470 3891 2576 3931 ιιοι.
2624 3874 2808 3942 armis,
2828 3876 2926 3932 sed
2959 3876 3081 3931 sola
3105 3876 3138 3896 "
3162 3875 3455 3930 devotione
3508 3877 3770 3930 munitum
3800 3891 3810 3926 :

2242 3953 2396 4036 jubet
2425 3981 2639 4021 omnem
2669 3979 2894 4033 sexum,
2937 3975 2965 4002 η
3018 3977 3235 4020 omnem
3280 3973 3494 4019 :etatem
3545 3981 3575 4018 a
3627 3964 3816 4018 diurnis

2249 4057 2421 4126 epulis
2441 4056 2729 4110 abstinere.
2762 4051 2988 4110 Additur
3027 4055 3281 4124 religioso
3325 4054 3590 4109 exercitui
3638 4063 3815 4107 nume.

2249 4159 2372 4212 rus,
2396 4159 2517 4200 cum
2562 4143 2616 4198 in
2644 4144 2738 4199 tali
2784 4145 3068 4200 devotione
3115 4144 3278 4198 etiam
3330 4143 3554 4197 infantia
3602 4143 3817 4197 militare

2252 4234 2611 4304 compellitur.
2638 4227 2823 4291 Pietas
2837 4235 2978 4290 enim
3002 4243 3027 4271 ο
3049 4250 3170 4291 esse
3209 4234 3442 4290 creditur
3470 4235 3522 4288 in
3549 4231 3645 4288 tali
3672 4244 3820 4288 causa

2251 4325 2483 4394 parvulis
2502 4340 2714 4394 quoque
2742 4324 2846 4380 cibi
2874 4326 3227 4381 substantiam
3242 4325 3506 4394 denegare
3524 4341 3539 4390 ;
3567 4336 3674 4379 non
3687 4323 3815 4378 enim

2250 4415 2546 4472 suiﬁciebat
2574 4416 2642 4470 ad
2677 4416 2995 4486 placandum
3050 4415 3218 4470 Deum
3241 4428 3267 4465 ι»
3294 4416 3632 4486 peccantium
3680 4413 3815 4470 satis-

2250 4507 2441 4573 factio,
2479 4508 2582 4562 nisi
2632 4509 2902 4562 seniorum
2950 4519 3167 4576 quoque
3218 4516 3436 4578 peccata
3484 4507 3814 4576 parvulorum

2253 4597 2555 4653 innocentia
2584 4598 2912 4667 deploraret,
2936 4606 2992 4652 et
3011 4598 3223 4655 ﬂetibus
3259 4598 3449 4652 alienis
3489 4596 3688 4652 delicta
3731 4605 3814 4648 sua

2247 4720 2344 4781 est,
2373 4719 2429 4781 ut
2457 4712 2644 4781 faceret
2671 4711 2845 4781 eisjiet
2889 4727 2993 4781 n_on
3025 4711 3164 4780 fecit.
3215 4709 3313 4764 Hic
3362 4708 3560 4762 desinit
3609 4705 3810 4762 homilia

2249 4780 2363 4833 haec
2391 4780 2443 4832 in
2457 4777 2554 4833 cit.
2587 4779 2708 4833 cod.
2740 4779 2862 4832 Vat.
2907 4777 3075 4832 Palat.

2321 4848 2336 4897 ι
2369 4847 2536 4903 Codd.
2569 4848 2691 4900 Vat.
2724 4847 2861 4901 1270
2889 4856 2946 4903 et
2967 4847 3148 4902 Casiu.
3176 4848 3429 4901 omittunt
3457 4863 3591 4901 esse.

2171 4921 2214 4981 ς
2318 4916 2341 4953 ιε
2371 4915 2539 4972 Codd.
2571 4916 2691 4971 Vat.
2747 4917 2885 4970 1270
2935 4926 2990 4971 et
3043 4916 3247 4981 Casin.,
3278 4918 3552 4970 etaetatis
3605 4913 3813 4970 mnium

2248 5002 2408 5039 causa
2447 4988 2641 5056 primus
2663 4989 2814 5055 cepit
2859 4988 3070 5040 esurire.
3101 4984 3237 5041 Cod.
3286 5001 3414 5041 vero
3463 4982 3744 5045 UrbeveL,
3771 4988 3814 5032 ιι

2248 5056 2429 5109 salutis
2456 5071 2614 5108 causa
2643 5057 2787 5109 prius
2810 5059 2960 5109 canit
2988 5058 3203 5109 esurire.

2246 5071 3220 5199 “"t"é‘.i_3i‘fixi§$si“£“c‘£é§'it
3241 5119 3350 5199 ιρι·
3379 5132 3434 5178 et
3452 5119 3608 5199 Yet-3
3638 5135 3810 5199 erce”

2242 5195 2684 5264 perutreligionis
2732 5198 3027 5248 exercituita.
3053 5193 3232 5263 Codd.
3281 5193 3400 5247 Vat.
3459 5191 3625 5259 6451,
3646 5190 3806 5245 Casin-

2241 5261 2296 5315 et
2322 5261 2599 5333 Urbevet.,
2631 5275 2895 5330 pratparat
2922 5261 3186 5333 religionis
3213 5265 3512 5317 exercitum.

2313 5343 2349 5368 ω
2380 5331 2511 5389 Cod.
2546 5332 2691 5398 Vat.,
2717 5333 2832 5386 soia
2861 5331 3125 5388 deuotione
3143 5350 3254 5387 esse
3282 5333 3558 5386 munitum.

2311 5411 2338 5437 ¹³
2368 5401 2536 5456 Codd.
2571 5400 2850 5470 Urhevet.,
2879 5401 3004 5457 Vat.
3061 5399 3195 5457 6151
3253 5411 3310 5456 et
3355 5399 3565 5466 Casin.;
3595 5411 3810 5454 omnem-

2240 5485 2336 5540 que
2363 5480 2586 5540 tetatem.

2313 5549 2338 5576 ο
2367 5539 2535 5595 Codd.
2565 5540 2907 5596 Urbevet..et
2928 5540 3133 5602 Casin.,
3169 5540 3348 5594 Pietas
3364 5541 3502 5594 enim
3533 5535 3808 5593 crediturin

2240 5609 2332 5661 tali
2362 5625 2518 5679 cgitsa
2543 5612 2772 5679 paruulis
2802 5609 2902 5664 cibi
2923 5611 3265 5664 substantiam
3301 5610 3578 5679 denegare.

2313 5689 2341 5728 Ρ
2370 5676 2503 5733 Cod.
2529 5676 2646 5732 Vat.
2672 5678 2831 5747 6451,
2857 5681 3052 5749 peccati
3082 5694 3179 5749 pro
3201 5676 3542 5748 peccantium.
