3910 6238
83 283 166 334 illi

1406 281 1685 337 llOMlLIA
1726 284 1855 339 XCI.

3218 290 3327 346 4ὒῖ

77 400 307 465 juventus
332 397 598 452 ablueret.
651 396 752 451 Ista
798 406 998 463 autem,
1030 395 1249 459 fratres,
1282 397 1458 448 omnia
1511 405 1535 431 ι
1585 395 1638 448 in
1669 400 1715 455 Α
1750 396 1884 450 vitas
1905 394 2197 464 jejunavit;
2237 397 2251 434 ί
2288 398 2445 462 bene,
2477 399 2619 466 quod
2648 401 2802 468 dixit,
2835 411 2978 466 tota;
3011 419 3116 457 non
3147 406 3320 460 solum

79 488 533 542 commonitionem
599 487 768 542 nostri
830 486 968 541 facta
1022 502 1142 541 esse
1201 500 1362 540 nemo
1416 493 1499 540 est
1550 485 1641 554 qui

80 579 294 641 nesciat,
329 586 385 631 ut
420 580 848 647 quotiescunque
897 578 1330 632 tribulationibus
1384 591 1641 647 perurge-

80 687 184 724 tnur
221 669 284 723 ad
313 671 429 724 haec
458 670 704 739 praesidia
738 686 1145 735 concurramus;
1178 677 1235 723 ut
1248 670 1382 739 puta
1403 710 1418 735 ,
1448 669 1639 723 adver-

77 761 233 815 sarius
262 761 523 824 imminet,
559 761 804 815 inimicus
834 762 887 814 in
910 770 1159 830 promptu
1205 768 1307 825 est,
1334 759 1640 828 jejunemus

78 858 124 902 et
149 849 174 888 δ
199 850 496 904 vincamus.
555 849 742 904 Solent
785 861 806 889 ο
832 851 1049 918 quidam
1095 849 1360 911 homines,
1401 849 1640 916 quoties-

76 954 268 1008 cunque
317 940 691 993 necessitatem
745 940 966 994 arduam
1017 941 1175 994 nimis
1217 941 1511 1008 patiuntur,
1570 941 1637 994 ad

78 1031 328 1098 proximas
358 1039 544 1098 gentes
565 1031 748 1085 auxilii
769 1047 933 1086 causa
953 1032 1222 1086 destinare
1253 1031 1476 1098 legatos.
1508 1029 1633 1091 Nos,

77 1121 203 1189 quod
228 1130 312 1176 est
339 1121 561 1187 melius,
592 1122 914 1189 legationem
962 1121 1030 1178 ad
1074 1122 1242 1176 Deum
1287 1136 1383 1190 per
1432 1119 1633 1187 jejunia

77 1213 424 1278 destinemus;
457 1213 522 1266 ab
545 1214 659 1282 ipso
686 1213 1030 1281 imploremus
1053 1211 1080 1248 ά
1108 1212 1304 1265 auxilia
1329 1249 1344 1273 ,
1367 1211 1432 1263 ad
1463 1211 1634 1278 ipsum

78 1319 163 1360 nos
189 1304 350 1358 corde
377 1312 434 1356 et
460 1303 792 1357 orationibus
819 1301 1184 1366 conferamus;
1209 1300 1461 1354 auxilium
1492 1299 1634 1353 enim

78 1394 141 1445 illi
166 1409 266 1446 non
288 1392 507 1446 aliunde
530 1392 767 1459 rogando
795 1393 1131 1461 petiverunt,
1154 1391 1250 1446 sed
1297 1390 1364 1444 de
1419 1391 1530 1444 suis
1563 1388 1639 1457 je-

77 1482 290 1550 junando
320 1482 616 1536 visceribus
641 1490 953 1548 exegerunt.
986 1479 1093 1535 Cur
1119 1494 1247 1547 ergo
1274 1488 1423 1548 petat
1456 1479 1524 1533 ab
1553 1479 1634 1531 al-

77 1584 178 1628 tero
200 1616 216 1640 ,
236 1575 328 1644 qui
363 1575 502 1629 intra
524 1588 583 1628 se
607 1581 787 1642 potest
828 1573 1069 1626 invenire
1104 1573 1266 1646 304
1298 1572 1442 1640 quod
1489 1586 1636 1640 qua:-

76 1663 401 1728 rit?Quanto
426 1673 452 1700 ο
483 1664 624 1717 enim
662 1663 774 1716 Deo
827 1664 1112 1718 viciniores
1167 1663 1454 1727 fuerimus,
1487 1671 1637 1717 tanto

1745 485 1888 538 enim
1916 501 2090 550 senes,
2117 487 2344 554 juvenes
2373 497 2428 542 et
2449 489 2697 555 infantes,
2726 491 2817 543 sed
2839 491 3001 544 etiam
3036 493 3049 542 i
3087 494 3320 562 pecudes

1745 576 1966 645 legimus
1995 577 2288 647 jejunasse.
2342 578 2480 632 Mira
2530 595 2652 634 res:
2676 580 2884 649 jejunat
2938 597 3039 652 pro
3090 583 3320 640 civitatis

1742 676 1996 734 peccato,
2050 683 2208 736 quem
2257 670 2464 738 peccati
2507 671 2746 726 conditio
2808 687 2917 725 non
2979 675 3318 744 constringit.

1745 753 1895 811 Unde
1921 749 1978 811 et
2006 773 2123 823 nos,
2153 757 2345 814 fratres
2389 759 2684 826 carissimi,
2715 768 3018 830 temporum
3046 765 3320 830 angustias

1739 845 2064 900 sustinentes
2084 863 2274 902 omnes
2307 848 2508 917 pariter
2548 849 2794 916 jejunare
2835 851 3117 916 debemus,
3142 860 3202 906 et
3224 854 3318 907 mi-

1741 936 2085 990 sericordiam
2129 937 2224 991 Dei
2274 945 2588 992 cunctorum
2640 939 2964 994 abstinentia
3006 941 3312 1015 implorare.

1741 1025 1764 1063 ¹ι
1797 1026 1928 1080 Nam
1953 1026 2112 1094 quale
2139 1027 2211 1080 sit
2235 1027 2341 1082 hoc
2361 1025 2723 1082 Christianum
2751 1043 2850 1097 pro
2879 1029 3052 1084 salute
3091 1047 3186 1085 sua
3210 1048 3315 1088 non

1739 1119 1915 1174 facere
1942 1119 2086 1189 quod
2113 1120 2345 1189 pecudes
2376 1135 2475 1188 pro
2508 1122 2782 1176 hominum
2821 1121 2995 1176 salute
3042 1123 3317 1178 fecerunt?

1738 1210 1848 1266 Nisi
1877 1211 2021 1279 quod
2055 1209 2070 1247 ι
2107 1211 2353 1266 stolidior
2372 1213 2577 1281 pecude
2607 1221 2715 1276 est,
2746 1214 2838 1281 qui
2863 1214 3064 1269 indicto
3087 1232 3185 1285 pro
3204 1231 3266 1272 se
3285 1233 3314 1270 a

1736 1300 2017 1355 sacerdote
2038 1299 2243 1368 jejunio
2263 1316 2368 1369 non
2387 1301 2628 1369 jejunat;
2653 1318 2835 1356 nonne
2853 1305 2997 1357 enim
3027 1320 3190 1373 pecus
3209 1315 3313 1372 est,

1738 1391 1827 1460 qui
1859 1406 1964 1444 non
1992 1391 2236 1459 intelligit
2268 1392 2396 1459 quid
2425 1391 2500 1444 illi
2529 1393 2820 1455 immineat,
2853 1394 2979 1461 quid
3006 1395 3079 1448 illi
3102 1396 3313 1450 incum-

1738 1484 1866 1537 bat?
1895 1481 1960 1535 Et
1988 1497 2153 1551 pecus
2181 1483 2396 1551 quidem
2427 1484 2613 1537 videns
2633 1485 2868 1538 declinat
2905 1486 3139 1553 foveam,
3158 1497 3316 1541 cavet

1737 1572 2050 1640 praecipitia.
2083 1570 2163 1624 Tu
2191 1579 2365 1624 autem
2399 1587 2502 1624 non
2559 1573 2639 1626 vis
2689 1566 2982 1641 jejunando
3019 1576 3314 1643 periculum

1740 1660 2009 1714 declinare
2059 1659 2200 1729 quod
2235 1661 2446 1714 cernis?
2499 1660 2901 1730 Desperationis
2953 1665 3095 1717 enim
3146 1679 3317 1732 genus

75 1756 348 1810 adversarii
378 1756 548 1810 nostri
572 1770 602 1810 a
631 1756 786 1809 nobis
801 1755 1010 1821 longius
1037 1752 1057 1790 ί
1089 1755 1432 1824 repellentur.
1449 1753 1624 1821 Opor-
1663 1759 1704 1812 Β
1731 1757 1812 1805 est
1857 1758 1987 1804 tunc
2005 1760 2044 1785 ω
2072 1759 2124 1804 te
2146 1750 2626 1817 manducare,cum
2653 1752 2922 1807 abstinere
2944 1754 3164 1817 debeas,
3189 1763 3318 1810 tunc

77 1855 144 1899 tet
170 1847 329 1914 igitur
350 1847 630 1916 proximos
650 1861 749 1902 nos
774 1844 886 1900 fieri
907 1846 1044 1908 Deo;
1072 1844 1325 1914 quoniam
1347 1844 1476 1898 dicit
1505 1859 1631 1912 pro-

77 1936 217 2002 pheta
235 1953 249 1989 :
266 1935 424 2000 Ecce,
440 1936 525 2005 qui
545 1935 788 2004 elongant
815 1951 870 1987 se
893 1944 918 1981 κ
939 1950 971 1986 a
993 1944 1060 1995 te,
1074 1933 1305 2000 peribunt
1324 1934 1340 2002 (
1347 1932 1496 1986 Psal.
1513 1932 1630 1999 xu).

77 2023 209 2088 Quod
235 2025 332 2078 sia
361 2024 476 2078 Deo
502 2023 596 2091 qui
626 2024 783 2092 longe
838 2030 963 2078 sunt
993 2023 1277 2091 peribunt,
1330 2023 1513 2090 utique
1542 2022 1633 2089 qui

77 2122 185 2168 sunt
210 2115 440 2184 proximi
485 2115 860 2178 salvabuntur;
898 2113 1053 2167 aliter
1089 2127 1218 2179 ergo
1249 2112 1477 2181 proximi
1524 2110 1635 2164 Deo

77 2225 179 2264 esse
207 2226 308 2265 non
339 2226 650 2279 possumus,
676 2209 776 2263 nisi
799 2209 865 2262 ad
895 2224 1015 2262 eum
1042 2207 1277 2276 jejuniis,
1309 2206 1640 2260 orationibus

77 2307 123 2352 et
147 2300 500 2370 elemosynis
518 2300 958 2369 propinquamus.
991 2299 1128 2352 Deus
1153 2298 1296 2352 enim
1326 2298 1440 2366 ipse
1483 2296 1644 2350 mise-

77 2392 245 2453 ricors,
269 2390 510 2459 jejunus,
534 2398 597 2445 et
623 2398 840 2446 sanctus
869 2397 982 2454 est;
1020 2398 1182 2458 atque
1230 2388 1350 2443 ideo
1390 2389 1480 2456 qui
1532 2387 1643 2441 vult

78 2479 331 2547 proximus
360 2481 475 2535 Deo
503 2495 650 2544 esse,
705 2479 868 2534 debet
897 2477 925 2515 ιι
971 2479 1170 2532 imitari
1209 2480 1312 2533 hoc
1357 2493 1476 2533 esse
1499 2477 1652 2550 quod

80 2568 203 2624 Deus
219 2579 320 2626 est.
344 2570 484 2625 Tota
513 2570 671 2638 igitur
692 2569 745 2623 in
775 2569 1119 2623 tribulatione
1172 2567 1528 2621 Ninivitarum
1567 2566 1644 2619 ci-

1735 1839 1997 1908 gaudere,
2025 1855 2144 1893 cum
2171 1839 2368 1893 debeas
2397 1848 2422 1874 η
2447 1838 2752 1906 deplorare.
2791 1842 2862 1894 De
2915 1842 3018 1897 hac
3057 1845 3317 1913 despera-

1739 1932 1884 1983 tione
1914 1929 2202 1998 Apostolus
2234 1929 2361 1982 dicit
2386 1929 2531 1998 quod
2586 1945 2617 1982 a
2671 1930 2825 1985 nobis
2871 1939 3083 1986 avertat
3127 1929 3316 1988 Deus:

1738 2018 2109 2072 Manducemus
2137 2026 2184 2070 et
2207 2016 2466 2070 bibamus:
2483 2035 2601 2071 cras
2635 2019 2772 2071 enim
2807 2021 3163 2091 moriemur“
3191 2022 3315 2076 Cor.

1742 2113 1867 2178 xv).
1895 2111 2206 2178 Jejuncmus
2229 2125 2380 2177 ergo,
2414 2109 2625 2174 fratres,
2652 2111 2768 2166 sine
2811 2113 3228 2178 intermissione,
3263 2125 3320 2170 nt

1740 2200 1924 2254 hostes
1960 2204 2176 2252 nostros
2221 2197 2555 2253 orationibus
2595 2206 2651 2252 et
2692 2200 3014 2255 abstinentia
3063 2218 3337 2272 superam.

1745 2292 1770 2322 ο
1794 2289 2060 2357 possimus
2083 2285 2374 2340 auxiliante
2400 2286 2631 2341 Domino
2654 2296 2840 2342 nostro
2856 2330 2870 2356 ,
2892 2290 2985 2358 qui
3014 2305 3135 2345 cum
3164 2291 3324 2346 Patre

1743 2387 1799 2432 et
1826 2377 2026 2447 Spiritu
2056 2384 2244 2430 sancto
2265 2374 2395 2428 vivit
2435 2383 2491 2428 et
2517 2383 2707 2443 regnat
2757 2377 2812 2429 in
2859 2378 3050 2434 secula
3088 2379 3321 2435 mulo-

1743 2483 1881 2522 rum.
1913 2466 2102 2520 Amen.

1404 2653 1747 2716 HOMILIA
1793 2647 1957 2709 XCI.

1447 2751 1527 2806 De
1551 2750 1799 2803 Ninivitis
1831 2743 1914 2799 Η.

1509 2833 1897 2894 ADMONITIO.

141 2939 291 3018 θεοῦ
318 2937 558 3018 eum“
579 2935 935 3018 Taeinqmm
964 2931 1630 3018 trepidanteicixibnsque.
1649 2943 1707 2983 se
1748 2926 1845 3018 id-
1866 2923 2067 3018 esse.
2087 2923 3328 3018 tientibEE-.9P.imainemet2.barimrum.

82 2992 475 3062 Λῑῖῖιέἶεὶίἱέἐῐ
501 3005 773 3060 exercitus
792 2992 1174 3064 incursionem,
1208 3018 1238 3073 a
1266 2992 1324 3056 S.
1351 2992 1646 3073 Maximo]:

1754 3003 1798 3073 et
1823 2993 2067 3073 superior
2345 2993 2583 3073 recitatae
2601 2995 2870 3073 videntur.
2893 2996 3043 3054 Sicut
3057 3001 3111 3073 in
3130 2992 3324 3070 prima,

82 3059 725 3143 l‘iiniivitarumiexemplo,
755 3059 846 3141 qui
876 3059 1186 3141 poenitentia
1215 3071 1380 3143 Deum
1401 3068 1697 3143 adveniam
1726 3072 1780 3117 et
1808 3062 1873 3143 ad
1892 3059 1900 3060 ί
1919 3060 2341 3143 misericordiam
2373 3059 2659 3143 flexerunt,
2689 3064 3053 3143 Taurinenses
3082 3059 3332 3129 hortatus

82 3156 154 3200 est
174 3147 454 3208 Ilaximus,
482 3155 544 3200 ut
563 3134 1036 3212 sanctis-operibus
1077 3158 1108 3195 a
1133 3139 1620 3212 tantoqdiscrimine
1661 3148 1783 3189 serv
1822 3134 1865 3190 ri
1895 3137 2272 3212 mererentur,
2306 3134 2379 3211 ita
2410 3134 2600 3212 iterata
2633 3134 2734 3212 hac
2777 3137 3046 3201 oratione,
3068 3154 3192 3212 _-n_on
3221 3148 3332 3212 tam

83 3217 220 3271 novis
259 3200 491 3270 monitis
536 3228 696 3282 quam
740 3200 1085 3282 validioribus
1133 3210 1368 3282 consiliis
1417 3209 1718 3282 timidiores
1759 3200 2062 3282 aggreditur
2084 3214 2158 3280 ne
2187 3200 2974 3282 pagiam‘Idesei-ant,_eos_que
3001 3200 3160 3274 erigit
3184 3215 3247 3263 ut
3280 3209 3334 3264 in

84 3267 231 3339 Deum
258 3267 410 3346 spem
451 3267 665 3338 omnem
692 3281 881 3335 salutis
908 3287 1244 3335 convertant.
1278 3276 1516 3345 Utraque
1534 3274 1756 3346 homilia
1777 3267 2131 3346 tain_pro_pria
2154 3267 2237 3346 est
2262 3267 2319 3346 S_.
2354 3270 2616 3346 antistitis
2635 3273 2827 3346 nostri,
2851 3267 3335 3346 inspecta'ternpo-

83 3355 145 3425 _ris
159 3338 494 3425 conditione,
531 3363 586 3425 ,ει
608 3351 1348 3425 a_lterieonvepi_r§_n@q_l_leal-
1373 3338 1450 3401 Ei
1478 3347 1663 3425 codice
1690 3338 2520 3425 βθηεςιιὶςιιξίχιξξξί,εειηιῖφρίυει
2551 3339 2622 3425 7²
2649 3344 2919 3425 esset)“
2938 3338 3337 3425 Ρτίπηυέεβῖίξίξ

82 3406 329 3505 ueni-1|
357 3406 517 3505 ρεειε
545 3421 580 3474 2
621 3419 788 3505 μακε
819 3419 1020 3505 eaad.
1056 3406 1408 3505 mamma
1690 3412 1864 3505 ipsum
1891 3406 3004 3505 θερξιξεέίξιελέιξηρειειεειιε.,ιεεείιίιοιιίε.
3039 3414 3244 3505 cosas
3269 3415 3338 3505 εις»

154 3493 333 3548 Crucis
357 3479 410 3546 in
433 3490 754 3555 Jerusalem,
782 3490 869 3542 ubi
896 3498 977 3541 est
1005 3488 1222 3541 humilia
1246 3487 1315 3541 90
1343 3479 1464 3541 cum
1486 3479 1642 3539 titulo
1667 3501 1679 3534 ε
1714 3479 1875 3555 flent
1902 3495 1927 3554 s

84 3561 224 3616 lcusi.
253 3547 328 3617 De
349 3561 662 3616 elocutione
690 3547 821 3612 nihil
851 3556 1110 3619 addimus,
1129 3573 1192 3611 ea
1218 3557 1459 3626 profecto
1487 3555 1608 3609 talis
1631 3560 1735 3615 est,
1765 3556 1823 3602 ut
1837 3547 1899 3600 S.

2092 3478 2302 3555 ti_a,_qui
2331 3478 2531 3555 pariter
2561 3479 2752 3555 legitur
2780 3481 2835 3533 in
2883 3481 3073 3538 codice
3103 3482 3339 3555 Sangal-

1984 3547 2143 3600 aximi
2159 3546 2535 3614 eloquentiam
2557 3549 2827 3604 ostendat.

85 3684 459 3730 Ascuumwl.
491 3706 563 3716 ——
591 3672 783 3726 Iterum
811 3673 875 3726 de
901 3671 1144 3742 Ninivitis
1166 3670 1541 3742 penitentibus,
1565 3670 1649 3740 qui
1678 3667 1723 3728 C
1753 3661 1910 3717 nibus
1929 3659 2337 3715 subvertendos.
2365 3658 2472 3714 Sed
2499 3669 2700 3730 quanto
2719 3663 3024 3731 proximum
3055 3667 3339 3721 annuntia-

147 3745 425 3797 Immilitate
452 3753 502 3796 et
524 3743 725 3813 jejunio
751 3741 1002 3813 irquei
1031 3743 1094 3795 ab
1124 3741 1322 3794 excidio
1343 3741 1484 3792 urbis
1513 3757 1652 3791 arer-

147 3822 328 3866 ternnt.
355 3813 455 3884 His
485 3810 638 3884 alque
662 3810 915 3864 similibus
942 3813 1187 3884 operibus
1233 3813 1476 3884 populum
1503 3826 1650 3862 suum

145 3884 381 3936 admonet
421 3883 483 3937 S.
514 3881 803 3951 episcopus,
832 3888 888 3932 nt
908 3881 1004 3934 sibi
1034 3897 1221 3951 magna
1249 3882 1475 3932 instante
1503 3888 1649 3931 cala-

147 3954 318 4005 mitate
335 3953 568 4004 diuinum
595 3950 848 4004 auxilium
875 3959 1108 4015 exorent,
1125 3950 1438 4019 caecamque
1460 3965 1524 4001 ne
1551 3966 1649 4017 pa-

149 4022 293 4074 triam
320 4022 586 4074 deserant.

148 4110 384 4165 Diximus
411 4108 689 4163 anteriore
714 4107 983 4162 dominica
1030 4106 1291 4162 Ninivitas
1330 4108 1383 4161 in
1439 4106 1660 4160 tribula-

89 4202 220 4257 tione
247 4203 454 4272 positos
485 4200 785 4256 Divinitatis
812 4201 1235 4256 misericordiam
1259 4215 1356 4270 per
1382 4200 1659 4254 abstinen-

89 4290 206 4343 tiam
227 4291 516 4354 meruisse,
539 4297 597 4344 et
609 4289 884 4344 civitatem
912 4305 1063 4344 suam
1093 4290 1159 4345 de
1186 4290 1427 4360 periculo
1443 4289 1661 4358 jejuniis

91 4379 363 4447 liberasse;
395 4387 670 4449 tantaque
698 4394 793 4434 eos
815 4379 977 4434 fuisse
996 4380 1290 4449 sapientiae,
1312 4390 1368 4434 ut
1397 4395 1503 4433 non
1525 4380 1656 4434 alie-

92 4469 163 4523 uis
193 4483 249 4524 se
274 4470 542 4540 prasidiis
567 4466 944 4532 defenderent,
975 4473 1067 4526 sed
1113 4471 1329 4541 propria
1370 4471 1656 4524 devotione

91 4559 365 4614 salvarent.
396 4559 536 4614 Nam
565 4575 673 4615 non
699 4561 879 4613 statim
919 4559 1334 4628 desperaverunt
1380 4559 1446 4612 de
1486 4561 1658 4613 salute

91 4666 194 4716 sua;
219 4654 342 4720 quia
370 4651 658 4706 audierant
684 4666 713 4704 a
743 4651 1004 4721 propheta
1033 4666 1153 4707 cum
1181 4651 1411 4707 civitatis
1437 4666 1495 4705 se
1521 4667 1656 4705 mm-

155 4819 177 4847 ⁸
205 4809 369 4868 Codd.
426 4810 555 4864 Vat.
597 4807 734 4862 1270
777 4815 833 4862 et
880 4805 1093 4868 Casin.,
1126 4805 1196 4858 ad
1219 4805 1664 4860 commonitionem

93 4891 308 4935 nostram
338 4883 482 4951 facta
509 4897 624 4933 esse
649 4878 762 4949 quis
807 4877 1023 4930 nesciat.
1060 4874 1214 4951 _Cod.
1245 4875 1379 4951 _Vat.
1407 4873 1564 4937 6451,
1597 4873 1664 4925 ad

92 4945 531 5005 ωηιυιωιὶὶίοηειη
557 4945 960 5014 nostrainan
986 4945 1098 5014 quis
1121 4945 1333 5014 nesciat.

1754 3752 1915 3806 batur
1942 3750 2229 3814 excidium,
2263 3757 2412 3804 tanto
2439 3749 2607 3818 magis
2635 3752 2896 3818 religiosis
2932 3755 3140 3810 actibus
3167 3772 3341 3812 arma-

1758 3842 1985 3903 bantur;
2018 3854 2117 3893 nec
2142 3839 2471 3906 reliquerunt
2487 3841 2834 3895 evertendam
2864 3843 3136 3900 civitatem
3159 3862 3341 3910 suam,

1761 3932 1858 3986 sed
1888 3931 1941 3985 in
1971 3946 2035 3983 ea
2064 3930 2242 3998 potius
2271 3940 2700 3998 permanserunt,
2729 3933 2999 4000 sapientes
3027 3937 3262 3998 scilicet,
3288 3947 3343 3991 ut

1760 4037 1884 4091 qua:
1911 4021 2106 4076 civium
2154 4019 2453 4074 vexabatur
2493 4022 2756 4089 peccatis,
2790 4023 2984 4077 civium
3013 4026 3345 4081 orationibus

1761 4113 2091 4177 salvaretur;
2123 4119 2177 4166 et
2201 4112 2287 4165 cui
2314 4111 2671 4182 perditionem
2722 4114 2858 4167 mala
2899 4117 3240 4172 conversatio
3268 4118 3354 4172 in-

1758 4205 1976 4267 tulerat,
2001 4203 2049 4256 ei
2080 4202 2304 4256 salutem
2332 4201 2548 4256 devotio
2565 4203 2810 4270 religiosa
2833 4204 3123 4260 conferret.
3141 4206 3348 4261 Iustum

1762 4295 1904 4348 enim
1933 4302 2050 4348 erat
2079 4300 2136 4346 ut
2162 4307 2300 4360 quos
2337 4290 2511 4345 fuerat
2541 4307 2696 4360 passa
2731 4302 3077 4362 peccatores,
3128 4296 3350 4352 eosdem

1759 4384 1984 4437 haberet
2032 4383 2282 4451 proprios
2310 4380 2640 4439 defensores.
2683 4380 2900 4436 Civitati
2943 4385 3088 4438 enim
3136 4387 3350 4440 nonnisi

1761 4481 1980 4543 propter
2009 4472 2203 4527 civium
2243 4478 2524 4540 peccatum
2571 4470 2797 4526 infertur
2839 4473 3128 4529 excidium.
3161 4474 3352 4530 Desine

1763 4578 1892 4631 ergo
1919 4578 2163 4632 peccare,
2200 4571 2258 4617 et
2303 4562 2490 4618 civitas
2517 4578 2627 4617 non
2658 4564 2870 4632 peribit.
2902 4562 3040 4630 Quid
3078 4566 3223 4633 fugis
3263 4584 3353 4636 pa-

1766 4654 1955 4707 triam?
1977 4651 2039 4707 Si
2067 4653 2148 4707 vis
2176 4653 2354 4708 salvus
2389 4667 2524 4718 esse,
2557 4661 2647 4706 tua
2696 4655 2875 4720 potius
2901 4664 3120 4724 peccata
3148 4657 3354 4711 subter-

1769 4805 2048 4926 fgzze’dixi,
2081 4813 2210 4858 tota.
2245 4803 2414 4859 Codd.
2448 4803 2574 4857 Vat.
2602 4802 2739 4857 ms
2768 4804 3008 4872 et1270,
3051 4809 3177 4879 quid
3223 4811 3355 4871 dixi,

1846 4942 1858 5014 ᾖ
1899 4942 2037 5014 Cod.
2062 4943 2184 5014 vat.
2207 4941 2351 5014 71270
2380 4951 2435 5014 et
2464 4941 2742 5014 Urbevet.,
2770 4960 2961 5014 pecore
2987 4961 3086 5014 pro
3117 4948 3354 5014 pecudes.

157 5019 181 5056 δ
208 5018 376 5074 Codd.
405 5027 524 5074 tres
550 5017 672 5070 Vat.
701 5024 764 5085 et_
783 5013 838 5085 S_.
870 5011 1059 5085 Crucis
1085 5013 1139 5066 in
1168 5012 1301 5085 lem,
1323 5019 1372 5066 et
1395 5013 1663 5066 vincimus.
1701 5020 1747 5078 ι)
1786 5011 1870 5085 ’Δὶ
1895 5011 2063 5067 Codd.
2095 5012 2277 5068 Casin.
2310 5022 2365 5085 et
2389 5011 2639 5085 Urbevet.
2676 5011 2875 5080 legunt,
2901 5011 3066 5076 Nam,
3097 5011 3221 5085 quid
3248 5017 3358 5068 est?

161 5099 182 5126 ε
211 5088 340 5143 Cod.
369 5088 498 5142 Vat.
532 5085 701 5150 1270,
732 5083 1147 5154 Solentqu
1164 5082 1413 5154 hostium.

157 5157 180 5194 ⁴¹
210 5157 374 5214 Codd.
402 5154 746 5239 _Yat.1270,
794 5150 960 5215 645i,
1005 5161 1060 5206 et
1110 5151 1359 5206 Casinen.
1411 5151 1667 5220 singulari

99 5242 232 5281 num.
251 5269 267 5292 ,
290 5227 570 5280 auxilium.

163 5307 186 5371 ξ
212 5292 698 5371 Codd._Vat._
721 5289 1245 5371 AetHCasiulQuanlo
1274 5307 1414 5371 ergo.

165 5364 182 5403 ί
211 5365 340 5421 Cod.
364 5364 493 5418 Vat.
526 5362 685 5424 1270,
717 5360 876 5426 6451,
901 5368 961 5414 et
988 5360 1169 5415 Casin.
1189 5401 1204 5424 ,
1227 5361 1558 5428 repelluntur.

164 5444 187 5480 κ
213 5435 344 5489 Cod.
375 5435 582 5494 Casin.,
609 5449 640 5484 α
669 5440 747 5494 te,
781 5429 1024 5492 Domine,
1059 5429 1313 5498 peribunt.

165 5503 187 5540 δ
367 5504 492 5557 Vat.
530 5501 687 5563 {270,
740 5499 883 5552 debet
931 5499 1205 5570 jejunare,
1254 5509 1303 5552 et
1331 5499 1544 5560 imitari,
1579 5499 1671 5552 hoc

103 5584 443 5709 "sfiiiliégn
467 5639 596 5695 cod.
621 5639 679 5691 S.
713 5637 898 5691 Crucis
945 5653 994 5690 m
1023 5643 1131 5689 Jer.
1154 5653 1166 5696 ;
1190 5636 1490 5691 Ualesinius
1516 5653 1668 5698 vero.

1774 5079 2128 5155 Christianum
2151 5099 2248 5155 pro
2278 5083 2681 5155 salute‘waltoc
2709 5079 2831 5155 non
2865 5085 3061 5153 facere,
3089 5079 3227 5155 quod
3271 5102 3358 5154 pe-

1774 5151 1928 5220 cudes
1950 5169 2048 5220 pro
2064 5151 2246 5220 salute
2273 5152 2534 5204 hominum
2565 5153 2836 5220 fecerunt?

1895 5219 2028 5275 ϐοά.
2059 5219 2310 5274 Urbevet.
2327 5262 2342 5285 ,
2375 5219 2580 5273 stultior
2603 5235 2700 5285 pro
2726 5222 2982 5274 stolidior.

1910 5289 2043 5344 Cod.
2077 5289 2331 5343 Urbevet.
2389 5289 2696 5343 non'habet
2721 5291 2882 5345 verba
2911 5297 3034 5342 tunc
3053 5298 3103 5341 te
3133 5290 3355 5344 mandu—

1775 5375 1914 5422 care,
1945 5377 2060 5412 cum
2089 5360 2346 5412 abstinere
2374 5357 2578 5413 debeas.

1848 5440 1871 5464 "
1903 5429 2035 5483 Cod.
2070 5428 2192 5481 Vat.
2214 5468 2228 5492 ,
2252 5445 2365 5481 cum
2395 5428 2578 5480 debeas
2607 5427 2832 5495 plorare.

1846 5507 1871 5533 θ
1894 5497 2030 5552 Cod.
2063 5497 2216 5560 Vat.,
2241 5500 2492 5566 possimus
2516 5493 2807 5566 per-Iesum
2861 5493 3124 5549 Christum
3181 5496 3358 5549 Domi-

1774 5585 1896 5620 num
1919 5578 2169 5627 nostrum,
2203 5564 2287 5634 qui
2312 5583 2426 5618 cum
2457 5564 2618 5617 Putre
2645 5575 2694 5617 et
2723 5564 2924 5633 Spiritu
2968 5576 3148 5618 sancto
3175 5568 3292 5618 civit
3312 5579 3360 5616 es

1774 5648 1955 5707 regnat
1982 5639 2036 5688 in
2067 5635 2258 5689 saecula
2285 5635 2611 5689 sceculornm.
2642 5634 2823 5686 Amen.
