3910 6238
580 324 680 374 40.3

1795 325 1851 379 S.
1894 325 2131 378 MAXIM!
2171 324 2617 381 TAURINENSIS

3738 326 3827 381 liii

576 441 715 508 fuge.
740 438 795 492 Si
830 448 885 492 tu
909 453 1130 507 peccare
1150 438 1391 502 desieris,
1419 440 1589 492 victus
1616 447 1695 489 est
1726 438 1987 491 inimicus.
2021 438 2155 490 Dicit
2185 446 2226 497 Α
2260 457 2391 494 neos
2415 445 2659 498 libertate
2688 446 2923 500 victurus
2944 448 3038 499 es?
3062 446 3248 500 Nonne
3271 462 3394 499 cum
3424 447 3568 514 loqui
3598 448 3826 515 coeperis.

576 530 643 583 ad
673 530 940 583 Abraham
987 528 1264 597 Scriptura
1301 529 1478 582 divina
1505 544 1598 597 per
1646 528 1830 581 decem
1870 528 2041 595 justos
2066 544 2157 593 pa-

578 620 733 673 triam
762 634 923 687 posse
946 619 1161 672 salvari.
1192 617 1360 686 igitur
1388 619 1434 672 si
1469 618 1597 685 justi
1647 626 1770 671 sunt
1815 618 1905 686 qui
1956 617 2156 669 salvam

576 710 775 764 faciunt
803 711 1050 779 patriam,
1101 712 1283 777 utique
1332 710 1511 777 injusti
1539 721 1661 762 sunt
1688 710 1779 773 qui
1823 710 2155 776 relinquunt;

575 810 629 855 et
648 802 693 855 si
722 801 797 854 illi
826 808 1045 869 propter
1073 802 1411 869 praesentiam
1441 816 1588 853 suam
1612 809 2011 869 consequuntur
2037 814 2156 865 gra-

577 891 724 951 tiam,
770 904 992 945 necesse
1027 899 1109 943 est
1139 898 1194 943 ut
1223 892 1274 943 bi
1307 899 1526 959 propter
1567 888 1741 956 fugam
1769 890 2154 944 desolationem

578 988 905 1034 mereantur.
938 980 1355 1049 3061njustus
1396 980 1553 1047 plane
1581 988 1635 1033 et
1675 980 1865 1047 impius
1894 987 1974 1032 est
1995 978 2153 1041 ﬁlius,

576 1072 666 1138 qui
696 1071 1092 1141 periclitantem
1122 1071 1322 1124 deserit
1364 1079 1605 1122 matrem.
1640 1069 1809 1122 Mater
1847 1056 1986 1122 enim
2015 1084 2153 1136 quo-

575 1162 864 1216 dammodo
891 1162 1062 1216 dulcis
1090 1170 1174 1216 cst
1201 1163 1391 1230 patria,
1423 1176 1540 1228 qua:
1592 1169 1645 1214 te
1687 1161 1889 1227 genuit,
1937 1175 2055 1227 qute
2105 1169 2156 1212 te

577 1234 817 1317 nutrivit,
841 1266 978 1320 quae,
1008 1260 1065 1303 ut
1097 1249 1278 1318 fugere
1309 1252 1499 1318 possis,
1535 1259 1587 1302 te
1607 1250 1823 1303 divitem
1850 1251 1990 1303 fecit.
2025 1250 2153 1302 Nam

577 1344 620 1395 si
650 1358 755 1396 non
785 1343 879 1396 tibi
910 1351 1219 1411 suppeteret
1244 1350 1552 1409 sumptuum
1582 1343 1797 1409 copiosa
1836 1342 2150 1403 substantia,

578 1434 710 1500 fuga:
732 1432 1034 1501 prmsidium
1058 1448 1162 1485 non
1194 1432 1447 1492 haberes;
1479 1440 1635 1500 atque
1668 1432 1787 1485 ideo
1817 1432 2037 1484 avaritia
2067 1432 2158 1484 du-

2263 534 2545 597 objieiatnr
2567 536 2681 597 tibi,
2717 537 2853 589 unde
2884 536 2983 589 iste
3011 537 3238 599 exsulat,
3272 540 3411 590 unde
3463 539 3565 591 iste
3597 536 3828 603 fugitivus

2262 622 2513 675 advenit?
2541 623 2672 675 Nam
2704 633 2757 678 et
2803 634 3040 677 nostram
3086 626 3362 679 civitatem
3393 628 3695 695 opprimere
3718 627 3826 679 niti—

2263 720 2372 772 tur,
2408 722 2465 764 ut
2491 714 2720 779 patriam
2745 730 2900 769 suam
2926 716 3224 782 oppressit?
3245 714 3271 753 ιτ
3294 715 3371 767 ita
3396 716 3740 784 aporiaberis,
3767 718 3825 767 ita

2260 803 2689 867 conturbaberis,
2724 812 2782 856 ut
2813 804 3046 858 libertati
3092 814 3197 858 tute
3228 816 3475 861 metuens
3503 808 3737 861 verearis
3770 821 3829 859 ne

2261 891 2575 956 ingenuitati
2624 902 2729 947 tuze
2779 894 2849 948 ibi
2894 912 3001 948 non
3049 897 3290 949 invenias
3342 907 3683 951 assertorem.
3718 896 3827 949 Mihi

2258 982 2445 1045 crede;
2474 983 2525 1035 in
2556 984 2727 1036 aliena
2754 985 2923 1051 patria
2965 992 3107 1037 tanta
3140 988 3417 1040 auditurus
3448 1002 3532 1045 es,
3564 996 3757 1053 quanta
3783 987 3827 1039 in

2260 1081 2347 1124 tua
2373 1074 2545 1139 patria
2578 1074 2693 1127 aliis
2722 1090 2863 1142 saepe
2887 1074 3083 1128 dixisti.
3115 1075 3246 1128 illud
3268 1086 3447 1129 autem
3488 1077 3613 1130 nolo
3640 1076 3826 1137 dicere,

2255 1162 2398 1228 quod
2422 1164 2665 1230 quamvis
2693 1163 2842 1216 dives
2866 1164 2937 1217 sis
2959 1165 3010 1216 in
3040 1165 3212 1231 patria
3242 1174 3360 1227 tua,
3394 1166 3635 1232 quamvis
3658 1166 3821 1233 copiis

2256 1250 2583 1317 perfruaris;
2616 1252 2798 1305 statim
2829 1261 2886 1303 ut
2906 1253 3099 1306 exieris
3126 1253 3190 1305 de
3212 1253 3371 1306 domo
3401 1263 3521 1321 tua,
3556 1254 3829 1315 mendicus,

2257 1349 2312 1391 et
2340 1356 2542 1408 panper
2564 1356 2638 1395 es.
2656 1340 2792 1394 Dicit
2814 1356 2941 1409 ergo
2968 1342 3109 1397 Deus
3138 1343 3203 1395 ad
3236 1344 3505 1397 Abraham
3535 1359 3629 1412 per
3654 1344 3829 1397 decem

2251 1431 2426 1498 justos
2455 1433 2724 1486 civitatem
2745 1448 2900 1501 posse
2930 1435 3144 1487 salvari.
3182 1434 3317 1489 Male
3350 1436 3508 1502 igitur
3537 1436 3601 1489 de
3628 1444 3681 1489 te
3713 1452 3829 1490 seu-

576 1535 709 1587 rtus,
752 1523 875 1576 dum
925 1524 1121 1575 metuis
1167 1522 1379 1575 divitias
1420 1531 1538 1574 tuas
1569 1522 1811 1589 perdere,
1861 1522 2054 1589 impius
2104 1522 2154 1573 in
2246 1524 2344 1583 'tis,
2378 1524 2573 1591 popule
2599 1523 2921 1588 Christiane,
2950 1526 2995 1577 si
3045 1526 3097 1578 in
3145 1534 3297 1579 tanto
3346 1535 3489 1580 ccetu
3543 1535 3726 1580 nostro
3774 1526 3833 1579 ad

576 1624 799 1668 matrem
827 1628 946 1669 esse
974 1629 1081 1666 non
1111 1613 1341 1666 dubitas.
1384 1610 1537 1665 Unde
1574 1612 1917 1679 intelligimus
1958 1622 2009 1666 te
2040 1613 2157 1681 plus

576 1705 814 1774 pecunia:
847 1712 949 1756 tute
967 1702 1257 1757 consulere
1277 1716 1434 1768 quam
1464 1700 1748 1754 saluti.Dic
1773 1702 1921 1765 mihi,
1954 1717 1987 1753 ο
2017 1702 2157 1752 bone

2258 1614 2565 1679 salvandam
2614 1615 2767 1683 307
2816 1615 3085 1667 civitatem
3138 1615 3322 1669 decem
3366 1614 3541 1683 justos
3569 1631 3684 1670 esse
3734 1630 3832 1668 non

2258 1703 2451 1757 credis.
2481 1704 2613 1754 Dum
2654 1704 2793 1755 enim
2824 1704 3028 1756 deseris
3057 1705 3303 1771 patriam,
3338 1704 3608 1772 profiteris
3650 1720 3758 1757 non
3786 1704 3832 1755 in

577 1797 727 1859 civis,
754 1809 849 1849 cur
870 1793 1054 1861 fugere
1077 1793 1351 1860 disponis?
1382 1791 1488 1844 Cur
1535 1792 1761 1860 patriam
1796 1792 2155 1859 derelinquis?
2191 1798 2230 1853 Β
2261 1808 2321 1845 ea
2358 1808 2476 1845 esse
2513 1792 2701 1859 dignos
2729 1808 2957 1861 quorum
2978 1795 3181 1847 meritis
3211 1794 3491 1847 liberetur.
3525 1795 3591 1845 At
3619 1808 3719 1859 ego
3747 1807 3830 1845 ve-

576 1887 955 1954 tlaptivitatem
986 1882 1214 1937 fortasse
1246 1882 1438 1935 metuis
1458 1923 1472 1947 ,
1497 1893 1516 1916 ⁵
1550 1881 1676 1934 dare
1704 1882 1915 1935 veniam
1944 1898 2051 1936 non
2070 1883 2162 1934 ‘in-

577 1975 800 2043 telligis?
826 1973 1011 2027 Nescis
1033 1972 1175 2041 quod
1200 1973 1311 2025 haec
1334 1980 1416 2023 est
1442 1972 1609 2038 prima
1633 1972 1913 2039 captivitas
1934 1974 2157 2039 patriam

577 2081 684 2118 non
716 2064 914 2126 videre,
948 2071 1020 2123 et,
1054 2061 1199 2128 quod
1229 2060 1443 2127 gravius
1472 2068 1553 2113 est
1580 2061 1723 2113 omni
1755 2060 1925 2124 malo,
1955 2058 2162 2115 hostilis

578 2154 1018 2223 peregrinationis
1046 2152 1293 2205 exsilium
1320 2151 1626 2206 sustinere?
1647 2150 1818 2217 Solet,
1844 2130 1944 2219 qui
1962 2152 2161 2219 aliquid

577 2244 791 2298 sceleris
817 2241 1109 2303 admiserit,
1134 2239 1437 2307 hujusmodi
1468 2254 1626 2307 pmna
1668 2240 1929 2302 damnari,
1962 2250 2019 2293 ut
2047 2242 2159 2309 pel-

577 2336 714 2387 latur
741 2332 934 2402 patria,
962 2330 1273 2395 regionibus
1299 2330 1581 2395 incognitis
1609 2330 1891 2395 relegetur.
1927 2330 2040 2384 Hoc
2068 2332 2158 2396 igi-

577 2435 663 2477 tur
688 2424 883 2477 malum
906 2422 1125 2491 propria
1157 2421 1254 2474 tibi
1287 2420 1540 2491 provides
1569 2422 1862 2485 voluntate,
1900 2422 2041 2491 quod
2070 2439 2157 2476 so-

578 2516 648 2568 let
667 2513 913 2583 supplicii
943 2528 1105 2567 causa
1134 2512 1419 2566 damnatus
1447 2513 1714 2581 excipere.
1746 2512 1852 2567 Sed
1896 2530 2159 2583 ponamus

578 2619 629 2662 te
680 2608 806 2661 forti
834 2620 955 2660 esse
995 2604 1193 2667 animo,
1244 2612 1299 2657 et
1323 2604 1695 2672 aaquauimiter
1742 2605 1972 2660 tolerare
2003 2622 2161 2675 posse

577 2697 1020 2769 peregrinationis
1045 2695 1321 2763 injuriam;
1354 2696 1441 2750 dic
1470 2696 1596 2750 mihi
1618 2737 1631 2761 ,
1665 2713 1769 2767 qua
1800 2700 1939 2753 inter
1983 2710 2154 2753 extra-

2262 1899 2385 1935 reor
2408 1897 2493 1946 ne,
2528 1882 2777 1935 omnibus
2825 1882 2875 1933 in
2907 1896 2971 1934 ea
2995 1881 3151 1947 justis
3180 1882 3382 1936 relictis
3406 1923 3420 1945 ,
3473 1892 3529 1935 tu
3557 1882 3721 1945 solus,
3751 1880 3831 1947 qui

2261 1972 2483 2034 deseris,
2512 1971 2802 2023 inveniaris
2844 1970 3090 2036 injuslus.
3137 1970 3244 2024 Sed
3270 1971 3398 2023 nolo
3427 1969 3494 2023 de
3522 1970 3705 2023 decem
3728 1968 3832 2033 jus-

2263 2073 2434 2116 turum
2458 2077 2681 2114 numero
2712 2070 2764 2114 te
2793 2061 3092 2130 perturbes.
3137 2060 3386 2127 Legimus
3416 2068 3594 2114 autem
3620 2058 3761 2127 quod
3774 2056 3831 2109 de

2263 2152 2661 2205 Sodomitarum
2709 2150 2921 2204 excidio
2962 2150 3123 2219 308
3162 2150 3368 2203 meritis
3388 2150 3499 2201 suis
3527 2148 3661 2202 Loth
3698 2146 3834 2200 solus

2266 2244 2567 2297 liberaverit
2591 2242 2864 2295 civitatem
2898 2258 2909 2292 :
2954 2240 3094 2308 quod
3124 2240 3241 2308 plus
3264 2240 3496 2293 valuerit
3541 2238 3608 2291 ad
3631 2238 3834 2291 salvan-

2258 2341 2381 2392 dum
2414 2337 2570 2389 unius
2586 2334 2775 2401 gratia,
2806 2348 2966 2400 quam
2996 2330 3062 2383 ad
3098 2330 3443 2384 evertendam
3469 2337 3688 2398 peccata
3714 2325 3836 2377 mul-

2258 2439 2453 2482 torum.
2488 2424 2713 2478 Exeunti
2737 2423 2879 2475 enim
2922 2421 2996 2473 illi
3035 2420 3100 2473 de
3140 2420 3393 2473 Sodomis
3441 2419 3654 2487 hospitii
3683 2430 3834 2469 causa

2258 2521 2429 2585 Segor
2456 2531 2620 2585 parva
2646 2512 2983 2568 conceditur.
3017 2510 3169 2575 Quod
3200 2511 3242 2563 si
3266 2511 3415 2577 justo
3446 2508 3643 2577 hospiti
3675 2506 3833 2560 dona-

2264 2621 2350 2663 tur
2404 2608 2615 2670 eivitas,
2650 2610 2857 2670 quanto
2908 2601 3078 2667 magis
3118 2600 3265 2668 justo
3316 2599 3493 2669 patria
3541 2595 3834 2652 conceditur

2263 2695 2593 2769 possessori?
2630 2691 2878 2761 Explicit.

1924 2792 2265 2852 HOMILIA
2315 2787 2506 2848 XCII.

1318 2887 1396 2941 De
1418 2888 1650 2943 barbaris
1681 2906 1780 2942 non
1813 2892 2047 2944 timendis
2072 2895 2117 2946 ei
2142 2895 2225 2965 qui
2260 2891 2422 2943 Deum
2449 2890 2613 2951 timet,
2636 2894 2686 2938 et
2712 2884 2772 2937 de
2795 2882 2856 2936 S.
2889 2881 3082 2936 Eliswo
3116 2881 3167 2934 I.

2000 2978 2387 3034 ADMONITIO.

648 3069 1003 3141 Mabillonius,
1027 3068 1119 3141 qui
1165 3066 1309 3123 hanc
1334 3080 1394 3141 _e_t
1412 3075 1729 3141 sequentem
1754 3066 2025 3141 homiliam
2067 3071 2268 3141 reperit
2296 3069 2350 3122 iu
2378 3065 2579 3141 celebri
2602 3078 2729 3117 mss.
2755 3061 3111 3141 Sangallensi,
3140 3061 3371 3141 priorem
3400 3059 3544 3141 inter
3571 3070 3833 3141 sermones

648 3086 1003 3131 mauiltontus,
1027 3086 1119 3135 qur
1167 3086 1309 3123 nunc
1338 3086 1394 3120 ρι
1412 3086 1729 3133 sequentem
1754 3086 2025 3131 nominant
2067 3087 2123 3123 re
2166 3086 2268 3123 erlt
2296 3086 2350 3122 In
2378 3086 2579 3121 celebri
2602 3086 2729 3117 mss.
2755 3086 3111 3128 caligantium,
3140 3086 3371 3129 priurum
3400 3086 3544 3113 tuter
3571 3086 3833 3131 acrluutln

581 3139 847 3209 Ambrosii
869 3138 980 3209 jam
1008 3138 1279 3209 vulgatam
1318 3135 1504 3209 dixit;
1536 3136 1762 3209 alteram
1803 3138 1855 3190 in
1888 3138 2066 3193 Musca
2109 3086 2295 3193 ﬁalico
2344 3146 2477 3191 tom.
2512 3134 2740 3209 l,_par_t_e
2770 3132 2822 3209 2,
2854 3141 2909 3184 et
2952 3132 3178 3200 primam
3209 3130 3590 3209 enduodeelin
3621 3126 3835 3209 hominis

576 3212 634 3265 S.
667 3194 1454 3277 Maximiiueditis'publieavit1
1475 3194 1748 3277 'Admonet
1774 3213 1954 3260 tamen
1977 3209 2029 3262 in
2061 3210 2392 3277 pnefatione,
2423 3194 2570 3273 quod
2584 3194 2643 3277 :si
2674 3194 3108 3277 Maximus-anno
3147 3199 3335 3277 saiutis
3379 3198 3504 3262 420,
3534 3198 3682 3277 juxta
3704 3194 3833 3277 Gen-

578 3279 794 3334 nadium
824 3276 892 3330 ad
918 3269 1156 3344 superos
1170 3283 1391 3329 evectus
1431 3274 1764 3339 fuisset,non
1803 3269 2171 3332 invenirentur
2212 3294 2278 3332 eo
2311 3269 2558 3345 tempore
2584 3272 2801 3345 barbari
2826 3269 3039 3345 _lt_alia_m
3068 3269 3400 3345 invadentes,
3430 3283 3552 3345 cuin
3576 3269 3835 3345 calamiias

578 3350 667 3403 illa
698 3348 869 3400 multo
896 3336 1071 3399 serius
1098 3345 1358 3410 contigit;
1384 3359 1555 3411 quare
1594 3336 1685 3395 aut
1714 3346 1948 3399 concidit
1974 3346 2239 3402 Gennadii
2287 3336 2659 3400 testiinonium
2686 3341 2754 3393 de
2789 3340 2940 3411 obitu
2969 3337 3594 3411 S._Ma_ximi,_aut_alius
3623 3336 3834 3411 liOI'llillZ‘.

579 3425 770 3472 auctor
796 3425 879 3471 est
906 3406 1276 3482 iuquirendusi
1300 3406 1435 3467 Huic
1454 3410 1756 3482 difficultati
1776 3415 2100 3472 satisfecisse
2123 3417 2366 3471 \idemur
2394 3416 2447 3467 in
2463 3410 2855 3482 commentario
2877 3408 3011 3482 Vita:
3040 3407 3096 3482 S.
3122 3407 3358 3482 Maximi,
3393 3408 3481 3482 ubi
3513 3422 3612 3475 per
3640 3406 3832 3482 longam

581 3487 923 3542 homiliarum
942 3473 999 3538 εἰ
1019 3498 1331 3538 sermonum
1358 3484 1556 3537 seriem
1584 3481 2069 3552 demonstravimus
2112 3494 2327 3539 mtatem
2370 3484 2425 3537 S.
2460 3481 2717 3552 antistitis
2748 3477 3094 3552 Taurinensis
3127 3473 3266 3552 circa
3296 3473 3644 3552 medietatem
3673 3473 3835 3552 geruli

579 3556 892 3627 quintiesse
918 3554 1311 3627 collocandam,
1342 3561 1401 3605 ut
1427 3566 1547 3627 quae
1574 3551 1640 3605 de
1663 3567 1728 3605 eo
1747 3554 2281 3627 certisdoeumentis
2328 3553 2630 3627 traduniur.
2676 3549 2827 3601 lirma
2866 3549 3189 3627 consistant.
3209 3545 3411 3627 Eadem
3453 3545 3836 3627 recenseinipse

583 3611 944 3686 ﬁlabillonius,
975 3632 1209 3689 suntque
1238 3611 1345 3675 duo
1374 3611 1581 3675 scilicet
1607 3623 1831 3676 concilia
1851 3662 1865 3685 ,
1896 3624 2296 3679 Mediolanense
2325 3630 2487 3690 atque
2517 3620 2841 3682 Romanum,
2865 3616 3060 3690 quibus
3079 3624 3286 3690 certum
3308 3625 3391 3669 est
3412 3620 3657 3690 sanctum
3682 3611 3835 3690 Maxi-

581 3710 729 3748 mum
757 3682 1080 3762 interfuisse.
1107 3682 1184 3744 Ne
1210 3690 1409 3762 diutius
1437 3703 1566 3757 ergo
1596 3691 1647 3743 in
1670 3682 1949 3760 explorata
1972 3695 2180 3761 epocha
2214 3695 2271 3747 S.
2298 3682 2516 3745 Maiimi
2544 3682 2927 3762 immoreniur'"
2946 3687 3221 3740 homiliam
3253 3685 3393 3762 hanc
3418 3685 3517 3762 ipsi
3548 3682 3835 3762 conceden-

582 3764 703 3817 dam
734 3761 1065 3831 profitemur,
1093 3759 1441 3831 suadentibus
1481 3750 1603 3831 n'on
1630 3750 1865 3831 tam-(nvi
1897 3750 2038 3816 illius
2066 3763 2502 3831 circumstantiis,
2534 3773 2696 3831 quam
2738 3757 2910 3831 tribus
2930 3771 3153 3831 sumina;
3183 3750 3523 3831 auctoritatis
3548 3750 3830 3831 codicibus,

582 3822 789 3887 scilicet
812 3822 1196 3894 Ambrosiam,
1227 3828 1561 3895 Sangallensi
1593 3830 1777 3883 homil.
1812 3830 1907 3892 75,
1938 3840 1995 3885 et
2038 3831 2092 3885 S.
2140 3832 2327 3886 Crucis
2359 3832 2411 3883 in
2442 3822 2837 3897 Jerusalem_99
2867 3823 3171 3897 homil.}l.
3230 3822 3431 3897 Eoi-uni
3473 3825 3661 3897 titulus
3688 3833 3837 3897 penes

584 3903 685 3957 bos
706 3903 841 3956 duos
866 3891 1196 3969 posteriores
1241 3891 1795 3969 codicescont'otjnis,
1824 3891 1919 3954 sed
1962 3901 2305 3969 imperfectus
2336 3903 2510 3969 (deest
2550 3896 2692 3969 enim
2718 3895 2844 3969 iliis)
2876 3896 2955 3948 sic
2985 3894 3215 3969 habetur
3248 3911 3260 3946 :
3293 3891 3642 3969 De_l_>arbaris
3665 3905 3761 3969 non
3784 3891 3836 3937 ti-

586 3972 803 4034 mendis,
835 3960 921 4041 qui
949 3970 1326 4041 Deumtiment,
1357 3976 1408 4021 et
1445 3968 1605 4041 dei.
1640 3960 1855 4041 Elisteo.
1886 3968 2003 4024 Duo
2032 3960 2249 4041 codices
2279 3960 2881 4041 At'nbrosiomhomiliam
2928 3963 3262 4041 ascribentes
3300 3963 3459 4015 nobis
3486 3960 3834 4041 adversantur.

584 4028 813 4109 quorum
842 4028 981 4093 unus
1007 4046 1091 4092 est
1118 4028 1407 4110 Vaticanus
1456 4036 1590 4089 1277
1618 4052 1737 4105 pag.
1770 4038 1865 4110 60,
1912 4041 2048 4093 alter
2071 4039 2525 4110 Laurentianus_x
2558 4034 2699 4110 Pl_n_t.
2727 4048 2815 4110 xiv
2842 4046 2977 4110 pag;
2996 4032 3130 4110 Mi;
3163 4042 3217 4085 at
3246 4038 3622 4110 argumentum
3652 4028 3835 4110 deique

585 4094 695 4176 agit
732 4110 951 4163 homilia
977 4122 1093 4162 aevo
1114 4107 1386 4177 Ambrosii
1425 4094 1835 4177 noniconv’enit,
1854 4094 1992 4162 'cum
2021 4109 2121 4163 sub
2152 4108 2570 4177 imperatoribus
2600 4094 3171 4177 Theodos'io'Seniore
3205 4110 3261 4156 et
3291 4094 3676 4177 Valentiniano
3701 4094 3835 4149 italia

669 4194 801 4259 pace
836 4178 1070 4259 quievit;
1093 4176 1285 4259 deinde
1312 4176 1478 4259 dictio
1517 4170 1841 4257 Maximiest
1864 4179 2115 4259 propria;
2148 4170 2318 4259 atque.
2338 4177 2482 4259 apud
2510 4188 2704 4259 omiies
2733 4172 2949 4259 critieos
2979 4178 3338 4259 vetustatejet
3364 4170 3725 4259 tesiim‘atione
3744 4179 3827 4259 ξολ

584 4238 732 4303 dices
759 4238 1142 4317 Ambrosianus
1170 4238 1897 4317 etisangallensis'majorem
1940 4238 2111 4300 fidem
2143 4238 2243 4301 sibi
2272 4238 2709 4317 vindicantiiNos
2739 4242 2949 4294 titulum
2973 4242 3130 4310 juxta
3160 4238 3402 4295 codicem
3434 4238 3833 4317 fAmrbrositinutti

585 4317 999 4441 dgzignavimusl.
1022 4314 1333 4397 Gallandius
1355 4305 1640 4370 ﬁctionem
1669 4305 1981 4383 Mabillonii,
2005 4317 2117 4370 sive
2145 4318 2346 4371 codicis
2374 4312 2739 4383 Saugallensis
2767 4305 2990 4366 secutus
3004 4318 3106 4375 est,
3130 4324 3290 4380 quam
3313 4324 3415 4363 nos
3428 4308 3585 4375 juxta
3607 4305 3838 4360 meliores

585 4404 616 4441 ε
710 4402 800 4441 oes
827 4400 965 4441 suun
985 4399 1209 4439 evimus.

584 4399 800 4441 codices
827 4399 1209 4455 supplevimus.

588 4474 977 4529 Aacuusmuu.
1000 4504 1070 4544 -τ-
1101 4471 1365 4544 Populum
1382 4488 1532 4544 suum
1560 4473 1867 4527 adhortatur
1897 4474 1957 4527 S.
1980 4475 2174 4542 episco-
2198 4481 2244 4542 (ζ
2274 4472 2637 4544 protegendos
2661 4471 2890 4526 famulos
2915 4486 3041 4525 suos
3060 4469 3322 4535 Christus,
3350 4483 3509 4537 quam
3532 4465 3765 4522 diabolus
3781 4458 3836 4514 ad

656 4560 751 4604 pus
780 4551 835 4595 ut
881 4559 944 4596 ne
970 4540 1303 4595 adventantes
1348 4540 1595 4595 barbaros
1638 4545 1829 4607 timeat,
1872 4545 1916 4596 si
1953 4540 2159 4596 dimicet

655 4614 913 4677 oratione,
934 4611 1286 4682 miseﬁcogdia
1318 4617 1468 4680 atque
1485 4611 1709 4682 jejunig,
1736 4629 1848 4682 qua
1868 4620 1987 4666 sunt
2015 4630 2161 4666 arma

656 4682 1089 4736 Christianorum.
1116 4679 1284 4750 Aﬂert
1319 4679 1607 4750 exmplum
1638 4679 1835 4743 Histri,
1866 4683 1971 4750 qui,
1997 4698 2027 4733 a
2049 4698 2166 4750 rege

656 4753 829 4821 Syrio:
845 4752 1099 4821 appetitus
1120 4749 1189 4802 ad
1216 4758 1453 4821 mortem,
1484 4749 1549 4803 de
1568 4750 1740 4803 divino
1761 4749 1930 4805 certus
1969 4749 2131 4804 auxili

654 4818 768 4891 ejus
790 4818 1008 4874 insidias
1035 4834 1139 4873 non
1162 4818 1480 4891 formidavit.

654 4932 811 5003 Stepe
840 4942 863 4970 ο
886 4930 1088 4985 dixisse
1110 4944 1195 4984 me
1221 4928 1441 4983 memini
1468 4927 1614 4997 quod
1645 4928 1745 4983 bos
1772 4928 2031 4983 tumultus
2051 4927 2167 4983 bel-

585 5026 717 5080 lioos
745 5024 939 5078 timere
966 5021 1187 5075 minime
1208 5019 1501 5074 debeamus
1538 5033 1639 5073 nec
1664 5018 1957 5088 quamlibet
1979 5018 2169 5087 copio-

584 5129 699 5170 sam
730 5114 963 5169 hostium
992 5110 1390 5166 multitudinem
1413 5107 1731 5173 formidare;
1752 5110 2008 5177 quoniam
2034 5110 2174 5163 sicut

585 5206 661 5259 ait
682 5200 710 5241 ἀ
743 5202 1021 5267 Dominus,
1053 5199 1233 5271 Major
1260 5206 1355 5265 est,
1386 5199 1471 5270 qui
1511 5199 1565 5251 in
1594 5198 1741 5251 nobis
1768 5208 1863 5263 est,
1887 5216 2061 5270 quam,
2089 5200 2175 5269 qui

583 5300 636 5349 in
680 5296 775 5350 hoc
801 5294 991 5348 mundo
1022 5291 1089 5363 (1
1115 5290 1274 5347 Joan.
1308 5290 1405 5363 IV).
1449 5288 1563 5345 Hoc
1601 5296 1686 5345 est
1711 5290 1984 5359 potentior
2001 5299 2085 5345 est
2112 5288 2179 5343 ad

663 5419 688 5447 ι
726 5407 860 5479 Gpd.
882 5408 943 5479 ὃ.
975 5405 1161 5479 Crucis
1190 5406 1243 5460 in
1281 5403 1389 5479 ξεν.
1408 5401 1931 5479 Emendaiiineditio
1954 5402 2175 5457 Callan-

586 5481 682 5545 dii,
715 5472 801 5532 ubi
830 5478 1060 5531 habetur
1086 5476 1154 5527 da
1183 5475 1385 5545 «niam
1405 5489 1509 5545 non
1536 5472 1803 5545 intelligis.

664 5541 687 5587 ίι
726 5546 860 5603 Cod.
895 5545 961 5599 10
990 5544 1271 5609 Laurent.,
1300 5544 1393 5613 qui
1423 5543 1477 5596 in
1506 5541 1716 5597 emteris
1742 5542 2056 5608 concordat,
2088 5541 2172 5595 Ita

589 5630 757 5696 autem
779 5616 1156 5696 apotiabﬁm-n
1261 5684 1272 5695 ,
1334 5684 1345 5696 ,
1430 5681 1451 5696 .
1756 5680 1793 5696 ..
1861 5682 1872 5693 .

669 5702 687 5727 ε
729 5680 957 5742 lta'cod.
1006 5684 1064 5741 S.
1116 5682 1305 5739 Crucis
1333 5684 1388 5738 in
1423 5681 1559 5750 Jer.,
1592 5680 1720 5737 edit.
1754 5680 1923 5736 Paris.
1954 5680 2010 5735 S.
2046 5680 2173 5736 Am-

2263 4564 2593 4632 instigandos
2612 4562 2880 4617 inimicos.
2918 4571 2941 4599 ο
2964 4560 3219 4627 Quamvis
3246 4561 3390 4615 enim
3419 4558 3563 4613 idem
3598 4554 3825 4611 diabolus

2265 4660 2483 4727 colligat
2511 4660 2614 4714 sibi
2669 4658 2873 4724 turbas,
2904 4666 2961 4713 et
3014 4658 3246 4713 crudelis
3274 4674 3366 4712 eas
3416 4663 3590 4711 armet
3631 4651 3834 4711 insania.

2275 4758 2452 4803 tamen
2500 4749 2656 4804 facile
2682 4748 3051 4813 destruuntur,
3082 4748 3207 4818 quia
3254 4747 3571 4802 melioribus
3605 4741 3835 4817 populum

2275 4854 2429 4893 suum
2445 4837 2695 4893 Salvator
2711 4838 3007 4894 circumdat
3025 4838 3267 4903 auxiliis;
3300 4838 3376 4892 ait
3402 4838 3545 4892 enim
3561 4834 3805 4906 propheta
3820 4844 3831 4876 r

2279 4930 2530 4985 lmmittet
2555 4931 2771 5000 angelus
2798 4930 3014 4986 Domini
3044 4932 3098 4985 in
3127 4932 3344 4985 circuitu
3366 4933 3652 4985 timentium
3669 4942 3769 4983 eum
3793 4930 3834 4975 εί

2274 5022 2452 5091 eripiet
2494 5037 2583 5074 eos
2612 5018 2797 5091 (Psal.
2852 5022 3069 5089 xum).
3102 5019 3257 5087 Quod
3286 5022 3333 5075 si
3379 5021 3606 5087 angelus
3648 5008 3834 5072 Domini

2277 5110 2526 5164 timentes
2572 5125 2696 5165 eum
2726 5110 2795 5165 de
2839 5110 3089 5179 periculis
3116 5111 3297 5180 eripit,
3331 5124 3437 5165 non
3465 5117 3647 5179 potest
3672 5107 3833 5160 timere

2280 5200 2603 5263 barbarum,
2642 5201 2736 5267 qui
2769 5200 3011 5254 timuerit
3035 5199 3391 5263 Salvatorem,
3422 5214 3522 5255 nec
3541 5204 3713 5269 potest
3736 5206 3831 5247 me‘

2284 5297 2437 5342 tuere
2456 5289 2627 5343 hostis
2649 5288 2897 5358 impetus,
2923 5288 3016 5358 qui
3042 5285 3239 5342 Christi
3260 5296 3529 5359 praecepta
3548 5283 3828 5343 servaverit

2283 5402 2428 5475 hros.
2462 5401 2605 5456 {569
2620 5402 2785 5475 habet
2817 5420 2829 5454 ε
2864 5402 3017 5471 εωρε
3036 5419 3117 5456 πω
3140 5403 3338 5457 dixisse
3356 5404 3589 5467 memini,
3621 5401 3745 5475 quod
3760 5400 3831 5451 tu»

2282 5472 2437 5525 stium
2467 5471 2735 5525 tumultus.

2352 5540 2376 5576 ἀ
2419 5539 2559 5594 Edit.
2591 5539 2879 5601 Gallandii,
2911 5542 3042 5594 sicut
3061 5543 3137 5594 ait
3165 5542 3459 5610 Apostolus.

2357 5610 2585 5732 ειϐυᾱά.
2636 5610 2758 5665 Vat.
2806 5610 2940 5663 ΝΠ
2964 5619 3021 5664 et
3047 5610 3115 5664 99
3139 5607 3411 5667 S.'Crucis
3452 5613 3507 5667 in
3529 5612 3633 5667 Jcr.
3672 5610 3740 5665 ita
3765 5607 3825 5660 le-

2357 5696 2385 5732 n
2420 5721 2431 5732 .

2281 5696 2431 5748 gunt.
