3910 6238
86 336 176 390 165

1405 330 1685 385 HOMILIA
1726 331 1903 387 XCIII.

3249 334 3351 385 466

84 450 333 519 Praecpta
357 451 500 505 enim
526 449 721 504 Christi
748 464 893 503 arma
909 456 1032 502 sunt
1051 446 1402 511 Christianis;
1435 453 1488 498 et
1516 444 1651 498 divi-
1685 453 1723 502 Λ
1757 448 1946 501 adesse
1973 448 2175 501 diceret
2204 448 2537 510 defensores,
2571 465 2672 504 nec
2697 448 2714 485 ‘
2747 457 2924 503 metus
2947 450 3013 503 ab
3044 451 3135 504 illo
3168 462 3350 519 posset

82 558 172 597 nus
200 544 356 597 timor
395 550 659 595 terrorem
691 556 719 593 a
760 541 915 594 nobis
943 539 1164 608 expellit
1192 537 1463 591 hostilem.
1496 537 1658 588 Arma

82 643 243 685 autem
266 634 377 685 haec
408 639 593 684 nostra
624 639 750 683 sunt
775 631 969 698 quibus
985 644 1082 683 nos
1112 627 1358 702 Salvator
1386 625 1657 684 instruxit,

82 723 260 781 oratio,
291 720 683 783 misericordia,
716 731 875 787 atque
900 718 1194 786 jejunium:
1224 716 1486 783 jejunium
1516 714 1660 766 enim

84 813 257 865 melius
281 827 443 878 quam
490 825 676 863 murus
718 818 924 873 tuetur;
957 806 1322 861 misericordia
1354 804 1560 857 facilius
1597 803 1663 855 li-

85 904 222 955 berat
268 917 429 969 quam
482 901 705 969 rapina;
756 900 931 953 oratio
978 898 1188 964 longius
1216 896 1461 949 vulnerat
1501 908 1660 961 quam

84 995 279 1060 sagitta.
314 992 519 1059 Sagitta
569 992 714 1045 enim
763 990 977 1043 nonnisi
1026 988 1270 1057 proxime
1313 993 1661 1053 conspectum

87 1087 298 1153 percutit
349 1085 744 1145 adversarium;
786 1084 961 1135 oratio
1012 1091 1191 1135 autem
1239 1080 1401 1134 etiam
1450 1078 1663 1143 longius

88 1179 300 1243 positum
329 1177 579 1229 vulnerat
632 1176 923 1228 inimicum.
972 1174 1059 1226 Sic
1089 1186 1321 1239 namque
1349 1169 1407 1223 S.
1440 1168 1662 1221 Elisaaus

88 1268 346 1335 pr0pheta,
385 1283 505 1319 cum
531 1267 691 1319 vellet
714 1281 834 1317 eum
858 1280 949 1328 rex
974 1263 1139 1332 Syria:
1162 1263 1436 1328 captivare
1467 1275 1528 1313 ac
1555 1274 1662 1311 suae

85 1358 296 1411 subdere
320 1356 511 1410 ditioni
531 1397 545 1417 ,
566 1356 857 1422 multisque
890 1369 1011 1407 eum
1042 1345 1369 1405 armatorum
1399 1351 1656 1405 cinxisset

86 1448 387 1513 agminibus,
421 1463 532 1500 non
564 1455 647 1500 est
696 1447 932 1507 territus,
967 1460 1076 1498 non
1126 1443 1404 1506 turbatus;
1446 1442 1543 1494 sed
1589 1442 1664 1493 ait

90 1541 336 1593 nuntianti
367 1555 540 1609 puero
574 1558 585 1590 :
622 1537 750 1591 Noli
780 1541 955 1591 timere
987 1554 1003 1589 :
1032 1538 1205 1605 plures
1225 1537 1361 1588 enim
1399 1536 1662 1587 nobiscum

87 1642 189 1684 sunt
217 1649 367 1702 φιανη
396 1647 510 1683 cum
534 1630 642 1683 illis
673 1628 781 1697 (IV
817 1628 945 1697 Reg.
972 1645 1041 1691 vi,
1076 1626 1187 1694 16).
1217 1637 1240 1662 ⁸·
1268 1627 1312 1678 υ
1335 1626 1465 1679 fides
1494 1626 1663 1678 sancti

88 1723 379 1791 prophetae!
416 1722 536 1775 Non
578 1722 733 1773 timet
761 1720 1118 1781 adversarios,
1150 1732 1287 1785 quos
1330 1716 1355 1754 δ
1387 1716 1658 1785 perspicit,

1765 539 1992 603 auferri;
2033 548 2158 594 tunc
2189 542 2365 595 oravit
2394 541 2461 595 ad
2503 542 2813 606 Dominum,
2845 541 3029 596 dicens
3064 560 3075 593 :
3108 540 3350 605 Domine,

1764 616 2101 699 aperi‘oculos
2124 634 2232 701 ejus
2263 643 2317 685 ut
2342 633 2530 685 videat.
2564 632 2610 685 Ε
2617 642 2633 685 t
2654 633 2824 703 aperti
2845 622 2962 687 sunt
2986 635 3118 687 oculi
3142 635 3273 703 ejus,
3305 644 3354 687 et

1762 722 1903 786 vidit,
1931 732 1980 774 et
2009 740 2122 775 ecce
2145 740 2290 776 mons
2323 732 2454 776 totus
2479 724 2663 793 plenus
2690 733 2713 770 8
2745 727 2971 795 equitatu
2993 725 3100 795 (IV
3124 725 3251 796 Reg.
3280 742 3349 785 vt,

1766 814 1876 880 i7),
1910 823 1963 867 et
1991 815 2216 881 reliqua.
2241 812 2424 867 Oratio
2455 829 2584 882 ergo
2616 814 2900 885 Prophetas
2930 818 3139 884 aperuit
3168 818 3356 871 oculos

1762 906 1936 974 pueri.
1963 906 2076 959 Non
2109 908 2300 959 mirum
2330 908 2372 959 si
2404 908 2578 961 oratio
2607 910 2813 976 aperuit
2840 910 3041 973 oculos,
3064 918 3121 961 ut
3149 909 3356 962 videret

1763 996 2078 1059 exercitum,
2111 1011 2229 1061 quaa
2258 997 2471 1065 aperuit
2498 998 2713 1059 cadum,
2745 1008 2803 1051 ut
2832 1000 3038 1053 veniret
3063 1000 3349 1053 exercitus.

1764 1084 1877 1137 Non
1910 1086 2119 1147 mirum,
2168 1087 2402 1155 inquam,
2438 1090 2481 1142 si
2510 1103 2677 1142 novos
2710 1086 2736 1124 ει
2763 1092 2994 1142 senserit
3024 1091 3183 1159 310
3222 1105 3344 1144 ocu~

1766 1175 1864 1235 los,
1891 1177 1979 1243 qui
2011 1193 2148 1229 nova
2182 1186 2522 1246 promeretur
2543 1180 2759 1232 auxilia.
2801 1180 2815 1215 ί
2853 1181 2958 1232 Aut
2986 1195 3082 1233 cur
3112 1197 3216 1233 non
3240 1181 3355 1233 acie.

1762 1266 2027 1333 producat
2081 1268 2354 1329 obtutum,
2387 1269 2477 1335 qui
2518 1270 2661 1323 acies
2709 1269 2960 1322 instruxit
3007 1271 3354 1337 angelorum?

1764 1356 1888 1420 Cur,
1925 1359 2161 1423 inquam,
2196 1374 2302 1412 non
2326 1360 2572 1414 oratione
2601 1376 2696 1414 sua
2729 1361 2741 1410 i
2789 1362 3153 1415 habitudinem
3181 1362 3355 1431 pupil-

1764 1446 1933 1500 larum
1966 1449 2258 1515 detegeret,
2286 1450 2376 1517 qui
2405 1451 2610 1503 meritis
2632 1452 2916 1518 caliginem
2948 1454 3165 1505 nubium
3188 1468 3355 1520 pene-

1764 1540 1961 1593 travit?
1986 1538 2296 1593 Necessario
2318 1554 2447 1607 ergo
2462 1539 2517 1593 S.
2543 1540 2767 1595 Elisaeus
2797 1542 2901 1595 hoc
2930 1539 3073 1595 facto
3104 1542 3354 1595 ministro

1766 1632 2115 1686 formidoloso
2146 1632 2394 1701 priestitit
2422 1634 2799 1696 securitatem,
2833 1634 2917 1686 cui
2943 1633 3053 1699 jam
3086 1632 3356 1685 refuderat

1766 1725 2084 1787 claritatem,
2136 1731 2191 1777 et
2238 1723 2470 1777 removit
2516 1724 2583 1777 ab
2631 1738 2698 1776 eo
2747 1722 3088 1776 formidinem
3135 1721 3355 1785 cordis,

88 1816 234 1884 309
256 1813 515 1882 Quoniam
540 1812 641 1865 scit
662 1811 884 1877 angelos
912 1825 1091 1863 secum
1115 1823 1253 1870 esse,
1285 1822 1423 1875 quos
1450 1806 1652 1867 credit;
1695 1821 1734 1877 Β
1762 1831 1791 1867 a
1850 1830 1957 1883 quo
2018 1823 2322 1867 removerat
2370 1814 2589 1867 visionis
2638 1814 2970 1878 caecitatem;
3027 1814 3354 1880 geminoque

90 1923 183 1960 non
213 1907 404 1961 metuit
454 1915 699 1959 terrenas
747 1902 1000 1963 insidias,
1032 1901 1156 1968 quia
1204 1898 1443 1954 cmlestia
1476 1898 1663 1951 adesse

88 1998 177 2049 sibi
206 1997 352 2049 novit
381 1995 600 2048 auxilia.
636 1993 821 2045 Plures
851 1995 987 2044 enim
1028 1992 1294 2043 nobiscum
1346 1996 1484 2048 sunt,
1514 2002 1665 2055 quant

90 2103 187 2139 cum
211 2086 331 2139 illis.
362 2086 497 2139 Mira
530 2086 647 2138 res!
677 2084 861 2138 Plures
891 2083 957 2136 de
986 2082 1124 2137 ccelo
1147 2081 1458 2135 defensores
1489 2094 1665 2131 mere-

95 2188 171 2229 tur
194 2177 481 2240 sanctitas,
514 2190 678 2242 quam
710 2174 762 2226 in
803 2174 961 2227 terris
1003 2181 1401 2242 oppugnatores
1449 2169 1668 2223 adduxit

90 2267 403 2335 improbitas.
457 2265 645 2318 Plures
693 2263 957 2317 nobiscum
1001 2272 1147 2327 sunt,
1194 2278 1345 2333 quam
1384 2276 1501 2313 cum
1539 2261 1663 2314 illis.

93 2368 112 2393 ε
133 2357 305 2411 Videte
328 2355 681 2411 beatitudinis
702 2356 972 2409 meritum.
994 2352 1265 2421 Propheta
1280 2352 1491 2405 nuntiat
1506 2353 1667 2405 etiam

90 2447 145 2499 de
163 2447 519 2510 multitudine,
539 2461 662 2499 cum
693 2460 827 2513 puer
842 2444 1015 2497 adhuc
1034 2444 1271 2497 incertus
1286 2442 1357 2496 sit
1377 2441 1444 2495 de
1473 2442 1664 2494 salute.

90 2538 354 2605 Spiritales
384 2537 528 2590 oculi
558 2534 863 2589 carnalibus
891 2541 1095 2601 quanto
1133 2533 1253 2600 plus
1281 2532 1538 2585 cernunt!
1575 2530 1673 2583 Hic

92 2630 326 2696 perspicit
352 2635 687 2680 armatorum
742 2640 1045 2687 numerum,
1079 2630 1134 2676 et
1184 2623 1272 2675 ille
1325 2637 1433 2675 non
1491 2623 1662 2675 cernit

91 2717 401 2771 defensionis
432 2717 709 2771 indicium.
735 2715 945 2779 Quanta
976 2721 1059 2768 est
1078 2714 1257 2767 divina
1280 2712 1664 2780 misericordia!

96 2806 324 2861 Defertur
353 2807 665 2861 hominibus
687 2804 1010 2859 beneficium
1032 2844 1047 2867 ,
1078 2819 1179 2858 nec
1229 2802 1439 2856 videtur
1470 2820 1482 2853 :
1516 2803 1671 2854 auxi-

95 2899 208 2951 liiun
255 2899 627 2968 periclitantes
672 2904 1112 2964 consequuntur,
1144 2902 1201 2949 et
1248 2895 1513 2947 nesciunt.
1548 2890 1671 2947 Hac

93 2989 217 3040 enim
244 2996 323 3043 est
344 2990 522 3057 pietas
550 2986 875 3051 ,Salvatoris,
903 2994 962 3038 ut
992 2986 1315 3039 interveniat
1348 2985 1527 3047 saluti,
1552 2982 1576 3019 ἀ
1609 2998 1673 3036 ac

96 3091 147 3131 se
189 3094 293 3132 non
323 3079 521 3148 prodat
549 3085 802 3146 aspectu,
833 3077 1097 3130 sentiatur
1143 3073 1449 3139 beneﬁciis,
1481 3083 1536 3127 et
1563 3089 1671 3127 non

1768 1920 1891 1957 eum
1933 1920 2282 1958 remunerans
2332 1902 2632 1967 beneficio,
2684 1904 2915 1957 absolvit
2953 1903 3071 1971 ejus
3119 1910 3356 1963 metum.

1767 2002 1823 2048 et
1876 1994 2107 2047 absolvit
2164 1994 2429 2046 obtutum.
2478 1993 2655 2047 Minus
2710 1994 2899 2047 timere
2957 1992 3163 2061 coepit,
3210 2000 3361 2061 post-

1768 2099 1927 2150 quam
1956 2083 2072 2149 plus
2102 2082 2285 2137 videre
2325 2084 2656 2151 promeruit;
2690 2098 2814 2136 nam
2843 2090 2898 2135 et
2941 2098 3129 2150 pacem
3162 2084 3361 2150 pariter

1768 2173 2087 2241 promeruit,
2115 2171 2141 2208 ¹ί
2170 2180 2227 2225 et
2255 2173 2446 2225 visum.
2480 2172 2537 2224 lu
2574 2172 2845 2225 montibus
2889 2184 3019 2238 ergo
3067 2178 3361 2224 cernuntur

1772 2263 1984 2315 armati.
2014 2263 2253 2331 Apparet
2292 2277 2386 2317 eos
2415 2277 2542 2315 vere
2565 2262 2911 2315 descendisse
2936 2262 3003 2315 de
3030 2261 3189 2324 coelo,
3221 2275 3359 2329 quo-

1771 2368 1887 2405 rum
1917 2351 2178 2405 adventus
2222 2352 2454 2420 primum
2504 2352 2559 2403 in
2606 2352 2880 2404 montibus
2910 2365 3029 2404 esse
3069 2350 3359 2418 reperitur.

1772 2444 1887 2512 Ipsa
1916 2444 2060 2515 enim
2090 2443 2331 2497 locorum
2356 2443 2671 2511 proximitas
2702 2443 2805 2495 hoc
2832 2442 3189 2503 demonstrat,
3220 2439 3364 2506 quod

1770 2533 2159 2587 descendentes
2181 2533 2249 2586 de
2272 2534 2409 2587 coelo
2435 2532 2649 2586 nonnisi
2667 2533 2795 2600 juga
2820 2532 3038 2586 collium
3061 2531 3160 2584 sibi
3191 2531 3365 2585 vicina

1772 2624 2113 2679 calcaverint.
2148 2623 2297 2677 Tunc
2349 2624 2512 2690 igitur
2558 2622 2735 2676 oravit
2765 2622 3013 2685 Elisaeus,
3048 2631 3103 2676 et
3149 2637 3365 2675 omnem

1773 2717 2021 2771 hostilem
2045 2716 2341 2770 exercitum
2365 2717 2607 2769 exet'itate
2634 2717 2919 2783 percussit.
2954 2716 3069 2769 Non
3098 2716 3290 2767 mirum
3320 2713 3365 2766 si

1772 2807 2089 2868 adversariis
2118 2808 2411 2862 caecitatem
2443 2807 2642 2870 intulit,
2674 2808 2765 2874 qui
2797 2805 2997 2860 famulo
3037 2806 3258 2873 largitus
3285 2811 3367 2858 est

1773 2898 2102 2962 claritatem;
2130 2906 2184 2951 et
2212 2898 2256 2950 si
2286 2897 2533 2951 hostibus
2567 2896 2584 2933 1
2620 2898 2857 2950 auferret
2878 2897 3066 2959 visum,
3098 2896 3188 2963 qui
3209 2895 3368 2949 mini—

1772 2998 1885 3043 stro
1938 2988 2186 3056 praestitit
2224 2996 2521 3056 aspectum.
2559 2988 2661 3042 Ubi
2708 2995 2836 3041 sunt
2872 2988 2963 3056 qui
3019 2987 3365 3055 dicunt-plus

1772 3092 1933 3145 quam
1963 3092 2152 3146 preces
2180 3085 2489 3130 sanctorum
2512 3076 2791 3128 hominum
2822 3089 2973 3127 arma
3004 3076 3199 3143 posse?
3227 3073 3367 3129 Ecce

94 3179 321 3225 cernatur
351 3171 654 3225 obtutibus.
688 3168 839 3223 Unde
868 3177 1013 3223 errat
1040 3168 1131 3235 qui
1167 3176 1348 3237 putat,
1387 3182 1509 3222 cum
1529 3182 1665 3236 pro-
1698 3189 1741 3249 ε
1773 3185 1879 3223 una
1922 3170 2097 3223 oratio
2146 3168 2322 3222 Eliszei
2363 3176 2537 3221 totum
2595 3168 2893 3221 exercitum
2945 3158 3279 3229 vulneravit,
3314 3174 3368 3220 et

94 3275 232 3327 spere
243 3262 440 3330 aliquid
455 3262 701 3329 gesserit,
723 3260 938 3329 propria
960 3274 1018 3313 se
1041 3257 1351 3312 fortitudine
1363 3272 1665 3326 superasse.

94 3349 225 3405 Scire
244 3353 384 3406 enim
400 3352 564 3406 debet
584 3350 729 3419 quod
751 3350 1044 3404 adversarii
1075 3350 1281 3403 meritis
1314 3350 1483 3417 magis
1509 3363 1669 3416 quam

95 3440 271 3495 virtute
300 3442 621 3501 vincuntur.
649 3450 704 3496 et
725 3456 836 3494 non
866 3449 975 3493 tam
1003 3441 1202 3495 virtute
1221 3456 1381 3508 quam
1411 3442 1668 3494 sanctita-

97 3539 142 3584 te
167 3545 512 3602 superantur;
536 3534 678 3589 sicut
697 3532 752 3587 S.
770 3532 992 3587 Eliszeus
1005 3534 1191 3588 hostes
1220 3549 1347 3588 suos
1367 3550 1475 3588 non
1498 3536 1661 3588 armis

96 3623 383 3689 superabat,
414 3624 513 3678 sed
534 3624 783 3677 oratione
809 3624 1075 3677 vincebat.
1119 3622 1251 3676 Nam
1280 3638 1403 3678 cum
1436 3634 1459 3661 ι’
1487 3623 1660 3677 eidem

98 3713 320 3769 ministro
362 3731 484 3780 suo,
533 3715 601 3769 ad
630 3712 1011 3783 depellendum
1039 3712 1156 3780 ejus
1183 3712 1450 3778 timorem,
1482 3714 1663 3781 plures

1773 3260 1930 3313 unius
1958 3259 2238 3327 propheta:
2286 3257 2491 3311 meritis
2522 3266 2561 3292 ω
2591 3256 2833 3311 omnium
2863 3263 2948 3309 est
2989 3255 3225 3308 hostium
3268 3270 3367 3307 nu-

1769 3370 1951 3408 merus
1981 3354 2300 3421 captivatus.
2333 3350 2463 3415 Qua:
2506 3359 2740 3405 catervae
2766 3362 2973 3416 regum,
3000 3362 3119 3417 quae
3142 3356 3168 3383 ιι
3194 3347 3367 3400 turbas

1769 3444 2192 3498 militum‘talem
2222 3444 2507 3497 victoriam
2541 3450 2950 3511 perpetrarunt,
2994 3451 3053 3495 ut
3082 3442 3154 3495 ita
3182 3442 3364 3495 hostes

1768 3541 2173 3604 prosternerent
2197 3542 2255 3586 ut
2276 3534 2341 3587 de
2365 3533 2495 3602 ipsis
2518 3534 2696 3587 nullus
2717 3532 3063 3587 occumberet
3078 3536 3101 3584 Ἰ
3125 3531 3251 3585 Haec
3280 3541 3361 3585 est

1769 3640 1894 3679 vera
1926 3635 1971 3684 ο,
2004 3625 2120 3679 hrec
2162 3625 2443 3678 incruenta
2482 3624 2729 3685 victoria,
2763 3624 2856 3678 ubi
2898 3623 2977 3677 sic
3028 3622 3366 3677 adversarius

1770 3717 2018 3780 vincitur,
2050 3722 2109 3792 ut
2146 3714 2214 3767 de
2242 3713 2581 3768 vincentibus
2619 3727 2778 3769 nemo
2821 3712 3065 3768 lzedatur.
3111 3712 3361 3781 Explicis.

1396 3822 1741 3885 HOMILIA
1790 3825 2011 3885 XCIII.

1358 3920 1438 3975 De
1465 3923 1644 3975 eodem
1676 3924 1737 3977 S.
1764 3923 1955 3978 Elissac
1990 3922 2071 3977 II.

1515 4013 1909 4067 ADMUNITIO.

322 4102 679 4183 Consulenda
706 4114 828 4160 sunt
856 4120 975 4175 qua:
1014 4104 1247 4183 diximus
1276 4108 1330 4160 in
1353 4105 1745 4183 ‘admopitione
1782 4110 2080 4183 superiore.
2122 4107 2424 4183 Ostendunt
2444 4110 2607 4183 enim
2651 4110 3049 4183 h_a_nc_qu_oque
3088 4109 3367 4183 homilia‘n}

100 4172 563 4255 attri‘buiﬂaxirno
589 4188 846 4255 oportere
865 4172 889 4235 ξ
912 4190 1084 4255 eaqth
1129 4176 1323 4255 lcgitur
1352 4176 1406 4229 in
1454 4176 1644 4255 iisdem
1691 4172 1999 4255 codicibus,
2050 4180 2402 4255 §angallensi
2442 4180 2630 4255 homil.
2666 4178 2756 4241 74,
2793 4172 3174 4255 Ambrosiano,
3217 4188 3271 4255 et
3295 4178 3368 4233 99

100 4238 146 4291 S.
177 4240 435 4321 crucisjn
457 4238 761 4321 Jerusalem
782 4245 979 4321 homil.
1129 4238 1363 4321 Duorum
1394 4247 1634 4316 priorum
1666 4248 1851 4321 titulus
1869 4255 1961 4321 est
1988 4238 1999 4300 ὲ
2046 4238 2353 4321 Sequenda,
2382 4248 2550 4321 hujus
2577 4238 3194 4321 postremiiinscriptio':
3230 4249 3367 4321 Item

101 4312 322 4384 ξξνίιιιίιιινζ
356 4312 487 4367 Post
518 4312 886 4367 Mabillonium
913 4316 1068 4369 novis
1096 4316 1235 4384 typis
1258 4312 1411 4369 hanc'
1427 4318 1708 4369 exornavit
1736 4318 2011 4371 homiliam
2029 4312 2268 4372 Andreas
2296 4312 2608 4371 Gallandius
2638 4328 2770 4372 tom.
2798 4317 2889 4371 XI.
2922 4312 3061 4372 Bibl'.
3090 4318 3201 4371 PP.
3232 4318 3365 4373 edit.

102 4374 664 4458 Venet._Scrip_toribus
692 4384 945 4438 codicum
975 4374 1169 4458 Vaticf
1196 4385 1481 4458 1277pag.
1515 4385 1603 4443 6t.
1635 4392 1689 4438 et
1715 4386 1967 4441 Laurent.
2000 4404 2033 4441 x
2066 4387 2205 4442 Plut.
2262 4402 2522 4456 le,-pag.
2561 4387 2698 4454 545,
2733 4388 2791 4442 S.
2831 4388 3179 4445 Ambrosium
3208 4388 3369 4458 hujus

100 4452 242 4502 etiam
268 4452 505 4507 homilia:
535 4462 817 4507 auctorem
846 4456 1232 4518 asserentibus,
1255 4452 1385 4511 satis
1405 4452 1727 4526 responsum
1754 4458 2123 4512 admonitione
2153 4452 2435 4526 superiore
2465 4452 2976 4527 a-nobis‘putamus.

162 4674 197 4740 ⁸,
218 4666 289 4740 ita
315 4671 473 4727 codd.
510 4672 637 4726 Vat.
671 4672 829 4740 1277,
863 4674 920 4729 S.
952 4674 1143 4731 Crucis
1171 4678 1224 4731 in
1246 4677 1382 4740 Jer.,
1415 4674 1671 4729 Laurent.

103 4742 150 4787 et
175 4736 413 4795 Ambros.

162 4804 186 4843 δ
222 4805 596 4882 Eademedit"
630 4828 757 4882 quos
776 4816 1043 4882 prospicit.

164 4886 183 4912 ε
221 4876 381 4933 Codd.
414 4881 473 4935 S.
503 4876 695 4936 Crucis
721 4876 786 4935 in'
820 4876 955 4945 Jer..
990 4884 1109 4938 Vat.
1146 4883 1302 4950 H77,
1335 4883 1587 4940 Ambros.
1618 4893 1673 4939 et

104 4940 333 5001 Laurent.
366 4951 399 5002 ιι
426 4953 785 5006 consentiunt
812 4952 865 5005 in
894 4940 994 5006 hac
1021 4955 1283 5007 variante.

164 5013 339 5090 ‘i_Al_ii,
387 5030 447 5074 ut
492 5017 769 5084 Galland.,
812 5023 1039 5089 a/fectui,
1071 5033 1126 5077 et
1170 5023 1259 5076 alii
1311 5025 1560 5090 aspectui.
1592 5022 1700 5076 Ita'

102 5085 236 5205 ξῗιὲμι.
270 5086 525 5145 Laurent.
556 5091 589 5141 4
618 5098 675 5145 et
696 5085 970 5157 Ambros,
1001 5085 1061 5145 ac
1089 5109 1191 5145 non
1222 5108 1275 5145 se
1303 5085 1490 5161 prodat
1517 5110 1670 5163 aspe-

167 5235 187 5295 ῗ
224 5224 349 5295 Cod.
374 5227 497 5282 Vat.
532 5228 696 5295 i277,
722 5227 866 5282 Nam
895 5246 1009 5282 cum
1028 5232 1183 5289 idem,
1208 5238 1313 5283 etc.

109 5292 347 5427 [ﬂ‘nCod
376 5298 501 5352 Vat.
536 5292 701 5365 1277,
755 5315 848 5352 nec
893 5310 1080 5353 metum
1126 5300 1190 5352 ab
1233 5300 1326 5353 illo
1379 5308 1546 5369 posset
1576 5317 1673 5353 au-

109 5432 295 5553 m’zdta
320 5438 439 5492 cod.
469 5437 510 5492 S
555 5438 748 5492 Crucis
786 5438 838 5491 in
868 5436 975 5493 Jer.
1002 5437 1312 5492 Gallandius
1334 5436 1501 5491 habet
1533 5442 1672 5509 equi-

170 5568 387 5696 “loCodd.
417 5578 679 5633 Laurent.
715 5576 750 5628 4
800 5584 855 5629 et
884 5578 1128 5631 Ambros.
1153 5619 1168 5644 ,
1200 5578 1244 5629 si
1286 5591 1446 5630 novos
1490 5578 1674 5630 inserit

170 5657 187 5691 η
241 5662 281 5696 s.

110 5656 281 5697 (ιαιιοσ.

177 5721 189 5748 ι
222 5713 376 5773 tidem
394 5718 552 5774 codd.
582 5717 644 5773 S.
676 5714 868 5772 Crucis
898 5714 953 5769 in
996 5716 1129 5779 Jer.,
1165 5716 1419 5770 Laurent.
1452 5724 1507 5768 et
1549 5716 1673 5769 Am-

1772 4676 1943 4734 bros.,
1974 4680 2076 4728 Aut
2103 4692 2194 4729 cur
2220 4676 2383 4728 aciem
2410 4692 2511 4728 non
2532 4677 2787 4744 producat
2815 4676 3124 4731 obtutuum?

1849 4748 1862 4795 i
1912 4746 2079 4830 Codd.
2113 4746 2359 4830 Ambros.
2385 4754 2441 4825 et
2469 4745 2792 4830 \'at.hi.277,
2823 4746 3176 4830 hebetudinem
3197 4749 3369 4830 pupil:

1773 4816 1942 4868 larum
1989 4816 2275 4896 detergeret
2295 4821 2321 4880 ς
2342 4816 2427 4884 qui
2480 4816 2676 4868 meritis
2711 4818 2818 4868 suis
2847 4818 3123 4887 caliginem
3154 4816 3365 4871 nubium

1772 4894 2076 4952 penetravit.

1844 4952 1870 4989 k
1902 4952 2165 5023 Supplent
2204 4952 2381 5023 codd.
2412 4952 2469 5007 S.
2502 4952 2690 5007 Crucis
2737 4954 2791 5007 in
2832 4953 2967 5018 Jer.,
3020 4953 3274 5007 Laurent.
3310 4962 3362 5019 4,

1777 5023 2022 5077 Ambros.
2047 5032 2102 5077 et
2121 5024 2245 5076 Vat.
2274 5022 2429 5087 1277,
2462 5023 2901 5091 concordantque
2923 5024 2976 5075 in
3006 5024 3109 5075 hoc
3148 5024 3365 5091 supple—

1773 5102 1976 5146 mento.

1856 5163 1865 5198 ί
1904 5162 1977 5215 lta
2005 5162 2160 5216 codd.
2214 5162 2468 5213 Laurent.
2502 5160 2552 5224 4,
2588 5160 2863 5223 Ambros,
2896 5168 2951 5213 et
2979 5159 3047 5212 9‘)
3088 5157 3142 5210 S.
3177 5157 3364 5216 Crucis

1775 5232 1829 5284 in
1854 5232 1984 5295 Jer.,
2014 5240 2062 5283 et
2091 5233 2133 5283 si
2164 5229 2392 5283 hostibus
2433 5232 2600 5299 aufert
2622 5231 2801 5293 risum,
2835 5230 2920 5298 qui
2948 5228 3183 5281 ministro
3223 5245 3364 5296 pray-

1775 5312 1876 5354 stat
1898 5310 2180 5370 aspectum.

1851 5382 1887 5407 ιη
1914 5370 2082 5425 Codd.
2140 5372 2196 5423 S.

1778 5450 1872 5503 est,
1905 5448 2009 5493 etc.

1850 5502 1875 5545 δ
1905 5510 2038 5563 Cod.
2072 5508 2193 5560 Vat.
2222 5506 2377 5570 1277,
2401 5522 2515 5575 qua:
2544 5502 2712 5555 turba.

1849 5588 1874 5615 ο
1904 5578 2036 5632 Cod.
2072 5576 2357 5641 Laurent.,
2414 5574 2544 5627 “(te
2592 5582 2667 5624 est
2710 5588 2827 5623 vera
2879 5582 2926 5622 et
2972 5574 3239 5623 incruenta
3283 5574 3361 5624 ui-

1777 5650 1961 5704 ctoriu.

2252 5368 2439 5424 Crucis
2486 5370 2538 5421 in
2580 5366 2689 5420 Jer.
2731 5374 2787 5419 et
2832 5367 2952 5420 Vat.
2987 5368 3145 5429 1277,
3194 5370 3367 5422 omnis
