1955 3119
304 188 353 215 Ιῦῗ

905 185 933 212 S.
954 183 1074 211 MAXIM]
1094 182 1318 211 TAUBJNENSIS
1872 179 1909 206 ιω

303 235 650 272 Aminearum—Rursum
657 242 687 268 de
694 246 783 268 sancto
790 240 811 267 Ε
814 241 885 268 Iismo
890 241 942 276 agit
950 239 978 266 Μ
981 240 1086 276 uxirryts.

1145 239 1223 265 xitum
1237 238 1369 273 duplicem
1385 239 1409 265 ci
1424 246 1478 265 sua:
1493 237 1584 272 gratia:
1598 236 1750 270 dereliquit.
1770 235 1836 263 Cum
1855 236 1909 263 enim

339 282 490 313 patrataque
511 285 556 311 per
578 285 636 313 eum
658 285 675 302 ιι
696 276 752 303 Deo
765 275 884 310 prodigia
907 274 1008 313 narrat.
1038 274 1091 300 Po-

339 310 431 339 stremo
445 310 557 347 explicat
576 312 707 338 ceritatem
729 318 815 337 eorum
830 318 887 346 quae
909 314 967 336 tunc
979 310 1091 344 ﬁgurate

338 349 509 383 contigerunt.

339 422 436 449 Mirum
448 421 560 449 forsitan
572 427 583 440 ·
596 421 710 450 videtur.
725 421 796 456 quod
811 425 874 449 ante
888 421 946 448 dies
960 422 988 448 S.
1005 420 1090 448 Elismi

304 467 416 502 gratiam
426 466 608 494 describentes
625 466 750 498 diximus,
766 467 792 493 in
806 465 987 493 defensionem
1007 467 1091 500 ipsius

304 513 338 540 de
352 513 427 542 caelis
441 514 538 541 auxilia
547 513 728 544 descendisse,
742 516 897 539 est-armatos
908 513 1020 547 equites,
1036 513 1090 540 sive

304 559 447 592 quadrigas
462 558 486 585 ei
500 558 626 585 divinitus
641 557 773 590 adfuisse;
793 557 910 584 astitisse
923 558 1003 584 etiam
1019 558 1089 585 circa

306 605 391 639 ipsum
413 603 568 638 quadrigam
582 603 697 637 igneam.
712 603 806 637 Magna
818 603 924 638 quidem
944 610 997 635 res,
1014 602 1028 622 δ
1043 603 1089 630 sed

305 650 333 676 in
342 650 401 676 viro
414 653 509 676 sancto
526 648 681 675 admiranda
700 656 754 676 non
768 653 818 676 est.
825 649 893 682 Quid
909 649 979 676 enim
993 649 1090 676 mirum

303 695 326 722 si
340 695 439 722 auxilia
456 698 573 721 meretur
586 701 602 720 e
616 694 684 720 celo
700 699 711 712 ε
733 693 811 728 cujus
826 694 931 721 animus
943 701 1049 729 semper
1063 694 1089 721 in

303 739 372 767 οωΙο
386 740 445 766 est?
457 738 530 765 Sicut
546 738 584 765 ait
598 737 695 766 Paulus
715 738 852 773 apostolus
868 747 874 763 :
891 737 990 765 Nostra
1007 744 1090 765 autem

302 785 461 812 conversatio
478 785 505 810 in
528 784 598 811 mli:
612 787 651 811 ut
670 783 680 819 (
693 783 791 819 Philip.
808 784 857 818 ιι).
883 783 953 818 Ergo
967 783 988 811 si
1000 788 1089 811 nostra

301 830 470 857 conversatio
493 834 535 856 est
561 829 589 856 in
609 829 693 860 cmlis,
713 833 741 856 et
759 829 906 857 antestium
922 829 1089 856 conversatio

301 873 315 893 δ
328 878 419 909 potest
431 881 489 901 esse
504 873 643 901 nobiscum
655 883 660 900 :
675 874 725 901 hoc
739 878 790 905 est,
807 878 837 901 ut
849 874 895 909 qui
909 874 963 901 vita
977 874 1089 902 vivimus

1143 284 1204 311 data
1229 288 1300 311 esset
1324 283 1434 310 facultas
1460 282 1556 310 Eliszeo
1575 286 1604 309 ut
1627 286 1732 317 peteret
1750 279 1821 316 quod
1833 281 1908 313 vellet,

1143 334 1287 364 antequam
1302 329 1336 356 ab
1359 337 1393 356 eo
1405 333 1545 368 raperetur
1559 327 1647 360 Elias,
1667 327 1764 362 petivit
1780 331 1811 354 ut
1830 326 1909 360 duplex

1142 376 1251 410 spiritus
1265 374 1329 402 Elize
1341 374 1417 402 ﬁeret
1427 374 1453 401 in
1468 375 1536 409 ipso.
1548 373 1624 401 Tunc
1634 373 1702 400 dixit
1717 373 1789 412 Eltas
1804 382 1811 400 :
1828 374 1835 397 i
1851 372 1909 399 Dm

1140 422 1236 455 petisti,
1251 421 1298 448 sed
1307 421 1352 455 ﬁet
1363 420 1408 447 tibi
1422 420 1479 455 (IV
1495 420 1559 455 Reg.
1575 419 1667 454 11,10).
1679 418 1703 446 0
1715 419 1852 447 hereditas
1864 426 1910 453 pre-

1141 467 1224 493 tiosa!
1238 466 1264 492 in
1278 473 1331 500 qua
1345 466 1404 500 plus
1422 464 1521 492 hieredi
1539 465 1697 499 relinquitur
1710 472 1791 498 quam
1805 464 1909 495 habetur.

1140 512 1200 547 plus
1214 511 1387 546 consequitur
1401 511 1446 545 qui
1467 510 1575 544 accipit,
1595 517 1676 544 quam
1691 509 1701 527 ι
1717 509 1862 544 possederit
1875 509 1909 543 qui

1140 558 1261 592 largitur.
1276 557 1396 585 Pretiosa
1410 557 1489 592 plane
1503 556 1653 588 hacreditas,
1674 563 1735 590 quae
1748 557 1810 583 dum
1823 564 1838 583 a
1849 560 1911 590 patre

1140 603 1299 630 transfertur
1310 603 1344 630 ad
1362 602 1453 634 tilium,
1469 602 1626 629 meritorum
1640 601 1758 636 quodam
1773 601 1859 628 fenore
1871 602 1910 627 dv-

1139 650 1265 684 plicatur.
1290 649 1372 683 igitur
1394 648 1475 680 Elius,
1502 656 1564 675 cum
1580 646 1587 666 ¹
1606 647 1756 683 simplicem
1779 646 1911 673 sanctitatis

1140 694 1198 728 ipse
1212 694 1325 721 haberet
1339 693 1472 727 spiritum,
1485 692 1583 719 Elismo
1602 692 1737 726 duplicem
1751 692 1864 725 reliquit.
1874 690 1911 717 Ili-

1140 748 1198 767 rum
1226 746 1290 773 ergo
1313 740 1341 766 in
1368 738 1489 766 modum!
1506 737 1578 766 Elias
1601 739 1660 773 plus
1675 740 1769 772 gratia:
1788 738 1880 765 dimisit
1892 738 1911 764 in

1140 785 1218 812 terris
1236 792 1316 819 quam
1348 792 1440 811 secum
1471 784 1588 818 portavit
1619 783 1652 810 ad
1680 784 1782 817 unius,
1812 788 1839 810 et
1863 779 1912 810 licet

1139 831 1196 865 ipse
1223 832 1257 858 ad
1283 830 1378 857 altiora
1405 830 1475 857 latus
1507 833 1579 857 totus
1608 828 1769 856 transfertur
1795 836 1911 863 corpore,

1139 876 1219 911 313
1233 875 1303 910 apud
1318 874 1401 902 filium
1415 879 1504 901 tamen
1518 879 1537 892 π’
1552 874 1655 908 majore
1669 878 1761 900 manet
1774 874 1911 901 sanctitate.

301 920 455 953 angelorum
469 922 544 946 recte
556 926 649 945 eorum
662 919 827 946 consortium
838 925 998 946 mereamur.
1016 924 1028 937 ⁸
1043 918 1090 946 Est
1106 912 1128 941 Β
1141 920 1179 948 De
1201 920 1288 947 Elismi
1307 924 1396 947 autem
1417 920 1519 947 meritis
1538 918 1601 953 quid
1619 918 1759 946 dicamus?
1775 918 1849 952 cujus
1867 918 1912 944 hac

301 971 366 991 sane
390 968 483 991 sancte
503 963 654 991 viventibus
672 963 793 997 quzedam
816 963 886 990 inter
904 971 934 990 se
948 963 1087 997 cognatio,

301 1010 403 1044 iunctio
416 1014 502 1044 atque
522 1009 640 1036 societas
654 1018 660 1034 :
676 1016 727 1036 nec
747 1008 858 1036 interest
870 1013 958 1035 utrum
972 1009 1000 1036 in
1014 1009 1089 1036 cmlis

303 1059 430 1082 maneant
455 1062 491 1081 an
510 1054 540 1081 'm
553 1054 643 1088 terris,
658 1054 770 1088 angelici
793 1054 846 1081 sint
865 1054 970 1081 habitus
988 1062 1022 1081 an
1037 1054 1086 1081 hu—

301 1100 383 1131 mani,
407 1100 551 1128 dummodo
564 1100 590 1126 in
606 1100 648 1127 his
662 1100 699 1127 sit
709 1100 803 1127 eadem
814 1101 868 1127 vita
882 1100 925 1127 vel
940 1100 1066 1127 sanctitas
1079 1109 1085 1126 τ

301 1146 469 1173 conversatio
480 1146 617 1173 connectit
627 1153 695 1179 quos
709 1150 815 1179 separat
829 1145 1001 1176 elementum,
1013 1149 1041 1172 et
1054 1144 1086 1171 li-

300 1194 345 1218 cet
357 1190 365 1209 ί
375 1190 472 1218 diversi
482 1190 640 1225 corporibus
650 1190 811 1221 dividantur,
821 1190 914 1217 iisdem
923 1194 1011 1217 tamen
1021 1190 1088 1217 acti-

301 1237 351 1263 bus
364 1236 574 1270 conjunguntur.
600 1236 687 1270 Atque
703 1236 764 1263 ideo
774 1236 803 1262 iit
818 1240 846 1262 ut
856 1237 941 1263 sancti
957 1236 1006 1263 sibi
1020 1243 1088 1269 quo-

300 1281 361 1307 dam
375 1282 511 1308 consortio
526 1281 694 1308 cohaerentes
708 1288 723 1308 a
738 1288 769 1308 se
795 1281 909 1308 invicem
930 1289 985 1308 non
1002 1281 1088 1308 disce—

300 1327 378 1359 dant;
394 1331 421 1354 et
435 1327 517 1354 modo
531 1328 618 1362 angeli
629 1327 662 1354 ad
677 1331 763 1355 terras
776 1328 895 1359 veniant,
910 1328 990 1355 modo
1005 1328 1088 1355 homi-

300 1379 349 1399 nes
364 1371 397 1399 ad
412 1372 531 1399 caelestia
545 1371 754 1405 transferantur;
771 1379 802 1400 ac
824 1373 944 1407 profectu
964 1373 1087 1406 meliore,

300 1416 395 1451 quibus
420 1417 474 1443 vita
496 1418 647 1444 communis
674 1421 729 1450 est,
751 1418 882 1453 incipiunt
902 1418 954 1445 illis
980 1418 1086 1445 vivendi

299 1462 383 1489 etiam
405 1462 538 1489 elementa
563 1471 622 1491 esse
640 1464 806 1490 communia.
821 1463 874 1491 Sed
888 1464 953 1491 dicit
965 1464 1061 1498 aliquis
1078 1473 1084 1489 :

299 1507 465 1541 Frequenter
480 1508 629 1535 audivimus
646 1509 756 1542 angelos
766 1509 799 1536 ad
814 1510 896 1544 312
907 1509 1029 1536 homines
1039 1508 1086 1536 de-

299 1552 436 1580 scendisse
451 1562 457 1579 :
471 1553 563 1580 audire
580 1554 661 1580 etiam
679 1554 800 1589 cupimus
814 1555 950 1588 quomodo
963 1548 1086 1581 homines

1139 965 1224 999 prima
1238 964 1295 991 laus
1309 968 1366 997 est,
1387 964 1461 997 quod
1472 968 1576 998 patrem
1589 963 1673 990 voluit
1688 963 1774 998 gratia
1788 969 1911 998 superare.

1138 1009 1200 1036 dum
1215 1009 1273 1036 dari
1286 1008 1337 1035 sibi
1349 1008 1462 1043 amplius
1473 1009 1608 1043 postulat,
1625 1015 1705 1043 quam
1720 1009 1772 1036 scit
1785 1008 1852 1043 apud
1863 1016 1912 1035 cum

1138 1062 1198 1082 esse
1226 1054 1272 1088 qui
1294 1053 1422 1089 possidet.
1452 1054 1555 1081 Avarus
1575 1054 1683 1088 quidem
1704 1059 1746 1082 est
1759 1054 1785 1081 in
1799 1055 1912 1089 petendo,

1137 1099 1185 1126 sed
1199 1094 1311 1127 idéneus
1328 1100 1354 1126 in
1370 1098 1559 1134 promerendo.
1581 1098 1649 1126 Dum
1663 1100 1736 1126 enim
1749 1107 1765 1127 a
1778 1105 1853 1135 patre
1866 1100 1913 1135 plus

1138 1145 1220 1179 exigit
1242 1152 1323 1179 quam
1346 1145 1472 1178 habebat,
1497 1143 1560 1172 fecit
1583 1152 1646 1172 eum
1668 1145 1773 1172 meritis
1795 1145 1848 1172 suis
1865 1144 1913 1179 plus

1137 1194 1264 1224 praestare
1274 1197 1354 1224 quam
1368 1194 1483 1224 poterat.
1505 1188 1572 1216 Nam
1586 1198 1648 1217 cum
1661 1190 1732 1217 idem
1746 1189 1855 1218 Eliseus
1863 1195 1913 1225 post

1138 1242 1277 1262 ascensum
1292 1234 1411 1268 magistri
1425 1234 1465 1261 sui
1479 1234 1598 1262 venisset
1613 1234 1731 1267 Iericho,
1747 1240 1775 1262 et
1788 1239 1890 1270 mgatus
1901 1243 1912 1260 ι

1137 1279 1239 1306 civibus
1250 1298 1258 1311 ,
1273 1283 1303 1305 ut
1323 1279 1350 1305 in
1373 1279 1467 1306 cadent
1481 1280 1641 1306 consisteret
1653 1280 1762 1307 civitate
1771 1302 1779 1314 ,
1802 1281 1912 1307 dixerunt

1138 1325 1171 1352 ad
1182 1325 1254 1352 illam
1267 1334 1273 1351 :
1289 1324 1464 1352 Commoratia
1472 1326 1559 1360 oppidi
1570 1325 1636 1352 bona
1646 1330 1694 1359 est,
1704 1327 1751 1353 sed
1764 1335 1837 1362 aqua
1849 1326 1912 1352 male

1138 1375 1163 1397 et
1176 1370 1275 1397 steriles
1294 1374 1355 1396 sunt
1374 1369 1428 1405 (IV
1444 1369 1508 1406 Reg.
1530 1378 1558 1403 n,
1576 1370 1642 1405 l9);
1658 1375 1724 1398 tunc
1737 1371 1861 1406 praecepit
1871 1371 1912 1397 sibi

1137 1416 1195 1442 dari
1209 1423 1256 1442 vas
1270 1415 1359 1447 ﬁctile,
1376 1420 1389 1433 υ
1404 1420 1432 1442 et
1444 1416 1583 1443 recondito
1597 1417 1625 1443 in
1646 1424 1679 1444 eo
1697 1416 1755 1444 sale
1767 1417 1873 1444 venie..s
1885 1416 1912 1442 ad

1136 1461 1224 1488 exitus
1238 1468 1367 1496 aquarum
1379 1460 1491 1496 projc'cit
1503 1461 1531 1488 in
1544 1469 1635 1496 aquas,
1650 1462 1760 1490 dicens:
1773 1467 1786 1480 ο
1801 1461 1863 1489 Hac
1879 1462 1912 1487 di-

1136 1506 1171 1532 cit
1184 1505 1330 1533 Dominus:
1345 1507 1435 1533 sanavi
1449 1514 1528 1541 aquas
1541 1507 1614 1539 istas,
1627 1514 1680 1533 non
1699 1508 1749 1533 erit
1760 1514 1794 1534 ea:
1813 1508 1849 1533 ei:
1866 1514 1911 1532 mo.

1135 1552 1215 1583 rictu.
1230 1560 1276 1579 nec
1288 1551 1393 1579 sterilis.
1408 1550 1443 1578 Et
1452 1557 1552 1579 sanata
1565 1555 1625 1578 sunt
1636 1559 1712 1587 aqum
1727 1560 1807 1587 usque
1817 1552 1844 1578 in
1857 1551 1912 1577 [tunc

300 1597 338 1624 ad
348 1598 470 1625 emtas“;
480 1603 491 1621 ε
506 1599 731 1633 ιηηεπείςητῑηι,
744 1599 883 1626 Manifesta
897 1608 941 1627 res
950 1604 1000 1632 est,
1016 1604 1043 1627 ei
1059 1600 1084 1627 in
1098 1591 1120 1620 C
1136 1597 1203 1623 diem
1215 1596 1322 1631 (Ibid.).
1345 1596 1440 1623 Videte
1457 1603 1522 1630 ergo
1537 1595 1623 1623 Eliszei
1638 1600 1738 1631 quanta
1753 1597 1807 1624 sint
1819 1597 1911 1628 merita,

300 1649 426 1678 promptu
438 1644 535 1678 posita.
552 1644 625 1672 Elias
638 1645 766 1679 magister
780 1645 867 1672 Elis'ei
883 1653 971 1672 nonne
985 1646 1086 1679 angelis

300 1687 458 1715 ducentibus
474 1693 567 1723 raptus
590 1689 623 1716 ad
637 1690 734 1717 cmlum
754 1695 804 1722 est,
821 1694 848 1717 et
862 1691 990 1725 quadriga
1009 1691 1086 1725 ignea

300 1733 449 1767 impositus,
455 1734 532 1767 quasi
543 1734 571 1760 in
579 1734 697 1768 quodam
709 1735 844 1769 triumpho
856 1735 941 1762 victor
950 1735 1086 1763 ascendit’

302 1778 393 1806 Victor
406 1779 476 1806 enim
493 1780 632 1806 exstiterat
642 1787 696 1807 non
711 1781 830 1813 gentium
840 1781 1025 1814 barbararum,
1039 1782 1085 1809 sed

300 1824 469 1858 sawlaﬁum
483 1825 666 1859 voluptatum;
679 1826 809 1859 siquidem
825 1827 962 1860 graviores
985 1827 1086 1855 inimici

298 1872 362 1896 sunt
384 1870 460 1903 pravi
483 1877 573 1897 mores
594 1877 676 1904 quam
697 1871 788 1898 hostes
808 1872 922 1904 infesti;.
936 1877 965 1899 et
983 1871 1087 1899 facilius

298 1914 471 1948 intelligimus
485 1915 536 1942 hoc
547 1919 667 1950 tempore
681 1916 872 1950 malignitatem
887 1917 1003 1944 hostium
1017 1918 1086 1945 vinci

300 1967 380 1994 posse
396 1967 477 1993 quam
493 1967 607 1987 morum.
633 1959 703 1994 Ergo
723 1960 808 1987 Eliam
828 1962 914 1995 angeli
937 1963 970 1989 ad
989 1963 1086 1990 cmlum

298 2004 436 2039 perferunt
452 2014 458 2031 ε
475 2004 599 2032 Ειὶδωυω
615 2006 702 2039 angeli
713 2006 740 2033 in
755 2007 833 2034 terris
846 2008 1006 2034 custodiunt.
1019 2007 1087 2041 Quid

298 2049 395 2075 mirum
410 2050 432 2076 si
444 2050 541 2084 angeli,
557 2050 601 2084 qui
614 2051 768 2084 magistrum
779 2056 960 2086 portaverant,
976 2052 1088 2087 discipu-

297 2094 351 2121 hnn
374 2099 508 2127 tueantur,
531 2099 559 2122 et
578 2094 590 2114 δι
605 2096 706 2124 novitia
732 2097 851 2131 quadam
881 2097 1007 2132 obsequia
1028 2106 1087 2133 quae

297 2140 368 2175 patri
394 2140 583 2173 exhibuerant,
611 2142 693 2168 etiam
719 2142 774 2169 tilio
793 2142 932 2169 deferant?
952 2144 1008 2178 ipse
1031 2142 1088 2177 ejus

299 2183 308 2203 ί
319 2184 391 2212 enim
404 2185 490 2213 lunares
502 2189 544 2212 est
554 2186 713 2213 sanctitatis.
730 2186 813 2213 Recte
826 2193 890 2220 ergo
901 2186 1012 2215 Eliszens
1023 2187 1087 2215 Elia:

296 2229 424 2264 spiritalis
439 2229 509 2258 ﬁlius
520 2230 626 2263 dicitur,
639 2231 704 2264 quia
716 2231 865 2259 ascendens
878 2233 911 2259 ad
925 2233 1022 2260 malum
1032 2234 1087 2268 spi-

1137 1642 1215 1677 cujus
1229 1643 1313 1677 prima
1330 1642 1358 1669 in
1372 1642 1481 1670 civitate
1499 1641 1667 1677 hospitalitas
1680 1641 1798 1670 ﬁliorum
1810 1647 1851 1670 est
1863 1649 1912 1669 ma-

1137 1695 1190 1722 gna
1203 1687 1361 1715 fecunditas.
1377 1687 1445 1714 Dum
1456 1687 1527 1714 enim
1542 1688 1713 1714 sterilitatem
1732 1688 1830 1714 avertit
1842 1694 1912 1722 aqua-

1137 1740 1206 1765 rum,
1223 1733 1422 1760 successionem
1436 1732 1547 1767 largitur
1560 1732 1706 1759 hwrednm.
1717 1732 1777 1759 Non
1789 1732 1859 1759 enim
1872 1731 1912 1758 hoc

1136 1778 1209 1805 facto
1219 1778 1328 1806 Elisaeus
1347 1784 1429 1805 unum
1447 1777 1552 1804 sanavit
1568 1777 1716 1811 hominem,
1730 1782 1777 1805 aut
1791 1778 1867 1805 unius
1875 1776 1913 1803 do-

1137 1823 1191 1849 mui
1206 1823 1330 1858 prmstitit
1344 1822 1504 1850 medicinam
1515 1844 1523 1856 ,
1545 1822 1593 1849 sed
1613 1822 1697 1849 totius
1711 1822 1828 1850 civitatis
1839 1829 1912 1857 popa-

1138 1869 1192 1896 lum
1207 1868 1350 1903 reparavit.
1375 1868 1403 1895 Si
1413 1868 1483 1896 enim
1498 1868 1599 1895 tardius
1611 1868 1664 1894 hoc
1677 1867 1794 1899 fecisset,
1810 1868 1913 1894 interve-

1137 1915 1227 1941 niente
1246 1912 1402 1946 sterilitate,
1417 1913 1618 1940 senescentibus
1632 1913 1747 1946 cunctis,
1761 1913 1856 1940 civitas
1867 1912 1914 1939 sine

1137 1959 1287 1986 habitatore
1302 1964 1315 1982 Ρ
1329 1958 1509 1985 remansisset.
1524 1957 1604 1990 Igitur
1614 1956 1734 1989 Elismus,
1750 1957 1813 1984 dum
1825 1955 1914 1984 curavit

1137 2011 1221 2038 aquas
1232 2023 1240 2034 ,
1256 2003 1359 2030 curavit
1381 2007 1409 2030 et
1427 2003 1547 2037 plebem;
1566 2002 1629 2029 dum
1645 2001 1748 2029 fontem
1759 2007 1773 2026 1
1791 2000 1914 2029 benedixit

1139 2051 1278 2081 undarum.
1292 2050 1433 2084 quemdam
1445 2049 1545 2077 fontem
1562 2049 1672 2076 indulsit
1682 2048 1843 2075 animarum.
1859 2047 1914 2074 Nam

1138 2097 1207 2123 sicut
1229 2096 1440 2123 sanctificatione
1473 2095 1531 2129 ejus
1559 2095 1593 2122 dc
1616 2094 1731 2122 occultis
1753 2097 1833 2121 terra
1850 2093 1914 2120 venis

1138 2149 1207 2176 aqua
1222 2149 1286 2168 sana
1301 2140 1433 2175 prodivit,
1453 2140 1489 2166 ita
1504 2139 1537 2166 de
1554 2139 1667 2166 occultis
1683 2139 1769 2166 vulvse
1782 2138 1914 2166 visceribus

1138 2186 1246 2214 soboles
1257 2193 1322 2213 sane
1334 2185 1473 2220 processit.
1490 2184 1547 2211 Non
1559 2184 1630 2211 enim
1641 2184 1699 2211 sola
1710 2188 1814 2211 tantum
1828 2183 1914 2210 ﬂuenta

1137 2232 1275 2260 benedixit
1291 2230 1417 2262 Elisznus.
1432 2230 1515 2266 315
1530 2235 1539 2249 τ
1554 2237 1613 2265 (μη
1628 2229 1742 2258 fontium
1753 2230 1812 2264 jam
1824 2228 1915 2264 gremio

331 2343 344 2358 ι
359 2338 427 2366 Cod.
444 2338 474 2368 S.
489 2339 582 2367 Crucis
604 2339 633 2367 in
651 2341 706 2367 Jer.
731 2340 823 2374 legunt
847 2340 964 2367 videatur
981 2348 1030 2375 pro
1044 2341 1082 2368 υί-
1098 2343 1122 2372 1)
1134 2341 1211 2376 puis,
1222 2345 1274 2368 etc.

296 2375 425 2436 “2‘!st
439 2409 580 2437 prementi
594 2409 701 2437 codices
712 2409 781 2437 inter
790 2416 826 2437 se
839 2410 1012 2437 conveniunt.

331 2449 342 2463 ε
358 2442 396 2471 lta
411 2443 488 2471 codd.
506 2442 539 2470 to
551 2440 631 2471 'Plut.
659 2448 710 2471 xiv'
723 2450 785 2478 pag.
807 2443 869 2476 T545,
895 2443 1039 2478 Laurent.,
1057 2450 1085 2473 et

295 2478 355 2514 Vat.
364 2478 450 2514 μη,
463 2479 492 2514 si
501 2479 602 2514 auxilia
616 2483 732 2514 nter-Itur
743 2487 757 2505 e
770 2479 842 2511 cale,
854 2479 898 2514 qui
913 2481 940 2506 in
952 2481 1015 2507 caelo
1029 2481 1085 2507 est?

329 2511 445 2560 qudd:
456 2512 660 2560 RELASLErucis
679 2516 706 2541 in
719 2513 774 2541 Jer.
800 2518 828 2541 et
840 2511 971 2557 Laurent.
984 2515 1085 2543 habent

294 2552 445 2583 ματτηιαε
456 2547 598 2575 nobiscum.
932 2556 935 2557 '

331 2588 342 2601 ο
358 2582 426 2610 Cod.
442 2583 497 2611 ιω
548 2587 567 2609 t.
590 2581 637 2610 Eat
647 2591 708 2618 ergo
718 2589 808 2610 sancte
822 2584 975 2616 viventibus.

331 2616 342 2636 τ
356 2616 395 2645 Ita
410 2618 488 2645 codd.
555 2602 651 2644 (frucis
664 2617 691 2644 in
715 2618 781 2645 Jer..
807 2618 878 2645 anud
900 2618 975 2645 Manil

331 2602 708 2653 'sf'crais'az“
715 2602 1082 2653 ῖέἓῗᾌῖἰιῖΐῑῐὲιξίιιοιιίυιιι

294 2656 320 2679 et
334 2651 510 2688 Gallandinmi
517 2651 612 2688 legitur
625 2652 685 2688 liget
702 2652 806 2680 diversis
818 2651 978 2688 corporibus.

329 2692 341 2710 l
357 2686 441 2714 Codd.
453 2686 483 2714 ὃ.
495 2687 589 2716 Crucis
603 2687 629 2714 in
644 2686 712 2719 Jer.,
734 2692 762 2715 et
776 2688 836 2715 Vat.
849 2686 934 2721 {277,
959 2690 1082 2716 transmi-

292 2726 547 2797 adfixis-edit.
559 2765 625 2797 "9"."
637 2757 753 2797 πεινάων·
767 2757 904 2797 etiam;

329 2790 338 2832 ξ
357 2791 441 2819 Codd.
456 2791 485 2819 S.
500 2791 595 2818 Crucis
608 2792 634 2818 in
643 2790 711 2823 lea,
728 2797 755 2819 et
767 2792 828 2819 Vat.
839 2790 845 2793 ⁷
854 2792 924 2820 1115
933 2800 989 2820 non
1002 2793 1083 2820 habet

294 2835 424 2888 ("amt-Ind.
436 2861 464 2888 S.
481 2860 573 2889 Crucis
588 2862 615 2889 in
630 2861 683 2889 Jer.
709 2862 736 2889 in
760 2866 836 2889 Iextu
856 2861 998 2894 Gallandii.
1014 2862 1080 2889 dura

1171 2375 1182 2395 κ
1197 2376 1264 2402 Cod.
1282 2376 1342 2401 Val.
1355 2375 1433 2406 1277,
1449 2383 1525 2409 quant
1538 2374 1663 2410 possidet,
1677 2375 1732 2410 qui,
1746 2380 1802 2402 etc.

1173 2410 1181 2429 ι
1197 2410 1283 2438 Codd.
1300 2410 1333 2436 99
1348 2410 1375 2436 S.
1389 2410 1482 2436 Crucis
1493 2410 1520 2436 in
1534 2409 1589 2436 Jer.
1601 2413 1629 2436 et
1643 2409 1782 2442 Ambros.,
1797 2415 1913 2440 may!»-

1134 2445 1229 2477 botunt,
1242 2448 1272 2472 ut
1286 2445 1361 2475 alias,
1378 2445 1424 2471 sed
1437 2444 1577 2479 simplicem
1592 2444 1693 2479 legunt.

1171 2485 1190 2498 ¹¹¹
1209 2480 1290 2507 [idem
1306 2480 1365 2506 (od.
1381 2479 1409 2506 S.
1429 2477 1522 2506 Cruci!
1543 2479 1570 2505 in
1593 2477 1661 2511 lein,
1675 2482 1705 2506 et
1720 2477 1780 2505 Vat.
1797 2477 1863 2504 ηπ
1874 2482 1912 2503 re-

1135 2515 1206 2554 ctius
1214 2522 1293 2554 quam
1308 2515 1334 2541 in
1350 2514 1503 2540 Mabillonio
1599 2512 1758 2554 Gallandio,
1771 2513 1820 2548 qui
1832 2512 1912 2547 tegant

1174 2550 1206 2576 sd
1219 2550 1303 2584 litium
1313 2554 1398 2576 tamen
1409 2553 1544 2584 permanat
1557 2550 1705 2576 sanctitate.

1174 2589 1186 2602 τι
1207 2583 1299 2624 [sectio
1314 2584 1416 2624 Mabilg,
1429 2588 1464 2624 eL
1464 2585 1490 2610 in
1505 2591 1535 2624 eo
1547 2582 1781 2624 retortditos

1174 2624 1186 2636 ο
1206 2618 1288 2646 [idem
1299 2618 1377 2645 codd.
1393 2613 1422 2645 S.
1443 2617 1537 2645 Crucis
1558 2618 1586 2644 in
1604 2617 1670 2649 Jer.,
1694 2615 1757 2644 Vat.
1773 2615 1852 2650 1277,
1864 2619 1887 2642 et
1898 2613 1911 2639 i

1138 2652 1279 2686 Laurent.,
1292 2653 1337 2687 qui
1351 2652 1467 2687 perfecte
1479 2654 1504 2680 in
1520 2653 1571 2679 hoc
1580 2652 1715 2687 convenit.

1173 2694 1186 2712 Ρ
1206 2686 1322 2715 Duorum
1338 2686 1416 2715 codd.
1438 2687 1466 2715 S.
1490 2687 1583 2714 Crucis
1601 2687 1628 2713 in
1641 2686 1695 2714 Jer.
1709 2686 1850 2720 corrigitur
1860 2689 1910 2712 tex-

1136 2727 1189 2756 tus,
1205 2723 1248 2750 ubi
1261 2723 1357 2756 legitur
1366 2728 1539 2750 retinuerat.

1171 2763 1183 2782 οῖ
1204 2757 1269 2784 Cod.
1288 2755 1423 2789 Ambros,
1445 2759 1542 2792 fontem
1562 2755 1689 2783 benedicit
1707 2755 1850 2788 undam,
1862 2755 1910 2789 [οπο

1136 2797 1186 2867 te"?
1196 2792 1693 2867 Ῐὸἷῢωτιίί
1709 2822 1907 2867 senseram

1136 2862 1259 2890 redditur
1273 2869 1305 2888 ex
1319 2861 1398 2889 codd.
1413 2861 1432 2888 Β
1455 2861 1549 2890 Crucis
1561 2860 1591 2887 in.
1601 2858 1656 2888 let.
1666 2880 1675 2893 ,
1691 2859 1720 2888 et
1730 2859 1792 2887 Vat.
1807 2857 1881 2886 1277.
