3910 6238
118 317 238 373 469
1543 309 1820 365 ilOMlLiA
1857 308 2033 363 XCIV.
3321 310 3428 364 I70

120 437 522 497 tenebantur;
555 433 646 488 sed
675 442 730 488 et
757 434 864 497 illa,
896 448 1014 503 qua:
1036 433 1253 488 humido
1281 440 1439 486 terra
1464 432 1581 486 solo
1610 429 1747 483 indi-
1776 433 1819 490 Α
1847 429 1968 483 tuit.
1994 428 2063 482 At
2089 427 2180 483 ubi
2209 428 2352 482 venit
2375 427 2638 494 Christus,
2669 429 2812 483 velut
2841 443 2936 483 vas
2959 429 3124 485 ﬁctile
3149 444 3426 485 assumens

125 532 334 579 screta
362 565 380 588 ,
412 523 669 594 paulatim
699 532 854 578 erant
881 523 935 577 in
956 531 1228 593 posterum
1268 521 1560 586 deﬂuxura.
1595 520 1746 575 Unde
1854 533 2048 589 corpus
2070 516 2359 576 humanum
2387 561 2401 583 ,
2432 519 2557 574 vitia
2603 521 2810 574 sanavit
2852 535 3111 590 aquarum
3134 563 3148 586 ,
3198 523 3303 576 hoc
3341 531 3426 577 est

122 614 209 666 ait
255 613 559 681 Scriptum
607 611 675 665 ad
732 595 910 665 exitus
949 626 1207 680 aquarum
1245 610 1585 665 benedixisse
1630 608 1740 662 Eli-
1848 612 2111 668 resecavit
2129 611 2404 680 sacrilegia
2426 611 2779 681 populorum;
2809 614 2992 666 statim
3021 612 3280 678 Ecclesia,
3303 628 3424 683 qua:

120 717 313 758 seum
335 743 360 770 ,
396 710 456 755 ut
492 701 779 756 stillantem
815 715 1006 771 aquam
1035 703 1182 771 prius
1208 699 1557 759 sanctiﬁcatio
1592 710 1616 737 ι
1655 709 1745 756 su-
1846 712 1962 758 erat
1982 703 2180 758 sterilis
2200 743 2215 767 ,
2245 703 2410 771 cmpit
2449 717 2568 757 esse
2604 702 2847 757 fecunda.
2880 702 3032 758 Unde
3059 711 3113 757 et
3133 703 3425 774 Apostolus

121 780 392 861 sciperet
411 807 572 860 quam
594 792 741 846 sinus
761 789 923 845 fontis
944 791 1252 863 includeret.
1281 791 1465 858 Igitur,
1491 791 1744 860 quoniam
1844 793 1972 847 dicit
1999 811 2010 845 :
2043 792 2248 847 Lwtare
2284 792 2492 846 sterilis.
2522 803 2542 829 ε
2574 788 2762 846 Plures
2791 791 2944 848 enim
2962 793 3099 847 ﬁlios
3125 807 3191 845 ex
3219 807 3285 847 eo
3318 791 3423 846 Ec-

122 884 270 939 dicit
298 883 368 938 S.
406 882 604 938 Paulus
644 883 922 951 apostolus
956 901 968 935 :
1015 880 1146 936 Haec
1183 884 1239 936 in
1270 883 1439 953 ﬁgura
1478 883 1742 950 continge-
1844 883 2025 947 clesia,
2055 897 2177 952 qua)
2196 891 2312 938 erat
2338 880 2553 946 sterilis,
2586 883 2907 951 procreavit,
2922 897 3088 953 quam
3115 883 3420 953 Synagoga,

123 976 263 1029 bant
301 977 423 1030 illis
460 974 512 1044 (Ι
541 974 660 1029 Cor.
695 975 772 1042 x),
805 973 1081 1030 videamus
1110 988 1239 1041 ergo
1273 974 1386 1028 inec
1427 973 1543 1042 ipsa
1577 972 1741 1040 ﬁgura
1843 988 1960 1041 quae
2007 981 2125 1026 erat
2163 964 2426 1036 fecunda,
2471 972 2788 1040 susceperit.
2834 971 3047 1042 Aspersi
3077 980 3257 1027 autem
3283 974 3423 1026 sales

118 1080 306 1132 quam
343 1065 547 1119 haheat
568 1065 879 1128 veritatem;
921 1064 1026 1118 hoc
1053 1071 1136 1118 est
1169 1063 1500 1131 requiramus
1530 1077 1648 1130 qua:
1675 1061 1745 1115 sit
1843 1064 1933 1132 qui
1976 1065 2107 1127 sint;
2157 1077 2317 1133 quam
2365 1061 2640 1120 attulerint
2677 1061 2994 1116 medicinam
3031 1062 3188 1117 facile
3217 1077 3420 1129 cogno-

125 1157 237 1209 ista
293 1157 497 1210 civitas
536 1170 653 1222 qua:
703 1155 984 1211 sterilitate
1031 1154 1342 1218 laborabat,
1375 1154 1460 1207 vel
1489 1153 1615 1222 quid
1643 1152 1740 1205 sibi
1842 1169 2070 1208 scemus.
2114 1155 2251 1208 Dicit
2290 1154 2546 1208 Dominus
2584 1152 2649 1206 ad
2692 1153 3002 1224 apostolos:
3043 1153 3147 1207 Vos
3191 1153 3314 1205 estis
3342 1152 3424 1205 sal

125 1249 270 1302 velit
301 1262 411 1300 vas
440 1247 600 1300 ﬁctile
619 1287 634 1310 ,
662 1247 786 1314 quid
810 1247 970 1299 etiam
1010 1253 1073 1299 ut
1109 1245 1312 1313 aspersi
1353 1245 1495 1298 sales
1519 1243 1744 1297 aﬁ'erant
1845 1252 1997 1297 terra:
2027 1243 2240 1312 (Matth.
2265 1243 2342 1313 v).
2373 1243 2513 1311 Ergo
2553 1244 2597 1297 si
2636 1241 2873 1312 apostoli
2902 1243 3100 1298 salibus
3128 1243 3422 1311 comparati

127 1336 495 1390 suavitatem.
516 1333 762 1402 Legimus
780 1335 831 1387 in
851 1334 1038 1387 eodem
1060 1332 1304 1401 apostolo
1325 1332 1522 1387 dictum
1550 1331 1618 1385 de
1641 1331 1740 1386 Ee-
1843 1343 1966 1388 sunt
1991 1341 2137 1389 recte
2166 1334 2331 1400 ﬁgura
2362 1335 2661 1403 completur
2686 1352 2698 1385 :
2730 1335 2869 1388 sicut
2897 1342 3023 1388 tunc
3060 1333 3213 1388 eﬁ'usi
3241 1334 3310 1388 de
3331 1348 3422 1386 va-

123 1428 306 1482 clesia
336 1444 350 1479 :
381 1425 587 1479 Lwtare
610 1426 820 1488 sterilis,
847 1440 959 1494 qua:
992 1440 1094 1477 non
1125 1425 1302 1492 paris;
1325 1439 1550 1492 erumpe,
1578 1429 1627 1474 et
1648 1437 1740 1474 ειυ-
1843 1423 1991 1476 sculo
2034 1423 2174 1477 sales
2218 1424 2536 1477 condierunt
2579 1438 2776 1492 aquas;
2821 1423 2894 1476 ita
2931 1431 2986 1477 et
3033 1439 3176 1477 nunc
3213 1423 3363 1476 missi
3391 1439 3420 1476 a

124 1521 341 1582 clama,
380 1534 496 1586 qua:
517 1535 620 1571 non
647 1517 876 1584 parturis
908 1514 1049 1584 (Gal.
1087 1514 1180 1582 ιν).
1223 1513 1364 1582 Ergo
1394 1512 1632 1568 Ecclesia
1659 1521 1742 1566 est
1843 1511 2122 1566 Salvatore
2168 1514 2396 1580 apostoli
2443 1515 2670 1583 populos
2712 1514 3303 1577 condiunt‘universos,
3339 1519 3418 1574 ut.

1843 1602 2019 1656 ablata
2063 1602 2346 1656 sterilitate
2385 1603 2666 1669 vitiorum,
2699 1603 2906 1673 prolem
2937 1603 3195 1673 incipiant
3221 1603 3420 1671 germi-

1843 1705 1973 1746 nare
1992 1692 2265 1745 virtutum.
2296 1691 2539 1760 EIplicit.

126 1609 223 1661 illa
247 1607 463 1661 sterilis
482 1606 689 1670 civitas,
713 1619 833 1675 quae
854 1604 880 1642 ιι
905 1611 1030 1657 ante
1055 1602 1340 1658 adventum
1362 1601 1556 1655 Christi
1578 1616 1742 1669 aqua-

126 1715 255 1752 rum
286 1698 459 1760 vitio,
511 1697 613 1750 hoc
649 1704 732 1750 est
763 1694 1045 1762 sacrilegio
1085 1693 1362 1762 gentilium
1401 1693 1738 1760 populorum,

120 1788 492 1844 sterilitatem
533 1786 834 1849 sustinens,
879 1784 989 1838 Deo
1019 1783 1154 1836 ﬁlios
1184 1797 1469 1849 procreare
1504 1797 1608 1836 non
1637 1797 1737 1851 po-

1493 1870 1831 1931 HOMILIA
1881 1873 2095 1938 XCIV.

1225 1968 1289 2022 In
1312 1971 1633 2032 reparatione
1662 1972 1890 2025 ecclesia:
1918 1970 2340 2026 Mediolanensis.

1594 2058 1983 2114 ADMONITIO.

199 2156 278 2211 Ut
299 2157 510 2228 jamprin
541 2157 867 2228 praefatione
894 2156 960 2209 ad
1000 2155 1138 2208 hanc
1166 2167 1402 2228 operum
1420 2150 1475 2204 S.
1510 2150 1725 2228 Maximi
1750 2152 2134 2228 collectionem
2163 2154 2416 2228 diximus,
2444 2154 2680 2228 homiliae
2699 2155 2856 2224 hujus
2870 2157 3165 2228 pretiosam
3191 2153 3419 2228 acquisi-

121 2219 352 2281 tionefn
399 2219 688 2295 diligentiae
731 2219 1699 2295 studioque,eruditissimi__canonici
1749 2219 2036 2295 Fr‘ancisci
2064 2222 2282 2278 Antonii
2329 2224 2486 2279 Frisii
2531 2219 2807 2295 debemus.
2866 2219 2916 2280 is
2944 2227 3088 2283 enim
3115 2241 3181 2279 ex
3209 2219 3419 2279 duobus

125 2298 474 2375 pervetustis
498 2289 646 2375 'mss.
668 2289 992 2375 "imperiaiis
1030 2293 1263 2375 basilica:
1310 2289 1738 2375 Medioiaiiexisis_
1766 2305 1884 2375 eam
1925 2293 2094 2359 eruit,
2119 2295 2398 2375 pob-isque
2441 2293 2846 2375 perhumaniter
2873 2295 3081 2375 cpitium
3112 2295 3236 2375 fecit
3254 2335 3269 2361 ,
3295 2308 3415 2373 cum

123 2359 414 2431 aliquibus
454 2359 791 2418 variantibus
827 2361 1147 2431 lectionibus
1191 2376 1260 2414 ex
1301 2360 1593 2431 vetustiore
1622 2359 1807 2431 codice
1835 2359 2181 2431 depromptis.
2228 2359 2461 2430 Hujusce
2486 2362 2746 2416 orationis
2773 2359 3046 2431 specimen
3073 2365 3173 2417 sub
3201 2359 3419 2420 nemine

127 2431 192 2487 S.
221 2427 458 2487 Maximi
489 2433 709 2487 dederat
738 2430 1276 2501 Tristanﬁusichalcus
1308 2442 1404 2501 sua
1445 2429 1496 2480 in
1519 2427 2192 2501 Mediolancnsi’ilistoria;
2225 2427 2324 2486 sed
2345 2444 2487 2486 nunc
2511 2431 2741 2500 primum
2772 2427 2979 2501 integra
3009 2433 3064 2486 in
3094 2433 3266 2487 lucem
3294 2447 3420 2501 pro-

126 2503 208 2557 dit
237 2504 590 2571 multumque
617 2500 826 2556 confert
854 2509 912 2557 ut
938 2500 995 2555 S.
1027 2499 1290 2553 Maximus
1319 2498 1508 2567 quinto
1535 2498 1728 2553 saeculo
1758 2497 2004 2561 ﬂoruisse
2028 2502 2405 2556 constituatur.

128 2615 299 2686 315
327 2615 722 2669 ARGUIBNTUI.
746 2611 908 2686 —-_-Et
933 2613 978 2666 si
998 2610 1138 2686 Deus
1167 2608 1732 2686 ρςτηιὶηίεαζὶφιαηάο,
1769 2613 1811 2671 Β
1838 2618 1926 2663 ῑιιι·
1953 2625 2060 2664 non
2095 2620 2119 2648 ι·
2155 2609 2458 2666 difﬁdamus
2488 2620 2858 2682 reparaturum
2891 2613 3047 2668 nobis
3095 2612 3263 2668 Deum
3300 2625 3419 2680 qua:

203 2678 391 2739 ῖεῖυοδ
422 2700 542 2738 suos
583 2684 828 2737 (erumnis
859 2689 907 2735 et
940 2678 1314 2735 calamitatibus
1346 2679 1485 2746 opici
1505 2716 1519 2738 ,
1558 2688 1614 2735 ut
1643 2694 1729 2732 eos

202 2757 445 2824 corrigat
489 2763 539 2806 et
575 2761 804 2824 errantes
850 2751 919 2803 ad
959 2767 1014 2824 se
1041 2761 1264 2824 revocet;
1296 2745 1552 2824 liberalius
1592 2757 1728 2798 atta-

203 2840 334 2876 men
359 2816 475 2892 agit
503 2839 619 2874 cum
645 2823 770 2889 ipsis
788 2860 802 2884 ,
835 2820 1027 2889 quoties
1075 2817 1293 2870 humiles
1335 2827 1383 2867 et
1405 2816 1730 2886 obsequentes

204 2909 330 2945 eum
353 2900 587 2962 quierunt
609 2898 658 2943 et
687 2905 863 2942 amore
885 2895 1277 2958 prosequuntur.

202 3065 381 3119 Multa
407 3073 535 3118 sunt
563 3078 626 3118 ac
653 3061 965 3126 manifesta,
997 3061 1188 3114 fratres
1225 3059 1512 3121 carissimi,
1542 3057 1730 3111 divina:

129 3155 450 3212 severitatis
496 3167 559 3209 ac
606 3154 821 3222 pietatis
869 3152 1154 3221 exempla,
1215 3150 1408 3219 quibus
1454 3148 1731 3201 evidenter

132 3249 415 3317 possimus
456 3245 735 3299 advertere
772 3245 940 3298 Deum
987 3250 1230 3297 nostrum
1278 3239 1528 3294 ineil‘abili
1557 3239 1732 3307 justo-

131 3355 244 3408 que
296 3338 671 3391 moderamine
719 3336 1109 3390 contumaciam
1156 3333 1429 3402 corripere
1471 3331 1730 3400 superbo«

133 3445 288 3491 rum,
328 3437 383 3482 et
411 3427 709 3496 supplicum
738 3441 954 3480 suorum
984 3423 1532 3484 adessemmroribus.
1587 3421 1729 3474 Tan-

131 3535 302 3588 quam
350 3517 578 3572 Creator
617 3517 759 3570 enim
805 3531 1021 3569 suarum
1065 3526 1448 3578 creaturarum,
1478 3520 1730 3579 tanquam

135 3609 405 3663 Dominus
446 3621 666 3661 suorum
694 3613 918 3674 peccata
947 3605 1200 3671 castigat,
1234 3611 1293 3656 ut
1321 3610 1473 3670 pater
1501 3601 1730 3654 ﬁliorum

136 3699 417 3752 tristitiam
443 3697 769 3751 consolatur.
803 3693 1060 3748 Creatura
1082 3693 1225 3746 enim
1245 3692 1385 3745 illius
1412 3705 1595 3744 sumus
1612 3689 1732 3757 jure

135 3797 380 3850 naturai,
413 3787 555 3840 servi
594 3785 710 3853 ejus
739 3798 922 3837 sumus
941 3822 956 3848 ,
1000 3783 1124 3850 quia
1151 3781 1423 3848 sanguinis
1450 3779 1529 3834 sui
1558 3779 1730 3848 pretio

138 3893 239 3932 nos
266 3876 533 3938 redemit;
574 3873 665 3927 ﬁlii
694 3888 908 3935 sumus,
940 3873 1064 3940 quia
1099 3871 1329 3929 cmlestis
1357 3869 1513 3922 nobis
1539 3868 1730 3922 nativi-

1834 2708 2014 2754 nostra
2044 2709 2205 2766 sunt,
2256 2702 2301 2755 si
2331 2717 2430 2756 nos
2459 2703 2511 2755 in
2549 2702 2703 2757 nobis
2742 2713 2862 2771 qua:
2903 2703 3000 2758 Dei
3028 2710 3153 2758 sunt
3191 2717 3416 2772 repare-

1833 2807 1970 2845 mus.
2032 2790 2167 2844 Olim
2210 2803 2441 2859 namque
2487 2807 2606 2847 cum
2645 2806 2902 2847 revocare
2946 2792 3014 2846 ad
3058 2808 3115 2847 se
3162 2791 3418 2846 Dominus

1831 2881 2085 2950 pupulum
2128 2881 2145 2919 ¹
2190 2891 2345 2937 suum
2391 2881 2704 2948 dignaretur
2748 2891 3049 2947 errantem,
3090 2883 3164 2936 ait
3206 2881 3279 2935 illi
3312 2895 3419 2950 per

1833 2975 2150 3043 prephetam
2191 2988 2376 3037 suum,
2407 2973 2629 3027 dicens:
2667 2972 2849 3026 Redite
2882 2974 2952 3026 ad
2979 2991 3085 3037 me,
3119 2983 3167 3025 et
3195 2981 3418 3026 revertar

1831 3062 1901 3115 ad
1927 3079 2012 3116 vos
2045 3062 2298 3132 (Malach.
2331 3079 2405 3126 ιιι,
2439 3062 2513 3132 7).
2547 3062 2602 3115 id
2630 3069 2710 3117 est
2735 3071 2759 3109 ε
2779 3070 3030 3134 revocate
3059 3077 3184 3140 erga
3213 3075 3417 3117 me’vos

1833 3153 1989 3206 ﬁdem
2007 3160 2271 3216 vestram,
2295 3159 2351 3206 et
2378 3163 2478 3219 ego
2499 3166 2675 3206 meam
2697 3152 2848 3206 vobis
2874 3154 3100 3220 gratiam
3130 3153 3412 3222 reparabo.

1835 3241 2058 3295 Reddite
2091 3256 2210 3309 quae
2246 3241 2487 3306 debetis,
2522 3250 2577 3295 et
2604 3241 2803 3309 exigite
2828 3242 2972 3312 quod
2999 3246 3276 3312 promitto.
3310 3247 3417 3298 Au-

1832 3333 1942 3387 dite
1969 3347 2088 3401 quae
2111 3332 2294 3400 jubeo,
2321 3339 2378 3387 et
2403 3329 2594 3387 faciam
2623 3343 2743 3401 quaa
2772 3335 2988 3402 rogatis.
3024 3335 3218 3389 Tollite
3252 3333 3418 3389 oll'en-

1833 3422 2043 3478 sionum
2065 3437 2285 3487 causas,
2318 3429 2373 3476 et
2401 3423 2693 3476 removebo
2722 3423 3031 3477 vindictam.
3073 3423 3413 3492 Quanquam,

1832 3512 2114 3574 carissimi,
2147 3512 2198 3566 in
2221 3511 2348 3580 ipsis
2376 3511 2812 3567 tribulationibus
2840 3513 3053 3576 nostris,
3078 3529 3212 3581 quas
3236 3520 3416 3567 tamen

1833 3602 2176 3671 possibiliter,
2209 3599 2320 3655 Deo
2347 3601 2682 3666 moderante,
2713 3601 3047 3671 pertulimus,
3067 3602 3283 3670 quidam
3315 3603 3413 3656 im-

1831 3692 1989 3761 periti
2020 3692 2177 3744 nimis
2206 3691 2526 3760 interpretes
2547 3689 2779 3755 fuerunt,
2807 3691 3045 3745 dicentes
3071 3711 3083 3744 :
3115 3692 3275 3761 periit
3303 3692 3417 3748 hmc

1834 3781 2054 3844 civitas,
2086 3780 2320 3848 collapsa
2353 3787 2436 3833 est
2464 3779 2731 3844 Ecclesia,
2763 3795 2869 3833 non
2900 3788 2981 3834 est
3003 3780 3112 3849 jam
3142 3796 3302 3835 causa
3333 3782 3414 3835 vi-

1835 3871 2011 3925 vendi.
2062 3871 2175 3924 imo
2212 3884 2373 3924 causa
2411 3867 2492 3923 est
2529 3869 2725 3937 justius
2769 3871 2930 3941 316
2959 3871 3305 3939 sanctiusque
3333 3873 3412 3925 vi-

138 3967 266 4019 tatis
296 3973 637 4020 sacramenta
677 3963 898 4030 largitus
929 3970 1031 4015 est.
1062 3960 1246 4027 Itaque
1274 3965 1519 4017 creatura
1544 3973 1727 4014 sumus
1753 3963 1797 4025 ρ
1831 3959 2016 4024 veudi;
2045 3959 2167 4027 quia
2198 3959 2336 4012 Deus
2365 3958 2722 4027 omnipotens,
2751 3961 2843 4027 qui
2871 3968 3064 4014 cuncta
3085 3961 3199 4015 haec
3219 3974 3413 4028 magna

141 4063 198 4108 ut
225 4064 581 4118 veneremur,
625 4053 766 4107 servi
809 4059 868 4104 ut
894 4059 1226 4113 metuamus,
1265 4049 1356 4102 ﬁlii
1387 4057 1443 4101 ut
1468 4064 1724 4103 amemus.

137 4148 401 4223 Denique.
417 4154 478 4200 ut
504 4145 845 4213 omnipotens
869 4143 1125 4210 Dominus
1145 4143 1276 4194 iram
1307 4140 1494 4195 ﬂendae
1520 4141 1729 4195 desola-

137 4238 302 4291 tionis
330 4235 356 4273 δ
389 4237 517 4290 huic
557 4234 808 4289 Ecclesiae
852 4234 1056 4295 intulit,
1102 4240 1157 4286 et
1195 4241 1253 4286 ut
1289 4233 1730 4286 clementissimus

134 4337 293 4396 pater
330 4328 654 4383 desiderata:
691 4327 1044 4394 reparationis
1075 4332 1292 4394 praestat
1319 4322 1587 4378 eil‘ectum.
1622 4323 1722 4388 Qui

136 4424 195 4468 ut
241 4416 558 4471 ostenderet
603 4415 1051 4481 subsequentibus
1099 4428 1157 4467 se
1204 4412 1535 4480 temporibus
1577 4413 1723 4464 urbis

135 4506 448 4576 huiusmodi
490 4507 679 4562 faciem
709 4507 857 4559 velut
884 4507 1116 4574 reparati
1145 4512 1263 4575 post
1299 4505 1500 4558 obitum
1531 4518 1723 4572 corpo-

136 4595 210 4649 ris
236 4597 579 4650 redditurum
601 4635 616 4659 ,
667 4595 960 4649 Ecclesiam
1010 4603 1135 4648 ante
1180 4609 1360 4667 suam,
1396 4608 1514 4662 quze
1540 4594 1722 4660 utique

135 4697 297 4754 caput
332 4695 420 4741 est
447 4687 700 4751 civitatis,
734 4686 968 4739 rediviva
999 4686 1402 4739 constructione
1428 4685 1714 4753 reparavit.

136 4773 235 4838 Qui
263 4789 398 4842 ergo
440 4775 813 4829 instaurationi
852 4775 1074 4843 collapsi
1114 4774 1304 4842 capitis
1331 4773 1516 4837 adfuit,
1549 4774 1714 4838 dabit,

135 4863 176 4916 si
206 4864 280 4917 ita
308 4880 642 4928 mereamur,
685 4873 744 4918 ut
779 4863 1013 4933 jacentis
1060 4863 1249 4931 capitis
1291 4862 1456 4931 ipsius
1483 4861 1720 4915 membra

136 4963 486 5022 consurgant.
539 4953 646 5007 Aut
685 4968 780 5007 cur
813 4951 1086 5023 dubitetur
1121 4967 1280 5021 posse
1311 4951 1476 5005 Deum
1508 4958 1722 5009 terrena

136 5057 321 5098 eorum
359 5043 704 5098 tabernacula
744 5042 1068 5104 reformare,
1099 5041 1320 5109 quibus,
1353 5041 1397 5093 si
1428 5050 1573 5094 recte
1607 5054 1723 5116 cre-

134 5130 261 5186 dant
298 5141 558 5201 recteque
595 5135 803 5196 vivant,
849 5133 1185 5187 beatissimas
1226 5139 1386 5199 atque
1423 5132 1723 5200 insuspicao

137 5221 265 5280 biles
297 5226 614 5284 mansiones
653 5225 901 5280 daturum
943 5240 1002 5279 se
1039 5224 1306 5294 promittit
1334 5223 1385 5277 in
1415 5224 1589 5278 caelo?
1618 5222 1718 5290 igi-

203 5407 226 5433 ⁶
265 5397 400 5456 Cod,
437 5397 710 5460 Ambros,
742 5395 1090 5465 sanctiﬁcatio
1119 5397 1381 5465 propheta:
1415 5396 1708 5464 susciperet.

202 5467 227 5503 δ
266 5468 400 5521 Cod.
428 5467 551 5519 Vat.
589 5466 743 5530 1277,
776 5483 890 5533 (μω
914 5463 976 5519 in
1003 5463 1224 5532 adventu
1249 5463 1463 5518 Christi.

206 5547 225 5571 ε
269 5536 392 5589 Haec
436 5534 711 5589 adduntur
759 5536 812 5587 in
864 5536 1034 5589 tribus
1082 5535 1394 5588 memoratis
1420 5533 1712 5599 codicibus,

143 5606 322 5670 quibus
349 5619 541 5658 sensus
572 5604 866 5672 perficitur.

203 5673 224 5710 ἀ
263 5673 396 5731 Cod.
430 5671 594 5729 Basil’.
628 5673 870 5737 Mediol.,
905 5674 1053 5736 huius
1077 5671 1345 5729 Ecclesitr.

1832 4063 1954 4102 cum
1981 4048 2181 4116 pietate
2209 4047 2498 4116 dispensat,
2523 4047 2757 4102 hostium
2784 4048 3029 4104 manibus
3060 4047 3084 4084 ιι
3116 4050 3412 4115 civitatem,

1833 4153 1940 4190 non
1970 4150 2090 4203 qum
2118 4136 2172 4188 in
2199 4136 2352 4190 vobis
2379 4143 2486 4200 est,
2516 4136 2608 4190 sed
2645 4137 2948 4193 habitacula
2980 4138 3196 4192 tradidit
3226 4140 3412 4193 civita-

1833 4228 1932 4291 tis;
1958 4241 2058 4280 nec
2088 4225 2381 4280 Ecclesiam
2409 4242 2581 4290 suam,
2614 4243 2732 4296 qua:
2759 4244 2887 4284 vere
2908 4237 2990 4284 est
3018 4227 3256 4285 Ecclesia
3282 4247 3412 4286 con-

1832 4316 1970 4368 sumi
1987 4315 2145 4383 jussit
2174 4316 2463 4386 incendio,
2495 4316 2588 4371 sed
2623 4333 2721 4386 pro
2746 4327 2928 4373 nostra
2953 4321 3297 4390 correptione
3326 4337 3411 4376 re-

1828 4409 2112 4476 ceptacula.
2125 4407 2381 4481 Ecclesia;
2394 4408 2636 4477 permisit
2657 4412 2827 4465 exuri.
2856 4411 2914 4466 lu
2943 4414 3153 4483 populis
3182 4429 3410 4484 namque

1828 4497 2096 4551 civitatem
2117 4537 2132 4563 ,
2165 4505 2220 4552 et
2248 4498 2301 4551 in
2332 4499 2488 4567 plebe
2517 4497 2809 4556 Ecciesiam
2841 4502 3018 4558 nullus
3044 4503 3284 4573 sapiens,
3318 4514 3411 4559 aut

1829 4586 1998 4641 ﬁdelis
2026 4587 2254 4655 ignorat.
2286 4587 2514 4658 Propter
2539 4589 2701 4658 quod,
2733 4590 3011 4656 carissimi,
3045 4609 3152 4647 non
3179 4594 3324 4662 tigna
3357 4604 3409 4649 et

1826 4679 2035 4741 trabes,
2061 4677 2157 4731 sed
2185 4693 2281 4732 vos
2310 4682 2422 4733 Deo
2451 4688 2635 4734 nostro
2660 4681 2833 4735 vivam
2859 4685 3193 4752 praesentatis
3219 4685 3408 4740 Eccle-

1823 4769 1986 4832 siam;
2035 4783 2134 4823 vos
2181 4777 2352 4822 totam
2399 4768 2572 4824 facitis
2619 4771 2892 4825 civitatem
2937 4782 2992 4825 et
3038 4775 3159 4829 ideo
3208 4775 3259 4828 in
3293 4775 3405 4844 ipsa

1824 4857 2037 4913 familia:
2074 4873 2184 4912 suae
2230 4858 2526 4913 oil‘ensione
2572 4861 2837 4929 propitius
2885 4861 3025 4916 Deus
3053 4864 3132 4919 sic
3156 4863 3404 4917 universa

1823 4948 2070 5017 dignatus
2097 4957 2179 5005 est
2208 4958 2536 5034 temperare,
2569 4961 2628 5004 ut
2649 4961 2708 5006 et
2731 4952 2898 5005 multa
2921 4962 3107 5007 nostra
3134 4970 3238 5008 non.
3261 4966 3408 5009 esset

1825 5038 2076 5107 iniquitas
2099 5079 2112 5103 ,
2163 5047 2218 5093 et
2263 5040 2686 5110 supplicantibus
2732 5042 2900 5095 servis
2955 5043 3068 5097 suis
3118 5042 3406 5097 salutifera:

1825 5130 2250 5185 conversationis
2300 5139 2540 5198 tempore
2586 5130 2885 5197 largiretur.
2964 5130 3095 5183 Nam
3142 5129 3406 5186 beneﬁcio

1823 5220 2037 5290 pietatis
2066 5221 2200 5289 ejus,
2237 5227 2361 5289 post
2389 5227 2602 5273 tantum
2626 5231 2677 5273 et
2706 5229 2811 5273 tam
2843 5219 3066 5285 lugubre
3097 5220 3225 5273 illud
3254 5222 3375 5273 exci

1896 5405 1917 5430 ε
1958 5395 2100 5447 idem
2131 5394 2274 5457 cod.,
2303 5408 2405 5446 non
2424 5392 2736 5456 diﬁidantur.

1900 5461 1916 5500 ί
1960 5463 2098 5515 idem
2128 5461 2246 5516 cod.
2281 5460 2478 5515 omittit
2508 5475 2676 5512 suum.

1897 5541 1920 5576 ε
1960 5530 2106 5584 idem
2135 5529 2284 5595 cod.,
2314 5537 2574 5580 renovate.

1897 5598 1920 5635 δ
1958 5599 2100 5653 idem
2131 5598 2274 5664 cod.,
2301 5613 2404 5650 non
2431 5597 2851 5663 civitatem,un
2879 5596 2929 5645 in
2963 5597 3097 5647 vobis
3128 5606 3222 5646 est.
