3910 6238
558 299 645 350 ΠΒ
1165 330 1169 334 -
1720 297 1793 352 νδ.
1834 294 2078 351 MAXIM!
2118 294 2146 347 'I

2250 294 2562 356 lRINENSIS
3732 292 3822 342 «'73

561 411 700 466 dium
724 454 737 478 ,
788 428 915 469 ecce
957 426 1194 468 summus
1234 408 1484 465 sacerdos
1511 424 1639 465 suus
1667 418 1805 464 astat
1832 410 2130 473 incolumis,
2163 414 2209 468 Α
2238 411 2435 467 dictam
2481 429 2607 483 erga
2652 430 2752 469 nos
2796 430 2946 469 suam
2995 414 3248 468 Dominus
3282 412 3625 481 temperavit,
3658 420 3717 462 ut
3748 412 3820 459 di-

561 506 734 560 rlerus
786 506 1011 573 integer,
1057 512 1112 557 et
1149 504 1299 572 plebs
1328 503 1439 572 ipsa
1464 541 1479 566 ,
1530 503 1655 557 licet
1688 503 1786 557 sub
1823 502 2135 571 quotidiano

561 595 731 649 adhuc
760 605 926 661 metu,
955 606 1009 650 et
1036 603 1225 649 incesta
1257 596 1460 655 \ivens,
1487 602 1662 648 tamen
1685 594 1737 647 in
1762 594 2003 647 libertate
2023 608 2138 660 per-

562 685 731 738 durat.
760 685 875 740 Non
898 700 1023 754 ergo
1054 701 1193 738 nunc
1224 683 1455 739 Ecclesia
1480 693 1726 753 reparata
1756 692 1855 747 est,
1885 698 2002 750 quae
2027 682 2137 735 Deo

566 783 884 843 protegente
910 790 1014 828 non
1045 776 1231 844 periit,
1273 774 1369 828 sed
1397 776 1632 843 parietes
1660 782 1715 826 et
1742 782 1877 826 tecta
1910 773 2021 827 lnec
2046 786 2139 824 ve-

568 879 731 922 stram
763 884 877 933 vos,
908 869 998 937 qui
1021 868 1114 922 Dei
1136 868 1264 922 estis
1281 866 1535 929 Ecclesia,
1558 866 1851 935 recepistis.
1882 864 1983 917 Vos
2004 864 2138 916 enim

563 959 704 1022 estis,
739 965 797 1011 ut
824 958 897 1011 ait
928 958 1231 1027 Apostolus,
1268 958 1507 1026 temptant
1536 955 1633 1009 Dei
1654 958 1747 1009 vim"
1772 954 1857 1022 (Il
1884 952 2001 1007 Cor.
2035 956 2132 1023 ιιι).

570 1047 718 1103 Unde
748 1048 1081 1102 advertimini
1102 1089 1116 1112 ,
1148 1047 1356 1111 fratres,
1387 1047 1508 1115 quia
1541 1062 1660 1101 cum
1682 1046 1916 1115 peccatis
1944 1044 2139 1099 nostris

564 1139 632 1191 de
662 1140 819 1192 nobis
844 1146 985 1192 esset
1025 1137 1155 1191 ultio
1179 1136 1321 1205 justa
1365 1135 1662 1205 poscenda,
1705 1135 2030 1200 benignitate
2067 1134 2138 1201 pii

566 1227 756 1295 iudicis
792 1245 898 1281 non
938 1228 1037 1295 ipsi
1068 1243 1197 1289 nos,
1228 1226 1319 1280 sed
1358 1241 1420 1280 ea
1446 1241 1565 1294 qua:
1601 1234 1781 1279 nostra
1807 1224 2136 1285 videbantur,

568 1325 661 1370 aut
684 1318 864 1386 pnedo
892 1317 1134 1385 diripuit,
1176 1323 1266 1368 aut
1294 1316 1414 1382 igne
1444 1315 1689 1383 ferroque
1716 1322 2025 1381 consumpta
2047 1328 2141 1382 pe-

568 1408 790 1460 rierunt.
851 1406 941 1461 Sic
979 1422 1356 1475 nonnunquam
1404 1422 1500 1475 pro
1548 1414 1753 1459 terrore
1800 1412 1985 1457 nostro
2032 1404 2139 1455 cle—

569 1506 779 1549 menter
826 1496 1006 1558 nobis,
1060 1496 1365 1563 indignante
1404 1495 1541 1555 Deo,
1590 1503 1642 1548 et
1678 1495 1815 1548 corio
1853 1492 2142 1546 tremendis

568 1587 787 1654 vocibus
809 1586 1085 1640 intonante
1104 1624 1119 1647 ,
1144 1594 1201 1639 et
1225 1601 1393 1639 sacra:
1414 1584 1557 1638 (edes
1584 1585 1879 1651 domusque
1901 1582 2137 1650 privata,

568 1678 830 1745 pecudum
874 1691 1061 1744 greges
1100 1687 1154 1729 et
1196 1676 1404 1729 diversa
1431 1675 1824 1745 quadrupedia,
1859 1674 2152 1750 fructuosae

2239 506 2405 559 versis
2435 505 2653 559 urbibus
2676 543 2691 569 ,
2733 506 2948 558 vastatis
2976 505 3117 571 agris
3156 504 3547 570 imminutaque
3573 501 3822 553 substan-

2240 596 2343 657 tia,
2397 612 2495 649 nec
2540 596 2732 649 animae
2778 604 3008 659 nOSlﬁB,
3056 609 3156 648 nec
3201 608 3430 662 corpora
3477 591 3819 645 lmderentur.

2240 687 2439 741 Idcirco
2469 697 2649 741 autem
2681 688 2858 753 magni
2900 688 3041 741 illius
3079 684 3180 739 Job
3224 684 3512 753 putredine
3557 681 3819 735 vermium

2240 787 2554 846 corruptum
2585 795 2782 847 corpus
2811 779 3110 843 inhorruit;
3140 778 3263 846 quia
3288 777 3375 828 ille
3403 776 3489 828 vir
3518 774 3675 828 fortis
3705 788 3824 841 pro-

2240 867 2466 921 babatur
2490 867 2555 921 ad
2583 868 2806 936 gloriam
2826 910 2839 931 ,
2874 884 2971 922 nos
2995 883 3126 922 vero
3159 875 3215 921 ut
3244 864 3439 918 inﬁrmi
3474 864 3826 917 servabamur

2240 957 2305 1009 ad
2336 957 2581 1024 gratiam.
2616 958 2691 1011 Ac
2729 957 2952 1025 proinde
2983 972 3091 1010 non
3121 954 3451 1022 ambigamus
3476 968 3634 1021 posse
3671 949 3829 1003 nobis

2240 1045 2405 1098 Deum
2446 1046 2779 1114 posterisque
2820 1046 3014 1099 nostris
3060 1044 3254 1097 amissa
3285 1056 3560 1111 reparare,
3592 1056 3720 1093 eum
3754 1038 3826 1088 νῦν

2239 1138 2487 1198 deamus,
2539 1134 2847 1190 fidelissimo
2882 1135 3013 1199 Job,
3044 1135 3185 1188 victo
3209 1140 3388 1185 tamen
3417 1130 3658 1191 diabolo,
3697 1143 3828 1180 con-

2240 1229 2535 1296 gcminatas
2563 1243 2720 1296 opes,
2773 1235 3030 1280 renovata
3077 1226 3328 1294 pignora,
3379 1231 3437 1276 et
3476 1220 3827 1274 suavissimam

2241 1317 2484 1384 corporis
2513 1316 2627 1383 ejus
2656 1317 2863 1384 plagam
2894 1315 3124 1367 mirabili
3151 1313 3380 1367 sanitate
3408 1319 3665 1364 curatam.
3725 1307 3831 1360 Ita-

2242 1422 2346 1474 que
2379 1404 2402 1442 (¹
2436 1409 2818 1474 congruentius
2839 1422 2901 1459 ac
2922 1404 3221 1460 necessarie
3243 1403 3331 1456 hic
3358 1402 3439 1454 vir
3463 1399 3827 1454 beatissimus.

2242 1497 2543 1567 summique
2591 1497 2682 1551 Dei
2712 1497 2963 1551 sacerdos
3002 1494 3264 1548 Eusebius
3302 1492 3612 1548 uobiscum,
3643 1495 3702 1541 et
3733 1501 3831 1553 pro

2244 1588 2398 1641 nobis
2429 1586 2735 1641 Davidicum
2762 1586 2887 1639 illud
2936 1598 3131 1638 canere
3162 1593 3185 1620 ε
3216 1581 3281 1635 ad
3322 1582 3489 1634 Deum
3520 1586 3719 1647 potest,
3745 1576 3829 1626 di-

2244 1692 2409 1730 cens:
2443 1675 2581 1729 Deus
2626 1678 2779 1727 ritum
2820 1691 2984 1726 meam
3036 1673 3265 1724 nuntiari
3313 1669 3435 1731 tibi,
3489 1667 3698 1736 posuisti
3748 1665 3822 1715 la-

570 1781 635 1820 ac
655 1766 865 1821 steriles
893 1768 1133 1831 arbores,
1168 1780 1325 1834 rupes
1355 1779 1417 1819 ac
1444 1766 1585 1819 celsa
1613 1766 1872 1818 montium
1902 1765 2007 1818 ictu
2038 1762 2139 1816 ful-
2174 1769 2215 1825 Β
2242 1782 2441 1834 crymas
2488 1782 2625 1818 meas
2673 1766 2723 1816 in
2773 1772 3040 1831 conspectu
3084 1772 3169 1815 tuo
3208 1759 3376 1831 (Psal.
3414 1759 3521 1821 ιν).
3567 1757 3742 1827 318
3777 1753 3830 1805 Id

570 1856 772 1910 minum
796 1856 1121 1924 jaculantur.
1163 1855 1231 1908 Et
1267 1864 1324 1909 ut
1352 1871 1541 1909 sensus
1570 1854 1740 1909 nostri
1765 1862 2147 1909 convertantur

569 1943 637 1997 ad
664 1944 831 1999 Deum
860 1952 1149 2012 nostraque
1173 1945 1281 1998 vita
1308 1944 1564 2007 salvetur,
1596 1944 1682 1997 illa
1705 1958 1803 2013 pro
1824 1942 1997 2006 nobis,
2027 1958 2145 2011 quae

570 2041 661 2087 aut
687 2049 844 2088 sensu
874 2041 1057 2088 carent
1081 2042 1173 2087 aut
1198 2034 1377 2087 vivere
1406 2048 1463 2087 se
1484 2034 1746 2096 nesciunt,
1781 2032 2141 2086 fulminantur.

570 2125 737 2191 Quam
764 2125 971 2193 placida
1001 2126 1114 2179 btec
1142 2125 1395 2188 vindicta,
1436 2133 1491 2178 et
1518 2139 1678 2193 quam
1702 2132 1921 2193 paterna
1943 2122 2009 2176 de
2035 2123 2147 2192 pie-

572 2226 681 2270 tate
726 2215 1088 2270 descendens!
1140 2216 1245 2269 Nos
1283 2214 1667 2283 delinquimus,
1701 2224 1756 2267 et
1780 2214 1971 2268 cmlum
1998 2212 2149 2267 sevit

572 2306 623 2359 in
652 2305 913 2375 pecudes,
947 2320 1044 2358 nos
1074 2304 1342 2358 flammam
1371 2320 1659 2365 meremur,
1700 2304 1861 2357 arbor
1884 2303 2144 2365 exuritur,

572 2412 669 2451 nos
698 2394 977 2464 plectenda
1006 2408 1322 2463 peccamus,
1360 2402 1416 2447 et
1452 2408 1581 2447 saxa
1610 2408 1709 2462 pro
1739 2392 1893 2446 nobis
1919 2392 2149 2446 subeunt

572 2487 848 2541 ultionem.
879 2485 1149 2557 Interdum
1171 2498 1300 2537 sane
1329 2483 1512 2553 aliqui,
1541 2483 1608 2536 de
1635 2483 1827 2552 quibus
1848 2484 1919 2536 ita
1947 2481 2148 2535 discer—

572 2576 651 2628 nit
679 2574 836 2636 Deus,
866 2573 1166 2627 adumbrati
1188 2572 1562 2626 examinantur
1589 2580 1647 2624 ut
1674 2571 1935 2625 homines.
1969 2571 2147 2624 Primo

573 2664 810 2717 omnium
842 2672 865 2698 υ
895 2661 1325 2731 delinquentibus
1361 2676 1469 2714 non
1500 2661 1568 2714 sit
1596 2661 1847 2715 continua
1877 2660 1944 2714 de
1972 2660 2146 2728 impu-

573 2752 739 2805 nitate
768 2751 1044 2805 securitas.
1078 2749 1281 2803 Deinde
1313 2757 1372 2803 ut
1400 2750 1733 2819 peccantium
1756 2749 2145 2802 multitudinem

572 2842 806 2907 corrigat
850 2856 1007 2909 paena
1055 2854 1365 2908 paucorum.
1417 2840 1551 2905 Quis
1594 2855 1701 2893 non
1743 2840 1967 2893 miretur
2004 2840 2147 2893 illam

574 2939 773 2985 tantam
797 2930 1250 2999 dispensationem
1282 2930 1373 2983 ira:
1394 2930 1626 2983 caelestis
1654 2936 1707 2982 et
1733 2930 1955 2996 gratire?
1977 2929 2153 2996 Quan-

575 3022 890 3089 doquidem,
925 3022 1140 3089 irruptis
1182 3021 1373 3083 muris,
1414 3030 1652 3073 armatos
1680 3021 2022 3089 furentesque
2047 3022 2148 3074 ho-

2247 1864 2348 1917 est,
2377 1867 2477 1920 ego
2506 1854 2601 1907 tibi
2631 1854 2856 1906 Domine
2884 1867 3003 1906 mea
3032 1866 3149 1905 sum
3181 1858 3398 1918 peccata
3429 1846 3703 1903 confessus
3725 1886 3741 1908 ,
3776 1854 3831 1895 tu

2244 1952 2391 1997 tuam
2417 1942 2841 1996 misericordiam
2884 1956 2989 1995 non
3021 1940 3247 2007 negasti.
3283 1937 3512 1991 Probavi
3536 1934 3830 2004 judicantis

2243 2048 2553 2097 censuram;
2578 2034 2804 2100 gratiam
2830 2032 3101 2101 parcentis
3118 2046 3370 2099 agnoseo.
3406 2029 3657 2083 Mozrores
3676 2042 3828 2080 meos

2246 2140 2310 2178 ac
2357 2124 2623 2177 tristitiam
2671 2124 2844 2193 plebis
2891 2132 2997 2177 tua:
3046 2123 3099 2176 in
3149 2121 3578 2191 peregrinatione
3613 2119 3824 2179 deﬂevi,

2246 2214 2340 2267 sed
2370 2212 2629 2283 la'crymas
2663 2213 2680 2251 ί
2714 2228 2743 2265 a
2766 2222 2819 2267 te
2845 2212 3229 2281 measgaudeo
3253 2228 3355 2265 non
3384 2228 3504 2267 esse
3531 2212 3823 2279 despectas.
3850 2236 3857 2245 -

2248 2303 2551 2357 Convertisti
2597 2305 2735 2356 enim
2781 2302 3034 2367 Domine,
3067 2311 3124 2356 ut
3152 2303 3227 2355 ait
3254 2302 3537 2371 propheta,
3570 2302 3823 2370 planctum

2246 2411 2412 2447 meum
2431 2395 2484 2446 in
2504 2395 2750 2464 gaudium
2779 2394 2905 2446 mihi
2935 2393 3105 2462 (Psal.
3132 2396 3302 2458 xxix).
3345 2391 3605 2459 Expulisti
3633 2404 3715 2442 me
3742 2388 3823 2440 of.

2249 2485 2447 2546 fensus,
2483 2493 2539 2539 et
2558 2486 2822 2554 propitius
2848 2483 3126 2538 reduxisti.
3176 2482 3309 2543 Imo,
3338 2491 3396 2535 ut
3424 2482 3605 2535 verius
3632 2481 3821 2538 dicam,

2248 2577 2515 2647 propitius
2560 2576 2851 2644 expulisti,
2899 2590 2966 2629 ne
3012 2576 3064 2627 in
3111 2575 3233 2629 loco
3264 2582 3466 2627 temere
3513 2585 3825 2642 permanens

2248 2666 2518 2720 miseriam
2555 2666 2879 2734 captivitatis
2914 2666 3260 2718 incurrerem.
3303 2674 3327 2709 ις
3372 2662 3528 2729 Quod
3567 2663 3824 2719 merebar.

2250 2758 2479 2813 obtinui.
2530 2756 2727 2811 Refero
2773 2757 2956 2823 itaque
2992 2763 3209 2809 aeterna:
3251 2754 3435 2822 gloria:
3474 2764 3579 2807 tua:
3629 2752 3825 2807 debitas

2250 2851 2471 2919 gratias,
2501 2849 2625 2918 quia
2656 2855 2897 2902 sanctam
2923 2846 3063 2901 hanc
3084 2846 3299 2900 domum
3326 2855 3503 2909 tuam,
3546 2860 3704 2915 quam
3732 2857 3825 2895 no-

2251 2940 2377 2994 stris
2403 2940 2609 2992 meritis
2657 2937 2807 2991 furor
2852 2937 3112 2990 barbarus
3168 2937 3563 3005 complanavit,
3610 2951 3706 3004 per
3747 2947 3825 2985 me

2252 3044 2463 3083 servum
2494 3036 2646 3081 tuum
2683 3027 2931 3095 dignatus
2958 3041 3017 3079 es
3043 3040 3315 3095 reparare,
3342 3034 3398 3078 et
3417 3024 3827 3095 congregatione

575 3119 685 3165 stes
707 3152 720 3175 ,
755 3111 936 3179 populi
982 3110 1215 3165 inermes
1239 3151 1254 3174 ,
1300 3118 1360 3163 ut
1388 3111 1705 3164 velocissimi
1755 3112 1961 3178 equites
1989 3112 2145 3181 317

2253 3121 2490 3188 dispersa
2532 3120 2704 3187 plebis
2734 3127 2866 3182 tuae,
2915 3120 3048 3170 meis
3077 3132 3219 3170 nunc
3242 3117 3412 3170 oculis
3436 3115 3731 3179 reddidisti,
3753 3120 3824 3163 at-

579 3201 727 3254 tarda
759 3209 918 3268 atque
948 3214 1113 3253 onere
1141 3208 1357 3266 gravata
1384 3216 1482 3253 suo
1514 3200 1888 3268 trepidantium
1915 3200 2151 3268 plaustra

576 3291 842 3360 fugerunt.
892 3290 962 3344 Et
1006 3290 1222 3358 quidem
1267 3290 1542 3344 nonnullis
1584 3291 1650 3344 de
1689 3290 1855 3349 clero,
1881 3300 1972 3343 aut
1999 3292 2154 3359 plebe

576 3382 834 3436 evadendi
872 3390 964 3435 aut
998 3380 1323 3450 possibilitas
1342 3379 1538 3444 defuit,
1570 3388 1663 3433 aut
1689 3380 1957 3434 voluntas.
2003 3381 2151 3446 Quo-

578 3491 694 3529 rum
723 3476 845 3527 vitze
884 3474 1177 3541 mortisque
1209 3472 1347 3526 ratio
1376 3470 1558 3525 divino
1587 3478 1671 3525 est
1697 3472 2045 3539 relinquenda
2067 3471 2155 3538 ju-

577 3565 741 3618 dicio.
790 3563 1145 3617 Consolemur
1190 3576 1288 3615 nos
1334 3561 1540 3629 itaque,
1590 3560 1809 3624 fratres,
1857 3577 1957 3615 nec
1987 3578 2155 3629 usque

579 3654 607 3692 ιν
633 3652 766 3705 adeo
797 3653 1128 3720 suspiremus
1171 3651 1437 3718 collapsas
1470 3665 1587 3703 esse
1606 3650 1820 3714 domos,
1853 3651 1976 3720 quia
2006 3652 2154 3704 vide-

580 3760 701 3797 mus
731 3744 1125 3811 reparationem
1149 3742 1431 3794 domorum
1461 3743 1512 3794 iu
1544 3743 1773 3795 dominis
1802 3753 2147 3796 reservatam.

582 3833 924 3901 Completum
976 3840 1077 3892 est,
1109 3839 1167 3883 ut
1216 3841 1470 3899 apparet,
1501 3832 1660 3884 etiam
1689 3832 1741 3885 in
1774 3833 1928 3885 nobis
1957 3847 2155 3902 prince-

579 3932 731 3993 ptum
762 3922 892 3975 illud
940 3920 1149 3975 Domini
1195 3920 1263 3974 de
1300 3935 1456 3975 servo
1504 3935 1603 3974 suo
1629 3920 1765 3985 Job;
1813 3937 1933 3975 cum
1963 3930 2155 3991 agente

576 4016 833 4070 adversus
852 4030 974 4069 eum
1004 4014 1239 4077 diabolo,
1272 4012 1555 4065 terminum
1582 4023 1803 4081 poneret
1832 4028 2155 4082 persequen-

579 4108 656 4160 di.
708 4108 797 4160 Ait
826 4109 966 4160 enim
1013 4106 1109 4168 illi,
1138 4107 1276 4159 sicut
1304 4105 1495 4171 legitur
1520 4123 1531 4155 :
1564 4105 1752 4158 Omnia
1773 4121 1886 4174 qua:
1915 4104 2063 4157 habet
2091 4105 2156 4157 do

576 4201 631 4252 in
658 4214 841 4251 manus
872 4206 1015 4260 tuas;
1046 4195 1137 4247 sed
1171 4196 1336 4262 ipsum
1370 4210 1434 4245 ne
1471 4202 1655 4263 tangas
1683 4193 1821 4263 (Job.
1856 4205 1917 4261 t).
1966 4193 2029 4246 Et
2057 4195 2155 4249 ite-

577 4305 695 4343 rum
721 4306 733 4341 :
756 4287 893 4341 Ecce
914 4288 1064 4341 trado
1082 4287 1229 4339 illum
1256 4283 1377 4348 tibi;
1407 4293 1606 4337 tantum
1627 4284 1691 4336 ab
1714 4286 1889 4338 anima
1908 4287 2018 4356 ejus
2050 4297 2073 4325 ο
2106 4295 2155 4339 te

577 4379 799 4434 custodi.
832 4378 950 4445 Qua
975 4377 1220 4445 jussione
1240 4376 1486 4431 inimicus
1514 4384 1758 4445 accepta,
1793 4376 1997 4444 ['erdita
2028 4394 2156 4432 con-

2254 3227 2358 3280 que
2397 3210 2450 3262 in
2508 3217 2601 3263 tuo
2647 3209 2863 3261 nomine
2909 3206 3217 3259 dedicamus
3261 3205 3329 3259 de
3376 3205 3651 3258 veteribus
3678 3215 3824 3262 nova,

2256 3313 2310 3356 et
2357 3304 2454 3356 sub
2499 3302 2727 3367 quadam
2774 3297 3185 3353 resurrectionis
3231 3298 3412 3364 specie
3461 3297 3512 3348 in
3562 3294 3822 3361 antiquum

2256 3391 2508 3445 verticem
2530 3389 2805 3458 speculum
2836 3388 3019 3455 templi
3050 3386 3207 3454 hujus
3227 3386 3441 3439 culmen
3472 3393 3709 3438 erectum
3732 3389 3820 3433 est.

2255 3481 2343 3534 Sic
2373 3481 2459 3533 ille
2489 3479 2811 3533 lsraeliticus
2836 3476 3105 3546 quondam
3136 3477 3366 3544 populus
3387 3515 3402 3537 ,
3450 3483 3637 3529 exusta
3684 3471 3822 3526 Jeru-

2254 3572 2416 3625 salem
2445 3570 2752 3639 temploque
2781 3570 3059 3629 subverso,
3093 3568 3144 3619 in
3184 3566 3535 3637 Babyloniam
3564 3565 3819 3633 regionem

2256 3663 2496 3731 captivus
2543 3660 2800 3713 adductus
2824 3702 2838 3725 ,
2889 3667 3037 3713 certa
3074 3667 3198 3727 post
3235 3667 3480 3725 tempora
3519 3656 3582 3709 ad
3612 3655 3820 3725 patriam

2255 3762 2538 3805 revocatus
2581 3750 2755 3802 solum
2806 3759 2860 3801 et
2902 3750 3085 3801 urbem
3120 3762 3272 3800 suam
3303 3748 3605 3801 construxit
3629 3754 3682 3799 et
3710 3754 3822 3796 tem.

2254 3841 2421 3910 plum.
2452 3839 2723 3893 Conserva
2749 3851 2877 3904 ergo
2892 3837 3027 3906 jam,
3051 3836 3305 3897 Domine,
3337 3836 3481 3905 quod
3504 3845 3747 3904 operatus
3772 3846 3822 3883 es

2256 3933 2310 3985 in
2337 3932 2508 3985 nobis.
2539 3928 2867 3997 Propitiare,
2902 3928 3156 3991 Domine,
3180 3941 3375 3995 parce,
3402 3924 3659 3990 Domine,
3687 3923 3818 3977 salva

2256 4024 2548 4093 populum,
2579 4030 2637 4074 et
2681 4020 2906 4074 benedic
2952 4018 3319 4072 hzereditatem
3369 4025 3544 4079 tuam;
3590 4032 3657 4070 ne
3694 4014 3817 4067 ultra

2258 4112 2624 4167 dissimulante
2648 4119 2720 4171 te,
2754 4110 2894 4163 Deus
2914 4119 3115 4171 noster,
3147 4108 3215 4161 de
3235 4108 3412 4175 gregis
3435 4108 3512 4160 tui
3541 4105 3819 4175 perditione

2255 4205 2491 4258 ridentes
2520 4202 2692 4254 dicant
2722 4210 2898 4269 gentes
2920 4240 2933 4263 ,
2967 4207 3025 4252 ut
3049 4199 3328 4261 dixerunt,
3364 4197 3461 4251 Ubi
3481 4207 3557 4251 est
3587 4196 3717 4249 Deus
3744 4210 3819 4246 eo-

2258 4312 2373 4349 rum
2412 4293 2583 4363 (Psal.
2626 4292 2886 4361 Lxxvm)?
2918 4290 3013 4345 sed
3050 4291 3188 4346 sicut
3223 4291 3551 4359 indignantis
3589 4304 3710 4358 erga
3738 4300 3821 4341 nos

2262 4384 2495 4437 vindicta
2538 4397 2643 4435 non
2696 4381 2905 4447 defuit,
2951 4382 3025 4435 ita
3082 4382 3239 4435 nobis
3280 4381 3625 4450 propitiantis
3669 4380 3821 4447 pietas

578 4468 730 4523 tinuo
759 4468 905 4523 omni
945 4466 1063 4535 ejus
1106 4466 1433 4527 substantia,
1460 4466 1877 4534 exulcerataque
1905 4483 2151 4537 corpore,
2188 4449 2234 4507 ί)
2262 4480 2597 4543 perseveret;
2643 4480 2931 4541 pra:stante
2976 4471 3204 4526 Domino
3232 4480 3422 4526 nostro
3440 4471 3568 4524 Jesu
3606 4469 3819 4530 Christo,

578 4560 647 4615 ab
675 4560 868 4613 animae
894 4574 952 4613 se
982 4565 1187 4611 tantum
1216 4557 1333 4625 ejus
1361 4558 1580 4611 lzesione
1608 4558 1905 4627 suspendit.
1945 4550 2153 4624 Videte,

581 4650 911 4705 dilectissimi
929 4688 945 4715 ,
975 4656 1236 4719 quantum
1263 4648 1535 4716 fragilitati
1563 4656 1762 4703 nostra:
1788 4663 2015 4712 parcens
2042 4652 2161 4705 vin-

2260 4568 2502 4637 quicum
2549 4564 2710 4619 Patre
2755 4571 2810 4618 et
2856 4564 3056 4633 Spiritu
3101 4572 3287 4619 saneto
3327 4564 3463 4618 vivit
3490 4572 3546 4618 et
3572 4559 3817 4632 regnatin

2263 4655 2457 4710 saacula
2482 4654 2813 4708 saeculorum.
2846 4651 3037 4706 Amen.

1929 4764 2270 4827 HOMILIA
2311 4768 2497 4830 XCV.

973 4865 1048 4919 De
1073 4866 1314 4930 auaritia,
1338 4872 1387 4918 et
1407 4866 1472 4919 de
1496 4882 1557 4920 eo
1584 4864 1722 4937 quod
1750 4868 1995 4937 scriptum
2023 4877 2118 4931 est,
2150 4869 2265 4921 Act.
2289 4886 2407 4938 cap.
2437 4885 2487 4922 tv
2510 4886 2524 4919 :
2556 4867 2723 4920 Erant
2748 4868 2821 4920 eis
2850 4868 3025 4921 omnia
3052 4868 3363 4921 communia.
3397 4866 3445 4919 I.

2017 4955 2406 5011 ADMONITIO.

650 5046 812 5128 319
836 5046 1127 5128 Scripsisse
1170 5046 1227 5099 S.
1274 5046 1565 5127 Maximum
1603 5046 1678 5128 de
1714 5046 1938 5128 avaritia
1985 5052 2215 5128 testatur
2244 5044 2566 5128 §ennadius
2590 5085 2603 5105 .
2648 5043 2966 5128 eamquead
2984 5056 3109 5128 rem
3138 5049 3385 5128 spectant
3412 5041 3530 5128 duas

3556 5046 3809 5109 sequentes

581 5106 892 5173 con—cioiies.
933 5106 1328 5182 A'manuenses,
1358 5117 1449 5185 qui
1479 5117 1533 5171 in
1561 5123 1783 5169 auctore
1811 5116 2145 5185 designanda
2174 5130 2204 5167 a
2241 5106 2519 5167 Gennadio
2551 5106 3021 5185 nondissentiunt,
3045 5106 3355 5185 dissimilem
3386 5106 3645 5185 exhibent
3662 5106 3807 5185 homi-

580 5189 663 5241 lia:
693 5188 922 5239 titulum.
974 5186 1356 5240 Ambrosianus
1400 5186 1571 5241 codex

1614 5176 2054 5255 antiquissimis:
2104 5184 2182 5255 De
2227 5186 2426 5255 unitate
2472 5184 2705 5255 caritatis
2750 5182 3021 5255 homiliam
3079 5180 3348 5255 inscribit,
3395 5176 3806 5255 quemadmodum

582 5256 756 5310 codex
797 5256 865 5307 99
907 5250 964 5307 S.
997 5254 1183 5309 Crucis
1210 5255 1265 5308 in
1292 5254 1587 5309 Jerusalem
1618 5248 1833 5307 homilia
1863 5252 1960 5319 62,
1989 5262 2042 5307 et
2066 5254 2238 5308 codex
2268 5270 2320 5307 ιν
2362 5253 2752 5306 Laurentianus
2779 5248 2917 5303 Plut.
2951 5266 3018 5303 xx
3047 5264 3168 5321 pag.
3197 5248 3305 5321 252
3331 5248 3554 5321 ater-go,
3575 5248 3804 5321 quiesm-

581 5326 702 5379 dem
724 5326 780 5378 S.
807 5324 1086 5378 Ambrosio
1131 5325 1331 5378 tribuit.
1375 5322 1601 5378 Codices
1638 5324 1730 5377 alii
1778 5334 1888 5380 tres
1932 5313 2222 5378 Maximum
2266 5331 2543 5377 auctorem
2571 5320 2940 5391 proferentes,
2970 5327 3031 5373 ut
3048 5313 3420 5389 ’Sa'ngallensis
3446 5313 3627 5371 Hemi].
3658 5313 3735 5379 l5,
3757 5313 3801 5362 ὃ.

654 5467 676 5493 ⁸
715 5456 848 5510 Cod.
884 5456 1047 5510 Basil.
1078 5455 1317 5526 Mediol.,
1340 5465 1395 5508 ut
1423 5457 1849 5526 delinquentibus.

654 5529 677 5564 ιι
719 5527 861 5597 Idem
890 5526 1034 5597 cod.,
1066 5543 1098 5577 a
1124 5525 1228 5597 Deo
1256 5525 1593 5597 auspicatius.

657 5610 674 5633 ε
719 5595 861 5649 Idem
886 5595 1013 5649 cod.
1047 5594 1246 5648 omittit
1268 5603 1335 5649 te.

654 5666 677 5701 ά
718 5663 861 5718 Idem
884 5665 1030 5731 cod.,
1061 5680 1281 5734 congrue
1300 5674 1348 5717 et
1374 5668 1672 5719 necessarie.

2338 5464 2361 5491 ε
2401 5453 2543 5507 Idem
2564 5454 2689 5508 cod.
2724 5454 2924 5508 omittit
2950 5452 3019 5505 ad
3039 5450 3224 5506 Deum.

2338 5522 2355 5559 '
2399 5523 2544 5577 Idem
2572 5522 2722 5587 cod.,
2754 5524 3012 5591 lacrumas
3041 5523 3111 5574 ad
3131 5531 3181 5577 te
3198 5537 3358 5591 meas.

2333 5602 2357 5638 ι
2396 5591 2538 5645 Idem
2563 5592 2684 5645 cod.
2706 5633 2719 5653 ,
2751 5587 2900 5656 Quod
2930 5608 3031 5647 non
3062 5590 3299 5644 merebar
3326 5589 3512 5660 agnovi
3531 5629 3547 5654 ,
3578 5587 3700 5660 quod
3721 5599 3801 5637 non

2260 5660 2493 5716 merebar
2515 5661 2733 5716 obtinui.
