3910 6238
121 342 233 395 475
1518 333 1794 388 llOMlLlA
1837 334 1989 388 XCV.
3271 342 3373 395 47-3

118 449 312 525 Crucis
358 448 411 502 in
458 444 773 525 Jerpsalein
799 447 866 501 90
912 449 1096 525 homil.
1151 447 1235 511 15,
1263 455 1341 525 _et
1367 444 1837 525 “Laurentianus:
1861 443 2001 525 Plut.
2019 460 2161 525 “xiv,
2192 444 2463 525 με.ῃόοἉ
2494 447 2571 501 sic
2596 447 2792 525 habent
2821 468 2834 525 :_
2860 450 3052 525 Incipit
3073 455 3135 506 de
3161 472 3219 508 eo
3238 459 3374 525 quod

115 520 373 585 scriptum
398 530 507 571 est:
540 517 705 569 Erant
729 520 799 570 eis
820 520 993 573 omnia
1019 519 1327 571 communia.
1361 516 1542 569 Codex
1570 513 1638 565 90
1666 513 1723 567 S.
1755 513 1942 585 Crucis
1964 513 2115 585 addit
2142 513 2282 567 etde
2307 514 2437 585 Cain
2457 555 2472 579 ,
2499 526 2547 568 et
2574 518 2639 569 de
2665 519 2887 585 nnania.
2920 513 3166 576 Diversus
3194 513 3373 577 tamen

116 591 194 641 ab
226 582 308 640 his
336 589 583 640 omnibus
622 594 703 640 est
731 587 913 639 titulus
940 587 1184 654 praelixus
1214 587 1445 639 sermoni
1476 584 1572 655 sub
1600 599 1745 637 num.
1779 582 1819 636 C
1859 583 2033 655 posito
2064 585 2117 636 in
2145 584 2439 655 appendice
2467 599 2626 655 serat.
2657 584 2712 638 8.
2743 588 3023 655 Augustini
3048 607 3061 642 :
3104 590 3182 643 De
3210 592 3374 645 rerbis

116 661 239 729 iet.
268 673 357 729 tv:
402 655 568 709 Nemo
612 654 997 729 quidquamuea:
1034 673 1093 729 eo
1139 656 1272 725 quod
1284 722 1289 729 ι
1310 654 1795 729 poss’idebatnsuu‘m
1842 654 2107 729 proprium
2137 654 2354 729 dicebat.
2407 653 2734 729 Benedictini
2759 653 3003 729 monachi
3033 675 3282 729 congreg.
3314 662 3373 714 8.

118 725 300 797 Mauri
321 741 571 797 censores
590 720 777 797 optimi
804 725 1042 797 scribunt
1069 720 1209 778 hunc
1235 720 1535 777 sermonem
1566 722 1690 774 olim
1717 722 1885 797 fuisse
1906 720 2279 797 editiunjnter
2304 722 2719 797 Augustinianos
2746 740 2894 777 num.
2920 724 2996 797 15
3027 728 3107 797 De
3129 720 3376 797 (emisre,

116 796 221 849 sed
252 805 440 848 sancto
484 790 690 848 doctori
736 794 1065 859 suppositum
1093 802 1416 861 agnoscunt;
1448 806 1671 857 cumque
1702 790 1983 861 Ambrosio
2013 800 2066 843 et
2094 791 2325 861 Maximo
2355 792 2664 861 attributum
2694 793 3026 860 invenerint,
3052 790 3375 850 adnotarunt

119 864 178 917 in
225 862 405 917 fronte
450 863 711 931 sermonis
755 862 1068 929 Vindingnm
1116 859 1237 930 post
1272 860 1631 931 Lovanienses
1671 874 1890 931 censere
1914 859 2125 931 Maximi
2164 860 2593 931 adjudicandum.
2629 859 2874 931 Profecto
2903 859 3090 917 eorum
3114 865 3373 931 judicium

121 932 441 985 auctoritati
478 929 737 985 Gennadii
779 932 1042 995 innititur,
1082 929 1288 983 necnon
1319 930 1636 983 testimoniis
1679 930 1838 981 trium
1864 930 2107 982 codicum
2135 930 2520 994 vetustiorum,
2549 944 2686 995 quos
2706 930 3025 986 Muratorius
3047 929 3375 988 et‘Mabillo-

124 1003 250 1054 nius
281 1002 390 1067 plut
406 1002 493 1054 imi
522 1000 751 1064 faciunt,
806 1015 991 1067 nempe
1031 994 1364 1067 Ambrosiam
1383 1039 1398 1059 .
1429 998 1812 1067 Sangallensis,
1835 1004 1889 1049 et
1912 995 1980 1049 90
2008 996 2063 1050 8.
2095 997 2278 1051 Crucis
2302 998 2353 1050 in
2381 994 2699 1051 Jerusalem.
2733 998 3012 1055 Manifesta
3034 1014 3163 1066 ergo
3191 1017 3377 1057 errore

122 1065 398 1124 evincitur
441 1069 685 1123 Gillotius
707 1110 721 1133 ,
770 1069 861 1135 qui
910 1065 1049 1121 hunc
1089 1083 1233 1119 num.
1263 1066 1295 1137 9
1322 1082 1482 1118 serm.
1515 1065 1571 1118 8.
1602 1067 1863 1137 Ambrosii
1894 1067 2199 1137 publicavit.
2242 1068 2348 1137 Nos
2368 1067 2655 1137 epigra‘phe
2677 1070 2947 1137 communi
2977 1065 3117 1137 apud
3138 1070 3377 1125 editores

124 1156 207 1209 us:
234 1156 425 1209 sumus
446 1178 461 1202 ,
513 1154 629 1205 qua:
676 1155 705 1191 a
753 1133 1060 1209 melioribus
1098 1136 1611 1209 codicibnsnaccepta
1637 1133 2024 1209 videtur.__llac
2054 1144 2272 1209 utuntur
2299 1134 2588 1204 Gymnicus
2616 1150 2739 1204 pag.
2770 1136 2895 1201 276,
2924 1133 3227 1192 Galesinius
3253 1155 3379 1209 pag.

125 1208 251 1269 173,
282 1201 609 1277 Raynaudus
638 1221 756 1275 pag.
789 1205 911 1270 214,
942 1205 1272 1273 Margarinus
1296 1207 1347 1257 in
1372 1204 1507 1257 Bibl.
1535 1202 1675 1254 Max.
1710 1211 1837 1254 tom.
1871 1201 1958 1263 IX,
1988 1216 2109 1269 pag.
2139 1202 2225 1255 45.

124 1322 524 1374 Αιωυιεκτυμ.
548 1351 617 1359 -
638 1318 847 1387 Confert
876 1317 934 1371 S.
965 1315 1222 1387 Maximus
1244 1312 1558 1367 Christianos
1583 1329 1705 1364 οπο-ο
1734 1318 1778 1372 Α
1809 1312 2086 1379 quisquam
2114 1326 2276 1379 egens
2298 1312 2441 1364 inter
2465 1312 2631 1378 ipsos.
2679 1312 2842 1365 Beata
2872 1312 3031 1379 igitur
3059 1312 3237 1380 plebs,
3261 1327 3381 1381 qua

198 1390 381 1442 rieutis
429 1387 671 1441 Ecclesia.
720 1385 834 1439 cum
880 1385 1114 1454 ﬁdelibus
1165 1400 1371 1437 suorum
1404 1393 1703 1454 temporum.

202 1458 295 1510 Illi
321 1457 505 1524 spiritu
533 1467 580 1508 et
610 1473 663 1508 re
691 1452 934 1523 pauperes
975 1455 1103 1507 nihil
1133 1454 1393 1524 proprium
1412 1490 1426 1513 ,
1471 1452 1560 1502 sed
1592 1466 1703 1524 om-

198 1530 292 1579 nia
323 1519 377 1578 in
406 1543 671 1579 commune
690 1519 983 1576 habebant:
1014 1524 1067 1575 Ιιὶ
1100 1519 1160 1575 de
1188 1522 1349 1573 nimia
1377 1523 1432 1573 in
1461 1519 1706 1589 augendis

202 1597 398 1649 divitiis
428 1594 767 1647 sollicitudine
792 1602 1095 1662 arguuntur,
1132 1600 1181 1644 et
1212 1592 1281 1643 ad
1304 1588 1708 1643 misericordiam

201 1682 329 1733 erga
356 1666 641 1732 indigentes
666 1663 976 1715 excitantur.

202 1755 457 1823 Legimus
498 1754 550 1807 in
598 1754 735 1806 libro
762 1753 853 1820 qui
882 1751 1246 1820 apostolorum
1275 1749 1493 1803 Actibus
1522 1747 1709 1801 inscri—

127 1848 296 1910 bitur,
330 1854 536 1897 tantam
562 1844 660 1896 sub
688 1842 997 1895 memoratis
1026 1841 1150 1894 viris
1177 1841 1513 1894 devotionem
1540 1839 1709 1907 plebis

126 1936 331 1998 fuisse,
382 1934 453 1986 ita
499 1932 680 2002 populi
728 1930 1016 1984 Christiani
1063 1928 1303 1983 ﬂoruisse
1342 1930 1619 1998 primitias,
1652 1934 1709 1979 ut

128 2034 258 2094 post
300 2031 576 2091 acceptam
626 2020 781 2075 ﬁdem
832 2035 990 2074 nemo
1036 2019 1250 2073 domum
1278 2017 1709 2089 propriam'de-

127 2115 412 2178 fenderet,
452 2122 507 2167 et
536 2128 694 2167 nemo
720 2128 873 2166 suum
903 2110 1102 2180 aliquid
1122 2110 1441 2173 vindicaret,
1473 2109 1565 2162 sed
1590 2108 1709 2175 jure

129 2206 493 2261 fraternitatis
540 2212 718 2259 essent
757 2203 859 2257 illis
906 2210 1096 2256 cuncta
1124 2201 1453 2263 communia;
1484 2199 1708 2265 scilicet,

102 2305 191 2350 ἰιι
218 2297 315 2364 qui
344 2295 532 2349 eodem
558 2293 829 2348 consortio
864 2292 1135 2359 religionis
1164 2291 1496 2353 tenebantur,
1521 2287 1708 2341 eodem

130 2384 419 2439 consortio
466 2383 766 2437 fruerentur
809 2391 863 2436 et
924 2384 1064 2446 vita;
1119 2382 1221 2434 hoc
1266 2388 1377 2443 est,
1424 2388 1483 2432 ut
1520 2378 1711 2445 quibus

128 2484 254 2531 erat
300 2488 409 2527 una
457 2472 585 2526 fides
609 2511 623 2533 ,
664 2479 806 2526 esset
839 2480 893 2526 et
928 2487 1033 2525 una
1070 2470 1397 2533 substantia;
1436 2476 1487 2521 et
1521 2467 1712 2537 quibus

131 2574 255 2618 erat
283 2562 583 2617 communis
601 2562 864 2623 Christus,
886 2561 1182 2614 communis
1202 2566 1343 2612 esset
1370 2566 1424 2611 et
1450 2566 1708 2625 sumptus.

1806 1401 1930 1453 dum
1958 1401 2139 1467 plures
2179 1401 2234 1454 in
2277 1399 2490 1454 Christo
2528 1400 2689 1457 habet
2718 1400 2931 1464 divites,
2968 1402 3166 1454 nullum
3197 1402 3249 1454 in
3280 1417 3382 1455 sa!-

1807 1488 1926 1542 culo
1949 1488 2134 1541 habuit
2163 1488 2521 1554 indigentem;
2550 1497 2603 1541 et
2632 1502 2750 1556 qua:
2768 1478 2900 1542 dum
2930 1498 3158 1542 mter-nas
3183 1490 3384 1561 cogitat

1808 1580 2039 1642 divitias,
2075 1594 2105 1631 a
2138 1578 2389 1643 fratribus
2410 1579 2759 1647 temporalem
2784 1580 3384 1648 repulitpaupcrtatem.

1807 1668 2121 1721 Vendebant
2137 1668 2297 1731 enim,
2322 1668 2460 1721 sicut
2489 1668 2565 1720 ait
2592 1666 2867 1736 Scriptura
2892 1668 3309 1737 (Ibid.),pra:dia
3333 1677 3388 1723 et

1808 1759 1998 1812 domos
2020 1774 2160 1819 suas,
2193 1766 2247 1811 et
2274 1759 2441 1825 pretia
2464 1758 2797 1811 venditorum
2825 1768 2950 1812 ante
2972 1760 3133 1825 pedes
3174 1766 3388 1826 aposto-

1808 1852 1978 1904 lorum
2000 1849 2305 1917 portabant,
2329 1854 2385 1900 ut
2404 1857 2690 1913 erogarent
2722 1856 2882 1916 prout
2918 1850 3109 1914 cuique
3130 1863 3264 1915 Opus
3301 1862 3388 1900 es-

1809 1947 1907 1992 set.
1934 1938 2119 1990 Videte
2148 1950 2451 1989 sanctorum
2483 1938 2717 1988 virorum
2744 1936 2921 1998 fidem,
2944 1935 3389 2002 quemadmodum

1810 2040 2032 2099 propter
2057 2030 2324 2082 Christum
2363 2038 2474 2081 toto
2499 2026 2526 2064 ιι
2552 2029 2715 2095 spolia
2727 2030 2919 2081 bantur
2947 2028 3272 2096 patrimonio
3292 2066 3305 2089 ,
3338 2038 3391 2081 et

1812 2123 1967 2189 321
2004 2119 2133 2172 nihil
2163 2120 2260 2172 sibi
2294 2120 2480 2185 reliqui
2512 2118 2798 2181 faciebant,
2820 2135 2931 2173 non
2959 2119 3100 2175 enim
3129 2118 3392 2174 vereban-

1812 2223 1896 2265 tur
1932 2229 1999 2264 ne
2038 2211 2305 2264 esurirent
2336 2210 2467 2277 ipsi,
2500 2209 2624 2262 dum
2657 2209 2919 2262 timebant
2958 2226 3027 2263 ne
3065 2210 3201 2263 alius
3236 2207 3253 2246 ί
3298 2224 3393 2261 au-

1812 2302 1993 2355 ferret.
2026 2302 2149 2355 llaec
2181 2302 2337 2367 igitur
2357 2302 2455 2353 sub
2482 2300 2738 2367 apostolis
2759 2298 2858 2352 fuit
2888 2301 2939 2353 in
2965 2300 3118 2368 plebe
3143 2300 3391 2362 devotio;

1816 2391 1975 2444 modo
2004 2390 2129 2460 quid
2159 2391 2331 2444 simile
2360 2390 2694 2459 reperimus?
2728 2388 2793 2441 Et
2821 2398 2966 2443 certe
3008 2389 3148 2443 idem
3179 2388 3393 2458 quidem

1812 2480 2052 2535 Christus
2081 2482 2132 2533 in
2180 2480 2360 2543 nobis,
2410 2480 2503 2533 sed
2535 2494 2642 2532 non
2684 2479 2823 2533 idem
2851 2487 2936 2534 est
2980 2480 3035 2533 in
3077 2480 3235 2535 nobis
3264 2478 3385 2532 ani-

1813 2588 1960 2633 mus;
1993 2570 2175 2623 eadem
2200 2570 2251 2621 in
2284 2569 2437 2636 plebe
2468 2568 2617 2630 fides,
2640 2568 2736 2621 sed
2763 2582 2871 2621 non
2902 2569 2953 2621 in
2982 2569 3140 2636 plebe
3158 2577 3243 2623 est
3271 2568 3386 2635 ipsa

134 2653 298 2709 Nefas
345 2654 489 2707 enim
519 2650 775 2719 putabant
814 2650 1043 2717 religiosi
1083 2650 1181 2703 viri
1222 2663 1343 2702 eum
1369 2648 1467 2701 sibi
1492 2647 1711 2716 partici-

1827 2662 2058 2729 largitio;
2101 2661 2174 2713 ita
2222 2660 2358 2713 alter
2385 2659 2451 2712 de
2479 2658 2700 2711 alterius
2730 2656 2908 2725 inopia
2949 2674 3054 2711 non
3085 2658 3307 2725 cogitat,
3338 2666 3396 2708 ut

133 2758 262 2812 pem
296 2757 402 2794 non
434 2742 696 2795 asciscere
733 2740 785 2793 in
823 2739 1153 2802 substantia,
1194 2739 1286 2806 qui
1315 2739 1582 2807 particeps
1629 2752 1715 2791 es-

135 2840 222 2885 set
269 2832 325 2883 in
366 2830 573 2896 gratia,
623 2836 785 2897 atque
828 2829 947 2881 ideo
1011 2828 1037 2865 δ
1088 2827 1437 2882 fraternitatis
1492 2829 1715 2880 caritate

138 2922 398 2975 omnibus
440 2920 796 2972 communiter
844 2920 1157 2983 utebantur,
1204 2920 1308 2972 nisi
1359 2917 1503 2986 quod
1545 2918 1717 2985 major

138 3019 289 3065 esset
336 3009 640 3062 fraternitas
671 3007 870 3061 Christi
915 3023 1076 3077 quam
1112 3008 1413 3076 sanguinis;
1444 3009 1716 3075 sanguinis

139 3100 289 3153 enim
323 3098 627 3151 fraternitas
652 3098 1049 3151 similitudinem
1081 3098 1447 3152 tantummodo
1475 3097 1716 3166 corporis

140 3188 312 3241 refert
337 3205 348 3238 :
393 3185 589 3240 Christi
631 3198 807 3241 autem
838 3186 1139 3240 fraternitas
1166 3188 1568 3242 unanimitatem
1597 3196 1716 3241 cor-

142 3286 228 3339 dis
278 3296 302 3324 ε
352 3287 725 3340 demonstrat:
775 3284 1200 3352 sicut-scriptum
1232 3283 1389 3351 320
1436 3290 1553 3335 est:
1591 3281 1718 3333 Erat

145 3387 318 3428 autent
356 3378 666 3428 credentium
692 3373 716 3411 ά
743 3392 830 3429 cor
857 3386 905 3427 et
934 3375 1108 3426 anima
1136 3390 1240 3425 una
1277 3374 1410 3441 (Act.
1443 3371 1539 3439 ιν).
1580 3371 1717 3425 Vere

144 3480 278 3532 ergo
309 3466 397 3519 ille
432 3465 596 3518 frater
623 3474 704 3519 est
730 3466 821 3533 qui
860 3480 965 3518 non
1005 3474 1112 3516 tam
1149 3478 1377 3531 corpore
1401 3477 1558 3529 quam
1591 3477 1719 3513 una-

147 3556 393 3608 nimitate
428 3570 711 3621 germanus
750 3563 871 3607 est:
901 3570 1091 3620 verus,
1132 3554 1377 3621 inquam,
1418 3560 1499 3606 est
1534 3551 1714 3615 frater,

148 3644 303 3711 cujus
344 3644 484 3696 idem
531 3645 751 3711 spiritus
780 3653 804 3681 ε
833 3652 887 3697 et
927 3644 1173 3696 voluntas
1204 3643 1253 3695 in
1283 3641 1442 3695 fratre
1468 3651 1577 3703 est;
1602 3657 1717 3693 me-

148 3732 253 3785 lior
272 3733 436 3800 igitur
462 3741 572 3797 est,
616 3734 755 3787 sicut
781 3732 923 3796 dixi,
952 3728 1297 3785 'fraternitas
1334 3730 1530 3784 Christi
1559 3744 1718 3796 quam

149 3822 443 3888 sanguinis.
466 3821 749 3888 Sanguinis
770 3821 1071 3875 fraternitas
1091 3821 1354 3873 interdum
1384 3820 1482 3873 sibi
1508 3819 1719 3872 inimica

145 3919 263 3972 est,
293 3908 495 3963 Christi
528 3920 703 3964 autem
733 3910 1037 3964 fraternitas
1066 3911 1181 3963 sine
1204 3910 1599 3963 intermissione
1628 3923 1721 3976 pa-

1818 2751 2055 2806 illud‘sit
2077 2788 2091 2813 ,
2138 2750 2283 2817 quod
2310 2749 2385 2801 ait
2412 2747 2703 2816 Apostolus
2735 2764 2747 2797 :
2780 2746 2925 2799 Alius
2963 2746 3167 2817 quidem
3206 2744 3395 2810 esurit,

1818 2843 1951 2895 alius
1991 2849 2159 2892 autem
2203 2838 2372 2891 ebrius
2414 2846 2491 2890 est
2537 2835 2596 2905 (ι
2648 2835 2769 2889 Cor.
2820 2837 2925 2903 Il).
2979 2836 3108 2889 Nam
3156 2835 3397 2903 plerique

1818 2929 2108 2984 Christiani
2136 2943 2239 2981 non
2280 2928 2452 2980 solum
2494 2925 2710 2994 propria
2756 2939 2865 2977 non
2908 2926 3265 2983 distribuunt,
3299 2921 3395 2975 sed

1819 3022 1981 3075 etiam
2010 3018 2267 3087 diripiunt
2288 3017 2491 3081 aliena;
2520 3032 2625 3069 non
2652 3016 2846 3076 solum,
2882 3015 3121 3082 inquam,
3150 3014 3400 3080 colligen-

1819 3119 1901 3165 tes
1944 3109 2200 3179 pecunias
2227 3122 2350 3161 suas
2396 3107 2464 3159 ad
2505 3106 2671 3174 pedes
2699 3106 3065 3173 apostolorum
3102 3119 3211 3157 non
3255 3101 3401 3156 defe-

1817 3208 1963 3265 runt,
2011 3199 2106 3254 sed
2133 3199 2294 3253 etiam
2322 3197 2693 3263 confugientes
2721 3195 2913 3247 fratres
2958 3207 3085 3247 suos
3120 3194 3133 3241 ἓ
3189 3200 3403 3259 protra-

1818 3293 1954 3345 lmnt
1992 3307 2020 3343 a
2051 3290 2277 3359 pedibus
2306 3287 2672 3344 sacerdotum.
2716 3285 2867 3338 Nunc
2904 3294 2985 3338 est
3014 3283 3141 3336 illud
3169 3271 3428 3350 tempus,-

1820 3382 1964 3448 quod
1985 3380 2242 3433 describit
2269 3379 2460 3431 beatus
2484 3376 2795 3444 Apostolus,
2829 3376 3011 3428 dicens
3039 3389 3049 3423 :
3087 3372 3150 3425 In
3178 3374 3399 3424 novissi-

1821 3471 1917 3521 mis
1946 3469 2119 3520 diebus
2147 3464 2428 3517 abundabit
2456 3466 2700 3533 iniquitas
2733 3468 3039 3521 multorum,
3090 3469 3137 3513 et
3184 3461 3402 3528 refrige-

1821 3568 1925 3613 scet
1955 3559 2148 3609 caritas
2180 3554 2405 3625 (Matth.
2455 3570 2601 3618 xxw,
2637 3553 2763 3621 12);
2812 3552 2969 3604 modo
3000 3552 3139 3603 enim
3169 3549 3408 3603 abundat

1826 3648 1837 3683 ι
1880 3646 2116 3699 avaritia:
2145 3644 2419 3711 iniquitas,
2448 3656 2565 3710 quia
2592 3649 2715 3694 ante
2736 3640 2996 3706 largitatis
3024 3639 3262 3691 bonitate
3286 3652 3406 3692 ces-

1822 3739 2005 3799 sabat;
2052 3745 2108 3789 et
2136 3736 2434 3803 refrigescit
2465 3722 2816 3786 fraternitatis
2845 3732 3041 3785 caritas
3062 3772 3075 3795 ,
3115 3746 3233 3798 quae
3258 3731 3407 3798 prius

1826 3826 2027 3889 Christi
2056 3840 2241 3878 amore
2282 3824 2553 3885 fervebat;
2604 3821 2618 3858 ι
2655 3830 2802 3874 tanta
2838 3821 2980 3874 enim
3021 3821 3121 3874 sub
3148 3820 3413 3888 apostolis

1824 3914 2172 3968 fraternitatis
2198 3912 2411 3966 dilectio
2434 3911 2549 3975 luit,
2582 3918 2640 3964 ut
2665 3921 2704 3946 ιιι
2734 3912 2787 3964 in
2810 3918 3077 3963 conventu
3104 3920 3127 3944 "
3157 3924 3254 3963 suo
3283 3924 3392 3963 non

142 3996 300 4052 Cilica
322 4008 435 4061 est;
486 3999 573 4051 illa
621 4000 763 4054 inter
806 4014 866 4053 se
910 4000 1209 4053 communia
1238 4015 1359 4054 cum
1378 4000 1719 4054 aemulatione
1746 4006 1791 4066 C
1823 4004 2596 4069 adveneritindigentia;tanta
2620 3990 2797 4055 autem
2816 4003 2974 4056 modo
2989 4000 3410 4057 Christianitatis

146 4088 353 4151 dividit,
390 4089 503 4143 h'cc
526 4092 685 4142 etiam
712 4092 926 4158 propria
956 4106 1075 4143 cum
1104 4091 1458 4156 gratulatione
1486 4106 1725 4145 commu-

147 4180 334 4243 nicat;
379 4179 466 4231 illa
518 4180 569 4231 in
612 4181 887 4234 consortio
931 4180 1159 4249 despicit
1204 4197 1346 4250 saepe
1389 4174 1723 4249 germanum,

142 4268 260 4323 haec
300 4270 529 4322 assumit
567 4269 875 4339 frequenter
908 4272 1158 4325 alienum.
1212 4271 1380 4325 Tanta
1412 4286 1560 4339 ergo,
1588 4273 1727 4326 sicut

146 4358 290 4418 dixi,
328 4358 420 4411 illo
452 4368 692 4428 tempore
719 4358 1036 4415 Christianae
1062 4361 1234 4430 plebis
1262 4361 1480 4415 devotio
1510 4363 1636 4424 fuit,
1670 4371 1728 4415 ut

149 4462 312 4501 nemo
341 4446 561 4501 domum
582 4464 731 4503 suam
760 4450 963 4504 diceret
987 4486 1004 4514 ,
1052 4466 1211 4506 nemo
1235 4452 1509 4520 proprium
1529 4452 1728 4519 aliquid

144 4536 481 4599 vindicaret;
512 4538 648 4591 sicut
675 4538 750 4590 ait
785 4538 841 4592 8.
871 4537 1041 4592 Lucas
1066 4556 1078 4591 :
1111 4538 1179 4591 Et
1197 4556 1344 4593 nemo
1371 4539 1645 4609 quidquam
1663 4554 1729 4593 ea:

148 4640 209 4677 eo
230 4626 370 4692 quod
390 4625 681 4693 possidebat
708 4643 854 4679 suum
881 4637 905 4674 κ
926 4643 1037 4681 esse
1064 4627 1289 4693 dicebat;
1322 4628 1411 4681 sed
1442 4637 1591 4681 erant
1627 4628 1731 4680 illis

156 4717 333 4767 omnia
361 4719 654 4769 communia
694 4716 917 4787 (Ibid);
961 4733 1116 4771 nemo
1147 4718 1316 4783 enim,
1346 4718 1591 4786 inquam,
1620 4724 1737 4770 erat

225 4881 253 4909 ι
294 4870 535 4937 Uterque
563 4869 720 4923 codd.
750 4868 809 4923 S.
842 4868 1027 4923 Crucis
1066 4867 1118 4923 in
1154 4866 1297 4935 Jer.,
1338 4876 1393 4923 et
1420 4868 1540 4922 Vat.
1575 4867 1731 4933 1270,

150 4943 251 4994 cibi
282 4940 601 5004 defenderet.

227 5010 252 5047 δ
293 5008 534 5077 Uterque
570 5006 725 5061 codd.
775 5006 833 5059 8.
865 5005 1049 5077 crucis
1087 5005 1138 5058 in
1164 5004 1303 5077 fJer.,
1335 5005 1453 5059 Vat.
1489 5005 1647 5068 1270,
1679 5014 1734 5061 et

160 5081 415 5133 lanient.
448 5075 483 5128 1
511 5076 691 5143 legunt
713 5076 1318 5145 fraternitatecaritatis.

232 5158 256 5185 ε
300 5146 379 5200 Ex
410 5141 640 5200 utroque
661 5141 783 5199 cod.
815 5144 871 5199 8.
904 5142 1089 5197 Crucis
1109 5143 1161 5195 in
1189 5141 1296 5197 Jer.

227 5219 252 5252 ει
295 5216 430 5269 Cod.
466 5213 533 5267 10
556 5213 834 5275 Laurent.,
867 5229 954 5265 cor
980 5228 1156 5272 unum,
1188 5222 1235 5264 et
1263 5214 1438 5265 anima
1466 5229 1590 5265 una.

164 5296 275 5406 ut"
300 5284 444 5337 Idem
496 5283 617 5337 cod.
665 5282 753 5350 10,
801 5282 937 5335 idem
979 5282 1186 5351 spiritus
1226 5290 1321 5347 est,
1363 5291 1411 5334 et
1440 5283 1619 5334 eadem
1646 5298 1735 5334 vo-

216 5370 249 5403 n
276 5369 357 5404 as.

216 5362 336 5404 κιαι
343 5392 357 5403 .

239 5424 255 5457 ί
298 5421 432 5474 Cod.
466 5420 535 5473 90
565 5422 707 5474 hunc
742 5420 918 5473 locum
958 5420 1029 5472 ita
1054 5418 1213 5485 legit:
1244 5419 1422 5472 melior
1456 5420 1612 5488 igitur
1639 5428 1735 5477 est,

1830 4104 1855 4131 ο
1886 4094 2258 4149 dissimilitudo
2288 4102 2406 4156 est,
2436 4102 2494 4145 ut
2532 4094 2588 4146 in
2622 4100 2766 4147 cmtu
2805 4101 2993 4147 nostro
3035 4093 3126 4147 vix
3165 4094 3410 4148 invenias

1830 4185 2178 4253 locupletem;
2205 4183 2521 4249 locupletem
2551 4190 2731 4235 autem
2757 4183 2841 4235 vix
2865 4181 3105 4235 invenire
3128 4182 3267 4246 dico,
3299 4198 3407 4235 non

1830 4281 1939 4325 tam
1982 4270 2323 4325 facultatibus
2373 4284 2531 4335 quam
2579 4270 2857 4337 operibus;
2891 4270 2964 4322 ait
3007 4270 3150 4323 enim
3181 4269 3413 4337 Aposto-

1832 4362 1916 4416 lus
1949 4379 1961 4411 :
1992 4359 2187 4411 Divites
2217 4360 2320 4411 sint
2357 4360 2411 4410 in
2452 4357 2691 4426 operibus
2721 4359 2866 4412 bonis
2898 4357 2965 4428 (Ι
2995 4358 3128 4411 Tim.
3160 4375 3212 4412 vi
3235 4360 3273 4426 ).
3306 4358 3413 4413 Lo-

1834 4452 2101 4519 cupletem
2128 4450 2270 4504 enim
2319 4450 2464 4501 illum
2491 4448 2545 4500 in
2577 4446 2815 4502 Ecclesia
2848 4448 3070 4515 intelligi
3100 4450 3289 4511 voluit,
3318 4449 3411 4517 qui

1836 4539 1985 4593 dives
2022 4546 2107 4592 est
2143 4539 2195 4591 in
2246 4536 2493 4599 Christo;
2528 4551 2650 4589 nam
2681 4544 2735 4589 et
2764 4538 2835 4589 ibi
2865 4537 3010 4605 quod
3038 4538 3113 4590 ait
3153 4537 3251 4590 sub
3279 4551 3415 4605 apo-

1839 4629 1989 4683 stolis
2028 4629 2295 4682 nemincm
2342 4626 2667 4693 indigentem
2718 4625 2919 4687 fuisse,
2966 4626 3200 4679 ostendit
3226 4627 3414 4693 utique

1842 4727 1992 4773 tanta
2021 4732 2116 4772 eos
2141 4717 2311 4785 gratia
2340 4716 2461 4768 tldei
2490 4714 2651 4769 fuisse
2688 4715 2958 4784 praeditos,
3001 4721 3064 4769 ut
3088 4726 3280 4768 omnes
3304 4728 3416 4767 cce.

1914 4864 2207 4947 hﬂC‘od.‘S.
2241 4864 2441 4947 Crucis
2483 4862 2536 4915 in
2564 4861 2695 4925 Jer.,
2729 4868 2785 4915 et
2812 4861 3063 4915 Laurent.
3098 4862 3182 4923 l0,
3227 4870 3335 4915 toto
3362 4877 3418 4915 se

1838 4935 2135 5003 spoliabant
2160 4935 2495 5056 gatrimortio.
3207 5000 3217 5009 '

1916 5005 1931 5040 ι
1966 5004 2134 5058 Codd.
2203 5044 2216 5056 .
2248 5000 2434 5055 Crucis
2460 5015 2515 5053 tn
2536 4997 2645 5051 Jer.
2670 5006 2726 5051 et
2752 4997 2870 5050 Vat.
2903 4994 3056 5059 1270,
3077 5010 3292 5051 esui-iret
3314 5012 3415 5065 pro

1840 5074 2107 5196 “iaC-:3.
2137 5140 2195 5194 8.
2224 5137 2409 5191 Crucis
2438 5136 2490 5187 in
2518 5134 2652 5199 Jer.,
2685 5134 3002 5202 patronum.

1914 5211 1937 5248 ι
1969 5209 2101 5263 Cod.
2132 5210 2189 5263 8.
2218 5207 2405 5261 Crucis
2430 5205 2483 5258 in
2510 5202 2643 5266 Jer.,
2666 5200 2886 5255 avaritia
2912 5208 2960 5250 et
2978 5200 3248 5268 iniquitas.

1918 5279 1933 5317 ι
1968 5278 2137 5333 Codd.
2170 5277 2202 5329 4
2230 5276 2484 5328 Laurent.
2516 5281 2571 5325 et
2601 5276 2711 5325 tres
2750 5270 2806 5323 8.
2838 5267 3019 5322 Crucis
3046 5266 3100 5319 in
3126 5266 3265 5335 εἰει-η
3308 5279 3422 5323 tunc

1842 5352 1981 5404 enim
2008 5362 2103 5417 pro
2136 5355 2277 5417 tanta
2307 5343 2551 5417 enimkn
2846 5405 2856 5416 _

1915 5429 1952 5455 ι’
1984 5408 2057 5469 Ita
2086 5416 2247 5468 etiam
2273 5412 2393 5466 cod.
2421 5408 2577 5472 1270,
2611 5417 2664 5461 ut
2694 5416 2812 5459 tunc
2840 5408 2890 5454 in
2920 5411 3189 5457 conventu.

166 5490 295 5542 sicut
324 5490 467 5553 dixi,
488 5490 683 5543 Christi
702 5490 1006 5558 {ratemitas
1036 5474 1516 5558 quamfraternitds
1546 5474 1738 5539 carnis.
1770 5480 1823 5539 D
1916 5496 1944 5523 ιι
1972 5484 2105 5558 Cod.
2136 5482 2205 5534 90
2230 5482 2288 5535 8.
2533 5479 2586 5531 in
2614 5478 2723 5558 lett.
2756 5474 2881 5558 legi}
2898 5486 3114 5558 ἳξοξξιξξδ
3146 5483 3387 5558 ρες-

170 5560 272 5611 illa
301 5561 603 5683 {Samnitas
622 5555 846 5611 causalis
870 5555 1130 5609 interdum
1150 5555 1247 5610 sibi
1268 5557 1482 5610 inimica
1508 5564 1602 5620 est,
1630 5564 1736 5609 etc.

242 5638 264 5673 δ
356 5637 544 5683 terque
592 5627 713 5681 cod.
764 5625 821 5679 8.
862 5626 1048 5680 Crucis
1076 5625 1129 5679 in
1155 5622 1288 5683 δεῖ..
1318 5633 1372 5679 et
1401 5623 1651 5679 Laurent.
1684 5622 1735 5683 ι.

242 5638 264 5673 δ
301 5622 544 5693 Uterque
592 5627 713 5681 cod.
764 5625 821 5679 8.
862 5626 1048 5680 Crucis
1076 5625 1129 5679 in
1155 5622 1288 5688 ἔθη,
1318 5633 1372 5679 et
1401 5623 1651 5679 Laurent.
1684 5622 1735 5683 ι.

176 5712 315 5751 suum
331 5700 603 5768 proprium
629 5704 741 5750 esse
768 5695 987 5749 diccbat.

1922 5565 1947 5637 ξ
1980 5537 2215 5619 Uterque
2240 5550 2361 5605 cod.
2392 5545 2449 5600 s.
2481 5544 2669 5603 Crucis
2695 5550 2747 5599 in
2773 5540 2881 5594 ter.
2917 5547 2975 5593 et
2999 5537 3159 5592 Vat;
3180 5540 3425 5593 ἀίω...
