3910 6238
500 367 608 425 U5

1697 358 1753 412 S.
1796 356 2037 412 MAXIMI
2076 355 2532 413 TAURINENSIS

3667 362 3769 416 676

498 479 714 535 lestium
740 474 1048 532 divitiarum
1075 466 2088 539 abundaverint'3aalargitatenaro
2114 477 2162 536 Α
2191 465 2334 522 didit
2383 475 2440 522 et
2481 467 2728 524 salutem.
2765 472 2902 525 Dum
2955 472 3100 527 eninr
3127 487 3194 528 ex
3234 486 3300 528 eo
3329 472 3472 541 quod
3513 472 3763 543 promise.

500 568 665 637 igitur
700 566 806 622 hoc
849 572 1091 633 tempore
1118 559 1418 615 invenimus
1446 557 1501 612 in
1538 555 1852 612 Christiano
1873 556 2077 626 populo

503 656 856 726 locupletem;
899 653 1003 709 etsi
1037 651 1279 722 plerique
1308 649 1363 703 in
1402 647 1649 704 domibus
1689 661 1823 701 auro
1854 646 1963 702 sint
1989 644 2075 699 di-

504 747 661 813 vites,
704 754 887 802 tamen
917 744 971 799 in
998 741 1236 798 Ecclesia
1257 740 1468 812 justitia
1495 746 1622 795 sunt
1647 738 1917 805 mendici;
1950 738 2077 792 dum

507 840 656 895 enim
678 839 819 894 circa
850 851 1114 907 pauperes
1140 850 1249 891 non
1274 849 1373 905 pro
1394 848 1462 889 eo
1479 831 1627 902 quod
1651 831 1946 903 praevalent
1964 844 2091 899 Ope-

505 937 728 1005 rantur;
757 944 858 985 nec
884 928 1096 983 esthoc
1123 934 1333 996 gratum
1374 923 1520 995 quod
1541 922 1789 988 otiernnt,
1820 935 1922 975 nec
1956 919 2089 974 illud

504 1020 753 1079 satiabile
792 1019 938 1091 quod
982 1023 1279 1090 reservant.
1333 1013 1474 1070 Dicit
1518 1010 1777 1067 Dominus
1822 1009 1891 1065 ad
1930 1008 2086 1073 Cain,

507 1125 636 1166 cum
660 1107 882 1165 oﬂ‘erret
908 1121 1128 1162 munera
1158 1121 1174 1160 :
1219 1103 1277 1158 Si
1305 1110 1485 1158 autem
1513 1109 1662 1157 recte
1686 1100 1901 1171 offeras,
1939 1106 2088 1154 recte

510 1211 690 1255 autem
734 1214 844 1253 non
870 1196 1095 1263 dividas,
1127 1205 1153 1231 ι
1187 1192 1423 1264 peccasti
1467 1190 1619 1263 (Gen.
1664 1191 1758 1261 ιν).
1791 1188 1881 1244 Sic
1909 1198 1965 1243 et
2003 1196 2082 1253 tu,

508 1289 833 1350 Christiane,
866 1302 975 1341 non
1002 1293 1149 1340 recte
1176 1282 1389 1347 dividis,
1423 1282 1513 1350 qui
1551 1280 1619 1334 de
1648 1286 1800 1333 tanto
1828 1292 1962 1332 auro
1992 1286 2084 1330 tuo

509 1380 771 1450 majorem
806 1388 1014 1449 partem
1042 1388 1361 1430 mammona:
1388 1385 1629 1427 reservas
1671 1384 1833 1438 quam
1862 1367 2089 1422 Domino

509 1470 789 1538 largiaris;
831 1469 910 1523 sic
936 1481 1170 1536 namque
1198 1464 1431 1518 Ananias
1459 1461 1514 1515 in
1552 1460 1775 1515 Actibus
1814 1458 2087 1527 apostolo—

510 1578 650 1627 rum,
680 1560 808 1616 dum
835 1566 991 1630 putat
1018 1574 1076 1613 se
1112 1564 1259 1611 recte
1297 1555 1511 1617 oﬂerre,
1544 1561 1600 1608 et
1627 1567 1735 1608 non
1770 1558 1917 1608 recte
1956 1550 2089 1605 divi-

508 1651 606 1716 dit;
630 1650 912 1721 pecuniam
950 1662 1109 1717 quam
1137 1645 1352 1713 obtulit,
1391 1642 1640 1714 perdidit,
1671 1651 1726 1696 et
1757 1654 1917 1710 quam
1945 1640 2089 1695 domi

510 1741 804 1798 reservavit
830 1738 1039 1805 amisit;
1075 1737 1376 1808 pecuniam,
1420 1733 1657 1803 inquam,
1702 1732 1923 1803 pariter,
1967 1746 2091 1801 per-

2191 564 2276 611 rat
2324 565 2531 626 partem
2576 557 2877 624 subtraxit,
2929 562 3194 630 sacrilegii
3243 561 3423 627 simul,
3476 571 3535 616 et
3573 560 3760 617 fraudis

2194 646 2626 715 condemnatur;
2671 649 2960 719 sacrilegii,
2988 651 3134 719 quod
3167 652 3190 689 δ
3223 651 3391 706 Deum
3418 652 3471 705 in
3502 651 3761 721 pollicita-

2198 737 2344 793 tione
2388 736 2617 805 fefellit;
2666 737 2887 805 fraudis,
2920 741 3065 808 quod
3111 741 3179 796 de
3205 741 3426 817 integris
3463 742 3763 796 muneribus

2188 828 2492 897 portionem
2517 829 2802 899 quamdam
2827 831 3033 899 putavit
3051 830 3503 897 subtrahendam;
3527 830 3604 884 ait
3626 830 3763 884 enim

2193 920 2440 990 apotolus
2488 921 2675 977 Petrus
2718 940 2731 974 :
2784 920 2908 976 Non
2949 938 3004 977 es
3042 922 3286 976 mentitus
3313 920 3641 986 hominibus,
3677 921 3764 974 sed

2192 1008 2304 1063 Deo
2330 1010 2475 1080 (Act.
2522 1011 2597 1081 v).
2640 1009 2698 1065 Si
2726 1024 2877 1079 ergo,
2916 1010 3143 1071 fratres,
3174 1010 3411 1065 Auanias
3446 1011 3765 1066 condemna-

2192 1107 2278 1153 tur
2305 1114 2427 1153 cum
2453 1114 2562 1153 non
2590 1106 2765 1171 totum
2794 1100 3003 1155 dederit
3029 1099 3173 1169 quod
3200 1100 3268 1155 de
3295 1116 3394 1154 suo
3435 1100 3551 1169 ipse
3579 1114 3768 1170 prOpo-

2191 1198 2375 1256 serat,
2414 1193 2542 1259 quid
2581 1206 2863 1247 censemus
2906 1192 2973 1247 de
3015 1208 3081 1247 eo
3109 1193 3202 1260 qui
3248 1208 3355 1247 non
3384 1192 3500 1245 vult
3548 1190 3766 1245 reddere

2190 1283 2333 1352 quod
2367 1294 2388 1321 ο
2420 1283 2556 1336 alius
2584 1283 2927 1353 repromisit?
2953 1282 3140 1338 Videte
3168 1297 3297 1352 ergo
3324 1291 3379 1337 et
3404 1299 3526 1347 vos,
3557 1281 3763 1337 fratres.

2193 1373 2324 1444 quid
2352 1375 2707 1444 promiseritis
2736 1374 2846 1429 Deo
2870 1417 2883 1441 ,
2928 1392 3048 1431 cum
3098 1376 3329 1447 primum
3375 1378 3607 1444 gratiam
3648 1376 3769 1430 fidei

2194 1466 2526 1535 percepistis.
2560 1466 2698 1522 Ecce
2726 1467 3005 1522 abundant
3045 1469 3098 1522 in
3127 1468 3343 1523 civitate
3378 1476 3564 1522 nostra
3592 1467 3771 1535 hospi—

2195 1561 2277 1610 tes
2318 1557 2432 1611 sive
2487 1558 2792 1627 peregrini:
2823 1558 2985 1613 facite
3029 1557 3172 1627 quod
3216 1558 3443 1628 polliciti
3490 1559 3621 1612 estis
3646 1599 3661 1623 ,
3698 1571 3770 1610 ne

2195 1646 2403 1700 dicatur
2423 1655 2479 1700 et
2508 1647 2659 1701 vobis
2689 1646 2836 1717 quod
2866 1646 3085 1701 Ananiae
3109 1646 3312 1703 dictum
3339 1655 3425 1702 est
3455 1663 3469 1699 :
3493 1646 3609 1703 Non
3630 1660 3773 1699 nien-

2199 1735 2280 1790 titi
2309 1736 2439 1791 estis
2464 1736 2788 1801 hominibus,
2818 1738 2912 1794 sed
2942 1738 3072 1792 Deo.

1858 1846 2204 1908 HOMILIA
2244 1850 2463 1913 XCVI.

1772 1945 1852 2000 De
1878 1948 2056 2001 eodem
2082 1960 2387 2019 argumento
2415 1949 2499 2004 II.

1946 2040 2335 2098 ADMONITIO.

580 2131 689 2187 Res
714 2129 784 2208 d_e
809 2143 913 2199 qua
943 2128 1118 2208 agitur
1139 2129 1243 2208 hac
1269 2128 1325 2208 in
1353 2128 1594 2195 homilia,
1615 2126 1883 2208 _Gerrnadii
1910 2131 2201 2208 auctoritas
2214 2170 2236 2208 ,_
2248 2132 2505 2208 _codicum
2534 2134 3099 2208 praestantissimonrm
3134 2135 3461 2199 testimonia,
3492 2135 3776 2208 acqtitulns

509 2197 869 2278 comprobant
895 2197 1109 2278 eam-8.
1145 2197 1377 2278 Maximo
1405 2213 1524 2252 esse
1564 2197 1988 2278 adjudicandam.
2018 2197 2623 2278 Gennadiusmemorim
2654 2206 2869 2278 tradidit
2903 2205 3408 2278 Marirnurucontra
3432 2197 3777 2278 avaritizevi-

512 2267 655 2327 tium'
689 2271 894 2340 egisse;
920 2268 1027 2340 _sed
1058 2274 1237 2340 utrum
1263 2268 1320 2340 i_n
1363 2282 1468 2340 una
1495 2282 1587 2340 an_
1607 2267 1671 2340 in‘
1688 2267 1893 2340 duabus
1934 2272 2285 2325 concionihus
2330 2273 2381 2325 id
2429 2274 2724 2340 expleverit
2766 2290 2875 2328 non
2906 2275 3143 2329 tradidit.
3172 2274 3372 2329 Verum
3397 2290 3467 2329 ex
3494 2273 3775 2328 codicibus

513 2336 791 2416 _S.__Crucis
829 2338 884 2416 i_n
910 2336 1228 2416 Jerusalem,
1258 2337 1622 2416 Sangallensi,
1644 2336 1999 2416 Ambrosiano
2028 2348 2083 2393 et
2122 2340 2381 2397 Vaticano
2419 2336 2553 2395 1270
2582 2351 2797 2416 constat
2823 2351 3106 2416 utramque
3130 2342 3296 2416 fuisse
3317 2342 3656 2416 _S._.Masimo
3674 2353 3773 2416 Δξιι-

513 2411 789 2480 tributam.
831 2407 1120 2480 inscriptio
1148 2406 1312 2480 etiam
1347 2406 1582 2480 ostendit
1609 2406 1746 2460 hanc
1787 2407 2067 2480 _homiliam
2083 2421 2413 2480 _germairam
2441 2427 2561 2466 esse
2591 2413 2883 2480 superioris
2907 2429 2921 2475 ;
2954 2406 3035 2465 ita
3057 2414 3198 2467 enim
3226 2427 3287 2467 se
3316 2411 3477 2466 habet
3504 2414 3559 2465 in
3589 2412 3777 2466 codice

513 2480 581 2534 90
603 2480 661 2536 S.
685 2476 872 2533 Crucis
899 2477 953 2531 in
980 2474 1275 2549 Ierusalem
1308 2494 1320 2526 :
1355 2474 1546 2549 Incipit
1570 2478 1853 2549 sequentia,
1884 2486 1939 2549 et
1967 2478 2021 2531 in
2036 2476 2110 2549 A99
2142 2495 2168 2549 :_
2190 2477 2433 2549 Sequitur
2460 2482 2523 2534 de
2544 2474 2765 2535 avaritia
2793 2491 2841 2534 et
2868 2474 2932 2535 de
2960 2482 3189 2536 Anania.
3216 2481 3429 2537 Codicis
3456 2481 3776 2549 Sangallen-

513 2550 588 2622 sjs
625 2549 839 2622 brevior
860 2554 950 2622 est
978 2541 1183 2622 titulus,
1216 2559 1410 2622 nempe
1442 2561 1455 2597 :
1490 2541 1798 2622 sequentia;
1829 2541 1921 2600 Sed
1938 2547 2133 2622 codex‘
2147 2541 2536 2622 Laurentianus
2558 2567 2645 2622 ξε
2680 2552 2960 2622 Sequentia
2996 2551 3062 2606 de
3104 2553 3340 2622 avaritia
3371 2559 3420 2605 et
3451 2551 3516 2622 de
3541 2541 3773 2622 Anania.

513 2617 645 2695 Qua:
660 2632 779 2672 eum
799 2617 869 2670 ita
884 2617 1020 2695 sint,
1045 2615 1726 2695 collectoresthmiliarnm
1747 2630 1909 2695 supra
1938 2615 2137 2695 laudati
2163 2619 2265 2695 hoc
2293 2619 2492 2695 ordine
2505 2615 2805 2695 ediderunt,
2829 2621 2985 2695 titulo
3010 2622 3233 2695 praefixo
3256 2640 3270 2674 :
3292 2620 3529 2695 [familia
3550 2620 3779 2695 secunda

514 2683 652 2742 inde
672 2702 847 2753 supra.
884 2685 1128 2739 Editores
1156 2684 1385 2739 Romani
1414 2684 1468 2738 in
1491 2683 1830 2740 recuderrdis’
1847 2686 2215 2742 Ambrosianis
2241 2688 2578 2744 sermonibus
2604 2689 2660 2742 S.
2705 2683 2894 2745 Alexio
2922 2683 3231 2746 Confessori
3258 2706 3405 2746 num.
3439 2690 3506 2744 15
3533 2690 3777 2745 eamdem

519 2757 925 2825 inscripserunt.

518 2849 679 2928 323
726 2847 1228 2928 Aacuunsfwrrlf-
1276 2844 1495 2928 Iter-run,
1529 2848 1809 2927 .proposito
2127 2852 2174 2911 Β
2204 2846 2223 2885 ί
2243 2850 2525 2905 valemus?
2552 2850 2610 2905 ln
2632 2850 2837 2907 Anania
2860 2850 3204 2908 enimPetrus
3218 2852 3263 2909 si
3275 2854 3557 2908 avaritiam
3578 2856 3782 2923 potuis-

591 2913 827 2983 Zr'ram'ce,
872 2918 936 2968 de
971 2916 1198 2986 avaritia
1236 2917 1344 2985 agit
1390 2913 1673 2979 Mucianus,
1703 2932 1859 2986 quam
1902 2913 2098 2986 grande

590 3004 703 3042 esse
723 2988 913 3039 malum
931 2984 1171 3048 ostendit,
1184 2984 1289 3039 imo
1307 2986 1536 3038 omnium
1555 2984 1811 3039 malorum
1826 2984 2096 3055 originem.

592 3122 812 3177 Retinet
836 3120 863 3158 ά
907 3120 1125 3176 dilectio
1154 3127 1367 3185 vestra,
1399 3118 1623 3184 fratres,
1658 3127 1784 3173 ante
1810 3119 1946 3187 dies,
1976 3135 2099 3174 cum

524 3214 694 3285 plebis
722 3213 843 3281 ejus
866 3227 985 3281 qum
1026 3212 1125 3266 sub
1150 3210 1475 3266 beatissiruis
1501 3210 1764 3280 apostolis
1802 3209 1930 3276 fuit,
1964 3225 2100 3264 una-

526 3305 829 3359 rrimitatcm
871 3301 1282 3369 largitatemque
1326 3297 1742 3368 prmdicaremus
1766 3339 1782 3366 ,
1828 3313 2001 3366 usque
2036 3298 2102 3351 ad

526 3395 745 3449 Ananiae
774 3407 871 3446 nos
916 3390 1196 3446 avaritiam
1224 3390 1567 3458 pervenisse,
1609 3389 1701 3457 qui
1724 3388 1822 3442 illo
1862 3397 2104 3456 tempore

525 3484 581 3538 in
606 3480 772 3538 totius
800 3481 1013 3549 generis
1040 3478 1325 3548 purissima
1363 3479 1488 3543 vita,
1519 3486 1771 3546 tanquam
1813 3478 1929 3532 ovis
1954 3493 2103 3531 mor»

525 3572 670 3636 bida,
702 3571 849 3626 solus
904 3570 1149 3623 inventus
1200 3576 1299 3623 est.
1334 3566 1506 3621 Tanta
1543 3568 1686 3623 enim
1716 3567 1943 3631 infectus
1986 3576 2106 3621 erat

527 3663 765 3719 avaritize
786 3660 1112 3732 pestilentia,
1143 3667 1201 3712 ut
1222 3668 1441 3711 sanctus
1467 3674 1592 3712 eum
1620 3658 1812 3712 Petrus
1841 3673 1948 3713 non
1994 3666 2105 3713 tam

528 3752 817 3808 eruendare
843 3750 1073 3822 voluerit
1123 3763 1286 3816 quam
1331 3748 1607 3802 damnare.
1640 3746 1868 3816 Legerat
1916 3748 2101 3802 enim:

532 3840 678 3912 Ejice
706 3841 771 3894 de
798 3839 1015 3899 concilio
1056 3837 1404 3907 pestilentem,
1428 3846 1479 3890 et
1522 3837 1680 3890 exibit
1706 3854 1823 3890 cum
1849 3854 1908 3891 eo
1939 3839 2106 3892 omnis

530 3931 789 3986 contentio
838 3927 1029 4000 (Prov.
1078 3925 1242 3995 xm).
1293 3926 1455 3981 Solus
1508 3940 1638 3995 ergo
1667 3931 1719 3979 in
1750 3935 1893 3980 cmtu
1921 3936 2109 3981 sancto

532 4021 791 4094 pestilens
835 4020 952 4083 fuit,
983 4018 1093 4087 qui,
1124 4018 1349 4079 cunctis.
1380 4026 1690 4086 contemptu
1734 4018 1992 4086 pecuniae,
2024 4018 2107 4072 lu-

533 4126 688 4167 crum
732 4110 856 4163 vita:
878 4108 1290 4177 requirentibus,
1325 4108 1438 4177 ipse
1469 4116 1676 4162 tantum
1705 4108 1913 4162 lucrum
1942 4109 2109 4175 magis

2198 2952 2284 2998 set
2327 2944 2617 3013 corrigere,
2650 2960 2756 2999 non
2784 2946 3057 3015 punisset;
3102 2946 3199 3000 sed
3243 2946 3372 3000 dum
3417 2944 3566 3000 illum
3594 2944 3779 3015 punit,

2202 3034 2337 3089 alios
2360 3035 2579 3102 corrigit
2610 3052 2623 3088 :
2654 3036 2825 3089 Voluit
2853 3036 2996 3090 enim
3019 3042 3079 3089 ut
3104 3050 3260 3105 pmna
3295 3033 3365 3089 ad
3391 3050 3576 3099 unum,
3608 3044 3784 3089 metus

2201 3132 2379 3178 autem
2404 3124 2469 3178 ad
2504 3124 2762 3194 plurimos
2789 3125 3115 3194 perveniret.
3146 3122 3463 3195 Exemplum
3486 3136 3619 3192 ergo
3659 3136 3782 3177 ava-

2203 3216 2275 3269 ris
2303 3215 2550 3270 omnibus
2571 3215 2624 3269 in
2641 3214 2845 3269 Anania
2866 3215 3200 3284 propositum
3224 3222 3326 3281 est,
3350 3222 3407 3268 ut
3426 3214 3518 3283 qui
3542 3211 3782 3282 ejusdem

2203 3305 2442 3359 criminis
2470 3319 2595 3358 reus
2647 3303 2823 3368 fuerit,
2855 3304 3092 3372 ejusdem
3120 3304 3365 3373 supplicii
3408 3303 3671 3371 in'judicii
3702 3302 3783 3355 die

2202 3393 2466 3446 sententia
2488 3391 2730 3445 feriatur.
2756 3390 2971 3447 Grande
2998 3393 3159 3461 igitur
3196 3393 3394 3446 malum
3423 3400 3508 3447 est
3535 3392 3781 3454 avaritia,

2205 3482 2313 3535 imo
2360 3482 2623 3535 malorum
2655 3481 2894 3535 omnium
2916 3488 2998 3535 est
3017 3482 3190 3549 origo,
3215 3481 3351 3535 sicut
3371 3481 3447 3534 ait
3457 3481 3777 3549 Apostolus:

2207 3569 2381 3624 Radix
2422 3580 2593 3623 autem
2629 3572 2857 3625 omnium
2898 3570 3153 3624 malorum
3198 3581 3273 3624 est
3311 3572 3565 3640 cupiditas
3588 3613 3603 3637 ,
3632 3586 3783 3641 quam

2206 3663 2413 3733 quidam
2436 3670 2729 3732 appetentes
2751 3671 3049 3715 enaverant
3069 3678 3101 3713 a
3123 3661 3226 3730 ﬁde
3254 3660 3313 3729 (1
3342 3662 3476 3715 Tim.
3500 3662 3598 3731 vr).
3628 3660 3782 3715 Vides

2207 3768 2334 3821 ergo
2363 3756 2451 3823 qui
2500 3755 2782 3823 pecuniam
2812 3754 3033 3823 appetit,
3066 3752 3223 3807 iidem
3251 3748 3455 3823 perdit,
3478 3754 3571 3824 qui
3598 3767 3782 3807 aurum

2207 3845 2428 3912 redigit,
2483 3846 2708 3911 gratiam
2760 3844 3013 3917 prodigii.
3062 3842 3296 3897 Avaritia
3343 3844 3539 3898 enim!
3570 3844 3777 3899 (ascitas

2206 3943 2306 3999 est,
2338 3950 2576 3989 errorem
2633 3936 2907 4002 religionis
2964 3933 3195 3998 inducit;
3226 3948 3386 3998 acea,
3419 3934 3673 4002 inquam,
3701 3938 3779 3985 est

2207 4026 2452 4092 avaritia,
2483 4025 2580 4079 sed
2619 4025 2845 4079 diversis
2872 4023 3119 4078 fraudum
3166 4024 3377 4078 oculata
3415 4024 3643 4092 ingeniis
3679 4036 3777 4075 non

2212 4114 2355 4167 videt
2375 4129 2495 4183 quae
2525 4114 2824 4169 Divinitatis
2846 4114 3007 4185 325
3030 4121 3174 4179 sunt,
3200 4113 3296 4168 sed
3316 4114 3517 4181 cogitat
3544 4127 3664 4183 qua:
3690 4125 3775 4167 cu-

536 4200 773 4271 pecunize
796 4206 1063 4253 mercatus
1106 4206 1188 4251 est
1226 4213 1384 4267 quam
1428 4198 1645 4265 salutis,
1689 4206 1743 4252 et
1780 4198 1909 4251 dum
1951 4198 2107 4268 pretii
2138 4212 2182 4270 ο
2214 4189 2451 4272 piditatis
2478 4211 2637 4268 sunt;
2669 4201 2696 4239 ιι
2726 4216 2956 4272 semper,
2985 4202 3230 4271 quamvis
3257 4201 3409 4257 dives
3454 4202 3542 4265 sit,
3591 4199 3778 4267 cogitat

536 4299 715 4362 sperat
743 4291 1138 4359 Compendium,
1165 4290 1357 4343 animae
1379 4292 1578 4359 reperit
1604 4292 2003 4345 detrimentum.
2032 4291 2113 4344 Ab

536 4382 795 4453 apostolis
844 4382 1006 4449 igitur
1050 4380 1283 4434 Ananias
1328 4395 1521 4434 avarus
1574 4382 1819 4435 inventus
1848 4391 1956 4446 est;
2002 4382 2113 4449 jam

540 4482 725 4529 nostra
768 4480 1056 4527 excusatur
1083 4472 1352 4525 humilitas
1382 4490 1394 4523 ι
1428 4472 1602 4525 minus
1644 4474 1783 4526 enim
1814 4473 2113 4546 mirandum

540 4572 627 4619 est
662 4562 934 4617 abundare
960 4562 1059 4615 sub
1100 4562 1254 4615 nobis
1284 4571 1306 4598 ο
1337 4562 1441 4615 hoc
1470 4562 1672 4626 vitium,
1704 4578 1825 4615 cum
1852 4562 1951 4618 sub
1978 4576 2113 4630 apo—

539 4652 698 4708 stolis
724 4650 949 4719 cmperit
974 4649 1265 4719 pullulare;
1289 4658 1346 4705 et
1371 4650 1418 4704 si
1436 4650 1652 4704 illorum
1679 4651 1972 4706 auctoritas
1998 4650 2116 4706 haec

543 4745 597 4799 in
623 4740 832 4797 Ananla
858 4741 1146 4807 emendare
1172 4756 1278 4795 non
1308 4745 1513 4809 potuit,
1547 4741 1701 4796 nobis
1726 4741 1853 4809 quid
1881 4742 2115 4812 imputa-

543 4834 706 4901 bitur,
732 4833 778 4889 si
806 4832 998 4889 eadem
1035 4832 1091 4887 in
1117 4832 1385 4903 plerisque
1414 4830 1665 4886 fratribus
1708 4833 1980 4901 corrigere
2009 4849 2117 4888 non

611 5057 640 5116 s
659 5042 794 5116 Qod.
827 5042 950 5116 Yat.
980 5040 1140 5116 i270,
1163 5038 1415 5116 peccasti,
1438 5050 1661 5116 quiesce.

613 5115 643 5155 δ
837 5112 1096 5188 Ιιξξωᾯξιιε
1123 5112 1209 5181 10,
1236 5112 1517 5188 sacrilegii,
1544 5119 1679 5188 quod
1710 5116 1984 5171 Dominam
2011 5119 2121 5186 pol-

543 5186 826 5257 licitatione
879 5183 1158 5257 fefellerit;
1222 5183 1442 5257 fraudis,
1490 5183 1625 5257 quod
1669 5189 1851 5257 integri
1901 5183 2125 5241 muneris

544 5256 830 5328 portionem
852 5254 1128 5328 quamdam
1147 5256 1398 5324 putaverit
1420 5254 1840 5328 sutura/rendam.

2218 4294 2567 4363 undecunque
2614 4291 2697 4346 vel
2744 4288 2827 4346 ex‘
2857 4292 3000 4345 malo
3049 4292 3331 4361 acquirere
3364 4309 3376 4343 :
3407 4298 3576 4345 totam
3628 4288 3776 4342 vitam

2225 4380 2237 4417 ί
2274 4383 2545 4448 negotium
2576 4388 2765 4449 putat;
2798 4380 3239 4449 compendiornm
3267 4379 3429 4434 etiam
3458 4380 3639 4434 omnia
3662 4390 3777 4443 sup-

2218 4475 2455 4543 primens
2497 4474 2511 4523 i
2553 4474 2727 4527 inanis
2780 4472 3140 4542 prtestationis
3179 4484 3291 4526 sua:
3334 4470 3484 4527 fenus
3532 4467 3772 4539 imponit.

2218 4564 2488 4619 erubescit
2540 4578 2713 4617 usurze
2760 4574 2978 4627 nomen,
3010 4569 3067 4616 et
3113 4562 3322 4616 lucrum
3370 4577 3477 4616 non
3523 4555 3777 4615 erubescit

2222 4669 2415 4709 usurae.
2447 4653 2674 4723 Semper
2697 4666 2829 4721 ergo
2857 4666 3049 4706 avarus
3095 4651 3275 4723 alieno
3305 4651 3491 4719 utitur,
3518 4650 3689 4705 alieno
3723 4656 3777 4697 εὐ

2222 4746 2391 4815 pascit
2420 4746 2447 4781 ι
2474 4744 2701 4808 damno;
2728 4750 2811 4797 est
2838 4741 2913 4796 illi
2951 4742 3135 4812 praeda
3162 4748 3374 4811 egestas
3420 4741 3637 4796 alterius
3664 4754 3677 4789 :
3705 4739 3776 4787 est

2223 4834 2300 4889 illi
2330 4834 2511 4891 imtitia
2537 4834 2697 4890 ﬂetus
2725 4835 2952 4899 alienus,
2981 4834 3125 4889 sicut
3168 4846 3385 4903 seraper
3428 4829 3627 4886 factum
3648 4822 3769 4881 vidi-

2298 5057 2324 5094 8
2355 5048 2485 5104 Cod.
2524 5049 2771 5105 Ambros.
2800 5050 2966 5117 legit:
2996 5050 3229 5105 Avaritia
3252 5052 3387 5105 enim
3413 5067 3640 5107 errorem
3661 5046 3767 5103 reli-

2224 5120 2392 5200 gionis
2432 5120 2646 5200 inducit.
2677 5118 2847 5200 caeca,
2878 5122 3105 5200 inquam,
3137 5128 3213 5172 est
3242 5122 3482 5188 auaritia,
3513 5120 3604 5176 sed
3628 5119 3771 5172 diaeta

2224 5190 2295 5241 sis
2324 5189 2568 5257 fraudare
2595 5189 2880 5244 occultatur
2906 5189 3148 5268 ingeniis.

2298 5256 2321 5293 ιι
2358 5256 2592 5327 Uterque
2619 5259 2740 5313 cod.
2784 5256 2849 5327 S.‘
2869 5255 3153 5327 Crucrsrn
3183 5255 3404 5327 Jer.,_et
3433 5257 3600 5314 Vatic.
3631 5250 3766 5327 1270.

621 5337 643 5398 «ξ
681 5318 1063 5398 liter-quecui].
1093 5318 1540 5398 Laurent.,,quod
1577 5326 1694 5398 aliis
1723 5326 2032 5398 repromisit.
2226 5344 2424 5398 semper
2452 5318 2623 5398 enim,
2653 5322 2883 5398 quamvis
2912 5326 2985 5380 sic
3022 5320 3183 5391 dives,
3216 5318 3410 5398 cogitat
3436 5330 3572 5391 inde,
3603 5326 3765 5398 vcla-

617 5392 664 5467 ἀᾲ
691 5392 875 5448 Codex
904 5392 1295 5467 Ambrosianus
1326 5392 1425 5449 his
1452 5394 1726 5467 homiliam
1765 5392 2074 5467 auspicatur
2106 5413 2117 5448 ε
2303 5392 2537 5452 ι’(ὶοᾱθι
2568 5392 2967 5462 Ambrosianus,
3001 5403 3163 5451 totam
3182 5392 3340 5451 vitain
3365 5413 3515 5451 utam
3542 5394 3767 5466 negati!!!

549 5465 756 5554 Retinet
1040 5470 1240 5554 gestrp,
1258 5464 1778 5554 [rat'res,LanLte‘d'ia,
1808 5462 1942 5554 etp...
1987 5534 2027 5554 Π
2075 5534 2095 5554 ³
2156 5496 2200 5554 D
2226 5474 2389 5554 putat;

623 5531 810 5605 (Cod.
850 5530 923 5605 99
956 5526 1233 5605 S._Crucis
1256 5526 1308 5586 in
1342 5526 1472 5605 _JerI
1488 5535 1649 5589 habet
1676 5526 1783 5592 haec
1811 5534 2117 5605 vitia.7Cod.
2156 5526 2237 5554 ν’
2306 5539 2318 5584 1'
2363 5531 3137 5605 Uterque_cod.iAmbros.,S.
3181 5531 3370 5591 Crucis
3399 5535 3453 5589 in
3480 5534 3608 5599 εἰει-η
3651 5528 3767 5583 Ιιειι·

557 5604 824 5676 Aminea,
854 5600 1118 5676 abundare
1265 5603 1410 5658 nobis
1431 5605 1545 5659 hac
1566 5606 1709 5674 vitia,
1742 5624 1855 5661 cum
1885 5604 1976 5661 sub
2005 5622 2126 5676 apo-

546 5674 699 5733 stolis
727 5672 967 5740 coeperint
993 5673 1268 5740 pullulare.

631 5743 646 5780 ί
680 5742 813 5797 Cod.
844 5741 1093 5797 Ambros.
1125 5758 1228 5796 non
1249 5744 1542 5798 valeamus?

2233 5613 2369 5661 rent.
2408 5602 2576 5669 10,"et
2599 5602 2721 5657 Vat.
2754 5604 2934 5672 legunt
2954 5603 3144 5673 majus,
3176 5618 3283 5657 non
3311 5606 3505 5660 inanis.

2305 5675 2325 5711 ι·
2360 5674 2517 5730 Deest
2547 5676 2598 5729 in
2629 5673 2747 5730 cad.
2781 5672 3268 5733 Ambros.’dantna.
