3910 6238
170 397 271 451 ιπ

1557 382 1838 439 HOMILIA
1874 381 2072 437 XCVII.

3342 376 3446 432 478

168 521 310 561 tuus.
340 514 369 543 ι
409 504 567 570 Qum
617 505 813 559 amissa
863 502 1160 571 deplorant,
1206 515 1367 569 super
1412 514 1530 569 quae
1576 499 1763 553 invasa
1792 505 1836 559 Α
1865 497 2028 550 Aiunt
2055 495 2297 564 plerique
2341 493 2499 563 lupos
2541 493 2755 547 leonum
2780 491 3032 561 subsequi
3070 470 3442 546 solerevesti-

168 597 420 666 plerique
459 594 838 664 gratulantur?
861 592 1003 647 E'cce
1048 606 1215 645 senex
1242 598 1396 659 pater
1419 598 1636 658 captum
1667 588 1767 642 de-

168 684 263 741 ﬂet
289 684 497 753 ﬁlium,
522 693 583 740 et
610 694 669 739 tu
693 684 801 752 jam
844 699 1004 753 super
1038 698 1162 737 eum
1192 682 1338 736 velut
1365 682 1634 735 servulum
1654 680 1771 748 glo-

167 776 349 830 riaris.
382 774 663 829 Innocens
687 772 913 826 rusticus
942 771 1207 840 perditum
1248 769 1546 837 ingemiscit
1569 768 1757 837 juven-

166 881 313 930 cum,
348 874 409 918 et
437 874 504 918 tu
535 880 657 919 cum
686 878 753 917 eo
797 878 887 916 rus
914 872 1063 915 tuum
1109 861 1360 915 excolere
1387 858 1664 927 disponis,
1713 866 1768 911 et

168 956 379 1010 {metus
411 963 471 1008 te
494 963 655 1023 putas
682 967 842 1023 posse
867 966 1060 1020 capere
1086 950 1371 1019 gemitibus
1398 948 1606 1001 alienis.
1626 944 1767 1001 Ecce

170 1044 432 1111 religiosa
454 1043 620 1097 vidua
647 1050 755 1096 tota
778 1042 803 1080 δ
828 1040 1155 1109 supellectile
1176 1039 1516 1107 dispoliatam
1546 1035 1763 1089 domum

168 1149 329 1187 suam
357 1133 551 1197 dolet,
582 1142 639 1186 et
667 1140 721 1186 tu
741 1132 930 1186 eadem
962 1141 983 1168 ε
1015 1129 1343 1198 supellectile
1370 1127 1586 1181 domum
1623 1133 1767 1178 tuam

172 1230 433 1277 ornatam
486 1234 609 1277 esse
634 1222 901 1289 gloriaris.
930 1220 1024 1273 Dic
1059 1219 1210 1283 mihi,
1243 1233 1275 1271 ο
1302 1215 1627 1280 Christiane,
1661 1229 1767 1267 non

170 1314 567 1382 compungeris
584 1351 599 1377 ,
623 1329 729 1367 non
753 1311 1153 1377 constringeris,
1186 1324 1308 1363 cum
1338 1307 1485 1361 vides
1512 1306 1565 1360 in
1586 1305 1770 1373 hospi-

169 1402 249 1455 tio
278 1410 378 1456 tuo
434 1402 707 1471 lacrymas
759 1400 992 1453 alienas?
1018 1397 1156 1452 Dicit
1188 1397 1469 1465 Scriptura
1516 1394 1583 1449 ad
1630 1392 1768 1448 ﬁlios

169 1492 339 1547 Israel
374 1511 389 1545 :
427 1493 477 1549 Α
512 1492 671 1546 ὑπτία
700 1500 904 1561 captum
942 1506 1007 1544 ne
1047 1490 1274 1559 tetigeris
1303 1505 1320 1542 :
1350 1488 1602 1557 pollutum
1630 1487 1766 1539 enim

169 1590 221 1633 et
246 1582 671 1635 contaminatum
693 1590 787 1645 est,
810 1578 1055 1649 quidquid
1094 1580 1205 1648 fera
1234 1586 1444 1629 cruenta
1494 1576 1766 1644 contigerit

174 1670 389 1741 (Exod.
417 1689 557 1737 xxii,
577 1671 691 1739 ‘22).
717 1670 785 1725 Et
800 1685 897 1740 per
915 1671 1018 1724 hoc
1038 1669 1275 1723 deterior
1300 1668 1470 1722 bestia
1496 1675 1599 1729 est,
1621 1665 1768 1734 quis-

172 1760 298 1827 quis
316 1761 514 1825 sumit,
545 1760 688 1828 quod
709 1760 880 1813 bestia
909 1758 1196 1826 superavit.
1231 1758 1326 1811 Dic
1354 1757 1515 1824 igitur
1534 1756 1663 1809 mihi
1683 1762 1762 1818 tu,

1870 588 1977 653 gia,
2008 594 2064 639 et
2090 600 2197 638 non
2238 584 2396 649 longe
2424 583 2493 636 ab
2521 597 2709 635 eorum
2737 581 3015 635 venatibus
3038 581 3306 641 aberrare,
3336 579 3441 634 sci-

1869 677 2013 741 licet,
2046 684 2110 729 ut
2132 675 2331 728 rabiem
2357 688 2507 727 suam
2552 673 2737 742 rapina
2765 671 2965 725 satient
2990 671 3187 735 aliena,
3216 678 3273 725 et
3297 669 3441 740 quod

1870 766 2084 821 leonum
2126 765 2391 819 saturitati
2432 769 2710 827 remanet,
2769 760 2823 814 id
2852 760 3101 830 luporum
3146 760 3443 829 rapacitate

1868 858 1893 893 ἀ
1925 862 2302 920 consumatur;
2344 854 2423 909 sic
2459 861 2515 907 et
2552 853 2638 906 isti
2691 852 2930 906 avaritize
2969 851 3079 920 lupi
3127 850 3440 920 prtedonum

1871 944 2091 1013 vestigia
2135 944 2405 999 subsecuti
2453 950 2608 1007 sunt,
2652 950 2713 996 ut
2740 942 2883 1011 quod
2922 942 3134 995 illorum
3162 941 3440 1011 rapacitati

1868 1033 2159 1105 superavit,
2182 1039 2373 1091 horum
2393 1036 2608 1103 cederet
2628 1035 2844 1088 feritati.
2874 1033 2981 1088 Sed
3000 1033 3224 1087 forsitan
3245 1034 3440 1088 emisse

1868 1137 1923 1182 te
1951 1128 2101 1193 dicis,
2144 1138 2199 1181 et
2217 1128 2346 1181 ideo
2386 1127 2622 1181 avaritim
2650 1134 2706 1180 te
2747 1126 2950 1180 crimen
2979 1124 3181 1181 evadis.
3220 1120 3335 1177 Non
3365 1122 3437 1177 ita

1866 1219 2008 1273 solet
2048 1226 2295 1273 constare
2340 1217 2540 1286 emptio
2580 1224 2743 1285 atque
2786 1214 3070 1286 venditio:
3117 1215 3321 1269 bonum
3358 1222 3442 1266 est

1868 1322 2071 1375 emere,
2101 1308 2195 1361 sed
2244 1309 2296 1361 in
2325 1321 2485 1376 pace,
2530 1306 2672 1374 quod
2700 1305 2921 1374 propria
2946 1305 3223 1359 voluntate
3249 1301 3441 1358 vendi-

1869 1404 1975 1461 tur,
2009 1413 2113 1451 non
2144 1397 2196 1450 in
2226 1396 2640 1465 deprzedatione.
2674 1394 2902 1465 Respice
2939 1402 3249 1449 contractus
3276 1392 3440 1460 origi-

1868 1502 1990 1540 nem
2023 1527 2038 1551 ,
2089 1487 2409 1541 venditionis
2462 1471 2773 1551 auctorem,
2830 1485 2990 1553 pretii
3039 1482 3395 1551 quantitatem
3420 1519 3437 1541 ,

1867 1579 2027 1649 325
2074 1585 2129 1631 et
2156 1577 2407 1644 intelligis
2438 1586 2461 1613 ο
2490 1576 2683 1645 ptanda:
2726 1575 2932 1643 magis,
2979 1588 3090 1628 non
3116 1568 3441 1627 venditionis

1868 1678 2186 1736 emptorem.
2232 1665 2388 1721 Unde
2417 1668 2559 1722 enim
2598 1666 2829 1720 barbaro
2858 1665 2975 1720 auri
3000 1676 3443 1733 gemmarumque

1868 1758 2126 1811 monilia?
2156 1757 2308 1812 Unde
2351 1758 2536 1827 pellito
2558 1759 2728 1812 serica
2762 1758 3116 1812 vestimenta?
3144 1754 3319 1817 Unde,
3352 1771 3437 1809 ro-

174 1849 515 1916 Christiane,
546 1868 647 1906 cur
664 1850 897 1922 przedam
919 1850 1159 1904 relictam
1188 1864 1217 1901 a
1248 1848 1585 1917 praedonibus
1630 1860 1769 1915 pra:-
1798 1870 1839 1927 B
1868 1862 1937 1916 gn
1958 1889 1972 1912 ,
2019 1847 2258 1903 Romana
2305 1849 2465 1917 326
2491 1848 2755 1916 mancipia
2808 1846 2826 1885 τ
2873 1847 3078 1928 sumis}
3119 1846 3334 1900 Scimus
3372 1859 3439 1898 ea

175 1942 512 2010 sumpsisti?
554 1939 664 1996 Cur
715 1940 1006 1994 laceratum
1051 1946 1108 1993 et
1150 1938 1595 1997 contaminatum,
1628 1937 1768 1990 sicut

176 2030 292 2100 ipse
320 2041 509 2100 putas,
536 2032 644 2087 tuis
670 2031 872 2086 adibus
907 2029 1242 2099 importasti?
1268 2027 1394 2092 Cur,
1422 2027 1569 2097 quod
1598 2026 1767 2080 hosti-

176 2120 245 2177 lis
298 2124 587 2194 superavit
630 2122 804 2179 bestia
831 2162 846 2190 ,
895 2128 952 2175 tu
998 2121 1189 2176 saevior
1236 2119 1407 2174 bestia
1452 2117 1766 2172 devorasti?

1869 1938 2393 2008 comprovincialium
2441 1948 2744 1992 nostrorum
2789 1936 3060 2015 esse,_vel
3089 1935 3307 1989 civium.
3340 1933 3444 1987 Fa-

1870 2028 1945 2084 cit
1970 2043 2118 2097 ergo,
2148 2036 2206 2083 ut
2233 2029 2587 2099 Christianus,
2617 2038 2674 2085 et
2711 2030 2861 2096 civis,
2892 2030 2985 2099 qui
3016 2028 3137 2084 ideo
3165 2028 3334 2091 emit,
3382 2036 3441 2081 ut

1870 2118 2073 2174 reddat.

1498 2231 1841 2292 HOMILIA
1884 2232 2134 2292 XCVII.

1166 2332 1245 2388 De
1272 2332 1603 2402 elemosynis
1633 2340 1681 2386 et
1710 2331 1774 2385 de
1801 2330 2385 2386 muliereSamaritdna
2406 2331 2456 2385 1.

1626 2422 2013 2477 ADMONITIO.

252 2516 592 2599 Gennadius,
622 2516 1001 2599 qttispmmam
1031 2516 1233 2599 primus
1257 2532 1484 2596 operum
1590 2516 2090 2599 Maxirni_condidit,
2113 2518 2188 2599 de
2215 2518 2569 2599 eleemosynis
2596 2531 2721 2599 eum
2748 2516 3065 2599 disseruisse
3092 2515 3303 2599 docuit;
3333 2530 3441 2599 quo

188 2588 371 2652 titulo,
400 2589 589 2657 paucis
613 2584 827 2657 additis,
858 2587 939 2657 usi
959 2593 1083 2657 sunt
1110 2584 1355 2657 codicum
1377 2587 1691 2657 scriptores.
1714 2584 1902 2657 Codex
1940 2589 2082 2640 enim
2113 2585 2183 2657 9Q
2222 2588 2277 2641 S.
2309 2584 2495 2657 Crucis
2524 2589 2577 2640 in
2602 2585 2921 2657 Jerusalem,
2964 2585 3053 2639 ubi
3095 2593 3180 2639 est
3222 2584 3441 2657 humilia

187 2656 277 2710 ΞΟ.
304 2653 867 2726 sequentemexhibet
891 2655 1287 2726 inscriptionem
1323 2673 1334 2706 :
1369 2654 1560 2726 Incipit
1588 2654 1651 2726 de
1676 2655 2030 2726 eleemosgnis,
2060 2665 2108 2710 et
2129 2655 2214 2709 ubi
2244 2658 2375 2710 sedit
2402 2655 2653 2710 Dominus
2682 2654 2912 2726 Christus
2935 2671 3089 2726 super
3116 2661 3321 2726 puteum
3347 2653 3443 2726 Sq-

185 2722 401 2780 marite;
414 2725 600 2779 Codex
628 2722 697 2775 99
716 2724 954 2791 ejusdem
972 2723 1337 2793 bibliotheca,
1370 2724 1423 2776 in
1452 2739 1560 2793 quo
1589 2722 1657 2776 54
1684 2722 1910 2793 ῂοωὶιίᾱ
1937 2734 2269 2793 numeratur,
2302 2728 2445 2779 hunc
2475 2726 2686 2793 titulum
2716 2724 2931 2790 praefert
2955 2743 2979 2793 εν
2998 2722 3077 2778 De
3090 2722 3442 2793 elemosynis

184 2794 317 2847 etde
335 2797 555 2864 audiere
582 2788 939 2864 Samaritana.
959 2790 1112 2864 Idem
1135 2793 1329 2864 legitur
1356 2793 1409 2864 in
1456 2788 1645 2864 codice
1691 2792 2051 2864 Laureptiano
2092 2812 2131 2848 ,ι
2178 2788 2316 2864 Plut.
2361 2810 2449 2864 xiv
2476 2809 2611 2864 pag._
2629 2788 2754 2846 267.
2786 2795 2857 2847 At
2883 2788 3444 2864 codexSangallehsis

188 2806 317 2847 etde
335 2806 555 2848 mttere
582 2806 939 2847 Samaritana.
968 2806 1112 2845 suem
1135 2806 1329 2859 legitur
1356 2808 1409 2845 ιη
1456 2806 1645 2847 coaice
1691 2806 2051 2847 Laurentiano
2092 2812 2131 2848 ,ι
2178 2806 2316 2847 Plut.
2361 2810 2449 2848 xiv
2476 2809 2599 2864 pag.
2629 2806 2754 2846 2m.
2786 2806 2857 2847 At
2883 2806 3053 2849 coaex
3081 2806 3188 2846 San
3262 2806 3443 2849 llenSts

188 2872 425 2917 veterem
454 2862 715 2917 Gennadii
740 2862 1078 2930 epigraphem
1113 2862 1351 2925 retinuit,
1376 2863 1651 2915 homiliam
1678 2877 1826 2915 num.
1852 2852 1923 2915 90
1947 2864 2177 2930 positam
2215 2862 2294 2917 De
2321 2857 2654 2930 eleemosyn‘is
2681 2864 2999 2918 inscribens.
3039 2859 3120 2915 Ab
3149 2806 3443 2917 infantibus

189 2929 453 3001 Gymnico
476 2946 603 3054 εδδ.
646 2930 770 2997 280,

189 3001 375 3054 titulus
403 3002 473 3054 ad
513 3001 704 3054 ibetur.
737 3016 768 3053 n

189 3001 375 3056 titulus
403 3002 473 3055 ad

859 2930 1080 2984 alesinio
1111 2930 1233 2995 176,
1285 2931 1575 3000 Raynaudo
1600 2945 1722 2999 pag.
1752 2930 1876 2997 M5,
1908 2940 1971 3000 et
2016 2930 2318 3000 Margarino
2366 2932 2502 2987 Bibl.

513 2996 704 3059 ibetur,
737 2996 835 3054 nec
859 3000 1125 3053 dissimilis
1154 3010 1236 3054 est
1254 2996 1395 3069 apud
1423 2996 1703 3053 Cumdium
1746 2996 1877 3053 tom.
1906 2999 1950 3053 II
1978 3015 2099 3069 pag.
2126 2996 2249 3054 554.
2282 2998 2387 3055 Sed
2422 3003 2468 3055 is
2496 3010 2701 3066 auctor,
2728 3008 2785 3056 et
2812 2996 3078 3069 G‘illotius,
3106 2996 3165 3053 et
3202 2996 3432 3069 Romani

2599 2949 2688 2986 ax.
2734 2941 2867 2999 tom.
2898 2931 2965 2985 Vl
2984 2971 2999 2993 ,
3028 2945 3149 2999 pag.
3179 2929 3271 2999 45,
3300 2931 3440 2985 idem

190 3070 608 3142 oper-amsancti
633 3068 896 3142 Ambrosii
923 3069 1154 3142 editores
1174 3070 1228 3142 in
1255 3062 1412 3137 hujus
1433 3071 1601 3142 sancti
1632 3062 2119 3142 doctorishomiliis
2147 3071 2286 3126 hanc
2306 3085 2521 3142 quoque
2542 3062 2911 3125 numerarunt.
2945 3062 3436 3138 Nos—inscriptione

183 3137 383 3194 cudicis
402 3140 477 3192 99
502 3138 713 3193 Sancta:
736 3138 922 3193 Crucis
942 3139 996 3191 in
1026 3137 1341 3204 Jerusalem,
1365 3148 1419 3193 et
1440 3137 1780 3193 Laurentiani
1811 3137 1892 3192 usi
1917 3154 2120 3195 sumus.

188 3246 577 3321 ARGUIENTUI.
608 3276 679 3321 -ς
700 3246 880 3321 Multis
907 3248 1181 3317 propositis
1225 3264 1517 3321 ξαεναηέηι⁸
1530 3246 1755 3321 Littera-
1779 3246 1825 3309 C
1854 3266 2158 3321 mosynam;
2181 3260 2232 3305 et
2258 3268 2373 3305 ecce
2399 3252 2573 3305 omnia
2602 3251 2797 3304 munda
2823 3258 2943 3305 sunt
2966 3250 3104 3304 vobis
3130 3248 3288 3319 (Luc.
3323 3267 3376 3304 XI
3393 3249 3436 3320 ).

253 3333 366 3371 runt
397 3318 703 3371 testimoniis
749 3316 1083 3386 elecmbsynw
1118 3318 1355 3369 meritum
1404 3317 1463 3369 S.
1492 3317 1753 3369 Maximus

251 3387 600 3455 commendat,
630 3386 833 3455 illisque
874 3388 948 3439 ait
974 3386 1382 3439 misericordiam
1402 3402 1514 3439 esse
1562 3390 1753 3453 fontem

253 3456 464 3523 salutis,
484 3454 664 3525 quibus
683 3454 905 3509 avaritia
923 3457 1092 3526 fuerat
1112 3456 1291 3509 mortis
1318 3455 1626 3509 incendium.

252 3606 388 3663 Dicit
409 3607 689 3677 Scriptura
710 3606 889 3661 divina
911 3607 1088 3662 :Sicut
1110 3624 1244 3678 aqua
1257 3607 1537 3677 exstinguit
1565 3608 1754 3678 ignem,

187 3697 260 3748 ita
285 3699 610 3768 elemosyna
646 3698 927 3768 exstinguit
966 3708 1231 3767 peceatum
1262 3696 1470 3768 (Eccli.
1515 3714 1591 3763 tu,
1624 3698 1692 3751 55
1713 3698 1753 3766 ).

186 3786 369 3857 Magna
420 3780 581 3858 plane
636 3797 691 3842 et
734 3789 941 3843 cunctis
990 3788 1273 3842 ambienda
1312 3788 1598 3856 sententia,
1640 3803 1757 3858 qua:

186 3876 489 3933 hominibus
516 3894 653 3947 pene
675 3878 1059 3947 jammortuis,
1090 3884 1145 3931 et
1170 3885 1511 3946 peccatorum
1536 3894 1754 3932 suorum

188 3968 214 4006 8
239 3963 488 4020 incendio
517 3965 783 4030 arefactis,
814 3965 1113 4019 redivivum
1141 3964 1407 4033 quoddam
1435 3966 1753 4020 beneﬁcium

183 4055 481 4123 pollicetur,
512 4065 572 4111 ut
592 4058 982 4112 interveniente
1018 4059 1393 4128 eleemosyna,
1439 4058 1577 4113 sicut
1618 4073 1753 4125 aqua

184 4145 546 4206 intermortuis
572 4166 783 4213 succus,
815 4148 1152 4219 refrigerium
1186 4150 1555 4204 arescentibus
1586 4149 1756 4202 infun-

186 4241 364 4311 datur;
395 4244 503 4298 hoc
531 4252 633 4307 est,
663 4250 721 4296 ut
748 4242 930 4296 miseri
959 4243 1231 4305 homines,
1266 4244 1359 4311 qui
1390 4244 1443 4296 in
1467 4242 1489 4279 ιι
1516 4244 1753 4311 peccatis

182 4346 451 4403 aruerant,
491 4335 562 4389 ad
583 4335 747 4389 vitam
772 4336 1130 4405 eleemosynis
1175 4334 1525 4399 reviviscant;
1576 4335 1750 4403 sitque

184 4425 277 4484 illis
297 4428 666 4484 misericordia
703 4428 823 4483 fons
850 4428 1059 4491 salutis,
1091 4428 1285 4496 quibus
1312 4427 1535 4481 avaritia
1576 4428 1749 4479 fuerat

182 4522 363 4575 mortis
408 4518 741 4582 incendium;
778 4527 837 4573 ut
886 4519 1127 4574 ﬂammas
1167 4534 1300 4586 quas
1329 4518 1429 4572 sibi
1472 4517 1743 4586 peccando

1859 3339 2111 3405 Quamvis
2150 3358 2280 3413 ergo
2330 3343 2587 3411 pollutus,
2618 3343 2863 3412 quamvis
2898 3340 3081 3397 multis
3124 3341 3436 3398 criminibus

1859 3432 2248 3501 circumseptus
2274 3473 2289 3498 ,
2354 3434 2399 3488 si
2458 3433 2831 3502 eleemosynas
2877 3430 3103 3495 feceris,
3173 3432 3435 3487 innocens

1857 3536 1979 3577 esse
2002 3523 2242 3591 cepisti;
2275 3524 2530 3591 abstergit
2565 3523 2709 3577 enim
2740 3524 3081 3593 eleemosyna
3118 3521 3263 3592 quod
3302 3538 3433 3576 ava-

1860 3606 1979 3666 ritia
2008 3613 2306 3690 polluebat;
2339 3622 2394 3668 et
2424 3614 2688 3667 maculam
2718 3628 2879 3683 quam
2928 3628 3015 3667 res
3063 3612 3265 3667 alienas
3301 3610 3431 3666 diri-

1858 3704 2054 3772 pieudo
2094 3714 2439 3759 contraxeras
2487 3715 2617 3760 tuas»
2660 3704 2933 3773 erogando
2972 3703 3245 3774 puriﬁeas.
3297 3703 3436 3757 Vide

1858 3811 1987 3865 ergo
2026 3812 2145 3867 qua:
2192 3797 2262 3851 sit
2290 3797 2671 3852 misericordiae
2708 3796 2899 3869 gratia,
2938 3811 3056 3867 qua:
3085 3811 3188 3848 una
3232 3806 3287 3849 et
3315 3795 3431 3849 sola

1838 3889 2027 3942 'virtus
2054 3895 2372 3942 cunctorum
2402 3896 2485 3942 est
2511 3886 2810 3955 redemptio
2844 3894 3206 3959 peccatorum.
3234 3884 3429 3939 Videa-

1857 3995 1974 4033 mus
2000 3994 2232 4047 namque
2260 3978 2760 4047 interpretationem
2790 3977 2956 4047 ipsius
2983 3975 3175 4031 divina:
3210 3974 3429 4031 senten-

1858 4065 1972 4133 tiie,‘
1992 4076 2051 4122 ut
2078 4069 2439 4138 intelligamus
2467 4069 2550 4122 cui
2574 4070 2648 4123 rei
2674 4069 3019 4138 eleemosyna
3046 4074 3424 4135 comparetur;

1854 4161 1929 4213 ait
1957 4160 2098 4213 enim
2128 4179 2138 4212 :
2174 4160 2322 4215 Sicut
2341 4176 2477 4232 aqua
2497 4162 2774 4231 exstinguit
2798 4162 2991 4230 ignem,
3007 4160 3083 4211 ita
3100 4159 3427 4229 eleemosyna

1852 4252 2135 4321 exstinguit
2158 4251 2417 4303 delictum.
2464 4251 2613 4318 Aqua
2643 4265 2771 4318 ergo
2794 4246 3173 4315 misericordia:
3203 4263 3423 4318 compa-

1850 4350 1999 4393 ratur
2032 4359 2043 4391 :
2076 4339 2168 4394 sed
2192 4350 2385 4408 agnam
2417 4340 2631 4395 invenio
2674 4340 2741 4393 de
2769 4339 2915 4393 fonte
2952 4338 2969 4375 ί
3000 4337 3379 4393 misericordia:
3405 4356 3420 4404 ;

1850 4446 2074 4484 necesse
2103 4430 2231 4483 mihi
2270 4438 2354 4484 est
2382 4429 2764 4490 misericordiae
2802 4428 3003 4483 fontem
3034 4443 3305 4501 quaerere;
3337 4428 3423 4482 in-

1848 4521 2007 4573 venio
2052 4520 2211 4589 plane
2248 4519 2450 4574 fontem
2492 4519 2903 4585 misericordiae;
2940 4522 2953 4568 ἱ
3006 4519 3152 4585 fons,
3203 4520 3272 4574 de
3314 4508 3423 4589 quo

182 4606 522 4664 incenderant
568 4606 844 4678 largiendo
902 4609 1261 4677 restinguant;
1319 4617 1480 4677 atque
1532 4608 1747 4662 utiliore
1780 4592 1824 4649 ί)
1852 4610 1981 4666 dicit
2007 4611 2269 4680 propheta
2295 4628 2309 4667 :
2345 4608 2605 4672 Quoniam
2631 4612 2773 4682 apud
2801 4621 2849 4665 te
2874 4622 2952 4665 est
2979 4614 3100 4682 [one
3122 4614 3268 4674 vitm,
3298 4612 3422 4665 etin

181 4699 535 4761 commercio,
598 4700 690 4765 qui
737 4699 1020 4767 pecuniam
1081 4698 1350 4765 quondam
1417 4697 1637 4751 dederat
1686 4706 1746 4750 ut

182 4784 497 4843 adulterium
540 4793 891 4857 perpetraret,
938 4803 1081 4842 nunc
1107 4789 1385 4857 pecuniam
1433 4796 1636 4857 eroget,
1686 4797 1744 4842 nt

184 4872 387 4931 adulter
414 4889 533 4932 esse
555 4875 665 4945 jam
693 4876 931 4942 desinat;
955 4884 1012 4932 et
1030 4885 1176 4931 emat
1202 4877 1306 4932 sibi
1345 4876 1740 4945 quodammodo

185 4959 559 5030 innocentiam,
584 4966 678 5035 qui
713 4965 817 5022 sibi
856 4975 1063 5021 emerat
1102 4967 1389 5036 aliquando
1417 4976 1735 5037 peccatum;

182 5049 305 5107 dicit
332 5054 478 5108 enim
506 5055 761 5112 Dominus
800 5055 868 5109 ad
894 5054 1186 5126 discipulos
1219 5072 1347 5111 suos
1380 5071 1392 5108 :
1435 5055 1570 5110 Data
1602 5058 1735 5111 elec—

242 5196 267 5224 ⁸
477 5187 598 5269 Vat.
631 5188 785 5269 i720,
828 5192 1008 5269 quanti
1035 5193 1227 5245 missa
1255 5191 1550 5261 deplorant,
1591 5210 1743 5263 super

244 5405 264 5467 ε
294 5394 611 5467 idenm...
638 5394 999 5467 «ipsum.

241 5461 264 5500 ἀ
290 5461 460 5532 Codd.
485 5464 541 5521 S.
568 5461 755 5521 Crucis
780 5468 834 5520 in
860 5465 973 5522 Jer.
1000 5475 1055 5521 et
1088 5467 1237 5532 Vat.,
1259 5477 1605 5521 consumetur.

241 5542 263 5571 ο
294 5529 532 5603 Uterque
550 5536 672 5590 cod.
705 5534 763 5590 S.
784 5535 975 5592 Crucis
995 5537 1046 5591 in
1061 5535 1171 5592 Jer.
1194 5529 1252 5590 et
1278 5537 1547 5599 Ambros.,
1578 5548 1628 5590 et
1650 5538 1733 5590 ἕης

186 5602 357 5675 telligis
376 5614 423 5657 te
444 5602 642 5675 prtedge
872 5622 984 5675 esse
1002 5610 1223 5667 socium,
1242 5652 1247 5658 .
1266 5620 1372 5657 non
1407 5606 1733 5672 venditionis,

655 5670 778 5729 Vat:
819 5682 877 5729 et
902 5673 1155 5739 Laurent.
1185 5675 1368 5743 legunt
1402 5684 1451 5727 et
1479 5670 1734 5747 intelliges

226 5775 241 5802 ι
268 5756 364 5798 ρω.

1850 4701 2042 4753 lumine
2073 4709 2156 4753 tuo
2195 4700 2477 4753 videbimus
2522 4704 2692 4755 lumen
2724 4701 2896 4771 (Psal.
2941 4703 3125 4771 xxxv).
3171 4702 3307 4771 Ipse,
3336 4701 3422 4754 in-

1848 4804 2028 4857 quam,
2058 4799 2142 4844 est
2183 4786 2321 4849 fons.
2350 4791 2443 4859 qui
2473 4791 2526 4845 in
2556 4790 2849 4859 Evangelia
2876 4807 2910 4847 a
2934 4791 3271 4847 Samaritana
3310 4807 3424 4844 mu-

1847 4878 1999 4949 liere,
2028 4880 2165 4937 sicut
2192 4881 2392 4936 lectum
2418 4898 2589 4952 nuper
2627 4882 2957 4947 audivimus,
3004 4898 3198 4952 aquam
3228 4891 3415 4951 postu—

1846 4970 1943 5036 lat,
1972 4970 2068 5027 sed
2105 4972 2665 5051 peccatacondonat;
2706 4987 2897 5041 aquam
2936 4972 3093 5040 putei
3130 4970 3416 5039 reprobat,

1846 5059 1942 5115 sed
1964 5059 2169 5115 fontem
2191 5060 2314 5137 vita:
2336 5063 2589 5132 perennis
2615 5061 2883 5132 indulget;
2913 5060 2995 5127 ait
3017 5060 3162 5115 enim
3186 5082 3201 5121 ε
3235 5060 3419 5113 ωυιίι

1925 5193 1945 5232 ¹
1984 5193 2154 5248 Codd.
2186 5196 2298 5249 citt.
2333 5198 2588 5251 omittunt
2610 5197 2789 5250 sumis.

1920 5273 1946 5310 ι
2149 5262 2218 5317 90
2246 5262 2302 5318 8.
2325 5265 2515 5323 Crucis
2542 5266 2594 5320 in
2632 5266 2743 5321 Jer.
2768 5262 2893 5331 legit
2926 5263 3184 5319 ulceribus
3203 5270 3303 5335 pro
3330 5268 3416 5320 in-

2137 5401 2207 5457 90
2230 5402 2287 5459 S.
2311 5404 2497 5459 Crucis
2526 5404 2577 5457 in
2606 5402 2718 5458 Jer.
2750 5412 2805 5458 et
2842 5402 3094 5457 Laurent.
3125 5403 3193 5455 10
3218 5402 3416 5457 habent

1842 5473 1928 5543 qui
1958 5474 2011 5524 in
2039 5481 2257 5527 mortem
2299 5475 2523 5543 peccatis
2549 5482 2832 5535 aruerunt;
2880 5471 3004 5525 cod.
3036 5488 3165 5529 vero
3194 5472 3262 5524 99
3290 5472 3416 5540 legit

1843 5542 1929 5609 qui
1950 5544 2015 5611 in
2034 5552 2197 5611 morte
2224 5542 2463 5611 pebcatis,
2490 5551 2597 5595 etc.

1921 5611 1934 5681 ξ
1979 5608 2113 5681 Cod.
2144 5606 2420 5681 i0Laur.,
2448 5606 2525 5681 de
2548 5613 2691 5681 fonte
2722 5606 3000 5681 procedere
3025 5609 3410 5681 misericordtg,

1918 5678 1932 5727 i
1979 5676 2107 5733 Cod.
2135 5680 2191 5733 S.
2220 5679 2403 5734 Crucis
2428 5682 2480 5733 in
2500 5676 2611 5745 δέν.
2640 5690 2698 5735 et
2722 5676 2992 5730 Laurent.
3026 5678 3113 5744 10,
3144 5680 3253 5746 ipse
3280 5678 3414 5731 enim

1841 5753 1917 5801 est
1947 5749 2314 5805 misericordia?
2340 5752 2477 5818 fons,
2503 5739 2568 5804 de
2590 5765 2688 5819 quo
2712 5746 2836 5800 dicit
2860 5739 3131 5815 praphetu,
3164 5739 3269 5799 etc.
