3910 6238
490 336 592 386 479

1695 340 1752 393 S.
1794 336 2032 392 MAXIM!
2073 334 2521 391 'I‘AURINENSIS

3655 337 3755 387 380

486 450 571 517 qui
599 448 781 501 biberit
805 466 870 503 ex
907 466 1044 521 aqua
1092 452 1209 515 hac,
1257 452 1397 505 sitiet
1422 453 1607 506 iterum
1630 493 1645 517 ,
1677 454 1762 524 qui
1791 462 1960 505 autem
1998 452 2071 504 bi-
2096 465 2142 519 Α
2176 450 2466 505 revertitur
2496 448 2861 518 prtedicatrix;
2885 458 2937 504 et
2962 465 3082 519 quae
3103 450 3301 521 hydrire
3329 453 3603 507 vasculum
3629 455 3753 505 ami-

487 540 615 593 berit
642 557 707 593 ea:
740 558 874 611 aqua
902 559 1054 611 quam
1093 560 1184 613 ego
1218 543 1349 597 dabo
1380 544 1478 607 illi,
1529 562 1632 598 non
1664 546 1801 597 sitiet
1826 546 1879 597 in
1909 553 2061 597 teter-

489 648 610 682 num
638 630 655 699 (
678 629 838 684 Joau.
866 636 961 699 Iv).
994 633 1200 700 Aquam
1227 649 1355 701 ergo
1386 632 1633 687 Salvator
1662 650 1691 686 a
1716 634 1943 686 muliere
1968 648 2064 700 po-

487 720 666 780 stulat,
710 730 765 773 et
804 722 954 775 sitire
992 738 1051 777 se
1089 724 1323 785 simulat,
1367 730 1425 776 ut
1462 724 1764 777 sitientibus
1804 733 2062 776 aeternam

487 812 711 875 giatiam
744 812 1017 877 largiatur.
1059 813 1243 880 Neque
1281 814 1423 865 enim
1464 821 1674 881 poterat
1716 812 1832 866 fons
1860 813 2011 866 sitire
2045 829 2057 862 :

489 915 693 967 neque,
716 902 764 952 in
796 916 903 969 quo
931 912 1013 955 est
1040 917 1176 969 aqua
1202 902 1345 965 viva,
1380 910 1590 969 poterat
1614 904 1805 954 untam
1837 910 2062 954 terrente

488 990 629 1043 lazcis
657 991 889 1044 haurire.
924 990 1149 1044 Sitiebat
1178 1006 1303 1058 ergo
1336 989 1617 1045 Christus?
1646 990 1872 1043 Sitiehat
1901 992 2058 1060 327

488 1080 667 1145 plane,
698 1096 803 1133 non
836 1091 1017 1149 potum
1048 1081 1352 1143 hominum,
1382 1081 1475 1135 sed
1528 1081 1754 1133 salutem
1806 1080 2019 1133 sitiebat
2045 1118 2057 1141 ,

488 1187 596 1223 non
623 1186 817 1237 aquam
848 1172 1068 1233 mundi,
1104 1172 1199 1245 sed
1240 1174 1658 1239 redemptionem
1702 1172 1915 1237 generis
1965 1172 2063 1222 hu-

491 1262 654 1313 mani.
707 1261 895 1314 Mirum
928 1263 1085 1329 igitur
1116 1264 1167 1315 in
1218 1264 1434 1317 modum
1483 1265 1601 1317 fons
1643 1280 1804 1331 super
1842 1274 2057 1330 puteum

484 1351 677 1403 sedens
724 1342 1104 1405 misericordia:
1170 1352 1361 1404 ibidem
1423 1351 1622 1405 fluenta
1670 1354 1955 1421 producit,
2008 1360 2062 1405 et

485 1440 763 1494 mulierem
786 1450 941 1494 sexto
965 1440 1073 1507 jam
1107 1458 1210 1495 non
1242 1443 1377 1503 viro,
1406 1442 1497 1496 sed
1523 1443 1766 1495 adultero
1796 1442 2064 1495 fornican-

486 1540 615 1591 tem,
648 1530 749 1583 vivi
782 1540 989 1585 meatus
1030 1531 1168 1584 unda
1214 1532 1481 1599 purificat,
1540 1548 1784 1599 novoque
1833 1534 2064 1585 admira-

486 1620 645 1695 tionis
672 1634 870 1687 genere
897 1621 1118 1685 mulier,
1152 1637 1271 1689 qua:
1301 1622 1364 1673 ad
1395 1631 1614 1688 puteum
1656 1621 1910 1675 Samaria:
1952 1638 2064 1674 me-

482 1712 647 1763 retrix
677 1712 985 1771 advenerat,
1018 1730 1045 1764 a
1078 1712 1274 1765 Christi
1326 1712 1473 1766 fonte
1521 1722 1667 1768 casta
1718 1714 2019 1781 regreditur
2046 1752 2063 1776 ,

482 1808 539 1852 et
567 1814 685 1867 qua:
716 1816 909 1867 aquam
942 1810 1125 1870 petere
1158 1811 1411 1865 venerat,
1463 1802 1770 1871 pudicitiam
1816 1810 2064 1871 reporta-

491 1888 603 1951 vit;
633 1890 815 1942 statim
856 1892 1039 1955 etiam,
1092 1890 1360 1943 indicante
1405 1890 1629 1945 Domino
1655 1931 1668 1954 ,
1720 1907 1815 1946 sua
1847 1900 2065 1959 peccata

484 1990 891 2043 recognoscens,
920 1977 1205 2032 conlitetur
1231 1977 1525 2043 Christum,
1567 1981 1847 2032 annuntiat
1876 1978 2067 2033 Salva-

483 2078 681 2132 torem;
718 2078 770 2121 et
809 2070 1115 2135 relinquens
1163 2084 1315 2137 aqua:
1349 2072 1643 2135 vasculum,
1692 2070 1757 2123 ad
1795 2070 2065 2123 civitatem

484 2171 591 2209 non
615 2155 718 2209 fert
748 2158 1011 2227 hydriam,
1044 2158 1135 2211 sed
1162 2159 1325 2212 refert
1354 2161 1612 2226 gratiam;
1647 2176 1811 2213 vacua
1851 2160 2066 2227 quidem

482 2246 693 2299 videtur
724 2249 917 2300 reverti
942 2262 1124 2304 onere.
1143 2248 1235 2302 sed
1260 2250 1417 2317 plena
1449 2251 1735 2303 revertitur
1754 2251 2062 2304 sanctitate.

484 2332 666 2399 Plena,
700 2338 933 2405 inquam,
966 2338 1131 2401 redit;
1157 2339 1285 2405 quia
1314 2354 1432 2407 qua:
1457 2341 1727 2408 peccatrix
1751 2342 2063 2406 advenerat,

2168 549 2333 603 serat,
2363 540 2558 593 Christi
2587 539 2970 607 plenitudinem
2995 540 3324 607 reportabat,
3356 543 3408 594 in
3450 542 3601 595 nullo
3630 542 3761 595 civi-

2168 631 2261 682 tati
2303 644 2411 682 sua:
2442 628 2677 681 inferens
2705 629 3110 693 detrimentum;
3143 631 3339 683 etenim
3370 631 3414 684 si
3440 646 3641 699 aquam
3670 634 3745 685 ci-

2165 721 2317 773 vibus
2341 734 2445 772 non
2480 719 2676 781 intulit,
2695 719 2855 787 328
2873 728 3048 771 tamen
3077 719 3275 772 fontem
3297 721 3485 773 salutis
3510 721 3750 776 invexit;

2163 806 2489 863 sanctificata
2518 823 2645 876 ergo
2673 824 2767 877 per
2790 808 2943 862 fidem
2974 809 3169 862 Christi
3196 810 3389 871 mulier
3410 810 3637 863 domum
3667 826 3749 863 re-

2166 900 2283 967 diit.
2324 898 2399 952 De
2437 899 2536 951 hac
2582 899 2740 965 igitur
2778 898 3095 966 prophetam
3144 899 3341 951 dixisse
3371 908 3503 965 puto
3548 897 3746 967 (Pror.

2166 990 2294 1056 xxx)
2332 1008 2343 1039 :
2378 990 2639 1056 ejusmodi
2684 998 2765 1041 est
2810 990 2987 1056 iniqua
3025 993 3107 1042 via
3139 991 3375 1041 mulieris
3408 992 3749 1049 meretricis;

2164 1094 2280 1146 qua:
2308 1095 2428 1131 cum
2456 1094 2513 1133 se
2540 1079 2787 1141 ablueril,
2836 1079 2964 1131 nihil
3005 1094 3062 1131 se
3096 1078 3225 1132 dicit
3266 1078 3458 1133 fecisse
3498 1094 3749 1147 pravum.

2166 1168 2241 1221 De
2281 1170 2381 1221 hac
2408 1171 2564 1237 plane
2594 1169 2793 1223 dictum
2826 1178 2935 1232 est;
2968 1184 3085 1236 qua:
3112 1178 3461 1238 posteaquam
3488 1180 3573 1222 est
3606 1170 3752 1222 fonte

2166 1258 2344 1311 abluta
2375 1258 2687 1321 Salvatoris,
2714 1258 3028 1312 delictorum
3056 1261 3182 1311 vitia
3218 1276 3321 1312 non
3346 1261 3615 1327 meminit,
3641 1261 3749 1311 vir-

2166 1356 2329 1400 tutem
2360 1348 2751 1415 praulicationis
2777 1350 3030 1413 assumit;
3056 1356 3110 1402 et
3130 1350 3248 1402 viva
3277 1364 3414 1417 aqua
3435 1350 3751 1416 abstergens

2166 1439 2401 1492 maculas
2440 1456 2583 1501 suas,
2631 1441 2695 1492 ad
2746 1441 3216 1507 evangelizandum
3265 1457 3373 1494 non
3418 1442 3751 1495 conscientia

2168 1530 2370 1597 peccati
2396 1531 2709 1590 retrahitur,
2741 1530 2836 1583 sed
2862 1530 2981 1583 fidei
3012 1532 3190 1585 calore
3218 1533 3578 1599 compellitur.
3612 1532 3750 1585 Nihil

2166 1621 2306 1671 enim
2340 1636 2399 1672 se
2439 1622 2566 1673 dicit
2610 1620 2798 1674 fecisse
2825 1623 3122 1690 pravitatis,
3156 1623 3280 1675 dum
3311 1622 3368 1675 lit
3394 1624 3579 1675 nuntia
3608 1624 3751 1677 veri-

2168 1713 2319 1775 tatis;
2353 1721 2408 1765 et
2454 1713 2724 1766 oblivione
2770 1714 3001 1779 abnegat
3043 1713 3612 1781 impudicitiam-dum
3659 1714 3754 1765 de-

2101 1822 2138 1877 ῃ
2168 1805 2385 1857 votione
2409 1805 2659 1872 praedicat
2688 1806 3007 1858 castitatem.
3036 1804 3159 1859 Harc
3188 1808 3329 1857 enim
3360 1806 3529 1857 virtus
3552 1804 3753 1858 Christi

2175 1902 2257 1945 est
2296 1892 2538 1957 Domini,
2562 1902 2636 1967 ~ut
2664 1895 2905 1963 quamvis
2936 1890 3204 1963 peccator,
3236 1895 3329 1963 qui
3370 1894 3487 1962 ejus
3527 1894 3675 1947 unda
3701 1909 3754 1947 se

2171 1982 2379 2046 laverit,
2411 1983 2588 2037 denuo
2619 1984 2669 2035 in
2692 1984 2953 2050 virginem
2987 1991 3266 2051 reparatus
3307 2000 3412 2037 non
3445 1985 3751 2037 meminerit

2170 2080 2295 2127 ante
2330 2073 2475 2142 quod
2504 2073 2706 2135 fecerit,
2741 2082 2795 2125 et
2823 2073 3058 2127 rediviva
3095 2074 3374 2127 nativitate
3403 2074 3649 2126 infantiae
3676 2074 3752 2125 in-

2169 2162 2473 2216 nocentiam
2496 2160 2769 2230 praeferat,
2791 2161 3084 2227 iuventutis
3104 2162 3305 2215 scelera
3330 2177 3435 2214 non
3460 2170 3748 2228 agnoscat;

2168 2252 2343 2319 sitque
2370 2252 2519 2318 virgo
2561 2249 2663 2304 ﬁde
2710 2250 2938 2315 Christi,
2974 2252 3065 2319 qui
3093 2250 3267 2306 fuerat
3312 2251 3521 2306 adulter
3563 2267 3752 2306 corru-

2172 2344 2355 2409 ptione
2382 2342 2609 2409 peccati.

1758 2450 2098 2511 HOMILIA
2150 2450 2433 2512 XCVIII.

1468 2552 1539 2602 De
1569 2551 1901 2620 elecmosynis
1928 2561 1975 2603 et
2005 2551 2067 2603 de
2096 2552 2275 2603 eadem
2303 2551 2640 2605 Samaritana
2686 2550 2767 2602 II.

1899 2639 2287 2692 ΑΒΜΟΝΙΤΙΟ.

549 2734 683 2787 Cum
712 2734 1155 2804 deheleemosynis
1194 2745 1437 2791 sanctum
1466 2736 1776 2804 episcOpum
1822 2735 2208 2790 Taurinensem
2254 2736 2540 2789 Maximum
2588 2735 2921 2799 disseruisse,
2950 2742 3009 2787 ut
3050 2732 3414 2804 admonitione
3455 2735 3741 2804 superiore

481 2805 729 2866 diximus,
759 2801 1067 2857 Gennadius
1096 2814 1340 2868 testatur,
1377 2801 1721 2871 nonnullique
1761 2806 1868 2858 sint
1892 2805 2105 2859 codices
2147 2807 2198 2858 in
2222 2805 2418 2871 quibus
2461 2807 2572 2859 haec
2601 2819 2816 2872 quoque
2863 2804 3080 2856 homilia
3121 2818 3229 2872 prie
3250 2817 3309 2855 se
3338 2801 3471 2854 ferat
3502 2803 3748 2869 ejusdem

481 2888 693 2936 nomen,
728 2875 836 2925 veri
864 2882 941 2927 est
974 2874 1184 2942 qualem
1232 2875 1557 2942 simillimum
1595 2890 1698 2927 non
1732 2875 1906 2935 aliud,
1944 2876 2041 2927 nisi
2076 2874 2364 2927 Maximum
2414 2883 2467 2927 et
2503 2871 2658 2942 hujus
2689 2871 2820 2942 esse
2860 2871 3491 2942 auctorem._lstiusmodi
3526 2872 3751 2926 codices

482 2950 608 2995 sunt
635 2938 1164 3005 Sangallensis'num.
1215 2942 1298 3005 78,
1320 2997 1331 3007 _
1354 2941 1421 2993 99
1469 2944 1679 2997 Sancte
1720 2942 1909 2997 Crucis
1955 2945 2006 2996 in
2036 2942 2331 2997 Jerusalem
2363 2960 2511 2996 num.
2553 2940 2639 3004 2|,
2683 2941 3070 2995 Laurentianus
3103 2958 3131 2993 x
3163 2938 3299 2993 Plut.
3329 2957 3439 3005 xlv,
3469 2942 3521 2993 in
3547 2942 3747 3009 quibus

480 3011 694 3063 humilia
719 3012 1023 3080 inscribitur
1056 3030 1068 3065 :
1098 3011 1177 3065 De
1198 3014 1533 3080 eleemosynis
1564 3024 1611 3065 et
1633 3015 1697 3064 de
1725 3013 1938 3065 muliere
1988 3013 2347 3073 Samaritana,
2373 3021 2427 3065 et
2470 3012 2854 3080 Ambrosianus
2897 3012 3075 3077 itaque
3110 3019 3259 3080 vetus
3288 3010 3571 3080 imprimis,
3626 3026 3744 3063 cum

482 3079 784 3151 titulo_:_De
813 3081 1087 3151 eademre,
1116 3083 1253 3149 apud
1276 3078 1591 3151 Gymnicum
1623 3096 1744 3150 pag.
1770 3081 1892 3151 287,
1928 3080 2255 3135 Galesinium
2288 3096 2407 3151 pag.
2443 3081 2565 3146 I77,
2601 3079 2953 3151 Raynaudum
2984 3094 3105 3149 pag.
3155 3078 3277 3145 144,
3302 3088 3358 3133 et
3384 3078 3748 3147 Margarinum

483 3149 616 3201 Bibl.
650 3149 788 3202 Max.
822 3160 953 3203 tom.
988 3142 1082 3215 VI,
1105 3142 1224 3218 pag.
1262 3142 1346 3215 46,
1378 3142 1727 3205 inscribitur":
1767 3142 1998 3203 Homilia
2028 3153 2257 3205 secunda
2278 3142 2416 3203 unde
2435 3142 2611 3218 supra.

481 3260 867 3314 Ancoucaruu.
896 3290 962 3301 —-
986 3260 1067 3313 Ex
1094 3262 1422 3313 conversione
1451 3262 1678 3315 mulieris
1712 3262 2059 3315 Samaritana:
2087 3262 2133 3324 C
2165 3259 2427 3329 puriﬁcat.
2461 3259 2575 3314 Hoc
2604 3260 2767 3312 etiam
2798 3261 3216 3323 demonstrasse,
3246 3259 3389 3327 quod
3415 3259 3540 3314 huic
3589 3275 3751 3314 evan-

551 3331 721 3398 arguit
756 3330 816 3384 S.
868 3328 932 3382 D.
979 3331 1167 3383 divina:
1216 3331 1585 3383 misericordia:
1634 3332 1952 3384 clementiam
1999 3334 2054 3384 in

550 3400 904 3452 condonanda
950 3400 1248 3471 criminibus
1292 3401 1582 3464 hominum,
1626 3417 1738 3471 qua:
1780 3418 1811 3453 a
1854 3402 2055 3455 Christo

552 3478 792 3541 tanquam
844 3486 873 3519 a
910 3473 1051 3541 [ante
1088 3470 1389 3525 dimanans,
1436 3470 1925 3541 uirtule'prazcipue
1961 3470 2057 3523 ba—

551 3539 824 3606 ptismatis,
850 3540 1070 3607 gratiam
1092 3540 1488 3608 regenerationis
1510 3551 1768 3609 operatur.

554 3628 769 3681 Retinet
811 3636 985 3679 vestra
1017 3628 1255 3690 dilectio,
1297 3636 1421 3681 ante
1468 3628 1581 3683 dies
1620 3639 1643 3665 ⁸
1686 3630 1906 3697 aliquot,
1936 3646 2057 3685 cum

482 3732 783 3771 sermonem
835 3716 901 3769 ad
928 3732 1022 3771 vos
1066 3716 1130 3770 de
1177 3715 1530 3787 elecmosynis
1576 3718 1904 3785 faceremus,
1950 3719 2060 3788 pri-

487 3810 650 3861 mitus
696 3822 794 3859 nos
836 3807 1095 3873 originem
1158 3808 1641 3862 misericordiarum
1687 3826 1926 3879 quzererc
1961 3827 2061 3866 vo-

484 3896 681 3957 luisse;
711 3903 765 3947 et
793 3903 1009 3961 reperto
1039 3910 1222 3963 earum
1264 3896 1411 3949 fonte
1440 3898 1720 3963 virtutum,
1742 3900 2059 3969 ostendisse,

484 3983 626 4051 quod
649 3984 885 4038 mulieris
913 3983 1261 4049 Samaritana:
1289 3986 1473 4041 sordes
1497 3989 1688 4045 melius
1706 3987 1900 4047 Christi
1920 3992 2060 4047 unda

485 4072 737 4135 diluerit,
785 4088 945 4141 quam
989 4073 1242 4127 Samaria:
1300 4090 1436 4142 aqua
1482 4080 1750 4145 purgarit;
1800 4088 1855 4134 et
1916 4083 2059 4149 quod

484 4161 733 4217 mundius
758 4162 1117 4216 misericordia
1148 4164 1368 4219 detersit
1396 4178 1616 4234 peccata
1650 4183 1808 4236 quam
1838 4180 2049 4240 puteus.

484 4251 731 4305 Mundius
777 4254 935 4321 plane
986 4255 1349 4308 misericordia
1396 4272 1553 4325 quam
1593 4268 1785 4327 puteus
1830 4260 2057 4330 detergit

486 4343 757 4409 maculas,
808 4345 929 4412 quia
967 4346 1111 4411 putei
1154 4361 1288 4413 aqua
1330 4356 1533 4401 tantum
1592 4352 1836 4419 corporis
1876 4362 2053 4408 cutem

485 4434 674 4500 abluit,
704 4435 1081 4489 misericordia:
1127 4447 1304 4491 autem
1333 4439 1543 4495 bonitas
1584 4444 1773 4496 anima:
1799 4445 2052 4499 interiora

2163 3350 2347 3417 gelicae
2388 3349 2597 3403 mulieri
2640 3348 2725 3401 illa
2758 3348 3070 3416 prophetica
3114 3349 3366 3401 meretrix
3410 3350 3746 3409 conveniret,

2163 3455 2282 3509 qua:
2312 3448 2496 3507 postea
2526 3454 2685 3506 quam
2716 3439 2835 3491 viva
2877 3453 3014 3505 aqua
3035 3453 3093 3491 se
3124 3439 3267 3499 lavit,
3303 3439 3581 3493 oblivione
3622 3455 3747 3507 pos-

2164 3543 2307 3583 sessa
2338 3528 2617 3597 pravitatis
2640 3529 2815 3580 nitore
2844 3528 3092 3595 puritatis
3120 3527 3379 3591 exsultat;
3407 3543 3586 3597 neque
3609 3530 3747 3582 enim

2166 3618 2233 3673 de
2280 3618 2565 3671 meretrice
2613 3618 2773 3684 hujus
2812 3617 2994 3670 mundi
3043 3618 3205 3672 talem
3252 3621 3579 3673 sententiam
3627 3636 3748 3690 pro-

2166 3710 2328 3778 pheta
2360 3708 2581 3771 diceret,
2626 3708 2777 3775 cujus
2823 3708 3049 3777 pollutio
3090 3724 3199 3761 non
3244 3710 3417 3762 solum
3464 3726 3609 3787 aqua
3645 3726 3745 3763 non

2162 3799 2401 3862 diluitur,
2433 3798 2526 3852 sed
2558 3798 2719 3851 etiam
2762 3798 2955 3866 polluit
2994 3798 3107 3866 ipsa
3140 3800 3282 3867 quod
3310 3800 3496 3866 tangit,
3529 3799 3746 3854 dicente

2163 3888 2423 3957 Apostolo
2453 3906 2465 3940 :
2500 3886 2598 3949 Qui
2627 3899 2795 3940 autem
2834 3904 2889 3940 se
2932 3888 3108 3959 jungit
3146 3891 3421 3953 meretrici,
3451 3906 3615 3943 unum
3636 3906 3746 3943 σονς

2164 3996 2256 4049 pus
2285 3988 2379 4032 est.
2413 3978 2564 4044 Quod
2595 3980 2639 4031 si
2662 3993 2825 4032 unum
2853 3994 3049 4047 corpus
3083 3986 3227 4033 tactu
3256 3995 3355 4033 suo
3383 3978 3570 4045 efﬁcit,
3601 3989 3656 4035 et
3696 3981 3744 4032 in

2162 4072 2522 4125 cohmrentem
2546 4071 2645 4123 sibi
2676 4070 2979 4137 ignominia:
3001 4086 3111 4124 sua:
3134 4071 3369 4123 membra
3394 4071 3740 4129 transfundit;

2160 4161 2432 4228 quomodo
2484 4168 2663 4228 potest
2708 4158 2990 4229 purificare
3020 4161 3134 4228 ipsa
3175 4176 3294 4214 cum
3344 4160 3583 4228 polluat?
3623 4159 3741 4225 Qua!

2160 4264 2286 4316 ergo
2306 4251 2376 4304 sit
2403 4251 2498 4303 ista
2524 4250 2795 4313 meretrix,
2828 4264 2946 4317 qua:
2990 4250 3089 4303 ista
3131 4248 3469 4303 Samaritana
3515 4249 3728 4309 mulier.

2158 4350 2309 4417 cujus
2338 4350 2581 4403 adulterii
2610 4351 2797 4404 sordes
2839 4350 2955 4405 fons
2999 4349 3201 4404 Christi
3238 4350 3542 4416 deterserit,
3577 4351 3727 4407 solli-

2160 4448 2319 4503 citius
2363 4448 2716 4516 requiramus.
2755 4452 2767 4479 ¹
2816 4447 2927 4517 Ego
2958 4450 3096 4503 hanc
3135 4449 3415 4504 mulierem
3455 4449 3735 4506 Ecclesiam

554 4596 581 4623 ι
618 4584 789 4640 Codd.
816 4584 883 4638 99
920 4588 976 4641 S.
1003 4586 1189 4643 Crucis
1224 4589 1276 4642 in
1302 4589 1411 4645 Jer.
1443 4602 1498 4646 et
1525 4592 1779 4651 Laurent.
1826 4614 1860 4652 x
1896 4600 2151 4656 omittunt
2178 4605 2396 4675 aliquot.

560 4724 589 4812 ‘3
831 4722 1043 4812 (agdn:
1057 4722 1403 4812 Baropiusgin
1431 4728 1627 4807 ᾼρρστ.
1659 4731 1726 4782 ad
1754 4732 1944 4812 Annal.
1969 4750 2054 4812 eo-
2084 4742 2135 4799 ι)
2164 4736 2465 4812 Εεοιθείειω
2496 4754 2615 4812 esse
2642 4746 2899 4812 secutam.
2920 4739 2999 4792 Ita
3022 4738 3222 4812 legitur
3238 4740 3293 4795 in
3318 4740 3695 4812 Martyrologio
3720 4756 3733 4792 :

484 4793 632 4870 clem,
665 4807 809 4845 num.
838 4790 959 4870 l8,
998 4790 1300 4870 _Ecclesiam
1330 4810 1359 4847 a
1383 4790 1567 4864 primis
1597 4813 1763 4870 usque
1798 4804 2057 4870 tempori-

486 4864 583 4915 bus
613 4861 956 4929 consuevisse
997 4862 1051 4914 in
1081 4872 1332 4929 computo
1362 4861 1622 4919 annorum
1654 4861 1720 4921 ab
1748 4870 1879 4923 orbe
1915 4861 2055 4925 'eon-

483 4933 596 4985 dito
619 4928 984 5008 atl__Christum
1006 4932 1185 4997 potius
1208 4928 1365 5008 sequi
1387 4936 1689 5008 versionem
1713 4936 2057 5008 Septuaginta

482 5015 653 5073 quam
672 4998 995 5073 Hebraicum
1025 5008 1271 5073 textum._
1294 4998 1437 5057 Hinc
1475 5006 1629 5071 primi
1663 4998 1863 5073 Patr'es,
1896 4998 2060 5063 Jvusti-

484 5066 602 5147 nus,
634 5067 885 5131 Irenteus,
918 5066 1201 5136 Eusebius,
1231 5066 1579 5147 [Epiphaniam
1613 5075 1680 5128 ab
1707 5077 1808 5131 hac
1854 5066 2057 5147 suppu-

486 5141 688 5211 tatione
718 5152 824 5211 non
855 5147 1217 5211 recesserunt.
1242 5139 1381 5205 Quid
1412 5144 1605 5196 mirum
1645 5160 1773 5211 ergo
1810 5148 1851 5200 si
1891 5139 2056 5201 etiam

481 5208 743 5261 Maximus
772 5208 825 5261 in
854 5215 1006 5261 sexto
1033 5208 1313 5262 millesimo
1334 5226 1476 5265 anno
1506 5208 1822 5269 idololatria:
1850 5225 1904 5270 et
1924 5217 2058 5271 abo-

485 5278 836 5351 minationum
866 5274 1026 5351 ﬁnem
1056 5279 1508 5351 posuerit‘tsNam
1547 5297 1644 5351 per
1672 5284 1939 5339 Christum
1970 5287 2060 5340 lux

482 5347 723 5419 veritatis
772 5346 1212 5419 illuxit_m_undo,
1260 5357 1317 5403 et
1367 5350 1481 5419 ipse
1530 5346 1769 5407 omnium
1822 5356 2061 5410 maculas

483 5417 701 5470 abluere
728 5417 895 5492 venit.
926 5415 1085 5492 @1on
1114 5418 1276 5492 etiam
1304 5419 1359 5473 in
1387 5415 1783 5492 'Martyrologio
1814 5424 2059 5479 Romano

482 5501 654 5541 annos
684 5487 977 5560 nativitatis
1022 5486 1220 5541 Christi
1270 5486 1580 5545 enuntiatur
1618 5486 1772 5560 juxta
1818 5502 2059 5549 veterem

484 5570 710 5627 morem,
732 5556 883 5623 quia,
913 5571 987 5610 eo.
1017 5565 1267 5624 tempore
1301 5575 1409 5627 quo
1448 5556 1647 5614 editum
1688 5562 1784 5616 fuit
1813 5562 2055 5619 Ecclesia

485 5621 725 5697 Romana
751 5621 1004 5697 versione
1030 5621 1379 5697 Septuaginta
1424 5632 1707 5697 utebatur;
1740 5641 1795 5687 et
1820 5642 2052 5696 constat,

488 5702 542 5746 ut
570 5694 644 5749 ait
670 5695 951 5760 Baronius.
974 5704 1085 5751 tam
1112 5695 1511 5757 Occidentalem
1538 5694 1702 5771 quam
1727 5694 2054 5760 Orientalem

2158 4807 2377 4881 AnnoAa
2414 4810 2674 4881 creatione
2708 4810 2913 4870 mundi,
2959 4816 3163 4881 quando
3205 4807 3559 4881 inpr-incipio
3599 4807 3727 4863 Deut

2159 4877 2346 4949 creavit
2376 4878 2559 4928 caelum
2584 4886 2887 4949 et_t_erram;
2915 4880 3173 4949 quinques
3192 4877 3483 4949 millesimo
3502 4894 3723 4949 nonage-

2160 4946 2289 4996 simo
2324 4962 2480 5008 nono,
2512 4956 2615 4999 etc.
2646 4946 2785 4999 Nihil
2818 4946 2992 4999 tamen
3023 4946 3270 5013 religioni
3296 4948 3481 5012 ollicit,
3508 4959 3564 5003 ut
3590 4946 3725 5002 recte

2160 5014 2540 5083 animadvertit
2582 5014 2755 5069 Nata].
2784 5016 3043 5069 Alexand.
3089 5016 3141 5069 in
3183 5016 3219 5068 2
3244 5017 3457 5071 dissert.
3476 5060 3491 5083 ,
3518 5030 3647 5071 sect.
3678 5015 3721 5075 i.

2161 5082 2464 5149 liujusmodi
2505 5084 2887 5151 discrepantia,
2916 5086 3039 5151 quia
3069 5100 3177 5139 non
3208 5086 3341 5141 adeo
3370 5082 3527 5140 curat
3550 5085 3724 5139 Eccle-

2161 5151 2261 5235 sia,
2279 5161 2427 5235 “quot
2450 5161 2577 5235 a‘nte
2606 5154 2875 5235 Christum
2896 5154 3266 5235 .annisreipsa
3295 5155 3524 5235 mundus
3536 5154 3723 5235 _condi-

2166 5226 2251 5291 tus
2278 5219 2454 5274 fuerit.
2480 5221 2675 5275 Verum
2700 5224 2838 5276 inter
2858 5222 3039 5291 plures
3058 5219 3483 5291 dissidentesque
3503 5226 3722 5279 chrono-

2166 5289 2407 5360 logorum
2446 5292 2738 5345 sententias
2766 5292 2833 5345 de
2863 5289 3014 5344 anno
3042 5307 3149 5360 quo
3176 5289 3418 5347 Christus
3445 5302 3602 5346 natus
3628 5297 3719 5360 est.

2167 5356 2452 5428 Usseriana
2482 5361 2686 5428 epocha
2717 5361 2989 5415 collocans
3016 5356 3227 5415 Domini
3254 5362 3586 5416 nativitatem
3632 5357 3721 5413 sub

2165 5425 2324 5481 ﬁnem
2372 5425 2735 5495 anni—quater
2778 5429 3045 5483 millesimi
3092 5444 3122 5481 a
3151 5431 3425 5484 creatione
3471 5428 3664 5491 mundi,
3691 5439 3718 5477 ι

2161 5497 2346 5549 multis
2375 5498 2729 5566 scriptoribus
2757 5497 3053 5561 rrmfertur.
3087 5497 3205 5551 Vid.
3224 5498 3486 5566 Mamach.
3508 5497 3716 5564 deOrig-

2162 5575 2210 5619 ει
2227 5565 2497 5638 ᾕᾼηιίᾳηίιζ
2513 5566 2712 5638 Christ.
2738 5568 2829 5621 lih.
2852 5584 2909 5633 ιι,
2930 5566 3135 5638 eam},
3161 5567 3194 5638 ᾗ
3223 5565 3275 5619 2.

2226 5634 2414 5689 Restat
2465 5644 2522 5690 ut.
2576 5637 2857 5705 explicem,
2903 5634 3009 5690 cur
3033 5634 3295 5691 Maximus
3322 5636 3519 5691 dixerit
3548 5641 3716 5703 gentes

2158 5706 2212 5761 in
2242 5716 2397 5761 sexto
2440 5705 2725 5763 millesimo
2763 5720 2905 5763 anno
2944 5705 3389 5762 foruicationibus
3432 5707 3712 5776 subiacere.
