3910 6238
134 310 221 365 l8]
1513 302 1788 356 ΙῘΟΜΙΙᾸΑ
1835 299 2008 354 XCIX.

3294 294 3401 347 £82

136 435 243 476 esse
267 429 404 490 puto
450 421 521 475 de
550 419 808 487 gentibus
849 430 1253 486 congregatum,
1284 429 1401 483 quae
1447 421 1502 466 et
1545 421 1719 465 trans-
1748 419 1793 471 Α
1824 409 2089 478 ptismatis
2137 408 2371 477 pertinet
2409 407 2667 476 gratiam,
2713 406 3119 476 apudsuperos
3150 417 3170 442 ε
3204 416 3403 475 myste-

134 512 258 567 actis
277 512 435 565 annis
460 512 711 579 quinque
733 509 979 571 millibus,
1020 524 1139 562 cum
1173 508 1223 559 in
1252 512 1405 558 sexto
1434 501 1716 556 millesimo

134 616 267 653 anno
280 600 550 653 idolorum
565 598 1004 652 fornica‘tionihus
1018 595 1336 662 subiaceret,
1350 606 1560 646 omnem
1576 592 1721 657 igno—

137 690 347 743 miniam
370 689 539 759 329
556 704 711 742 suam
729 687 1041 739 adveniente
1061 684 1256 739 Christi
1283 683 1429 737 fonte
1448 680 1716 750 purgavit,

135 790 187 832 et
219 780 463 833 maculas
510 792 649 846 quas
686 777 997 831 adulterinis
1022 776 1316 844 sacrilegiis
1349 781 1715 835 contraxerat,

138 868 233 921 lide
260 868 563 922 Salvatoris
593 866 863 933 abstersit,
894 881 955 919 ac
984 866 1311 932 relinquens,
1341 864 1478 937 sicut
1502 864 1715 915 inanem

138 957 399 1027 hydriam,
428 956 674 1024 priorem
720 968 741 989 η
786 956 1014 1023 patrium
1065 969 1298 1015 cursum,
1325 945 1718 1005 universo‘orbi

142 1046 346 1099 Domini
377 1044 725 1098 annuntiavit
760 1042 1064 1096 adventum.
1097 1041 1238 1101 Haec,
1273 1041 1509 1107 inquam,
1532 1040 1617 1091 illa
1642 1048 1725 1092 est

140 1136 409 1195 meretrix,
443 1149 570 1203 qua:
596 1142 943 1201 posteaquam
976 1133 1082 1184 lota
1116 1140 1216 1192 est,
1242 1103 1369 1184 nihil
1401 1148 1457 1184 sc
1487 1130 1615 1183 dicit
1645 1129 1721 1182 fe-

138 1225 268 1275 cisse
306 1238 575 1291 pravum;
627 1230 970 1289 posteaquam
1002 1220 1141 1272 enim
1190 1219 1423 1273 Ecclesia
1473 1220 1720 1287 baptismi

139 1315 306 1367 nitore
335 1322 571 1382 purgata
600 1321 702 1375 est,
748 1312 1022 1364 diabolica:
1064 1311 1353 1377 impietatis
1393 1325 1498 1361 non
1543 1309 1725 1362 memi-

138 1406 234 1469 nit,
260 1406 533 1473 religione
563 1404 805 1457 veritatis
850 1404 1104 1467 exsultat,
1144 1406 1386 1468 lactaque
1435 1401 1499 1453 de
1552 1414 1724 1454 mere-

138 1495 264 1548 trice
287 1496 443 1562 virgo
497 1509 609 1547 non
642 1492 951 1546 recordatur
991 1494 1226 1561 priorum
1257 1492 1302 1553 δ,
1342 1490 1435 1545 sed
1466 1490 1724 1556 gloriatur

138 1585 188 1637 in
217 1584 553 1651 integritate,
587 1583 663 1634 ait
688 1597 814 1650 ergo
844 1584 1105 1651 prepheta
1140 1598 1151 1631 :
1189 1582 1333 1634 Sicut
1362 1597 1493 1649 aqua
1523 1581 1722 1632 exstin-

140 1673 238 1740 guit
266 1674 461 1741 ignem,
488 1673 567 1723 ita
594 1670 915 1739 eleemosytta
944 1669 1229 1738 exstinguit
1251 1678 1534 1736 peccatum.
1569 1666 1722 1734 Saepe

1826 502 1963 554 rium
1995 500 2313 563 celebratur,
2348 500 2507 569 330
2534 506 2587 552 et
2624 498 2763 567 apud
2812 496 3011 551 inferos
3041 497 3287 565 gebenna
3318 513 3401 550 re-

1819 592 2111 660 stinguitur
2144 609 2155 642 :
2189 590 2275 669 hic
2307 590 2476 643 ﬂuunt
2503 605 2671 658 aqute,
2714 598 2769 643 et
2806 590 2913 643 illic
2952 590 3178 657 tepescit
3215 590 3399 643 incen-

1819 681 1965 735 dium
1999 698 2013 733 :
2039 682 2125 735 hic
2154 680 2204 734 in
2237 680 2384 734 fonte
2408 681 2568 734 homo
2594 680 2870 746 mergitur,
2897 688 2953 733 et
2973 680 3082 733 illic
3108 680 3174 733 de
3198 688 3401 733 tartaro

1822 772 2097 825 liberatur.
2121 770 2227 826 Sed
2258 786 2357 826 nec
2386 773 2598 836 mirum,
2630 771 2674 825 si
2704 772 2756 823 in
2786 770 3035 839 baptismi
3064 778 3401 823 sacramento

1822 862 2094 931 aperiatur
2123 862 2406 924 infernum,
2454 877 2573 915 cum
2618 870 2744 915 tunc
2783 875 2999 929 quoque
3040 868 3311 913 reseretur
3349 871 3404 912 et

1821 952 2044 1016 caelum;
2078 952 2391 1020 aperiuntur
2418 951 2560 1005 enim
2591 952 2703 1005 lucc
2744 951 3028 1013 elementa,
3063 957 3119 1003 ut
3155 950 3220 1002 ad
3254 949 3401 1001 lava-

1822 1057 1973 1095 crum
2018 1040 2213 1095 Christi
2253 1042 2537 1095 coaveniat
2578 1040 2793 1093 libertas
2835 1049 2889 1094 et
2926 1040 3114 1109 gratia.
3160 1038 3404 1092 Libertas

1821 1133 1961 1186 enim
1991 1133 2371 1187 resurrecturis
2413 1134 2689 1195 tribuitur,
2743 1133 2913 1199 gratia
2960 1132 3279 1199 regnaturis.
3322 1131 3404 1185 llli

1822 1230 2082 1276 eruuntur
2122 1222 2187 1275 de
2216 1237 2393 1291 pmna,
2429 1222 2481 1273 hi
2522 1230 2865 1274 assumuntur
2904 1223 2955 1273 in
2998 1221 3263 1287 gloriam;
3305 1219 3403 1282 illi,

1823 1314 1913 1381 qui
1943 1322 2097 1367 erant
2142 1314 2281 1365 servi
2310 1312 2535 1381 peccati,
2564 1312 2717 1364 liberi
2749 1310 2880 1370 fiunt
2915 1310 3135 1378 justitiae
3164 1328 3175 1361 :
3210 1310 3282 1371 hi,
3313 1311 3403 1376 qui

1824 1402 2083 1469 angustiis
2121 1402 2300 1455 srcculi
2347 1402 2687 1463 tenebantur,
2727 1400 2959 1469 paradisi
2989 1414 3198 1453 ammna
3232 1399 3407 1467 perci-

1826 1494 1997 1560 piunt.
2021 1491 2077 1544 ln
2100 1492 2367 1560 baptismo
2397 1504 2525 1556 ergo
2552 1489 2749 1543 Christi
2780 1490 3091 1557 aperiuntur
3110 1488 3253 1551 cmli,
3282 1503 3409 1555 ape-

1825 1584 2033 1636 riuntur
2058 1590 2113 1635 et
2143 1589 2376 1644 tartara;
2408 1582 2529 1634 inde
2554 1590 2609 1633 ut
2631 1580 2861 1648 Spiritus
2889 1588 3105 1631 sanctus
3134 1577 3406 1642 adveniat,

1826 1674 1951 1727 illuc
1991 1681 2049 1726 ut
2093 1672 2460 1726 misericordia
2505 1670 2798 1724 Salvatoris
2846 1670 3099 1731 accedat;
3132 1667 3409 1722 deferatur

132 1761 348 1827 quidem
380 1760 632 1813 videmus
661 1759 773 1811 hcce
794 1758 926 1819 ﬁeri,
955 1766 1014 1809 ut
1041 1772 1177 1825 aqua
1202 1756 1364 1808 ell'usa
1394 1754 1723 1807 ﬂammarum

1834 1764 1895 1817 de
1936 1764 2072 1817 caelo
2114 1765 2243 1823 vita,
2272 1778 2418 1815 mors
2460 1778 2489 1815 a
2521 1771 2722 1815 tartaro
2763 1761 3092 1815 destruatur.
3134 1759 3211 1812 lta
3252 1759 3412 1825 igitur

141 1850 436 1917 restinguat
461 1848 708 1901 incendia
744 1864 756 1897 :
799 1846 892 1900 scd
922 1862 951 1899 e
979 1844 1252 1898 contrario
1284 1843 1543 1895 interdqu
1575 1842 1723 1895 vide-

142 1957 254 2009 mus
290 1941 437 2008 quod
488 1939 733 1993 iuuuensi
783 1939 981 2007 ignium
1029 1937 1169 2006 globi
1221 1950 1476 2002 aquarum
1527 1933 1726 1986 lluenta

142 2039 481 2093 consumant,
508 2039 566 2083 et
591 2030 753 2082 veluti
784 2029 849 2081 ab
880 2029 1031 2095 aquis
1059 2037 1277 2095 accepta
1308 2042 1427 2079 esca
1449 2025 1727 2077 vehemen-

142 2123 241 2175 tius
269 2120 528 2175 redivivis
573 2119 852 2173 ardoribus
880 2117 1259 2179 convalescat;
1297 2117 1366 2168 ita
1401 2123 1457 2167 ut
1486 2114 1729 2167 videatur

144 2227 273 2279 aqua
304 2228 413 2265 non
443 2212 766 2265 exstinxisse
790 2209 1051 2269 incendia,
1084 2209 1177 2262 sed
1208 2208 1438 2260 auxisse.
1474 2205 1727 2270 Qumnam

144 2310 221 2353 est
251 2302 335 2352 illa
365 2315 508 2367 aqua
540 2315 657 2365 qum
680 2299 947 2352 consumit
976 2297 1234 2361 ﬂammas,
1266 2310 1366 2348 nec
1389 2296 1501 2363 ipsa
1528 2310 1727 2348 consu-

146 2394 335 2444 mitur?
370 2404 389 2428 ο
442 2390 537 2443 Illa
580 2398 688 2455 est,
721 2400 868 2458 puto,
901 2404 1019 2458 qua:
1068 2388 1121 2440 in
1170 2390 1384 2440 lavacro
1423 2386 1488 2438 de
1526 2384 1730 2441 Christi

148 2478 285 2535 fonte
315 2480 615 2550 proﬂuens,
658 2496 767 2533 non
794 2479 1125 2533 consumitur
1150 2494 1188 2529 a
1215 2477 1605 2546 peccatoribus,
1636 2477 1730 2530 sed

147 2572 398 2637 gehennae
419 2571 692 2625 consumit
713 2570 975 2623 incendia.
1000 2568 1128 2633 Quae
1148 2567 1269 2620 dum
1294 2582 1389 2634 per
1410 2566 1729 2634 baptismum

151 2658 437 2713 infunditur
480 2670 536 2713 et
579 2660 690 2727 ipsa
719 2661 771 2711 in
802 2658 1107 2711 hominibus
1152 2666 1206 2709 et
1236 2656 1417 2708 tartari
1451 2654 1732 2723 restinguit

150 2750 414 2817 ardorem,
444 2751 578 2803 vivit
609 2750 765 2818 plane
804 2749 858 2801 in
904 2747 1227 2810 hominibus,
1259 2746 1398 2800 sicut
1435 2746 1510 2797 ait
1546 2743 1728 2797 Domi-

152 2855 288 2893 nus:
331 2843 480 2909 Aqua
524 2849 693 2892 autent
721 2855 873 2908 quam
920 2855 1015 2909 ego
1044 2838 1177 2890 dabo
1206 2840 1251 2889 ei
1296 2838 1383 2905 fiet
1424 2839 1477 2889 in
1509 2852 1568 2888 eo
1613 2838 1729 2904 fons

153 2945 288 2996 aqua:
316 2930 556 2981 salientis
585 2927 758 2996 (Joan.
792 2930 889 2994 IV),
919 2937 969 2980 et
1001 2926 1225 2992 reliqua.
1259 2924 1447 2976 Mirum
1477 2923 1501 2959 ά
1525 2938 1654 2992 ergo
1677 2924 1730 2976 it:

155 3018 356 3071 modum
381 3034 519 3087 aqua
544 3018 741 3072 Christi
766 3032 866 3069 una
892 3018 1187 3085 eademque
1207 3016 1540 3083 Operatione,
1567 3022 1621 3067 et
1648 3014 1728 3066 vi-

1828 1856 2169 1924 eleemosyua
2215 1854 2506 1922 exstinguit
2550 1861 2790 1921 peccata,
2823 1853 2960 1905 sicut
2990 1867 3127 1920 aqua
3157 1851 3410 1919 baptismi

1829 1945 2087 2012 gehennae
2120 1942 2139 1981 ε
2171 1943 2459 2011 exstinguit
2490 1941 2793 1995 incendium
2826 1958 2838 1991 :
2882 1955 3013 2008 ergo
3062 1940 3408 2009 eleemosyna

1829 2035 2224 2102 quodammodo
2273 2035 2569 2087 animarum
2613 2031 2753 2084 aliud
2796 2039 2877 2084 est
2924 2032 3215 2094 lavacrum,
3269 2039 3325 2083 ut
3365 2031 3411 2083 si

1830 2126 1948 2194 quis
1972 2125 2108 2178 forte
2130 2132 2249 2192 post
2271 2124 2590 2192 baptismum
2613 2123 2842 2174 humana
2868 2119 3153 2186 fragilitate
3176 2119 3415 2187 delique-

1830 2217 1919 2279 rit,
1963 2216 2195 2283 supersit
2239 2215 2306 2274 ei,
2343 2221 2400 2266 ut
2438 2214 2632 2266 iterum
2673 2210 3032 2279 eleemosynis
3072 2209 3412 2270 emundctur,

1830 2309 1968 2361 sicut
1994 2308 2066 2359 ait
2097 2306 2349 2359 Dominus
2383 2323 2395 2356 :
2443 2303 2576 2356 Date
2614 2304 3015 2371 eleemosynam,
3056 2310 3106 2353 et
3144 2316 3259 2353 ecce
3297 2317 3409 2353 om-

1834 2400 1921 2451 nia
1951 2398 2145 2450 munda
2166 2404 2285 2448 sunt
2313 2395 2451 2447 vobis
2484 2393 2633 2463 (Luc.
2669 2394 2795 2461 xu);
2830 2392 2930 2444 nisi
2961 2389 3103 2457 quod
3133 2390 3278 2442 salva
3310 2389 3416 2442 fide

1832 2474 2079 2541 dixerim.
2098 2479 2457 2553 indulgentior
2476 2491 2557 2535 est
2577 2482 3097 2549 eleemosynaquam
3120 2479 3410 2533 lavacrum.

1833 2576 2126 2629 Lavacrum
2157 2575 2298 2627 enim
2329 2573 2495 2627 semel
2524 2572 2699 2633 datur,
2736 2580 2791 2625 et
2818 2571 2985 2625 semel
3010 2571 3221 2624 veniam
3253 2570 3413 2638 polli-

1832 2672 2020 2729 cetur;
2070 2665 2469 2733 eleemosynam
2520 2671 2701 2715 autem
2751 2661 2964 2729 quoties
3017 2660 3226 2717 feceris,
3261 2661 3421 2713 toties

1832 2754 2045 2807 veniam
2090 2753 2432 2821 promereris.
2486 2750 2551 2804 Hi
2600 2766 2729 2818 ergo
2772 2750 2879 2804 duo
2928 2749 3419 2803 misericordiarum

1832 2841 2007 2895 fontes
2033 2848 2177 2907 sunt,
2200 2841 2290 2909 qui
2320 2849 2376 2894 et
2402 2841 2567 2893 vitam
2598 2841 2858 2903 tribuunt,
2889 2848 2943 2893 et
2967 2847 3187 2908 peccata
3214 2838 3422 2892 condo-

1834 2940 1998 2992 nant;
2030 2931 2121 2998 qui
2173 2938 2457 2997 utrumque
2502 2929 2823 2983 custodierit
2868 2928 3020 2996 regni
3062 2929 3297 2982 caelestis
3326 2930 3422 2983 lto-

1834 3036 1966 3075 nere
2004 3019 2280 3083 ditabilur,
2313 3020 2401 3086 qui
2434 3029 2636 3084 autem,
2677 3018 2946 3072 maculato
2985 3017 3131 3071 fonte
3169 3016 3312 3084 vivo,
3343 3018 3412 3071 ad

155 3107 339 3169 vilicat,
389 3122 437 3161 et
474 3107 799 3173 exstinguit;
846 3104 1078 3158 viviﬂent
1108 3104 1250 3157 enim
1280 3103 1504 3167 animas,
1535 3103 1729 3156 delicta
1761 3108 1802 3167 C
1836 3107 2217 3161 misericordire
2238 3121 2297 3159 se
2320 3104 2519 3159 ﬂuenta
2544 3105 2851 3168 contulerit,
2885 3112 2940 3157 et
2972 3104 3084 3172 ipse
3114 3104 3423 3159 misericor—

155 3199 457 3265 restiuguit;
510 3198 610 3252 has
654 3197 850 3250 lavacri
890 3197 971 3249 sui
1010 3194 1290 3260 refrigerio
1330 3200 1565 3262 reparat,
1615 3194 1730 3246 illas

156 3290 366 3357 gurgitis
392 3291 476 3344 sui
506 3289 647 3343 unda
675 3289 969 3353 consumit;
996 3294 1049 3341 et
1080 3286 1223 3353 quod
1254 3285 1321 3337 ad
1346 3285 1605 3352 majorem
1636 3284 1729 3337 ba-

1835 3200 1978 3252 diam
2006 3204 2389 3265 consequetur.

1440 3379 1783 3440 HOMILIA
1829 3380 2056 3441 XCIX.

1525 3479 1605 3533 De
1652 3481 1894 3548 hospitali
1903 3491 2025 3533 tate.

1568 3569 1609 3639 ,δ
1620 3568 1960 3624 οΜοΝιτιο.

179 3728 188 3737 1
221 3657 383 3725 llujus
410 3674 631 3737 quoque
672 3658 905 3737 homilire
954 3676 967 3711 :
1000 3658 1077 3737 ρο
1105 3659 1473 3737 hospitalitate,
1588 3659 1878 3737 ﬁglinum
1909 3676 2028 3737 esse
2047 3670 2330 3737 auctorem
2385 3661 2694 3737 Cennadius
2735 3664 3002 3737 tradidit;
3035 3667 3192 3730 eique
3224 3678 3422 3737 assen-

158 3728 368 3801 tiuntur
386 3730 700 3801 scriptores
713 3728 1574 3801 _C0£ﬁCUlﬂ__S_:lng;lllu.|SlSAhOIllll.
1610 3728 1698 3801 5}.
1721 3729 1799 3801 99
1819 3730 1877 3783 S.
1901 3730 2090 3801 Crucis
2121 3733 2172 3785 in
2194 3730 2493 3801 Jerusalem
2518 3732 2705 3787 homil.
2734 3733 2824 3800 18,
2852 3728 3205 3801 ejusdemque
3224 3734 3425 3787 biblio-

158 3796 316 3871 theca:
344 3797 413 3851 99
451 3798 641 3871 homil.
669 3796 759 3871 353:
792 3797 848 3871 [η
878 3798 1151 3871 codicibus
1176 3798 1508 3871 Sangallensi
1537 3807 1594 3871 et
1704 3797 1899 3871 Crucis
1939 3801 1989 3854 in
2026 3800 2323 3871 Jerusalem
2351 3800 2421 3855 99
2462 3802 2659 3869 legitur
2688 3796 2899 3857 tantum
2926 3802 3005 3855 De
3032 3796 3422 3871 hospitalitate;

158 3868 321 3942 se_l_in
359 3870 659 3921 vetustiore
880 3864 1068 3942 Crucis
1108 3869 1158 3919 iu
1189 3864 1309 3921 Jer.
1337 3867 1572 3942 :_Incipit
1600 3867 1664 3920 de
1694 3869 2048 3942 hospitalitate
2075 3872 2129 3923 in
2162 3864 2879 3942 EvangelioaSuperioribus
2906 3864 3149 3942 addimus
3178 3864 3424 3927 codicem

158 3949 187 3986 x
210 3932 346 3989 Plut.
380 3952 469 3990 xiv
510 3948 632 4005 pag.
674 3933 778 3987 268
814 3935 1255 4000 Laurentianum,
1289 3938 1381 4006 qui
1408 3932 1609 3992 omisso
1639 3932 1807 3992 verbo
1853 3938 2070 4010 Incipit,
2100 3932 2347 3995 eumdem
2373 3932 2591 3995 titulum
2610 3942 2813 3996 codicis
2835 3941 2904 3996 90
2931 3940 2987 3995 S.
3012 3940 3202 3997 Crucis
3236 3941 3420 3996 habet.

166 4142 181 4183 ‘
225 4075 248 4102 ι
274 4063 515 4134 Uterque
538 4064 711 4119 codex
740 4065 941 4118 laudat.
977 4065 1104 4134 legit
1132 4068 1353 4135 priorem
1382 4075 1585 4136 patrum
1624 4068 1736 4121 cul—

186 4151 282 4183 nm.

186 4151 282 4186 um.

158 4273 175 4323 ι
226 4203 249 4242 δ
274 4203 417 4258 Idem
449 4213 680 4271 uterque
706 4203 852 4270 cod.,
886 4220 991 4257 non
1034 4205 1338 4258 recordatur
1370 4207 1601 4275 priorum
1626 4222 1735 4259 sce—

178 4289 331 4323 erum.

178 4289 407 4397 BT’Cod.
439 4342 519 4411 99
541 4340 600 4394 S.
630 4339 816 4396 Crucis
843 4342 896 4395 in
923 4340 1032 4396 Jer.
1056 4343 1286 4411 supplet,
1312 4344 1400 4398 cui
1432 4344 1732 4399 conformis

160 4418 236 4465 est
252 4413 421 4467 codex
443 4429 475 4466 ι
500 4410 913 4466 Laurentianus.

162 4561 221 4600 ac
244 4547 290 4600 si
314 4546 487 4601 multo
519 4554 647 4599 ante
690 4542 991 4614 idololatria
1020 4558 1142 4597 cum
1173 4544 1329 4614 331
1361 4544 1609 4614 omnibus
1634 4542 1731 4597 ﬂa-

177 4616 296 4682 gitiis
342 4632 451 4670 non
499 4614 838 4682 regnaverit?
890 4611 1159 4682 Habemus
1186 4611 1327 4666 enim
1357 4629 1424 4668 ex
1452 4612 1729 4681 Scriptura

212 4687 351 4755 oysis
379 4681 630 4754 tempore
658 4681 909 4755 [lubricos
925 4681 1166 4755 conﬂato
1186 4682 1354 4755 vitulo
1380 4696 1546 4755 aureo
1566 4684 1732 4755 sacri-

165 4750 374 4818 llra'sse;
400 4750 667 4823 praiterea
696 4752 889 4818 legitur
916 4750 1074 4823 lsaac
1100 4753 1417 4823 praecepisse
1456 4750 1623 4823 Iacob
1642 4767 1733 4823 ne

164 4824 259 4877 sibi
296 4819 520 4878 uxorem
548 4830 783 4875 sumeret
810 4836 877 4873 ex
908 4819 1115 4874 ﬁliabus
1135 4819 1408 4887 Chanaan,
1432 4822 1556 4888 quia
1586 4820 1733 4875 falsis

164 4892 260 4944 diis
284 4894 617 4957 serviebant,
648 4898 704 4959 et
731 4888 1016 4943 Rachelem
1046 4889 1251 4944 Rabani
1283 4891 1450 4959 patris
1477 4891 1558 4943 sui
1590 4891 1729 4945 idola

168 4962 387 5033 furatam
415 4962 604 5033 fuisse.
628 4957 925 5033 Fatendum
947 4960 1164 5027 quidem
1199 4957 1737 5033 est'superstitiosum

169 5030 362 5100 cultum
393 5027 628 5100 populos
654 5042 856 5100 omnes
870 5028 1182 5100 longegante
1202 5028 1471 5084 Christum
1493 5027 1738 5082 domina-

169 5106 275 5152 tum
303 5096 499 5165 fuis'se';
531 5098 628 5153 sed
672 5112 795 5151 cum
826 5096 1052 5151 Romani
1079 5110 1177 5165 per
1205 5099 1508 5152 universam
1534 5105 1735 5151 terram

175 5167 445 5236 imperium
490 5182 650 5222 suum
679 5167 1046 5236 protulissent,
1084 5167 1378 5235 falsamque
1423 5167 1737 5236 religionem

174 5234 416 5293 invehere
443 5238 647 5305 ubique
688 5234 1042 5305 studuissent;
1092 5236 1144 5289 in
1174 5234 1329 5290 sexto
1357 5235 1539 5289 mundi
1570 5237 1738 5290 mille-

175 5305 302 5360 simo
324 5322 489 5375 anno,
516 5303 684 5375 portus
706 5303 909 5375 Christi
930 5306 1204 5375 statuitur,
1235 5305 1436 5375 scilicet
1440 5306 1604 5375 _circa
1633 5319 1733 5375 an-

181 5389 297 5428 num
334 5374 437 5429 749
474 5372 548 5430 ὐ.
582 5373 677 5439 C.;
724 5374 845 5428 ideo
888 5373 943 5428 S.
974 5374 1234 5428 Maximus
1259 5374 1394 5427 dixit
1440 5372 1736 5428 Ecclesium

180 5454 573 5526 conm-cgnitum
594 5459 665 5498 ex
686 5444 951 5524 gentibus,
977 5457 1095 5510 quas
1114 5444 1165 5497 in
1188 5444 1503 5497 idololatriae
1524 5442 1737 5510 ﬂagitiis

182 5522 230 5563 et
270 5522 504 5569 caecitate
555 5512 838 5567 Infeliciter
874 5512 1092 5569 perdita:
1127 5514 1500 5568 versabantur.
1530 5511 1737 5566 Revera

187 5528 230 5563 Pl
270 5528 504 5569 caecitate
555 5528 838 5567 Inreuctter
874 5528 1092 5581 peruiae
1127 5528 1500 5568 versabantur.
1532 5528 1737 5566 nevera

187 5584 315 5664 quod
342 5583 565 5639 (lasseris
591 5582 815 5649 Augusti
839 5581 1190 5664 dqmi’nationi
1214 5583 1499 5664 universus
1527 5591 1742 5664 pararet

191 5652 349 5721 uritis;
372 5664 566 5720 praeter
583 5666 777 5705 omnes
794 5650 1048 5721 profanos
1065 5652 1374 5722 scriptores,
1395 5652 1559 5707 etiam
1582 5651 1739 5721 332

1913 4066 1938 4140 tl
1970 4068 2045 4140 lt_a
2090 4068 2213 4123 cod.
2248 4069 2321 4140 99
2346 4069 2403 4124 S.
2429 4071 2615 4126 Crucis
2645 4072 2697 4125 in
2727 4070 2836 4125 Jer.
2864 4071 3103 4140 perfecte
3131 4071 3427 4129 concordat

1840 4138 1961 4211 eod.
2000 4137 2255 4211 Laurent.
2286 4137 2586 4195 Galesinius
2620 4157 2752 4195 vero
2790 4137 2958 4211 legit:
2997 4141 3191 4195 Mirum
3224 4144 3278 4195 iu
3308 4159 3423 4196 mo-

1841 4207 2135 4278 dumdaqua
2177 4208 2435 4275 Christus,
2465 4219 2569 4265 etc.
2848 4207 2868 4211 ⁷
3288 4231 3292 4235 ‘

1840 4345 1869 4397 ὁ
1913 4289 1935 4312 ο
1958 4276 2089 4396 Clod.
2119 4276 2487 4345 Laurentian.,
2513 4281 2652 4349 apud
2679 4297 2892 4349 superos
2921 4281 3265 4334 ministerium
3294 4282 3427 4335 cele-

1878 4362 1984 4397 rum
2013 4386 2027 4397 .

1878 4362 2027 4399 ram.

1918 4415 1934 4452 τ
1966 4413 2099 4469 Cod.
2134 4414 2202 4469 99
2231 4414 2287 4469 S.
2319 4415 2509 4473 Crucis
2538 4416 2591 4471 in
2618 4416 2753 4484 Jer.,
2777 4420 3066 4491 restinguit.

1836 4543 2097 4618 S.“Lueas
2136 4546 2500 4618 testimonium
2543 4546 2748 4618 praebet
2778 4562 2897 4618 cap.
2929 4545 2985 4610 2,
3008 4546 3099 4618 ubi
3131 4556 3423 4618 memorat,

1847 4613 2081 4685 edictum
2103 4613 2339 4685 ejusdem
2361 4613 2606 4685 (Emensis.-
2628 4613 2989 4685 praecipientis
3007 4613 3423 4684 descriptionem

1841 4683 2027 4752 mundi
2064 4684 2296 4737 universi
2323 4701 2334 4735 :
2364 4683 2505 4737 Exiit
2529 4683 2750 4738 edidium
2779 4683 2811 4739 ἁ
2842 4684 3047 4738 Caesare
3086 4683 3340 4752 Augusto,
3367 4697 3425 4741 ut

1840 4751 2212 4824 describantur
2239 4754 2506 4824 uniuersus
2530 4753 2700 4824 orbis.
2722 4753 2860 4824 Quin
2892 4756 2999 4808 imo
3025 4755 3139 4822 ipse
3167 4751 3427 4824 Evange-

1840 4822 1961 4892 lista
1991 4823 2319 4892 mentionem
2351 4822 2515 4892 habet
2543 4823 2609 4876 de
2637 4823 2741 4876 alia
2784 4822 3173 4892 descriptione,
3198 4822 3427 4892 jampri-

1841 4891 1965 4963 dem
2003 4888 2199 4963 factaa
2233 4892 2457 4959 przeside
2485 4890 2711 4963 Cyrino,
2732 4893 2839 4959 vel,
2862 4901 2915 4963 ut
2943 4888 3063 4945 aliis
3081 4888 3279 4963 placet,
3302 4888 3428 4961 Qui-

1845 4962 2003 5030 rino;
2053 4970 2108 5013 et
2151 4961 2316 5014 inter.
2340 4976 2502 5014 unam
2535 4961 2806 5030 'etaliam
2854 4961 3273 5030 descriptionem
3321 4964 3425 5019 hoc

1770 5033 1818 5093 ῐ)
1844 5029 2130 5099 discrimen
2172 5030 2470 5093 inveniunt,
2498 5029 2642 5099 quod
2671 5031 2722 5084 in
2765 5031 2935 5099 prima
2975 5029 3263 5098 computus
3292 5033 3422 5086 sub-

1838 5098 2103 5169 iectarum
2133 5098 2372 5169 gentium
2398 5099 2568 5169 factus
2593 5098 2849 5153 fuerit’ad
2877 5100 3285 5169 gratiﬁcandum
3308 5117 3424 5154 am-

1842 5167 2039 5225 bitioso
2062 5167 2309 5236 principi,
2339 5168 2432 5237 qui
2460 5167 2780 5237 populorum
2819 5172 3058 5223 omnium
3085 5168 3421 5225 dominatum

1843 5237 2042 5305 habere
2064 5237 2429 5304 gloriabatur;
2452 5238 2506 5292 in
2527 5238 2761 5293 secunda
2781 5253 2914 5292 vero
2933 5238 3218 5305 descriptae
3240 5239 3426 5295 dicun-

1844 5314 1930 5358 tur
1956 5304 2166 5360 familia;
2203 5307 2484 5373 universas,
2511 5314 2565 5360 et
2592 5307 2722 5374 ipsis
2760 5307 3041 5373 impositus
3083 5304 3296 5361 census.
3328 5308 3424 5363 Vi-

1842 5374 2046 5429 dendus
2091 5384 2174 5429 est
2224 5376 2437 5431 Manilia
2487 5377 2556 5430 de
2595 5390 2682 5428 an.
2724 5374 2925 5430 Christi
2966 5376 3178 5432 dissert.
3226 5376 3279 5440 1,
3330 5377 3421 5443 qui

1844 5459 1956 5497 rem
1987 5445 2057 5497 ita
2098 5444 2369 5499 concludit
2412 5462 2426 5499 :
2480 5444 2822 5498 Verisimilius
2851 5445 3205 5499 existimamus
3232 5461 3319 5497 an.
3357 5444 3424 5500 U.

1846 5511 1903 5583 C.
1948 5512 2072 5579 7‘9,
2114 5514 2408 5583 tranquillis
2455 5513 2637 5583 ubique
2667 5512 2909 5566 Gentium
2955 5511 3201 5583 Romanis
3248 5511 3420 5583 rebus,

1846 5582 2137 5650 clausisque
2177 5579 2307 5653 Jajti
2332 5579 2566 5653 foribus,
2609 5589 2872 5653 peractam
2916 5579 3332 5647 desciiptiotmu,
3362 5580 3426 5632 de

1847 5668 1946 5719 qua
1976 5652 2199 5722 loquitur
2225 5650 2285 5707 S.
2320 5650 2511 5706 Lucas.
