  <div class='ocr_page' id='page_1' title='image "/cluster/home/n/w/nwhite01/storage/ocr_20150623/57/uva.x000827099/245.png"; bbox 0 0 3910 6238; ppageno 0'>
   <div class='ocr_carea' id='block_1_1' title="bbox 503 302 606 355">
    <p class='ocr_par' dir='ltr' id='par_1_1' title="bbox 503 302 606 355">
     <span class='ocr_line' id='line_1_1' title="bbox 503 302 606 355; baseline 0 0"><span class='ocrx_word' id='word_1_1' title='bbox 503 302 606 355; x_wconf 70' lang='grc' dir='ltr'>ιὸὗ</span> 
     </span>
    </p>
   </div>
   <div class='ocr_carea' id='block_1_2' title="bbox 1651 290 2469 350">
    <p class='ocr_par' dir='ltr' id='par_1_2' title="bbox 1651 290 2469 350">
     <span class='ocr_line' id='line_1_2' title="bbox 1651 290 2469 350; baseline -0.01 0"><span class='ocrx_word' id='word_1_2' title='bbox 1651 296 1706 350; x_wconf 93' lang='grc'><strong>5.</strong></span> <span class='ocrx_word' id='word_1_3' title='bbox 1748 293 1987 349; x_wconf 71' lang='lat' dir='ltr'><strong>MAXIM!</strong></span> <span class='ocrx_word' id='word_1_4' title='bbox 2025 290 2159 346; x_wconf 84' lang='lat' dir='ltr'><strong>TAU</strong></span> <span class='ocrx_word' id='word_1_5' title='bbox 2167 290 2469 344; x_wconf 79' lang='lat' dir='ltr'><strong>PJNENSIS</strong></span> 
     </span>
    </p>
   </div>
   <div class='ocr_carea' id='block_1_3' title="bbox 3605 276 3703 332">
    <p class='ocr_par' dir='ltr' id='par_1_3' title="bbox 3605 276 3703 332">
     <span class='ocr_line' id='line_1_3' title="bbox 3605 276 3703 332; baseline 0 0"><span class='ocrx_word' id='word_1_6' title='bbox 3605 276 3703 332; x_wconf 63' lang='grc' dir='ltr'>ιδι</span> 
     </span>
    </p>
   </div>
   <div class='ocr_carea' id='block_1_4' title="bbox 505 389 3702 481">
    <p class='ocr_par' dir='ltr' id='par_1_4' title="bbox 505 389 3702 481">
     <span class='ocr_line' id='line_1_4' title="bbox 505 389 3702 481; baseline -0.009 -12"><span class='ocrx_word' id='word_1_7' title='bbox 505 415 693 469; x_wconf 83' lang='lat' dir='ltr'><strong>Arrisit</strong></span> <span class='ocrx_word' id='word_1_8' title='bbox 727 413 1018 468; x_wconf 73' lang='lat' dir='ltr'><strong>editoribus</strong></span> <span class='ocrx_word' id='word_1_9' title='bbox 1040 411 1300 481; x_wconf 80' lang='lat' dir='ltr'><strong>Cymaico</strong></span> <span class='ocrx_word' id='word_1_10' title='bbox 1319 426 1438 481; x_wconf 79' lang='lat' dir='ltr'><strong>pag.</strong></span> <span class='ocrx_word' id='word_1_11' title='bbox 1471 408 1602 481; x_wconf 63' lang='lat' dir='ltr'><strong>29f,</strong></span> <span class='ocrx_word' id='word_1_12' title='bbox 1617 407 1889 481; x_wconf 61' lang='lat' dir='ltr'><strong>Galesinio</strong></span> <span class='ocrx_word' id='word_1_13' title='bbox 1907 403 2186 481; x_wconf 46' lang='lat' dir='ltr'><strong>pag-178,</strong></span> <span class='ocrx_word' id='word_1_14' title='bbox 2215 400 2656 481; x_wconf 42' lang='lat' dir='ltr'><strong>Bayuauj‘lopag.</strong></span> <span class='ocrx_word' id='word_1_15' title='bbox 2671 395 2894 481; x_wconf 31' lang='grc' dir='ltr'><strong>Δἳιξιξηιξι</strong></span> <span class='ocrx_word' id='word_1_16' title='bbox 2917 393 3218 481; x_wconf 55' lang='lat' dir='ltr'><strong>Plargarino</strong></span> <span class='ocrx_word' id='word_1_17' title='bbox 3581 400 3702 481; x_wconf 54' lang='lat' dir='ltr'><strong>tolm.</strong></span> 
     </span>
    </p>
   </div>
   <div class='ocr_carea' id='block_1_5' title="bbox 503 459 3702 603">
    <p class='ocr_par' dir='ltr' id='par_1_5' title="bbox 503 459 3702 603">
     <span class='ocr_line' id='line_1_5' title="bbox 503 459 3702 603; baseline -0.008 -67"><span class='ocrx_word' id='word_1_18' title='bbox 1318 459 1609 556; x_wconf 54' lang='grc' dir='ltr'><strong>ἓᾷδίεἰδᾯῖ)</strong></span> <span class='ocrx_word' id='word_1_19' title='bbox 1630 459 1707 529; x_wconf 62' lang='grc'><strong>⁷5.</strong></span> <span class='ocrx_word' id='word_1_20' title='bbox 1726 459 1929 530; x_wconf 56' lang='grc' dir='ltr'><strong>’ὀξίιὲίὲ</strong></span> <span class='ocrx_word' id='word_1_21' title='bbox 1954 459 2008 528; x_wconf 63' lang='lat' dir='ltr'><strong>in</strong></span> <span class='ocrx_word' id='word_1_22' title='bbox 2035 459 2328 552; x_wconf 68' lang='lat' dir='ltr'><strong>Jerusalem</strong></span> <span class='ocrx_word' id='word_1_23' title='bbox 2349 486 2374 546; x_wconf 41' lang='grc' dir='ltr'><strong>,ε</strong></span> <span class='ocrx_word' id='word_1_24' title='bbox 2410 467 2486 517; x_wconf 88' lang='lat' dir='ltr'><strong>De</strong></span> <span class='ocrx_word' id='word_1_25' title='bbox 2513 459 2878 543; x_wconf 61' lang='lat' dir='ltr'><strong>bospitalitate,</strong></span> <span class='ocrx_word' id='word_1_26' title='bbox 2908 459 3064 531; x_wconf 87' lang='lat' dir='ltr'><strong>quem</strong></span> <span class='ocrx_word' id='word_1_27' title='bbox 3109 476 3207 512; x_wconf 92' lang='lat' dir='ltr'><strong>nos</strong></span> <span class='ocrx_word' id='word_1_28' title='bbox 3245 472 3460 534; x_wconf 85' lang='lat' dir='ltr'><strong>quoque</strong></span> <span class='ocrx_word' id='word_1_29' title='bbox 3487 459 3702 512; x_wconf 65' lang='lat' dir='ltr'><strong>hOmilia&#39;.</strong></span> 
     </span>
     <span class='ocr_line' id='line_1_6' title="bbox 504 528 3438 603; baseline -0.009 0"><span class='ocrx_word' id='word_1_30' title='bbox 504 569 613 603; x_wconf 79' lang='lat' dir='ltr'><strong>ora:</strong></span> <span class='ocrx_word' id='word_1_31' title='bbox 653 553 840 603; x_wconf 80' lang='lat' dir='ltr'><strong>ximus.</strong></span> <span class='ocrx_word' id='word_1_32' title='bbox 871 549 1054 603; x_wconf 83' lang='lat' dir='ltr'><strong>Itaque</strong></span> <span class='ocrx_word' id='word_1_33' title='bbox 1082 558 1283 602; x_wconf 89' lang='lat' dir='ltr'><strong>temere</strong></span> <span class='ocrx_word' id='word_1_34' title='bbox 1308 547 1554 599; x_wconf 82' lang='lat' dir='ltr'><strong>thlOlius</strong></span> <span class='ocrx_word' id='word_1_35' title='bbox 1577 546 1716 598; x_wconf 89' lang='lat' dir='ltr'><strong>hanc</strong></span> <span class='ocrx_word' id='word_1_36' title='bbox 1743 546 2018 598; x_wconf 89' lang='lat' dir='ltr'><strong>homiliam</strong></span> <span class='ocrx_word' id='word_1_37' title='bbox 2053 558 2104 592; x_wconf 88' lang='grc' dir='ltr'><strong>ιιι</strong></span> <span class='ocrx_word' id='word_1_38' title='bbox 2130 537 2466 593; x_wconf 81' lang='lat' dir='ltr'><strong>sermonibus</strong></span> <span class='ocrx_word' id='word_1_39' title='bbox 2492 535 2547 586; x_wconf 97' lang='grc'><strong>5.</strong></span> <span class='ocrx_word' id='word_1_40' title='bbox 2574 534 2836 586; x_wconf 91' lang='lat' dir='ltr'><strong>Ambrosu</strong></span> <span class='ocrx_word' id='word_1_41' title='bbox 2863 546 3005 584; x_wconf 92' lang='lat' dir='ltr'><strong>num.</strong></span> <span class='ocrx_word' id='word_1_42' title='bbox 3037 528 3108 581; x_wconf 70' lang='lat'><strong>32</strong></span> <span class='ocrx_word' id='word_1_43' title='bbox 3134 528 3438 581; x_wconf 66' lang='lat' dir='ltr'><strong>collocant.</strong></span> 
     </span>
    </p>
   </div>
   <div class='ocr_carea' id='block_1_6' title="bbox 504 528 3438 621">
    <p class='ocr_par' dir='ltr' id='par_1_6' title="bbox 504 528 3438 621">
     <span class='ocr_line' id='line_1_7' title="bbox 504 528 3438 621; baseline -0.009 -16"><span class='ocrx_word' id='word_1_44' title='bbox 871 528 1716 617; x_wconf 73' lang='lat' dir='ltr'><strong>Cilloliushanc</strong></span> <span class='ocrx_word' id='word_1_45' title='bbox 1743 528 2018 598; x_wconf 81' lang='lat' dir='ltr'><strong>humiliam</strong></span> <span class='ocrx_word' id='word_1_46' title='bbox 2053 542 2104 592; x_wconf 91' lang='lat' dir='ltr'><strong>in</strong></span> <span class='ocrx_word' id='word_1_47' title='bbox 2130 537 2466 593; x_wconf 89' lang='lat' dir='ltr'><strong>sermonibus</strong></span> <span class='ocrx_word' id='word_1_48' title='bbox 2492 535 2547 586; x_wconf 97' lang='grc'><strong>5.</strong></span> <span class='ocrx_word' id='word_1_49' title='bbox 2574 528 2836 586; x_wconf 82' lang='lat' dir='ltr'><strong>Ambrosii</strong></span> <span class='ocrx_word' id='word_1_50' title='bbox 2863 528 3005 584; x_wconf 76' lang='lat' dir='ltr'><strong>num.</strong></span> <span class='ocrx_word' id='word_1_51' title='bbox 3037 528 3108 581; x_wconf 70' lang='lat'><strong>32</strong></span> <span class='ocrx_word' id='word_1_52' title='bbox 3134 528 3438 581; x_wconf 81' lang='lat' dir='ltr'><strong>collocavit.</strong></span> 
     </span>
    </p>
   </div>
   <div class='ocr_carea' id='block_1_7' title="bbox 502 634 3707 730">
    <p class='ocr_par' dir='ltr' id='par_1_7' title="bbox 502 634 3707 730">
     <span class='ocr_line' id='line_1_8' title="bbox 502 634 3707 730; baseline -0.011 -10"><span class='ocrx_word' id='word_1_53' title='bbox 502 640 886 720; x_wconf 73' lang='lat' dir='ltr'><strong>Aacuuuuwu.</strong></span> <span class='ocrx_word' id='word_1_54' title='bbox 937 694 1008 704; x_wconf 89' lang='lat'><strong>-——</strong></span> <span class='ocrx_word' id='word_1_55' title='bbox 1051 663 1325 730; x_wconf 74' lang='lat' dir='ltr'><strong>Postquam</strong></span> <span class='ocrx_word' id='word_1_56' title='bbox 1373 659 1433 711; x_wconf 90' lang='lat' dir='ltr'><strong>de</strong></span> <span class='ocrx_word' id='word_1_57' title='bbox 1479 669 1675 711; x_wconf 85' lang='lat' dir='ltr'><strong>terrena</strong></span> <span class='ocrx_word' id='word_1_58' title='bbox 1717 656 2061 730; x_wconf 66' lang='lat' dir='ltr'><strong>hospitalitate</strong></span> <span class='ocrx_word' id='word_1_59' title='bbox 2091 669 2134 724; x_wconf 72' lang='grc' dir='ltr'>Α</span> <span class='ocrx_word' id='word_1_60' title='bbox 2163 649 2346 703; x_wconf 87' lang='lat' dir='ltr'><strong>tribuit</strong></span> <span class='ocrx_word' id='word_1_61' title='bbox 2385 648 2744 708; x_wconf 89' lang='lat' dir='ltr'><strong>intellectum;</strong></span> <span class='ocrx_word' id='word_1_62' title='bbox 2774 660 2878 697; x_wconf 90' lang='lat' dir='ltr'><strong>non</strong></span> <span class='ocrx_word' id='word_1_63' title='bbox 2919 643 3060 695; x_wconf 91' lang='lat' dir='ltr'><strong>enim</strong></span> <span class='ocrx_word' id='word_1_64' title='bbox 3089 640 3215 692; x_wconf 92' lang='lat' dir='ltr'><strong>mihi</strong></span> <span class='ocrx_word' id='word_1_65' title='bbox 3242 638 3450 690; x_wconf 73' lang='lat' dir='ltr'><strong>videtur</strong></span> <span class='ocrx_word' id='word_1_66' title='bbox 3476 634 3543 687; x_wconf 89' lang='lat' dir='ltr'><strong>de</strong></span> <span class='ocrx_word' id='word_1_67' title='bbox 3569 634 3707 701; x_wconf 80' lang='lat' dir='ltr'><strong>hujus</strong></span> 
     </span>
    </p>
   </div>
   <div class='ocr_carea' id='block_1_8' title="bbox 573 723 2062 802">
    <p class='ocr_par' dir='ltr' id='par_1_8' title="bbox 573 723 2062 802">
     <span class='ocr_line' id='line_1_9' title="bbox 573 723 2062 802; baseline -0.009 -16"><span class='ocrx_word' id='word_1_68' title='bbox 573 734 804 802; x_wconf 82' lang='lat' dir='ltr'><strong>eligenda</strong></span> <span class='ocrx_word' id='word_1_69' title='bbox 827 731 1170 802; x_wconf 34' lang='lat' dir='ltr'><strong>anugelium‘</strong></span> <span class='ocrx_word' id='word_1_70' title='bbox 1178 723 1442 802; x_wconf 68' lang='lat' dir='ltr'><strong>explicans</strong></span> <span class='ocrx_word' id='word_1_71' title='bbox 1473 733 1769 802; x_wconf 42' lang='lat' dir='ltr'><strong>prolocutus.</strong></span> <span class='ocrx_word' id='word_1_72' title='bbox 1793 723 1868 776; x_wconf 83' lang='lat' dir='ltr'><strong>est</strong></span> <span class='ocrx_word' id='word_1_73' title='bbox 1894 723 2062 774; x_wconf 67' lang='lat' dir='ltr'><strong>Mazi-</strong></span> 
     </span>
    </p>
   </div>
   <div class='ocr_carea' id='block_1_9' title="bbox 573 794 2057 870">
    <p class='ocr_par' dir='ltr' id='par_1_9' title="bbox 573 794 2057 870">
     <span class='ocr_line' id='line_1_10' title="bbox 573 794 2057 870; baseline -0.007 -16"><span class='ocrx_word' id='word_1_74' title='bbox 573 794 706 865; x_wconf 70' lang='lat' dir='ltr'><strong>mus,</strong></span> <span class='ocrx_word' id='word_1_75' title='bbox 736 817 784 870; x_wconf 10' lang='lat' dir='ltr'><strong>a7</strong></span> <span class='ocrx_word' id='word_1_76' title='bbox 803 817 950 853; x_wconf 86' lang='lat' dir='ltr'><strong>sensu</strong></span> <span class='ocrx_word' id='word_1_77' title='bbox 971 794 1186 870; x_wconf 58' lang='lat' dir='ltr'><strong>litterati</strong></span> <span class='ocrx_word' id='word_1_78' title='bbox 1218 794 1398 870; x_wconf 82' lang='lat' dir='ltr'><strong>transit</strong></span> <span class='ocrx_word' id='word_1_79' title='bbox 1438 796 1504 846; x_wconf 87' lang='lat' dir='ltr'><strong>ad</strong></span> <span class='ocrx_word' id='word_1_80' title='bbox 1531 794 1870 870; x_wconf 73' lang='lat' dir='ltr'><strong>spiritualem,</strong></span> <span class='ocrx_word' id='word_1_81' title='bbox 1900 807 2057 870; x_wconf 68' lang='lat' dir='ltr'><strong>quem</strong></span> 
     </span>
    </p>
   </div>
   <div class='ocr_carea' id='block_1_10' title="bbox 574 861 2055 938">
    <p class='ocr_par' dir='ltr' id='par_1_10' title="bbox 574 861 2055 938">
     <span class='ocr_line' id='line_1_11' title="bbox 574 861 2055 938; baseline -0.008 -16"><span class='ocrx_word' id='word_1_82' title='bbox 574 861 927 938; x_wconf 67' lang='lat' dir='ltr'><strong>(qnerit‘dicens</strong></span> <span class='ocrx_word' id='word_1_83' title='bbox 956 883 974 919; x_wconf 91' lang='lat'><strong><em>:</em></strong></span> <span class='ocrx_word' id='word_1_84' title='bbox 1011 867 1075 918; x_wconf 84' lang='grc' dir='ltr'><strong>1η</strong></span> <span class='ocrx_word' id='word_1_85' title='bbox 1096 867 1315 938; x_wconf 68' lang='lat' dir='ltr'><strong>Itospitio</strong></span> <span class='ocrx_word' id='word_1_86' title='bbox 1343 861 1601 938; x_wconf 75' lang='lat' dir='ltr'><strong>nunquam</strong></span> <span class='ocrx_word' id='word_1_87' title='bbox 1629 861 1941 938; x_wconf 49' lang='lat' dir='ltr'><strong>immutanudo</strong></span> <span class='ocrx_word' id='word_1_88' title='bbox 1970 862 2055 938; x_wconf 85' lang='lat' dir='ltr'><strong>in-</strong></span> 
     </span>
    </p>
   </div>
   <div class='ocr_carea' id='block_1_11' title="bbox 576 929 2056 1007">
    <p class='ocr_par' dir='ltr' id='par_1_11' title="bbox 576 929 2056 1007">
     <span class='ocr_line' id='line_1_12' title="bbox 576 929 2056 1007; baseline -0.009 -16"><span class='ocrx_word' id='word_1_89' title='bbox 576 929 902 1007; x_wconf 77' lang='lat' dir='ltr'><strong>telligendam</strong></span> <span class='ocrx_word' id='word_1_90' title='bbox 947 952 1056 989; x_wconf 85' lang='lat' dir='ltr'><strong>esse</strong></span> <span class='ocrx_word' id='word_1_91' title='bbox 1107 929 1426 994; x_wconf 64' lang='lat' dir='ltr'><strong>Ecclesium;</strong></span> <span class='ocrx_word' id='word_1_92' title='bbox 1472 935 1526 984; x_wconf 83' lang='lat' dir='ltr'><strong>iu</strong></span> <span class='ocrx_word' id='word_1_93' title='bbox 1573 932 1771 998; x_wconf 75' lang='lat' dir='ltr'><strong>hospite</strong></span> <span class='ocrx_word' id='word_1_94' title='bbox 1817 929 2056 983; x_wconf 83' lang='lat' dir='ltr'><strong>Salvato-</strong></span> 
     </span>
    </p>
   </div>
   <div class='ocr_carea' id='block_1_12' title="bbox 572 1023 700 1060">
    <p class='ocr_par' dir='ltr' id='par_1_12' title="bbox 572 1023 700 1060">
     <span class='ocr_line' id='line_1_13' title="bbox 572 1023 700 1060; baseline -0.016 0"><span class='ocrx_word' id='word_1_95' title='bbox 572 1023 700 1060; x_wconf 85' lang='lat' dir='ltr'><strong>rem.</strong></span> 
     </span>
    </p>
   </div>
   <div class='ocr_carea' id='block_1_13' title="bbox 578 1083 2061 1152">
    <p class='ocr_par' dir='ltr' id='par_1_13' title="bbox 578 1083 2061 1152">
     <span class='ocr_line' id='line_1_14' title="bbox 578 1083 2061 1152; baseline -0.007 -5"><span class='ocrx_word' id='word_1_96' title='bbox 578 1093 820 1147; x_wconf 74' lang='lat' dir='ltr'><strong>Advertit</strong></span> <span class='ocrx_word' id='word_1_97' title='bbox 844 1092 1098 1145; x_wconf 80' lang='lat' dir='ltr'><strong>sanctitas</strong></span> <span class='ocrx_word' id='word_1_98' title='bbox 1134 1097 1329 1152; x_wconf 87' lang='lat' dir='ltr'><strong>vestra,</strong></span> <span class='ocrx_word' id='word_1_99' title='bbox 1361 1088 1566 1148; x_wconf 81' lang='lat' dir='ltr'><strong>fratres,</strong></span> <span class='ocrx_word' id='word_1_100' title='bbox 1599 1083 1963 1150; x_wconf 80' lang='lat' dir='ltr'><strong>evangelicam‘</strong></span> <span class='ocrx_word' id='word_1_101' title='bbox 1983 1083 2061 1136; x_wconf 87' lang='lat' dir='ltr'><strong>le-</strong></span> 
     </span>
    </p>
   </div>
   <div class='ocr_carea' id='block_1_14' title="bbox 506 1174 2066 1249">
    <p class='ocr_par' dir='ltr' id='par_1_14' title="bbox 506 1174 2066 1249">
     <span class='ocr_line' id='line_1_15' title="bbox 506 1174 2066 1249; baseline -0.009 -11"><span class='ocrx_word' id='word_1_102' title='bbox 506 1184 759 1246; x_wconf 89' lang='lat' dir='ltr'><strong>ctionem,</strong></span> <span class='ocrx_word' id='word_1_103' title='bbox 773 1177 1213 1249; x_wconf 73' lang='lat' dir='ltr'><strong>quemadmodum</strong></span> <span class='ocrx_word' id='word_1_104' title='bbox 1236 1179 1488 1231; x_wconf 87' lang='lat' dir='ltr'><strong>Dominus</strong></span> <span class='ocrx_word' id='word_1_105' title='bbox 1507 1176 1778 1243; x_wconf 84' lang='lat' dir='ltr'><strong>discipulis</strong></span> <span class='ocrx_word' id='word_1_106' title='bbox 1797 1174 1906 1226; x_wconf 88' lang='lat' dir='ltr'><strong>suis</strong></span> <span class='ocrx_word' id='word_1_107' title='bbox 1928 1175 2066 1225; x_wconf 88' lang='lat' dir='ltr'><strong>inter</strong></span> 
     </span>
    </p>
   </div>
   <div class='ocr_carea' id='block_1_15' title="bbox 2163 725 3708 808">
    <p class='ocr_par' dir='ltr' id='par_1_15' title="bbox 2163 725 3708 808">
     <span class='ocr_line' id='line_1_16' title="bbox 2163 725 3708 808; baseline -0.012 -13"><span class='ocrx_word' id='word_1_108' title='bbox 2163 741 2342 796; x_wconf 60' lang='lat' dir='ltr'><strong>seculi</strong></span> <span class='ocrx_word' id='word_1_109' title='bbox 2367 739 2599 808; x_wconf 78' lang='lat' dir='ltr'><strong>hospite,</strong></span> <span class='ocrx_word' id='word_1_110' title='bbox 2628 737 2712 789; x_wconf 90' lang='lat' dir='ltr'><strong>vel</strong></span> <span class='ocrx_word' id='word_1_111' title='bbox 2737 736 2895 789; x_wconf 88' lang='lat' dir='ltr'><strong>domo</strong></span> <span class='ocrx_word' id='word_1_112' title='bbox 2919 733 3158 800; x_wconf 88' lang='lat' dir='ltr'><strong>jussisse,</strong></span> <span class='ocrx_word' id='word_1_113' title='bbox 3185 745 3282 783; x_wconf 88' lang='lat' dir='ltr'><strong>nec</strong></span> <span class='ocrx_word' id='word_1_114' title='bbox 3313 738 3416 780; x_wconf 88' lang='lat' dir='ltr'><strong>tam</strong></span> <span class='ocrx_word' id='word_1_115' title='bbox 3448 725 3708 791; x_wconf 68' lang='lat' dir='ltr'><strong>diligenter</strong></span> 
     </span>
    </p>
   </div>
   <div class='ocr_carea' id='block_1_16' title="bbox 2164 813 3706 896">
    <p class='ocr_par' dir='ltr' id='par_1_16' title="bbox 2164 813 3706 896">
     <span class='ocr_line' id='line_1_17' title="bbox 2164 813 3706 896; baseline -0.014 -11"><span class='ocrx_word' id='word_1_116' title='bbox 2164 831 2453 896; x_wconf 90' lang='lat' dir='ltr'><strong>inquirere,</strong></span> <span class='ocrx_word' id='word_1_117' title='bbox 2484 827 2576 882; x_wconf 86' lang='lat' dir='ltr'><strong>sed</strong></span> <span class='ocrx_word' id='word_1_118' title='bbox 2612 827 2685 880; x_wconf 89' lang='lat' dir='ltr'><strong>de</strong></span> <span class='ocrx_word' id='word_1_119' title='bbox 2714 825 2804 878; x_wconf 92' lang='lat' dir='ltr'><strong>illo</strong></span> <span class='ocrx_word' id='word_1_120' title='bbox 2832 824 3021 889; x_wconf 84' lang='lat' dir='ltr'><strong>magis,</strong></span> <span class='ocrx_word' id='word_1_121' title='bbox 3050 821 3138 888; x_wconf 88' lang='lat' dir='ltr'><strong>qui</strong></span> <span class='ocrx_word' id='word_1_122' title='bbox 3170 835 3268 873; x_wconf 89' lang='lat' dir='ltr'><strong>nos</strong></span> <span class='ocrx_word' id='word_1_123' title='bbox 3298 831 3466 883; x_wconf 84' lang='lat' dir='ltr'><strong>usque</strong></span> <span class='ocrx_word' id='word_1_124' title='bbox 3491 815 3557 867; x_wconf 79' lang='lat' dir='ltr'><strong>ad</strong></span> <span class='ocrx_word' id='word_1_125' title='bbox 3585 813 3706 865; x_wconf 82' lang='lat' dir='ltr'><strong>dictu</strong></span> 
     </span>
    </p>
   </div>
   <div class='ocr_carea' id='block_1_17' title="bbox 2164 904 3706 984">
    <p class='ocr_par' dir='ltr' id='par_1_17' title="bbox 2164 904 3706 984">
     <span class='ocr_line' id='line_1_18' title="bbox 2164 904 3706 984; baseline -0.013 -11"><span class='ocrx_word' id='word_1_126' title='bbox 2164 919 2338 972; x_wconf 90' lang='lat' dir='ltr'><strong>exitus</strong></span> <span class='ocrx_word' id='word_1_127' title='bbox 2368 917 2535 970; x_wconf 85' lang='lat' dir='ltr'><strong>nostri</strong></span> <span class='ocrx_word' id='word_1_128' title='bbox 2576 915 2745 984; x_wconf 83' lang='lat' dir='ltr'><strong>possit</strong></span> <span class='ocrx_word' id='word_1_129' title='bbox 2787 911 3077 965; x_wconf 71' lang='lat' dir='ltr'><strong>inoffensos</strong></span> <span class='ocrx_word' id='word_1_130' title='bbox 3117 908 3380 975; x_wconf 89' lang='lat' dir='ltr'><strong>hospites,</strong></span> <span class='ocrx_word' id='word_1_131' title='bbox 3425 904 3706 970; x_wconf 69' lang='lat' dir='ltr'><strong>illusosquc</strong></span> 
     </span>
    </p>
   </div>
   <div class='ocr_carea' id='block_1_18' title="bbox 2163 990 3706 1070">
    <p class='ocr_par' dir='ltr' id='par_1_18' title="bbox 2163 990 3706 1070">
     <span class='ocr_line' id='line_1_19' title="bbox 2163 990 3706 1070; baseline -0.014 -10"><span class='ocrx_word' id='word_1_132' title='bbox 2163 1021 2395 1060; x_wconf 86' lang='lat' dir='ltr'><strong>servare.</strong></span> <span class='ocrx_word' id='word_1_133' title='bbox 2428 1005 2556 1057; x_wconf 83' lang='lat' dir='ltr'><strong>Nam</strong></span> <span class='ocrx_word' id='word_1_134' title='bbox 2587 1003 2741 1070; x_wconf 91' lang='lat' dir='ltr'><strong>hujus</strong></span> <span class='ocrx_word' id='word_1_135' title='bbox 2779 1000 2956 1053; x_wconf 60' lang='lat' dir='ltr'><strong>saeculi</strong></span> <span class='ocrx_word' id='word_1_136' title='bbox 3003 997 3264 1064; x_wconf 86' lang='lat' dir='ltr'><strong>hospitem</strong></span> <span class='ocrx_word' id='word_1_137' title='bbox 3306 994 3415 1048; x_wconf 90' lang='lat' dir='ltr'><strong>cito</strong></span> <span class='ocrx_word' id='word_1_138' title='bbox 3468 990 3706 1049; x_wconf 74' lang='lat' dir='ltr'><strong>Ludimus,</strong></span> 
     </span>
    </p>
   </div>
   <div class='ocr_carea' id='block_1_19' title="bbox 2165 1079 3713 1152">
    <p class='ocr_par' dir='ltr' id='par_1_19' title="bbox 2165 1079 3713 1152">
     <span class='ocr_line' id='line_1_20' title="bbox 2165 1079 3713 1152; baseline -0.012 -4"><span class='ocrx_word' id='word_1_139' title='bbox 2165 1095 2274 1149; x_wconf 88' lang='lat' dir='ltr'><strong>cito</strong></span> <span class='ocrx_word' id='word_1_140' title='bbox 2297 1093 2616 1146; x_wconf 87' lang='lat' dir='ltr'><strong>offendimus</strong></span> <span class='ocrx_word' id='word_1_141' title='bbox 2652 1109 2663 1141; x_wconf 92' lang='lat'><strong>:</strong></span> <span class='ocrx_word' id='word_1_142' title='bbox 2698 1089 2961 1142; x_wconf 86' lang='lat' dir='ltr'><strong>interdum</strong></span> <span class='ocrx_word' id='word_1_143' title='bbox 2983 1087 3032 1138; x_wconf 90' lang='lat' dir='ltr'><strong>ei</strong></span> <span class='ocrx_word' id='word_1_144' title='bbox 3062 1093 3117 1137; x_wconf 85' lang='lat' dir='ltr'><strong>et</strong></span> <span class='ocrx_word' id='word_1_145' title='bbox 3147 1092 3263 1152; x_wconf 87' lang='lat' dir='ltr'><strong>post</strong></span> <span class='ocrx_word' id='word_1_146' title='bbox 3285 1083 3520 1136; x_wconf 85' lang='lat' dir='ltr'><strong>triduum</strong></span> <span class='ocrx_word' id='word_1_147' title='bbox 3542 1079 3713 1146; x_wconf 89' lang='lat' dir='ltr'><strong>displi-</strong></span> 
     </span>
    </p>
   </div>
   <div class='ocr_carea' id='block_1_20' title="bbox 2167 1170 3714 1246">
    <p class='ocr_par' dir='ltr' id='par_1_20' title="bbox 2167 1170 3714 1246">
     <span class='ocr_line' id='line_1_21' title="bbox 2167 1170 3714 1246; baseline -0.012 -9"><span class='ocrx_word' id='word_1_148' title='bbox 2167 1199 2380 1246; x_wconf 90' lang='lat' dir='ltr'><strong>cemus;</strong></span> <span class='ocrx_word' id='word_1_149' title='bbox 2407 1180 2575 1234; x_wconf 85' lang='lat' dir='ltr'><strong>fidelis</strong></span> <span class='ocrx_word' id='word_1_150' title='bbox 2601 1180 2760 1246; x_wconf 90' lang='lat' dir='ltr'><strong>igitur</strong></span> <span class='ocrx_word' id='word_1_151' title='bbox 2785 1178 2992 1238; x_wconf 86' lang='lat' dir='ltr'><strong>domus,</strong></span> <span class='ocrx_word' id='word_1_152' title='bbox 3018 1184 3073 1228; x_wconf 88' lang='lat' dir='ltr'><strong>et</strong></span> <span class='ocrx_word' id='word_1_153' title='bbox 3100 1175 3294 1241; x_wconf 89' lang='lat' dir='ltr'><strong>hospes</strong></span> <span class='ocrx_word' id='word_1_154' title='bbox 3321 1172 3516 1238; x_wconf 85' lang='lat' dir='ltr'><strong>dignus</strong></span> <span class='ocrx_word' id='word_1_155' title='bbox 3539 1170 3714 1235; x_wconf 86' lang='lat' dir='ltr'><strong>inquiri</strong></span> 
     </span>
    </p>
   </div>
   <div class='ocr_carea' id='block_1_21' title="bbox 506 1259 3708 1338">
    <p class='ocr_par' dir='ltr' id='par_1_21' title="bbox 506 1259 3708 1338">
     <span class='ocr_line' id='line_1_22' title="bbox 506 1259 3708 1338; baseline -0.005 -11"><span class='ocrx_word' id='word_1_156' title='bbox 506 1283 725 1328; x_wconf 69' lang='lat' dir='ltr'><strong>caeteras</strong></span> <span class='ocrx_word' id='word_1_157' title='bbox 739 1270 1103 1338; x_wconf 77' lang='lat' dir='ltr'><strong>exsequendas</strong></span> <span class='ocrx_word' id='word_1_158' title='bbox 1122 1270 1364 1328; x_wconf 90' lang='lat' dir='ltr'><strong>virtutes,</strong></span> <span class='ocrx_word' id='word_1_159' title='bbox 1381 1268 1538 1320; x_wconf 89' lang='lat' dir='ltr'><strong>etiam</strong></span> <span class='ocrx_word' id='word_1_160' title='bbox 1566 1263 1936 1333; x_wconf 86' lang='lat' dir='ltr'><strong>hospitalitatis</strong></span> <span class='ocrx_word' id='word_1_161' title='bbox 1943 1261 2064 1329; x_wconf 89' lang='lat' dir='ltr'><strong>jura</strong></span> <span class='ocrx_word' id='word_1_162' title='bbox 2160 1272 2338 1338; x_wconf 74' lang='lat' dir='ltr'><strong>jussus</strong></span> <span class='ocrx_word' id='word_1_163' title='bbox 2366 1278 2466 1323; x_wconf 66' lang='lat' dir='ltr'><strong>est,</strong></span> <span class='ocrx_word' id='word_1_164' title='bbox 2490 1268 2617 1332; x_wconf 65' lang='lat' dir='ltr'><strong>Qua;</strong></span> <span class='ocrx_word' id='word_1_165' title='bbox 2639 1267 2830 1320; x_wconf 84' lang='lat' dir='ltr'><strong>domus</strong></span> <span class='ocrx_word' id='word_1_166' title='bbox 2858 1263 3062 1318; x_wconf 78' lang='lat' dir='ltr'><strong>ﬁdelior</strong></span> <span class='ocrx_word' id='word_1_167' title='bbox 3085 1261 3354 1315; x_wconf 75' lang='lat' dir='ltr'><strong>Ecclesia?</strong></span> <span class='ocrx_word' id='word_1_168' title='bbox 3383 1259 3512 1323; x_wconf 89' lang='lat' dir='ltr'><strong>Quis</strong></span> <span class='ocrx_word' id='word_1_169' title='bbox 3539 1259 3708 1324; x_wconf 75' lang='lat' dir='ltr'><strong>hospes</strong></span> 
     </span>
    </p>
   </div>
   <div class='ocr_carea' id='block_1_22' title="bbox 507 1353 2068 1432">
    <p class='ocr_par' dir='ltr' id='par_1_22' title="bbox 507 1353 2068 1432">
     <span class='ocr_line' id='line_1_23' title="bbox 507 1353 2068 1432; baseline -0.009 -15"><span class='ocrx_word' id='word_1_170' title='bbox 507 1361 890 1432; x_wconf 74' lang='lat' dir='ltr'><strong>przescripserit</strong></span> <span class='ocrx_word' id='word_1_171' title='bbox 914 1377 926 1411; x_wconf 89' lang='lat'><strong>:</strong></span> <span class='ocrx_word' id='word_1_172' title='bbox 950 1361 1024 1412; x_wconf 93' lang='lat' dir='ltr'><strong>ait</strong></span> <span class='ocrx_word' id='word_1_173' title='bbox 1046 1360 1184 1412; x_wconf 91' lang='lat' dir='ltr'><strong>enim</strong></span> <span class='ocrx_word' id='word_1_174' title='bbox 1211 1376 1223 1408; x_wconf 92' lang='lat'><strong>:</strong></span> <span class='ocrx_word' id='word_1_175' title='bbox 1257 1356 1322 1408; x_wconf 87' lang='lat' dir='ltr'><strong>In</strong></span> <span class='ocrx_word' id='word_1_176' title='bbox 1345 1371 1693 1423; x_wconf 81' lang='lat' dir='ltr'><strong>quamcunque</strong></span> <span class='ocrx_word' id='word_1_177' title='bbox 1713 1355 1966 1405; x_wconf 77' lang='lat' dir='ltr'><strong>civitatem</strong></span> <span class='ocrx_word' id='word_1_178' title='bbox 1994 1353 2068 1403; x_wconf 87' lang='lat' dir='ltr'><strong>in-</strong></span> 
     </span>
    </p>
   </div>
   <div class='ocr_carea' id='block_1_23' title="bbox 507 1443 2064 1516">
    <p class='ocr_par' dir='ltr' id='par_1_23' title="bbox 507 1443 2064 1516">
     <span class='ocr_line' id='line_1_24' title="bbox 507 1443 2064 1516; baseline -0.008 -13"><span class='ocrx_word' id='word_1_179' title='bbox 507 1451 766 1509; x_wconf 88' lang='lat' dir='ltr'><strong>troieritis,</strong></span> <span class='ocrx_word' id='word_1_180' title='bbox 785 1451 1091 1516; x_wconf 77' lang='lat' dir='ltr'><strong>interrogate</strong></span> <span class='ocrx_word' id='word_1_181' title='bbox 1106 1448 1217 1513; x_wconf 86' lang='lat' dir='ltr'><strong>quis</strong></span> <span class='ocrx_word' id='word_1_182' title='bbox 1231 1447 1283 1497; x_wconf 87' lang='lat' dir='ltr'><strong>in</strong></span> <span class='ocrx_word' id='word_1_183' title='bbox 1302 1462 1362 1497; x_wconf 88' lang='lat' dir='ltr'><strong>ea</strong></span> <span class='ocrx_word' id='word_1_184' title='bbox 1376 1445 1559 1512; x_wconf 81' lang='lat' dir='ltr'><strong>dignus</strong></span> <span class='ocrx_word' id='word_1_185' title='bbox 1575 1444 1639 1494; x_wconf 84' lang='lat' dir='ltr'><strong>sit</strong></span> <span class='ocrx_word' id='word_1_186' title='bbox 1655 1459 1672 1494; x_wconf 93' lang='lat'><em>:</em></span> <span class='ocrx_word' id='word_1_187' title='bbox 1689 1453 1737 1493; x_wconf 87' lang='lat' dir='ltr'><strong>et</strong></span> <span class='ocrx_word' id='word_1_188' title='bbox 1756 1443 1822 1494; x_wconf 85' lang='lat' dir='ltr'><strong>ibi</strong></span> <span class='ocrx_word' id='word_1_189' title='bbox 1845 1449 2064 1503; x_wconf 83' lang='lat' dir='ltr'><strong>manete,</strong></span> 
     </span>
    </p>
   </div>
   <div class='ocr_carea' id='block_1_24' title="bbox 507 1533 2068 1604">
    <p class='ocr_par' dir='ltr' id='par_1_24' title="bbox 507 1533 2068 1604">
     <span class='ocr_line' id='line_1_25' title="bbox 507 1533 2068 1604; baseline -0.006 -12"><span class='ocrx_word' id='word_1_190' title='bbox 507 1541 663 1594; x_wconf 79' lang='lat' dir='ltr'><strong>donec</strong></span> <span class='ocrx_word' id='word_1_191' title='bbox 692 1539 881 1592; x_wconf 72' lang='lat' dir='ltr'><strong>exectis</strong></span> <span class='ocrx_word' id='word_1_192' title='bbox 913 1536 1126 1604; x_wconf 74' lang='lat' dir='ltr'><strong>(Matth.</strong></span> <span class='ocrx_word' id='word_1_193' title='bbox 1165 1535 1248 1600; x_wconf 89' lang='lat' dir='ltr'><strong>x),</strong></span> <span class='ocrx_word' id='word_1_194' title='bbox 1283 1546 1336 1588; x_wconf 91' lang='lat' dir='ltr'><strong>et</strong></span> <span class='ocrx_word' id='word_1_195' title='bbox 1364 1535 1585 1601; x_wconf 88' lang='lat' dir='ltr'><strong>reliqua.</strong></span> <span class='ocrx_word' id='word_1_196' title='bbox 1610 1533 1803 1586; x_wconf 89' lang='lat' dir='ltr'><strong>Sancta</strong></span> <span class='ocrx_word' id='word_1_197' title='bbox 1834 1533 1987 1600; x_wconf 83' lang='lat' dir='ltr'><strong>plane</strong></span> <span class='ocrx_word' id='word_1_198' title='bbox 2015 1539 2068 1582; x_wconf 91' lang='lat' dir='ltr'><strong>et</strong></span> 
     </span>
    </p>
   </div>
   <div class='ocr_carea' id='block_1_25' title="bbox 505 1621 2067 1692">
    <p class='ocr_par' dir='ltr' id='par_1_25' title="bbox 505 1621 2067 1692">
     <span class='ocr_line' id='line_1_26' title="bbox 505 1621 2067 1692; baseline -0.006 -11"><span class='ocrx_word' id='word_1_199' title='bbox 505 1628 683 1681; x_wconf 78' lang='lat' dir='ltr'><strong>divina</strong></span> <span class='ocrx_word' id='word_1_200' title='bbox 710 1624 993 1685; x_wconf 84' lang='lat' dir='ltr'><strong>sententia,</strong></span> <span class='ocrx_word' id='word_1_201' title='bbox 1031 1639 1150 1692; x_wconf 77' lang='lat' dir='ltr'><strong>quze</strong></span> <span class='ocrx_word' id='word_1_202' title='bbox 1173 1633 1226 1675; x_wconf 90' lang='lat' dir='ltr'><strong>et</strong></span> <span class='ocrx_word' id='word_1_203' title='bbox 1247 1623 1514 1689; x_wconf 84' lang='lat' dir='ltr'><strong>discipulis</strong></span> <span class='ocrx_word' id='word_1_204' title='bbox 1543 1622 1767 1686; x_wconf 82' lang='lat' dir='ltr'><strong>eligendi</strong></span> <span class='ocrx_word' id='word_1_205' title='bbox 1797 1621 2067 1686; x_wconf 82' lang='lat' dir='ltr'><strong>Optionem</strong></span> 
     </span>
    </p>
   </div>
   <div class='ocr_carea' id='block_1_26' title="bbox 507 1708 2062 1782">
    <p class='ocr_par' dir='ltr' id='par_1_26' title="bbox 507 1708 2062 1782">
     <span class='ocr_line' id='line_1_27' title="bbox 507 1708 2062 1782; baseline -0.007 -14"><span class='ocrx_word' id='word_1_206' title='bbox 507 1715 748 1782; x_wconf 86' lang='lat' dir='ltr'><strong>primitus</strong></span> <span class='ocrx_word' id='word_1_207' title='bbox 778 1713 987 1778; x_wconf 89' lang='lat' dir='ltr'><strong>detulit,</strong></span> <span class='ocrx_word' id='word_1_208' title='bbox 1033 1721 1086 1763; x_wconf 89' lang='lat' dir='ltr'><strong>et</strong></span> <span class='ocrx_word' id='word_1_209' title='bbox 1136 1712 1443 1763; x_wconf 82' lang='lat' dir='ltr'><strong>facilitatem</strong></span> <span class='ocrx_word' id='word_1_210' title='bbox 1491 1710 1702 1778; x_wconf 84' lang='lat' dir='ltr'><strong>penitus</strong></span> <span class='ocrx_word' id='word_1_211' title='bbox 1753 1708 2062 1776; x_wconf 79' lang='lat' dir='ltr'><strong>amputavit.</strong></span> 
     </span>
    </p>
   </div>
   <div class='ocr_carea' id='block_1_27' title="bbox 505 1798 2070 1858">
    <p class='ocr_par' dir='ltr' id='par_1_27' title="bbox 505 1798 2070 1858">
     <span class='ocr_line' id='line_1_28' title="bbox 505 1798 2070 1858; baseline -0.004 -3"><span class='ocrx_word' id='word_1_212' title='bbox 505 1801 747 1855; x_wconf 83' lang='lat' dir='ltr'><strong>Providit</strong></span> <span class='ocrx_word' id='word_1_213' title='bbox 774 1803 913 1854; x_wconf 91' lang='lat' dir='ltr'><strong>enim</strong></span> <span class='ocrx_word' id='word_1_214' title='bbox 943 1799 1156 1853; x_wconf 92' lang='lat' dir='ltr'><strong>modum</strong></span> <span class='ocrx_word' id='word_1_215' title='bbox 1200 1798 1499 1858; x_wconf 89' lang='lat' dir='ltr'><strong>statuendo,</strong></span> <span class='ocrx_word' id='word_1_216' title='bbox 1532 1813 1600 1850; x_wconf 91' lang='lat' dir='ltr'><strong>ne</strong></span> <span class='ocrx_word' id='word_1_217' title='bbox 1629 1798 1708 1849; x_wconf 86' lang='lat' dir='ltr'><strong>vir</strong></span> <span class='ocrx_word' id='word_1_218' title='bbox 1735 1805 1949 1850; x_wconf 89' lang='lat' dir='ltr'><strong>sanctus</strong></span> <span class='ocrx_word' id='word_1_219' title='bbox 1977 1803 2070 1848; x_wconf 91' lang='lat' dir='ltr'><strong>aut</strong></span> 
     </span>
    </p>
   </div>
   <div class='ocr_carea' id='block_1_28' title="bbox 509 1887 2072 1955">
    <p class='ocr_par' dir='ltr' id='par_1_28' title="bbox 509 1887 2072 1955">
     <span class='ocr_line' id='line_1_29' title="bbox 509 1887 2072 1955; baseline -0.004 -11"><span class='ocrx_word' id='word_1_220' title='bbox 509 1892 649 1944; x_wconf 87' lang='lat' dir='ltr'><strong>citus</strong></span> <span class='ocrx_word' id='word_1_221' title='bbox 672 1898 815 1944; x_wconf 84' lang='lat' dir='ltr'><strong>esset</strong></span> <span class='ocrx_word' id='word_1_222' title='bbox 836 1889 888 1941; x_wconf 90' lang='lat' dir='ltr'><strong>in</strong></span> <span class='ocrx_word' id='word_1_223' title='bbox 904 1888 1212 1955; x_wconf 73' lang='lat' dir='ltr'><strong>iudicando,</strong></span> <span class='ocrx_word' id='word_1_224' title='bbox 1240 1897 1332 1939; x_wconf 91' lang='lat' dir='ltr'><strong>aut</strong></span> <span class='ocrx_word' id='word_1_225' title='bbox 1362 1889 1491 1940; x_wconf 81' lang='lat' dir='ltr'><strong>levis</strong></span> <span class='ocrx_word' id='word_1_226' title='bbox 1519 1889 1568 1939; x_wconf 93' lang='lat' dir='ltr'><strong>in</strong></span> <span class='ocrx_word' id='word_1_227' title='bbox 1599 1887 1806 1954; x_wconf 85' lang='lat' dir='ltr'><strong>hospite</strong></span> <span class='ocrx_word' id='word_1_228' title='bbox 1834 1903 2072 1940; x_wconf 85' lang='lat' dir='ltr'><strong>commu-</strong></span> 
     </span>
    </p>
   </div>
   <div class='ocr_carea' id='block_1_29' title="bbox 2165 1347 3714 1425">
    <p class='ocr_par' dir='ltr' id='par_1_29' title="bbox 2165 1347 3714 1425">
     <span class='ocr_line' id='line_1_30' title="bbox 2165 1347 3714 1425; baseline -0.01 -13"><span class='ocrx_word' id='word_1_229' title='bbox 2165 1359 2372 1425; x_wconf 85' lang='lat' dir='ltr'><strong>dignior</strong></span> <span class='ocrx_word' id='word_1_230' title='bbox 2399 1356 2711 1410; x_wconf 85' lang='lat' dir='ltr'><strong>Salvatore?</strong></span> <span class='ocrx_word' id='word_1_231' title='bbox 2738 1353 2846 1407; x_wconf 87' lang='lat' dir='ltr'><strong>Iste</strong></span> <span class='ocrx_word' id='word_1_232' title='bbox 2875 1352 3200 1422; x_wconf 85' lang='lat' dir='ltr'><strong>peregrinos,</strong></span> <span class='ocrx_word' id='word_1_233' title='bbox 3231 1358 3289 1402; x_wconf 92' lang='lat' dir='ltr'><strong>ut</strong></span> <span class='ocrx_word' id='word_1_234' title='bbox 3314 1347 3454 1401; x_wconf 83' lang='lat' dir='ltr'><strong>ﬁlios</strong></span> <span class='ocrx_word' id='word_1_235' title='bbox 3480 1347 3714 1414; x_wconf 86' lang='lat' dir='ltr'><strong>suscipit;</strong></span> 
     </span>
    </p>
   </div>
   <div class='ocr_carea' id='block_1_30' title="bbox 2168 1437 3714 1518">
    <p class='ocr_par' dir='ltr' id='par_1_30' title="bbox 2168 1437 3714 1518">
     <span class='ocr_line' id='line_1_31' title="bbox 2168 1437 3714 1518; baseline -0.01 -13"><span class='ocrx_word' id='word_1_236' title='bbox 2168 1453 2258 1505; x_wconf 92' lang='lat' dir='ltr'><strong>illa</strong></span> <span class='ocrx_word' id='word_1_237' title='bbox 2284 1460 2562 1518; x_wconf 88' lang='lat' dir='ltr'><strong>susceptos</strong></span> <span class='ocrx_word' id='word_1_238' title='bbox 2587 1448 2812 1510; x_wconf 82' lang='lat' dir='ltr'><strong>refovet,</strong></span> <span class='ocrx_word' id='word_1_239' title='bbox 2835 1455 2890 1499; x_wconf 89' lang='lat' dir='ltr'><strong>ut</strong></span> <span class='ocrx_word' id='word_1_240' title='bbox 2919 1444 3163 1498; x_wconf 84' lang='lat' dir='ltr'><strong>infantes.</strong></span> <span class='ocrx_word' id='word_1_241' title='bbox 3187 1442 3291 1495; x_wconf 82' lang='lat' dir='ltr'><strong>Iste</strong></span> <span class='ocrx_word' id='word_1_242' title='bbox 3313 1441 3630 1506; x_wconf 90' lang='lat' dir='ltr'><strong>hospitibus,</strong></span> <span class='ocrx_word' id='word_1_243' title='bbox 3655 1437 3714 1490; x_wconf 83' lang='lat' dir='ltr'><strong>si-</strong></span> 
     </span>
    </p>
   </div>
   <div class='ocr_carea' id='block_1_31' title="bbox 2166 1529 3716 1608">
    <p class='ocr_par' dir='ltr' id='par_1_31' title="bbox 2166 1529 3716 1608">
     <span class='ocr_line' id='line_1_32' title="bbox 2166 1529 3716 1608; baseline -0.01 -14"><span class='ocrx_word' id='word_1_244' title='bbox 2166 1547 2256 1594; x_wconf 89' lang='lat' dir='ltr'><strong>cut</strong></span> <span class='ocrx_word' id='word_1_245' title='bbox 2285 1539 2490 1608; x_wconf 79' lang='lat' dir='ltr'><strong>experti</strong></span> <span class='ocrx_word' id='word_1_246' title='bbox 2518 1552 2719 1595; x_wconf 86' lang='lat' dir='ltr'><strong>sumus,</strong></span> <span class='ocrx_word' id='word_1_247' title='bbox 2751 1535 2914 1603; x_wconf 88' lang='lat' dir='ltr'><strong>pedes</strong></span> <span class='ocrx_word' id='word_1_248' title='bbox 2944 1535 3121 1585; x_wconf 87' lang='lat' dir='ltr'><strong>lavare</strong></span> <span class='ocrx_word' id='word_1_249' title='bbox 3147 1531 3303 1597; x_wconf 77' lang='lat' dir='ltr'><strong>ge~tit</strong></span> <span class='ocrx_word' id='word_1_250' title='bbox 3329 1547 3341 1580; x_wconf 88' lang='lat'>:</span> <span class='ocrx_word' id='word_1_251' title='bbox 3377 1529 3466 1580; x_wconf 90' lang='lat' dir='ltr'><strong>illa</strong></span> <span class='ocrx_word' id='word_1_252' title='bbox 3497 1541 3716 1580; x_wconf 79' lang='lat' dir='ltr'><strong>mensam</strong></span> 
     </span>
    </p>
   </div>
   <div class='ocr_carea' id='block_1_32' title="bbox 2168 1614 3692 1700">
    <p class='ocr_par' dir='ltr' id='par_1_32' title="bbox 2168 1614 3692 1700">
     <span class='ocr_line' id='line_1_33' title="bbox 2168 1614 3692 1700; baseline -0.012 -16"><span class='ocrx_word' id='word_1_253' title='bbox 2168 1645 2358 1700; x_wconf 87' lang='lat' dir='ltr'><strong>parare</strong></span> <span class='ocrx_word' id='word_1_254' title='bbox 2389 1628 2636 1685; x_wconf 86' lang='lat' dir='ltr'><strong>festinat;</strong></span> <span class='ocrx_word' id='word_1_255' title='bbox 2681 1640 2814 1694; x_wconf 86' lang='lat' dir='ltr'><strong>quos</strong></span> <span class='ocrx_word' id='word_1_256' title='bbox 2839 1623 2976 1677; x_wconf 89' lang='lat' dir='ltr'><strong>enim</strong></span> <span class='ocrx_word' id='word_1_257' title='bbox 3001 1621 3244 1675; x_wconf 77' lang='lat' dir='ltr'><strong>Salvator</strong></span> <span class='ocrx_word' id='word_1_258' title='bbox 3264 1619 3384 1671; x_wconf 84' lang='lat' dir='ltr'><strong>viva</strong></span> <span class='ocrx_word' id='word_1_259' title='bbox 3414 1631 3549 1684; x_wconf 87' lang='lat' dir='ltr'><strong>aqua</strong></span> <span class='ocrx_word' id='word_1_260' title='bbox 3576 1614 3692 1667; x_wconf 83' lang='lat' dir='ltr'><strong>refri</strong></span> 
     </span>
    </p>
   </div>
   <div class='ocr_carea' id='block_1_33' title="bbox 2167 1704 3711 1791">
    <p class='ocr_par' dir='ltr' id='par_1_33' title="bbox 2167 1704 3711 1791">
     <span class='ocr_line' id='line_1_34' title="bbox 2167 1704 3711 1791; baseline -0.014 -15"><span class='ocrx_word' id='word_1_261' title='bbox 2167 1730 2342 1791; x_wconf 90' lang='lat' dir='ltr'><strong>gerat,</strong></span> <span class='ocrx_word' id='word_1_262' title='bbox 2366 1721 2464 1772; x_wconf 91' lang='lat' dir='ltr'><strong>hos</strong></span> <span class='ocrx_word' id='word_1_263' title='bbox 2481 1717 2650 1770; x_wconf 83' lang='lat' dir='ltr'><strong>reiicit</strong></span> <span class='ocrx_word' id='word_1_264' title='bbox 2669 1715 2977 1769; x_wconf 69' lang='lat' dir='ltr'><strong>coelestibus</strong></span> <span class='ocrx_word' id='word_1_265' title='bbox 2995 1711 3128 1764; x_wconf 89' lang='lat' dir='ltr'><strong>cibis</strong></span> <span class='ocrx_word' id='word_1_266' title='bbox 3143 1709 3404 1763; x_wconf 86' lang='lat' dir='ltr'><strong>Ecclesia.</strong></span> <span class='ocrx_word' id='word_1_267' title='bbox 3417 1707 3571 1776; x_wconf 79' lang='lat'><strong>333</strong></span> <span class='ocrx_word' id='word_1_268' title='bbox 3583 1704 3711 1757; x_wconf 74' lang='lat' dir='ltr'><strong>[lunt</strong></span> 
     </span>
    </p>
   </div>
   <div class='ocr_carea' id='block_1_34' title="bbox 2171 1797 3724 1879">
    <p class='ocr_par' dir='ltr' id='par_1_34' title="bbox 2171 1797 3724 1879">
     <span class='ocr_line' id='line_1_35' title="bbox 2171 1797 3724 1879; baseline -0.014 -15"><span class='ocrx_word' id='word_1_269' title='bbox 2171 1813 2331 1879; x_wconf 79' lang='lat' dir='ltr'><strong>igitur</strong></span> <span class='ocrx_word' id='word_1_270' title='bbox 2359 1808 2625 1876; x_wconf 90' lang='lat' dir='ltr'><strong>hospitem</strong></span> <span class='ocrx_word' id='word_1_271' title='bbox 2673 1803 3000 1871; x_wconf 73' lang='lat' dir='ltr'><strong>evangelista</strong></span> <span class='ocrx_word' id='word_1_272' title='bbox 3030 1798 3224 1866; x_wconf 88' lang='lat' dir='ltr'><strong>inquiri</strong></span> <span class='ocrx_word' id='word_1_273' title='bbox 3246 1797 3426 1864; x_wconf 88' lang='lat' dir='ltr'><strong>jussit,</strong></span> <span class='ocrx_word' id='word_1_274' title='bbox 3466 1803 3524 1847; x_wconf 91' lang='lat' dir='ltr'><strong>ct</strong></span> <span class='ocrx_word' id='word_1_275' title='bbox 3569 1807 3724 1859; x_wconf 86' lang='lat' dir='ltr'><strong>usque</strong></span> 
     </span>
    </p>
   </div>
   <div class='ocr_carea' id='block_1_35' title="bbox 2171 1884 3729 1954">
    <p class='ocr_par' dir='ltr' id='par_1_35' title="bbox 2171 1884 3729 1954">
     <span class='ocr_line' id='line_1_36' title="bbox 2171 1884 3729 1954; baseline -0.013 -1"><span class='ocrx_word' id='word_1_276' title='bbox 2171 1900 2238 1952; x_wconf 90' lang='lat' dir='ltr'><strong>ad</strong></span> <span class='ocrx_word' id='word_1_277' title='bbox 2266 1896 2409 1953; x_wconf 89' lang='lat' dir='ltr'><strong>diem</strong></span> <span class='ocrx_word' id='word_1_278' title='bbox 2437 1897 2614 1949; x_wconf 86' lang='lat' dir='ltr'><strong>exitus</strong></span> <span class='ocrx_word' id='word_1_279' title='bbox 2639 1893 2808 1954; x_wconf 82' lang='lat' dir='ltr'><strong>nostri</strong></span> <span class='ocrx_word' id='word_1_280' title='bbox 2827 1906 2949 1946; x_wconf 90' lang='lat' dir='ltr'><strong>cum</strong></span> <span class='ocrx_word' id='word_1_281' title='bbox 2976 1891 3078 1942; x_wconf 91' lang='lat' dir='ltr'><strong>hoc</strong></span> <span class='ocrx_word' id='word_1_282' title='bbox 3106 1887 3348 1941; x_wconf 88' lang='lat' dir='ltr'><strong>habitare</strong></span> <span class='ocrx_word' id='word_1_283' title='bbox 3372 1884 3641 1953; x_wconf 64' lang='lat' dir='ltr'><strong>praecepit,</strong></span> <span class='ocrx_word' id='word_1_284' title='bbox 3661 1897 3729 1932; x_wconf 86' lang='lat' dir='ltr'><strong>ne</strong></span> 
     </span>
    </p>
   </div>
   <div class='ocr_carea' id='block_1_36' title="bbox 508 1968 3724 2059">
    <p class='ocr_par' dir='ltr' id='par_1_36' title="bbox 508 1968 3724 2059">
     <span class='ocr_line' id='line_1_37' title="bbox 508 1968 3724 2059; baseline -0.009 -24"><span class='ocrx_word' id='word_1_285' title='bbox 508 1981 690 2036; x_wconf 87' lang='lat' dir='ltr'><strong>tando.</strong></span> <span class='ocrx_word' id='word_1_286' title='bbox 721 1979 871 2034; x_wconf 90' lang='lat' dir='ltr'><strong>Sicut</strong></span> <span class='ocrx_word' id='word_1_287' title='bbox 899 1980 1040 2032; x_wconf 89' lang='lat' dir='ltr'><strong>enim</strong></span> <span class='ocrx_word' id='word_1_288' title='bbox 1071 1988 1096 2013; x_wconf 78' lang='grc' dir='ltr'><strong>ι</strong></span> <span class='ocrx_word' id='word_1_289' title='bbox 1126 1978 1279 2031; x_wconf 89' lang='lat' dir='ltr'><strong>vobis</strong></span> <span class='ocrx_word' id='word_1_290' title='bbox 1307 1978 1550 2045; x_wconf 74' lang='lat' dir='ltr'><strong>permisit</strong></span> <span class='ocrx_word' id='word_1_291' title='bbox 1578 1977 1849 2029; x_wconf 89' lang='lat' dir='ltr'><strong>arbitrium</strong></span> <span class='ocrx_word' id='word_1_292' title='bbox 1870 2017 1884 2041; x_wconf 94' lang='lat'><strong>,</strong></span> <span class='ocrx_word' id='word_1_293' title='bbox 1917 1977 1986 2028; x_wconf 90' lang='lat' dir='ltr'><strong>ita</strong></span> <span class='ocrx_word' id='word_1_294' title='bbox 2016 1984 2070 2028; x_wconf 83' lang='lat' dir='ltr'><strong>et</strong></span> <span class='ocrx_word' id='word_1_295' title='bbox 2107 1993 2147 2059; x_wconf 70' lang='lat' dir='ltr'><strong>B-</strong></span> <span class='ocrx_word' id='word_1_296' title='bbox 2173 1987 2348 2054; x_wconf 68' lang='lat' dir='ltr'><strong>aliqua</strong></span> <span class='ocrx_word' id='word_1_297' title='bbox 2368 1985 2586 2036; x_wconf 61' lang='grc' dir='ltr'><strong>ιενῖιειε</strong></span> <span class='ocrx_word' id='word_1_298' title='bbox 2614 1979 2790 2034; x_wconf 72' lang='lat' dir='ltr'><strong>medio</strong></span> <span class='ocrx_word' id='word_1_299' title='bbox 2817 1988 3058 2045; x_wconf 53' lang='lat' dir='ltr'><strong>tempore</strong></span> <span class='ocrx_word' id='word_1_300' title='bbox 3080 1975 3330 2027; x_wconf 67' lang='lat' dir='ltr'><strong>aliorsum</strong></span> <span class='ocrx_word' id='word_1_301' title='bbox 3361 1971 3583 2024; x_wconf 63' lang='grc' dir='ltr'><strong>[οι-είωη</strong></span> <span class='ocrx_word' id='word_1_302' title='bbox 3603 1968 3724 2022; x_wconf 60' lang='lat' dir='ltr'><strong>emi;</strong></span> 
     </span>
    </p>
   </div>
   <div class='ocr_carea' id='block_1_37' title="bbox 505 2064 2069 2133">
    <p class='ocr_par' dir='ltr' id='par_1_37' title="bbox 505 2064 2069 2133">
     <span class='ocr_line' id='line_1_38' title="bbox 505 2064 2069 2133; baseline -0.001 -13"><span class='ocrx_word' id='word_1_303' title='bbox 505 2069 674 2122; x_wconf 90' lang='lat' dir='ltr'><strong>voluit</strong></span> <span class='ocrx_word' id='word_1_304' title='bbox 699 2083 796 2122; x_wconf 88' lang='lat' dir='ltr'><strong>vos</strong></span> <span class='ocrx_word' id='word_1_305' title='bbox 817 2075 999 2121; x_wconf 87' lang='lat' dir='ltr'><strong>tenere</strong></span> <span class='ocrx_word' id='word_1_306' title='bbox 1020 2067 1394 2120; x_wconf 88' lang='lat' dir='ltr'><strong>constantiam.</strong></span> <span class='ocrx_word' id='word_1_307' title='bbox 1424 2065 1593 2130; x_wconf 86' lang='lat' dir='ltr'><strong>Quam</strong></span> <span class='ocrx_word' id='word_1_308' title='bbox 1615 2065 1754 2119; x_wconf 90' lang='lat' dir='ltr'><strong>enim</strong></span> <span class='ocrx_word' id='word_1_309' title='bbox 1784 2064 2069 2133; x_wconf 86' lang='lat' dir='ltr'><strong>reprehen-</strong></span> 
     </span>
    </p>
   </div>
   <div class='ocr_carea' id='block_1_38' title="bbox 505 2153 2070 2221">
    <p class='ocr_par' dir='ltr' id='par_1_38' title="bbox 505 2153 2070 2221">
     <span class='ocr_line' id='line_1_39' title="bbox 505 2153 2070 2221; baseline -0.003 -11"><span class='ocrx_word' id='word_1_310' title='bbox 505 2157 657 2211; x_wconf 82' lang='lat' dir='ltr'><strong>sibile</strong></span> <span class='ocrx_word' id='word_1_311' title='bbox 682 2163 843 2210; x_wconf 89' lang='lat' dir='ltr'><strong>estut</strong></span> <span class='ocrx_word' id='word_1_312' title='bbox 881 2156 980 2217; x_wconf 92' lang='lat' dir='ltr'><strong>vir,</strong></span> <span class='ocrx_word' id='word_1_313' title='bbox 1012 2155 1101 2221; x_wconf 92' lang='lat' dir='ltr'><strong>qui</strong></span> <span class='ocrx_word' id='word_1_314' title='bbox 1132 2153 1475 2220; x_wconf 77' lang='lat' dir='ltr'><strong>Evangeliuin</strong></span> <span class='ocrx_word' id='word_1_315' title='bbox 1508 2154 1804 2214; x_wconf 84' lang='lat' dir='ltr'><strong>annuntiat,</strong></span> <span class='ocrx_word' id='word_1_316' title='bbox 1835 2161 1889 2206; x_wconf 91' lang='lat' dir='ltr'><strong>et</strong></span> <span class='ocrx_word' id='word_1_317' title='bbox 1913 2153 2070 2205; x_wconf 87' lang='lat' dir='ltr'><strong>docet</strong></span> 
     </span>
    </p>
   </div>
   <div class='ocr_carea' id='block_1_39' title="bbox 505 2240 2070 2310">
    <p class='ocr_par' dir='ltr' id='par_1_39' title="bbox 505 2240 2070 2310">
     <span class='ocr_line' id='line_1_40' title="bbox 505 2240 2070 2310; baseline -0.004 -12"><span class='ocrx_word' id='word_1_318' title='bbox 505 2243 788 2298; x_wconf 77' lang='lat' dir='ltr'><strong>errandum</strong></span> <span class='ocrx_word' id='word_1_319' title='bbox 829 2259 936 2297; x_wconf 93' lang='lat' dir='ltr'><strong>non</strong></span> <span class='ocrx_word' id='word_1_320' title='bbox 973 2257 1113 2302; x_wconf 89' lang='lat' dir='ltr'><strong>esse,</strong></span> <span class='ocrx_word' id='word_1_321' title='bbox 1149 2243 1261 2310; x_wconf 90' lang='lat' dir='ltr'><strong>ipse</strong></span> <span class='ocrx_word' id='word_1_322' title='bbox 1289 2258 1384 2310; x_wconf 92' lang='lat' dir='ltr'><strong>per</strong></span> <span class='ocrx_word' id='word_1_323' title='bbox 1411 2242 1651 2295; x_wconf 89' lang='lat' dir='ltr'><strong>diversos</strong></span> <span class='ocrx_word' id='word_1_324' title='bbox 1675 2241 1889 2310; x_wconf 90' lang='lat' dir='ltr'><strong>incipiat</strong></span> <span class='ocrx_word' id='word_1_325' title='bbox 1914 2240 2070 2293; x_wconf 87' lang='lat' dir='ltr'><strong>ober-</strong></span> 
     </span>
    </p>
   </div>
   <div class='ocr_carea' id='block_1_40' title="bbox 508 2329 2071 2399">
    <p class='ocr_par' dir='ltr' id='par_1_40' title="bbox 508 2329 2071 2399">
     <span class='ocr_line' id='line_1_41' title="bbox 508 2329 2071 2399; baseline -0.003 -13"><span class='ocrx_word' id='word_1_326' title='bbox 508 2347 626 2386; x_wconf 88' lang='lat' dir='ltr'><strong>rare</strong></span> <span class='ocrx_word' id='word_1_327' title='bbox 657 2341 712 2386; x_wconf 91' lang='lat' dir='ltr'><strong>et</strong></span> <span class='ocrx_word' id='word_1_328' title='bbox 737 2332 971 2395; x_wconf 86' lang='lat' dir='ltr'><strong>domum,</strong></span> <span class='ocrx_word' id='word_1_329' title='bbox 1009 2331 1094 2385; x_wconf 90' lang='lat' dir='ltr'><strong>cui</strong></span> <span class='ocrx_word' id='word_1_330' title='bbox 1123 2345 1306 2399; x_wconf 87' lang='lat' dir='ltr'><strong>pacem</strong></span> <span class='ocrx_word' id='word_1_331' title='bbox 1345 2330 1550 2384; x_wconf 82' lang='lat' dir='ltr'><strong>dixerat</strong></span> <span class='ocrx_word' id='word_1_332' title='bbox 1587 2329 1862 2392; x_wconf 90' lang='lat' dir='ltr'><strong>deserere;</strong></span> <span class='ocrx_word' id='word_1_333' title='bbox 1891 2330 2071 2397; x_wconf 90' lang='lat' dir='ltr'><strong>hospi-</strong></span> 
     </span>
    </p>
   </div>
   <div class='ocr_carea' id='block_1_41' title="bbox 507 2419 2068 2485">
    <p class='ocr_par' dir='ltr' id='par_1_41' title="bbox 507 2419 2068 2485">
     <span class='ocr_line' id='line_1_42' title="bbox 507 2419 2068 2485; baseline -0.002 -11"><span class='ocrx_word' id='word_1_334' title='bbox 507 2431 614 2478; x_wconf 89' lang='lat' dir='ltr'><strong>tem</strong></span> <span class='ocrx_word' id='word_1_335' title='bbox 643 2421 729 2474; x_wconf 90' lang='lat' dir='ltr'><strong>cui</strong></span> <span class='ocrx_word' id='word_1_336' title='bbox 757 2420 1179 2475; x_wconf 88' lang='lat' dir='ltr'><strong>benedictionem</strong></span> <span class='ocrx_word' id='word_1_337' title='bbox 1209 2421 1462 2473; x_wconf 86' lang='lat' dir='ltr'><strong>intulerat</strong></span> <span class='ocrx_word' id='word_1_338' title='bbox 1494 2421 1840 2473; x_wconf 87' lang='lat' dir='ltr'><strong>contristare!</strong></span> <span class='ocrx_word' id='word_1_339' title='bbox 1880 2419 2068 2485; x_wconf 82' lang='lat' dir='ltr'><strong>Magna</strong></span> 
     </span>
    </p>
   </div>
   <div class='ocr_carea' id='block_1_42' title="bbox 509 2510 2067 2578">
    <p class='ocr_par' dir='ltr' id='par_1_42' title="bbox 509 2510 2067 2578">
     <span class='ocr_line' id='line_1_43' title="bbox 509 2510 2067 2578; baseline -0.001 -14"><span class='ocrx_word' id='word_1_340' title='bbox 509 2511 651 2565; x_wconf 87' lang='lat' dir='ltr'><strong>enim</strong></span> <span class='ocrx_word' id='word_1_341' title='bbox 692 2511 1065 2578; x_wconf 86' lang='lat' dir='ltr'><strong>hospitalitatis</strong></span> <span class='ocrx_word' id='word_1_342' title='bbox 1110 2518 1192 2564; x_wconf 88' lang='lat' dir='ltr'><strong>est</strong></span> <span class='ocrx_word' id='word_1_343' title='bbox 1229 2511 1420 2577; x_wconf 89' lang='lat' dir='ltr'><strong>gratia,</strong></span> <span class='ocrx_word' id='word_1_344' title='bbox 1463 2525 1562 2564; x_wconf 89' lang='lat' dir='ltr'><strong>nec</strong></span> <span class='ocrx_word' id='word_1_345' title='bbox 1609 2511 1762 2564; x_wconf 89' lang='lat' dir='ltr'><strong>facile</strong></span> <span class='ocrx_word' id='word_1_346' title='bbox 1789 2510 2067 2573; x_wconf 84' lang='lat' dir='ltr'><strong>violanda;</strong></span> 
     </span>
    </p>
   </div>
   <div class='ocr_carea' id='block_1_43' title="bbox 510 2597 2074 2666">
    <p class='ocr_par' dir='ltr' id='par_1_43' title="bbox 510 2597 2074 2666">
     <span class='ocr_line' id='line_1_44' title="bbox 510 2597 2074 2666; baseline -0.001 -13"><span class='ocrx_word' id='word_1_347' title='bbox 510 2597 758 2653; x_wconf 85' lang='lat' dir='ltr'><strong>omnibus</strong></span> <span class='ocrx_word' id='word_1_348' title='bbox 783 2607 967 2666; x_wconf 90' lang='lat' dir='ltr'><strong>aperta</strong></span> <span class='ocrx_word' id='word_1_349' title='bbox 997 2606 1097 2661; x_wconf 90' lang='lat' dir='ltr'><strong>est,</strong></span> <span class='ocrx_word' id='word_1_350' title='bbox 1128 2599 1374 2652; x_wconf 90' lang='lat' dir='ltr'><strong>omnibus</strong></span> <span class='ocrx_word' id='word_1_351' title='bbox 1415 2606 1600 2665; x_wconf 90' lang='lat' dir='ltr'><strong>parata</strong></span> <span class='ocrx_word' id='word_1_352' title='bbox 1638 2607 1736 2661; x_wconf 88' lang='lat' dir='ltr'><strong>est,</strong></span> <span class='ocrx_word' id='word_1_353' title='bbox 1769 2606 1824 2652; x_wconf 89' lang='lat' dir='ltr'><strong>et</strong></span> <span class='ocrx_word' id='word_1_354' title='bbox 1859 2607 2074 2652; x_wconf 90' lang='lat' dir='ltr'><strong>sanctos</strong></span> 
     </span>
    </p>
   </div>
   <div class='ocr_carea' id='block_1_44' title="bbox 508 2684 2072 2754">
    <p class='ocr_par' dir='ltr' id='par_1_44' title="bbox 508 2684 2072 2754">
     <span class='ocr_line' id='line_1_45' title="bbox 508 2684 2072 2754; baseline -0.001 -15"><span class='ocrx_word' id='word_1_355' title='bbox 508 2684 736 2739; x_wconf 84' lang='lat' dir='ltr'><strong>libenter</strong></span> <span class='ocrx_word' id='word_1_356' title='bbox 757 2685 995 2753; x_wconf 86' lang='lat' dir='ltr'><strong>suscipit,</strong></span> <span class='ocrx_word' id='word_1_357' title='bbox 1026 2693 1081 2738; x_wconf 88' lang='lat' dir='ltr'><strong>et</strong></span> <span class='ocrx_word' id='word_1_358' title='bbox 1111 2694 1417 2753; x_wconf 90' lang='lat' dir='ltr'><strong>peccatores</strong></span> <span class='ocrx_word' id='word_1_359' title='bbox 1441 2685 1635 2739; x_wconf 88' lang='lat' dir='ltr'><strong>tolerat</strong></span> <span class='ocrx_word' id='word_1_360' title='bbox 1657 2687 1940 2754; x_wconf 87' lang='lat' dir='ltr'><strong>patienter.</strong></span> <span class='ocrx_word' id='word_1_361' title='bbox 1962 2685 2072 2740; x_wconf 88' lang='lat' dir='ltr'><strong>Sed</strong></span> 
     </span>
    </p>
   </div>
   <div class='ocr_carea' id='block_1_45' title="bbox 507 2776 2072 2845">
    <p class='ocr_par' dir='ltr' id='par_1_45' title="bbox 507 2776 2072 2845">
     <span class='ocr_line' id='line_1_46' title="bbox 507 2776 2072 2845; baseline 0.003 -16"><span class='ocrx_word' id='word_1_362' title='bbox 507 2782 810 2844; x_wconf 75' lang='lat' dir='ltr'><strong>repetamus</strong></span> <span class='ocrx_word' id='word_1_363' title='bbox 830 2784 1067 2830; x_wconf 88' lang='lat' dir='ltr'><strong>sanctam</strong></span> <span class='ocrx_word' id='word_1_364' title='bbox 1096 2777 1264 2844; x_wconf 90' lang='lat' dir='ltr'><strong>ipsam</strong></span> <span class='ocrx_word' id='word_1_365' title='bbox 1290 2776 1627 2845; x_wconf 90' lang='lat' dir='ltr'><strong>divinamque</strong></span> <span class='ocrx_word' id='word_1_366' title='bbox 1655 2778 2003 2844; x_wconf 88' lang='lat' dir='ltr'><strong>sententiam;</strong></span> <span class='ocrx_word' id='word_1_367' title='bbox 2026 2779 2072 2833; x_wconf 88' lang='lat' dir='ltr'><strong>si</strong></span> 
     </span>
    </p>
   </div>
   <div class='ocr_carea' id='block_1_46' title="bbox 510 2865 2070 2937">
    <p class='ocr_par' dir='ltr' id='par_1_46' title="bbox 510 2865 2070 2937">
     <span class='ocr_line' id='line_1_47' title="bbox 510 2865 2070 2937; baseline 0.003 -19"><span class='ocrx_word' id='word_1_368' title='bbox 510 2865 652 2918; x_wconf 89' lang='lat' dir='ltr'><strong>enim</strong></span> <span class='ocrx_word' id='word_1_369' title='bbox 680 2865 733 2918; x_wconf 92' lang='lat' dir='ltr'><strong>in</strong></span> <span class='ocrx_word' id='word_1_370' title='bbox 762 2865 940 2918; x_wconf 88' lang='lat' dir='ltr'><strong>littera</strong></span> <span class='ocrx_word' id='word_1_371' title='bbox 967 2865 1164 2933; x_wconf 87' lang='lat' dir='ltr'><strong>placet,</strong></span> <span class='ocrx_word' id='word_1_372' title='bbox 1211 2873 1266 2918; x_wconf 90' lang='lat' dir='ltr'><strong>ct</strong></span> <span class='ocrx_word' id='word_1_373' title='bbox 1307 2866 1357 2918; x_wconf 91' lang='lat' dir='ltr'><strong>in</strong></span> <span class='ocrx_word' id='word_1_374' title='bbox 1401 2868 1654 2935; x_wconf 85' lang='lat' dir='ltr'><strong>mysterio</strong></span> <span class='ocrx_word' id='word_1_375' title='bbox 1683 2868 1905 2921; x_wconf 91' lang='lat' dir='ltr'><strong>forsitan</strong></span> <span class='ocrx_word' id='word_1_376' title='bbox 1948 2869 2070 2937; x_wconf 89' lang='lat' dir='ltr'><strong>plus</strong></span> 
     </span>
    </p>
   </div>
   <div class='ocr_carea' id='block_1_47' title="bbox 508 2953 2066 3022">
    <p class='ocr_par' dir='ltr' id='par_1_47' title="bbox 508 2953 2066 3022">
     <span class='ocr_line' id='line_1_48' title="bbox 508 2953 2066 3022; baseline 0.002 -16"><span class='ocrx_word' id='word_1_377' title='bbox 508 2953 754 3022; x_wconf 82' lang='lat' dir='ltr'><strong>placebit.</strong></span> <span class='ocrx_word' id='word_1_378' title='bbox 787 2953 874 3006; x_wconf 89' lang='lat' dir='ltr'><strong>Ait</strong></span> <span class='ocrx_word' id='word_1_379' title='bbox 903 2955 1060 3021; x_wconf 89' lang='lat' dir='ltr'><strong>igitur</strong></span> <span class='ocrx_word' id='word_1_380' title='bbox 1107 2973 1120 3006; x_wconf 88' lang='lat'><strong>:</strong></span> <span class='ocrx_word' id='word_1_381' title='bbox 1167 2953 1234 3008; x_wconf 88' lang='lat' dir='ltr'><strong>Ut</strong></span> <span class='ocrx_word' id='word_1_382' title='bbox 1261 2970 1381 3008; x_wconf 90' lang='lat' dir='ltr'><strong>cum</strong></span> <span class='ocrx_word' id='word_1_383' title='bbox 1412 2956 1673 3008; x_wconf 88' lang='lat' dir='ltr'><strong>intramus</strong></span> <span class='ocrx_word' id='word_1_384' title='bbox 1701 2957 1755 3008; x_wconf 90' lang='lat' dir='ltr'><strong>in</strong></span> <span class='ocrx_word' id='word_1_385' title='bbox 1775 2958 2066 3022; x_wconf 87' lang='lat' dir='ltr'><strong>civitatem,</strong></span> 
     </span>
    </p>
   </div>
   <div class='ocr_carea' id='block_1_48' title="bbox 509 3044 2068 3112">
    <p class='ocr_par' dir='ltr' id='par_1_48' title="bbox 509 3044 2068 3112">
     <span class='ocr_line' id='line_1_49' title="bbox 509 3044 2068 3112; baseline 0.002 -15"><span class='ocrx_word' id='word_1_386' title='bbox 509 3044 896 3110; x_wconf 77' lang='lat' dir='ltr'><strong>interrogemus</strong></span> <span class='ocrx_word' id='word_1_387' title='bbox 914 3044 1033 3112; x_wconf 88' lang='lat' dir='ltr'><strong>quis</strong></span> <span class='ocrx_word' id='word_1_388' title='bbox 1055 3045 1110 3096; x_wconf 91' lang='lat' dir='ltr'><strong>in</strong></span> <span class='ocrx_word' id='word_1_389' title='bbox 1132 3058 1195 3098; x_wconf 91' lang='lat' dir='ltr'><strong>ea</strong></span> <span class='ocrx_word' id='word_1_390' title='bbox 1220 3044 1304 3097; x_wconf 84' lang='lat' dir='ltr'><strong>vel</strong></span> <span class='ocrx_word' id='word_1_391' title='bbox 1326 3044 1519 3112; x_wconf 87' lang='lat' dir='ltr'><strong>hospes</strong></span> <span class='ocrx_word' id='word_1_392' title='bbox 1541 3044 1746 3111; x_wconf 90' lang='lat' dir='ltr'><strong>dignus,</strong></span> <span class='ocrx_word' id='word_1_393' title='bbox 1770 3047 1855 3098; x_wconf 92' lang='lat' dir='ltr'><strong>vel</strong></span> <span class='ocrx_word' id='word_1_394' title='bbox 1879 3046 2068 3100; x_wconf 89' lang='lat' dir='ltr'><strong>idonea</strong></span> 
     </span>
    </p>
   </div>
   <div class='ocr_carea' id='block_1_49' title="bbox 511 3131 2069 3202">
    <p class='ocr_par' dir='ltr' id='par_1_49' title="bbox 511 3131 2069 3202">
     <span class='ocr_line' id='line_1_50' title="bbox 511 3131 2069 3202; baseline 0.002 -17"><span class='ocrx_word' id='word_1_395' title='bbox 511 3132 703 3185; x_wconf 86' lang='lat' dir='ltr'><strong>domus</strong></span> <span class='ocrx_word' id='word_1_396' title='bbox 730 3131 821 3197; x_wconf 86' lang='lat' dir='ltr'><strong>sit,</strong></span> <span class='ocrx_word' id='word_1_397' title='bbox 860 3140 915 3185; x_wconf 92' lang='lat' dir='ltr'><strong>et</strong></span> <span class='ocrx_word' id='word_1_398' title='bbox 957 3133 1027 3186; x_wconf 88' lang='lat' dir='ltr'><strong>ibi</strong></span> <span class='ocrx_word' id='word_1_399' title='bbox 1061 3147 1367 3186; x_wconf 88' lang='lat' dir='ltr'><strong>maneamus</strong></span> <span class='ocrx_word' id='word_1_400' title='bbox 1386 3132 1557 3187; x_wconf 90' lang='lat' dir='ltr'><strong>donec</strong></span> <span class='ocrx_word' id='word_1_401' title='bbox 1584 3134 1698 3187; x_wconf 91' lang='lat' dir='ltr'><strong>dies</strong></span> <span class='ocrx_word' id='word_1_402' title='bbox 1726 3133 2069 3202; x_wconf 87' lang='lat' dir='ltr'><strong>profectionis</strong></span> 
     </span>
    </p>
   </div>
   <div class='ocr_carea' id='block_1_50' title="bbox 510 3218 2071 3290">
    <p class='ocr_par' dir='ltr' id='par_1_50' title="bbox 510 3218 2071 3290">
     <span class='ocr_line' id='line_1_51' title="bbox 510 3218 2071 3290; baseline 0.003 -18"><span class='ocrx_word' id='word_1_403' title='bbox 510 3219 756 3273; x_wconf 81' lang='lat' dir='ltr'><strong>adveniat</strong></span> <span class='ocrx_word' id='word_1_404' title='bbox 795 3218 1006 3290; x_wconf 70' lang='lat' dir='ltr'><strong>(lauit.</strong></span> <span class='ocrx_word' id='word_1_405' title='bbox 1039 3221 1118 3289; x_wconf 91' lang='lat' dir='ltr'><strong>x).</strong></span> <span class='ocrx_word' id='word_1_406' title='bbox 1148 3219 1278 3286; x_wconf 77' lang='lat' dir='ltr'><strong>Qua:</strong></span> <span class='ocrx_word' id='word_1_407' title='bbox 1323 3221 1590 3275; x_wconf 88' lang='lat' dir='ltr'><strong>sententia</strong></span> <span class='ocrx_word' id='word_1_408' title='bbox 1630 3222 1874 3276; x_wconf 84' lang='lat' dir='ltr'><strong>altiorem</strong></span> <span class='ocrx_word' id='word_1_409' title='bbox 1917 3224 2071 3276; x_wconf 92' lang='lat' dir='ltr'><strong>nobis</strong></span> 
     </span>
    </p>
   </div>
   <div class='ocr_carea' id='block_1_51' title="bbox 2175 2058 3726 2141">
    <p class='ocr_par' dir='ltr' id='par_1_51' title="bbox 2175 2058 3726 2141">
     <span class='ocr_line' id='line_1_52' title="bbox 2175 2058 3726 2141; baseline -0.012 -14"><span class='ocrx_word' id='word_1_410' title='bbox 2175 2087 2421 2141; x_wconf 90' lang='lat' dir='ltr'><strong>gremus;</strong></span> <span class='ocrx_word' id='word_1_411' title='bbox 2454 2071 2555 2123; x_wconf 92' lang='lat' dir='ltr'><strong>hoc</strong></span> <span class='ocrx_word' id='word_1_412' title='bbox 2581 2079 2664 2123; x_wconf 89' lang='lat' dir='ltr'><strong>est</strong></span> <span class='ocrx_word' id='word_1_413' title='bbox 2702 2068 2794 2135; x_wconf 86' lang='lat' dir='ltr'><strong>qui</strong></span> <span class='ocrx_word' id='word_1_414' title='bbox 2823 2065 2989 2120; x_wconf 88' lang='lat' dir='ltr'><strong>semel</strong></span> <span class='ocrx_word' id='word_1_415' title='bbox 3021 2065 3074 2116; x_wconf 88' lang='lat' dir='ltr'><strong>in</strong></span> <span class='ocrx_word' id='word_1_416' title='bbox 3099 2061 3366 2116; x_wconf 88' lang='lat' dir='ltr'><strong>Christum</strong></span> <span class='ocrx_word' id='word_1_417' title='bbox 3395 2058 3726 2119; x_wconf 64' lang='lat' dir='ltr'><strong>credidimus,</strong></span> 
     </span>
    </p>
   </div>
   <div class='ocr_carea' id='block_1_52' title="bbox 2172 2155 3729 2226">
    <p class='ocr_par' dir='ltr' id='par_1_52' title="bbox 2172 2155 3729 2226">
     <span class='ocr_line' id='line_1_53' title="bbox 2172 2155 3729 2226; baseline -0.011 -7"><span class='ocrx_word' id='word_1_418' title='bbox 2172 2181 2280 2219; x_wconf 86' lang='lat' dir='ltr'><strong>non</strong></span> <span class='ocrx_word' id='word_1_419' title='bbox 2302 2166 2493 2218; x_wconf 88' lang='lat' dir='ltr'><strong>iterum</strong></span> <span class='ocrx_word' id='word_1_420' title='bbox 2514 2163 2658 2215; x_wconf 85' lang='lat' dir='ltr'><strong>velut</strong></span> <span class='ocrx_word' id='word_1_421' title='bbox 2678 2168 3096 2226; x_wconf 79' lang='lat' dir='ltr'><strong>transgressores</strong></span> <span class='ocrx_word' id='word_1_422' title='bbox 3118 2156 3183 2208; x_wconf 88' lang='lat' dir='ltr'><strong>ad</strong></span> <span class='ocrx_word' id='word_1_423' title='bbox 3206 2155 3344 2208; x_wconf 90' lang='lat' dir='ltr'><strong>idola</strong></span> <span class='ocrx_word' id='word_1_424' title='bbox 3367 2167 3729 2213; x_wconf 88' lang='lat' dir='ltr'><strong>recurramus;</strong></span> 
     </span>
    </p>
   </div>
   <div class='ocr_carea' id='block_1_53' title="bbox 2169 2241 3731 2323">
    <p class='ocr_par' dir='ltr' id='par_1_53' title="bbox 2169 2241 3731 2323">
     <span class='ocr_line' id='line_1_54' title="bbox 2169 2241 3731 2323; baseline -0.011 -16"><span class='ocrx_word' id='word_1_425' title='bbox 2169 2255 2426 2323; x_wconf 89' lang='lat' dir='ltr'><strong>scriptum</strong></span> <span class='ocrx_word' id='word_1_426' title='bbox 2449 2260 2531 2305; x_wconf 90' lang='lat' dir='ltr'><strong>est</strong></span> <span class='ocrx_word' id='word_1_427' title='bbox 2559 2250 2701 2303; x_wconf 90' lang='lat' dir='ltr'><strong>enim</strong></span> <span class='ocrx_word' id='word_1_428' title='bbox 2737 2266 2750 2300; x_wconf 92' lang='lat'><strong>:</strong></span> <span class='ocrx_word' id='word_1_429' title='bbox 2780 2245 2950 2300; x_wconf 85' lang='lat' dir='ltr'><strong>Nemo</strong></span> <span class='ocrx_word' id='word_1_430' title='bbox 2976 2255 3141 2313; x_wconf 79' lang='lat' dir='ltr'><strong>potest</strong></span> <span class='ocrx_word' id='word_1_431' title='bbox 3162 2243 3358 2297; x_wconf 78' lang='lat' dir='ltr'><strong>duobus</strong></span> <span class='ocrx_word' id='word_1_432' title='bbox 3381 2241 3606 2294; x_wconf 81' lang='lat' dir='ltr'><strong>dominis</strong></span> <span class='ocrx_word' id='word_1_433' title='bbox 3626 2255 3731 2292; x_wconf 84' lang='lat' dir='ltr'><strong>ser-</strong></span> 
     </span>
    </p>
   </div>
   <div class='ocr_carea' id='block_1_54' title="bbox 2171 2328 3734 2409">
    <p class='ocr_par' dir='ltr' id='par_1_54' title="bbox 2171 2328 3734 2409">
     <span class='ocr_line' id='line_1_55' title="bbox 2171 2328 3734 2409; baseline -0.011 -14"><span class='ocrx_word' id='word_1_434' title='bbox 2171 2345 2276 2395; x_wconf 76' lang='lat' dir='ltr'><strong>vire</strong></span> <span class='ocrx_word' id='word_1_435' title='bbox 2301 2340 2512 2409; x_wconf 73' lang='lat' dir='ltr'><strong>(Matth.</strong></span> <span class='ocrx_word' id='word_1_436' title='bbox 2537 2338 2616 2406; x_wconf 93' lang='grc' dir='ltr'>ιιι)</span> <span class='ocrx_word' id='word_1_437' title='bbox 2662 2355 2675 2388; x_wconf 91' lang='lat'><strong>:</strong></span> <span class='ocrx_word' id='word_1_438' title='bbox 2708 2336 2832 2390; x_wconf 88' lang='lat' dir='ltr'><strong>dum</strong></span> <span class='ocrx_word' id='word_1_439' title='bbox 2860 2335 3003 2388; x_wconf 88' lang='lat' dir='ltr'><strong>enim</strong></span> <span class='ocrx_word' id='word_1_440' title='bbox 3032 2333 3123 2386; x_wconf 87' lang='lat' dir='ltr'><strong>uni</strong></span> <span class='ocrx_word' id='word_1_441' title='bbox 3153 2332 3368 2401; x_wconf 85' lang='lat' dir='ltr'><strong>placere</strong></span> <span class='ocrx_word' id='word_1_442' title='bbox 3397 2331 3576 2397; x_wconf 90' lang='lat' dir='ltr'><strong>gestit,</strong></span> <span class='ocrx_word' id='word_1_443' title='bbox 3607 2328 3734 2379; x_wconf 87' lang='lat' dir='ltr'><strong>alte-</strong></span> 
     </span>
    </p>
   </div>
   <div class='ocr_carea' id='block_1_55' title="bbox 2172 2416 3737 2489">
    <p class='ocr_par' dir='ltr' id='par_1_55' title="bbox 2172 2416 3737 2489">
     <span class='ocr_line' id='line_1_56' title="bbox 2172 2416 3737 2489; baseline -0.01 -5"><span class='ocrx_word' id='word_1_444' title='bbox 2172 2447 2290 2484; x_wconf 90' lang='lat' dir='ltr'><strong>rum</strong></span> <span class='ocrx_word' id='word_1_445' title='bbox 2319 2430 2482 2483; x_wconf 87' lang='lat' dir='ltr'><strong>sentit</strong></span> <span class='ocrx_word' id='word_1_446' title='bbox 2529 2429 2738 2482; x_wconf 89' lang='lat' dir='ltr'><strong>iratum.</strong></span> <span class='ocrx_word' id='word_1_447' title='bbox 2767 2423 3035 2479; x_wconf 87' lang='lat' dir='ltr'><strong>Christum</strong></span> <span class='ocrx_word' id='word_1_448' title='bbox 3081 2423 3242 2489; x_wconf 87' lang='lat' dir='ltr'><strong>igitur</strong></span> <span class='ocrx_word' id='word_1_449' title='bbox 3283 2421 3550 2488; x_wconf 90' lang='lat' dir='ltr'><strong>hospitem</strong></span> <span class='ocrx_word' id='word_1_450' title='bbox 3577 2416 3737 2487; x_wconf 61' lang='lat'><strong>335</strong></span> 
     </span>
    </p>
   </div>
   <div class='ocr_carea' id='block_1_56' title="bbox 2172 2507 3736 2580">
    <p class='ocr_par' dir='ltr' id='par_1_56' title="bbox 2172 2507 3736 2580">
     <span class='ocr_line' id='line_1_57' title="bbox 2172 2507 3736 2580; baseline -0.01 -8"><span class='ocrx_word' id='word_1_451' title='bbox 2172 2521 2420 2574; x_wconf 87' lang='lat' dir='ltr'><strong>deserere</strong></span> <span class='ocrx_word' id='word_1_452' title='bbox 2441 2533 2546 2572; x_wconf 89' lang='lat' dir='ltr'><strong>non</strong></span> <span class='ocrx_word' id='word_1_453' title='bbox 2566 2516 2841 2580; x_wconf 89' lang='lat' dir='ltr'><strong>debemus,</strong></span> <span class='ocrx_word' id='word_1_454' title='bbox 2862 2509 3304 2580; x_wconf 88' lang='lat' dir='ltr'><strong>quemadmodum</strong></span> <span class='ocrx_word' id='word_1_455' title='bbox 3327 2517 3380 2562; x_wconf 89' lang='lat' dir='ltr'><strong>et</strong></span> <span class='ocrx_word' id='word_1_456' title='bbox 3395 2507 3588 2561; x_wconf 81' lang='lat' dir='ltr'><strong>Petrus</strong></span> <span class='ocrx_word' id='word_1_457' title='bbox 3608 2521 3736 2573; x_wconf 57' lang='grc' dir='ltr'><strong>προς</strong></span> 
     </span>
    </p>
   </div>
   <div class='ocr_carea' id='block_1_57' title="bbox 2173 2596 3738 2663">
    <p class='ocr_par' dir='ltr' id='par_1_57' title="bbox 2173 2596 3738 2663">
     <span class='ocr_line' id='line_1_58' title="bbox 2173 2596 3738 2663; baseline -0.01 -1"><span class='ocrx_word' id='word_1_458' title='bbox 2173 2609 2342 2662; x_wconf 87' lang='lat' dir='ltr'><strong>stolus</strong></span> <span class='ocrx_word' id='word_1_459' title='bbox 2369 2623 2489 2663; x_wconf 89' lang='lat' dir='ltr'><strong>cum</strong></span> <span class='ocrx_word' id='word_1_460' title='bbox 2509 2608 2618 2661; x_wconf 88' lang='lat' dir='ltr'><strong>suis</strong></span> <span class='ocrx_word' id='word_1_461' title='bbox 2645 2605 2900 2658; x_wconf 84' lang='lat' dir='ltr'><strong>similibus</strong></span> <span class='ocrx_word' id='word_1_462' title='bbox 2926 2601 3294 2659; x_wconf 89' lang='lat' dir='ltr'><strong>deserentibus</strong></span> <span class='ocrx_word' id='word_1_463' title='bbox 3315 2599 3435 2650; x_wconf 89' lang='lat' dir='ltr'><strong>aliis</strong></span> <span class='ocrx_word' id='word_1_464' title='bbox 3455 2596 3738 2650; x_wconf 85' lang='lat' dir='ltr'><strong>Dominum</strong></span> 
     </span>
    </p>
   </div>
   <div class='ocr_carea' id='block_1_58' title="bbox 2177 2686 3733 2766">
    <p class='ocr_par' dir='ltr' id='par_1_58' title="bbox 2177 2686 3733 2766">
     <span class='ocr_line' id='line_1_59' title="bbox 2177 2686 3733 2766; baseline -0.009 -16"><span class='ocrx_word' id='word_1_465' title='bbox 2177 2715 2283 2751; x_wconf 91' lang='lat' dir='ltr'><strong>non</strong></span> <span class='ocrx_word' id='word_1_466' title='bbox 2312 2697 2552 2766; x_wconf 90' lang='lat' dir='ltr'><strong>reliquit;</strong></span> <span class='ocrx_word' id='word_1_467' title='bbox 2583 2695 2676 2749; x_wconf 88' lang='lat' dir='ltr'><strong>sed</strong></span> <span class='ocrx_word' id='word_1_468' title='bbox 2717 2695 2955 2749; x_wconf 87' lang='lat' dir='ltr'><strong>dicamus</strong></span> <span class='ocrx_word' id='word_1_469' title='bbox 3000 2692 3140 2760; x_wconf 87' lang='lat' dir='ltr'><strong>quod</strong></span> <span class='ocrx_word' id='word_1_470' title='bbox 3170 2691 3256 2744; x_wconf 89' lang='lat' dir='ltr'><strong>ille</strong></span> <span class='ocrx_word' id='word_1_471' title='bbox 3298 2688 3362 2741; x_wconf 89' lang='lat' dir='ltr'><strong>ad</strong></span> <span class='ocrx_word' id='word_1_472' title='bbox 3403 2686 3733 2740; x_wconf 82' lang='lat' dir='ltr'><strong>Salvatorem</strong></span> 
     </span>
    </p>
   </div>
   <div class='ocr_carea' id='block_1_59' title="bbox 2176 2779 3740 2856">
    <p class='ocr_par' dir='ltr' id='par_1_59' title="bbox 2176 2779 3740 2856">
     <span class='ocr_line' id='line_1_60' title="bbox 2176 2779 3740 2856; baseline -0.008 -15"><span class='ocrx_word' id='word_1_473' title='bbox 2176 2788 2309 2842; x_wconf 85' lang='lat' dir='ltr'><strong>dixit</strong></span> <span class='ocrx_word' id='word_1_474' title='bbox 2344 2806 2356 2838; x_wconf 93' lang='lat'>:</span> <span class='ocrx_word' id='word_1_475' title='bbox 2383 2786 2620 2849; x_wconf 86' lang='lat' dir='ltr'><strong>Domine,</strong></span> <span class='ocrx_word' id='word_1_476' title='bbox 2650 2785 2718 2837; x_wconf 87' lang='lat' dir='ltr'><strong>ad</strong></span> <span class='ocrx_word' id='word_1_477' title='bbox 2757 2801 2905 2856; x_wconf 83' lang='lat' dir='ltr'><strong>quem</strong></span> <span class='ocrx_word' id='word_1_478' title='bbox 2944 2782 3166 2836; x_wconf 74' lang='lat' dir='ltr'><strong>ibimus?</strong></span> <span class='ocrx_word' id='word_1_479' title='bbox 3197 2779 3363 2832; x_wconf 85' lang='lat' dir='ltr'><strong>Verba</strong></span> <span class='ocrx_word' id='word_1_480' title='bbox 3390 2781 3508 2831; x_wconf 69' lang='lat' dir='ltr'><strong>vita:</strong></span> <span class='ocrx_word' id='word_1_481' title='bbox 3536 2788 3740 2829; x_wconf 62' lang='lat' dir='ltr'><strong>atterite!</strong></span> 
     </span>
    </p>
   </div>
   <div class='ocr_carea' id='block_1_60' title="bbox 2175 2866 3734 2941">
    <p class='ocr_par' dir='ltr' id='par_1_60' title="bbox 2175 2866 3734 2941">
     <span class='ocr_line' id='line_1_61' title="bbox 2175 2866 3734 2941; baseline -0.006 -15"><span class='ocrx_word' id='word_1_482' title='bbox 2175 2885 2223 2926; x_wconf 90' lang='lat' dir='ltr'><strong>tu</strong></span> <span class='ocrx_word' id='word_1_483' title='bbox 2263 2874 2437 2936; x_wconf 82' lang='lat' dir='ltr'><strong>habes,</strong></span> <span class='ocrx_word' id='word_1_484' title='bbox 2467 2882 2514 2926; x_wconf 91' lang='lat' dir='ltr'><strong>et</strong></span> <span class='ocrx_word' id='word_1_485' title='bbox 2545 2890 2636 2926; x_wconf 83' lang='lat' dir='ltr'><strong>nos</strong></span> <span class='ocrx_word' id='word_1_486' title='bbox 2663 2873 2916 2926; x_wconf 84' lang='lat' dir='ltr'><strong>credimus</strong></span> <span class='ocrx_word' id='word_1_487' title='bbox 2942 2869 3120 2941; x_wconf 82' lang='lat' dir='ltr'><strong>(Joan.</strong></span> <span class='ocrx_word' id='word_1_488' title='bbox 3149 2869 3242 2935; x_wconf 65' lang='grc' dir='ltr'><strong>γι).</strong></span> <span class='ocrx_word' id='word_1_489' title='bbox 3279 2866 3416 2920; x_wconf 82' lang='lat' dir='ltr'><strong>Ecce</strong></span> <span class='ocrx_word' id='word_1_490' title='bbox 3450 2875 3734 2918; x_wconf 84' lang='lat' dir='ltr'><strong>exsecutor</strong></span> 
     </span>
    </p>
   </div>
   <div class='ocr_carea' id='block_1_61' title="bbox 2172 2952 3741 3030">
    <p class='ocr_par' dir='ltr' id='par_1_61' title="bbox 2172 2952 3741 3030">
     <span class='ocr_line' id='line_1_62' title="bbox 2172 2952 3741 3030; baseline -0.008 -13"><span class='ocrx_word' id='word_1_491' title='bbox 2172 2964 2470 3017; x_wconf 65' lang='lat' dir='ltr'><strong>caelestium</strong></span> <span class='ocrx_word' id='word_1_492' title='bbox 2497 2971 2920 3030; x_wconf 65' lang='lat' dir='ltr'><strong>prazceptorum;</strong></span> <span class='ocrx_word' id='word_1_493' title='bbox 2963 2959 3056 3027; x_wconf 90' lang='lat' dir='ltr'><strong>qui</strong></span> <span class='ocrx_word' id='word_1_494' title='bbox 3095 2957 3346 3024; x_wconf 89' lang='lat' dir='ltr'><strong>quoniam</strong></span> <span class='ocrx_word' id='word_1_495' title='bbox 3385 2952 3586 3007; x_wconf 83' lang='lat' dir='ltr'><strong>Christi</strong></span> <span class='ocrx_word' id='word_1_496' title='bbox 3635 2967 3741 3006; x_wconf 81' lang='lat' dir='ltr'><strong>non</strong></span> 
     </span>
    </p>
   </div>
   <div class='ocr_carea' id='block_1_62' title="bbox 2171 3041 3742 3119">
    <p class='ocr_par' dir='ltr' id='par_1_62' title="bbox 2171 3041 3742 3119">
     <span class='ocr_line' id='line_1_63' title="bbox 2171 3041 3742 3119; baseline -0.006 -15"><span class='ocrx_word' id='word_1_497' title='bbox 2171 3051 2400 3104; x_wconf 86' lang='lat' dir='ltr'><strong>mutavit</strong></span> <span class='ocrx_word' id='word_1_498' title='bbox 2422 3051 2728 3119; x_wconf 89' lang='lat' dir='ltr'><strong>hospitium,</strong></span> <span class='ocrx_word' id='word_1_499' title='bbox 2752 3049 2943 3103; x_wconf 88' lang='lat' dir='ltr'><strong>meruit</strong></span> <span class='ocrx_word' id='word_1_500' title='bbox 2962 3061 3084 3100; x_wconf 83' lang='lat' dir='ltr'><strong>cum</strong></span> <span class='ocrx_word' id='word_1_501' title='bbox 3104 3045 3317 3100; x_wconf 88' lang='lat' dir='ltr'><strong>Christo</strong></span> <span class='ocrx_word' id='word_1_502' title='bbox 3336 3044 3488 3111; x_wconf 85' lang='lat' dir='ltr'><strong>regni</strong></span> <span class='ocrx_word' id='word_1_503' title='bbox 3507 3041 3742 3097; x_wconf 66' lang='lat' dir='ltr'><strong>celestis</strong></span> 
     </span>
    </p>
   </div>
   <div class='ocr_carea' id='block_1_63' title="bbox 2169 3141 2742 3197">
    <p class='ocr_par' dir='ltr' id='par_1_63' title="bbox 2169 3141 2742 3197">
     <span class='ocr_line' id='line_1_64' title="bbox 2169 3141 2742 3197; baseline -0.003 -3"><span class='ocrx_word' id='word_1_504' title='bbox 2169 3141 2370 3197; x_wconf 88' lang='lat' dir='ltr'><strong>habere</strong></span> <span class='ocrx_word' id='word_1_505' title='bbox 2391 3141 2742 3196; x_wconf 89' lang='lat' dir='ltr'><strong>consortium.</strong></span> 
     </span>
    </p>
   </div>
   <div class='ocr_carea' id='block_1_64' title="bbox 1885 3311 2338 3376">
    <p class='ocr_par' dir='ltr' id='par_1_64' title="bbox 1885 3311 2338 3376">
     <span class='ocr_line' id='line_1_65' title="bbox 1885 3311 2338 3376; baseline 0.009 -6"><span class='ocrx_word' id='word_1_506' title='bbox 1885 3311 2224 3375; x_wconf 80' lang='lat' dir='ltr'><strong>HOMILIA</strong></span> <span class='ocrx_word' id='word_1_507' title='bbox 2269 3317 2338 3376; x_wconf 91' lang='lat' dir='ltr'><strong>C.</strong></span> 
     </span>
    </p>
   </div>
   <div class='ocr_carea' id='block_1_65' title="bbox 1811 3406 2442 3474">
    <p class='ocr_par' dir='ltr' id='par_1_65' title="bbox 1811 3406 2442 3474">
     <span class='ocr_line' id='line_1_66' title="bbox 1811 3406 2442 3474; baseline 0.014 -15"><span class='ocrx_word' id='word_1_508' title='bbox 1811 3406 1888 3460; x_wconf 88' lang='lat' dir='ltr'><strong>De</strong></span> <span class='ocrx_word' id='word_1_509' title='bbox 1917 3409 2202 3474; x_wconf 75' lang='lat' dir='ltr'><strong>defectione</strong></span> <span class='ocrx_word' id='word_1_510' title='bbox 2231 3415 2368 3468; x_wconf 69' lang='lat' dir='ltr'><strong>tunc</strong></span> <span class='ocrx_word' id='word_1_511' title='bbox 2394 3413 2442 3468; x_wconf 91' lang='grc'>1.</span> 
     </span>
    </p>
   </div>
   <div class='ocr_carea' id='block_1_66' title="bbox 1927 3501 2313 3557">
    <p class='ocr_par' dir='ltr' id='par_1_66' title="bbox 1927 3501 2313 3557">
     <span class='ocr_line' id='line_1_67' title="bbox 1927 3501 2313 3557; baseline 0.016 -6"><span class='ocrx_word' id='word_1_512' title='bbox 1927 3501 2313 3557; x_wconf 79' lang='lat' dir='ltr'><strong>ADMONITIO.</strong></span> 
     </span>
    </p>
   </div>
   <div class='ocr_carea' id='block_1_67' title="bbox 583 3582 3743 3669">
    <p class='ocr_par' dir='ltr' id='par_1_67' title="bbox 583 3582 3743 3669">
     <span class='ocr_line' id='line_1_68' title="bbox 583 3582 3743 3669; baseline 0 -27"><span class='ocrx_word' id='word_1_513' title='bbox 583 3590 659 3669; x_wconf 66' lang='lat' dir='ltr'><strong>De</strong></span> <span class='ocrx_word' id='word_1_514' title='bbox 698 3603 829 3669; x_wconf 56' lang='grc' dir='ltr'><strong>γει-ο</strong></span> <span class='ocrx_word' id='word_1_515' title='bbox 875 3589 1104 3669; x_wconf 79' lang='lat' dir='ltr'><strong>bomilia:</strong></span> <span class='ocrx_word' id='word_1_516' title='bbox 1118 3588 1280 3669; x_wconf 60' lang='lat' dir='ltr'><strong>hujus</strong></span> <span class='ocrx_word' id='word_1_517' title='bbox 1304 3596 1544 3669; x_wconf 71' lang='lat' dir='ltr'><strong>auctore,</strong></span> <span class='ocrx_word' id='word_1_518' title='bbox 1568 3603 1687 3669; x_wconf 77' lang='lat' dir='ltr'><strong>eum</strong></span> <span class='ocrx_word' id='word_1_519' title='bbox 1709 3589 1776 3669; x_wconf 80' lang='lat' dir='ltr'><strong>ab</strong></span> <span class='ocrx_word' id='word_1_520' title='bbox 1799 3582 2059 3669; x_wconf 77' lang='lat' dir='ltr'><strong>aliquibus</strong></span> <span class='ocrx_word' id='word_1_521' title='bbox 2081 3593 2382 3669; x_wconf 73' lang='lat' dir='ltr'><strong>Ambrosio,</strong></span> <span class='ocrx_word' id='word_1_522' title='bbox 2415 3595 2482 3648; x_wconf 84' lang='lat' dir='ltr'><strong>ab</strong></span> <span class='ocrx_word' id='word_1_523' title='bbox 2503 3595 2621 3669; x_wconf 79' lang='lat' dir='ltr'><strong>aliis</strong></span> <span class='ocrx_word' id='word_1_524' title='bbox 2641 3595 2936 3669; x_wconf 77' lang='lat' dir='ltr'><strong>Augustino</strong></span> <span class='ocrx_word' id='word_1_525' title='bbox 2961 3593 3212 3669; x_wconf 71' lang='lat' dir='ltr'><strong>inscripta</strong></span> <span class='ocrx_word' id='word_1_526' title='bbox 3239 3592 3568 3669; x_wconf 64' lang='lat' dir='ltr'><strong>reperiatur,</strong></span> <span class='ocrx_word' id='word_1_527' title='bbox 3589 3591 3743 3669; x_wconf 52' lang='lat' dir='ltr'><strong>dubi:</strong></span> 
     </span>
    </p>
   </div>
   <div class='ocr_carea' id='block_1_68' title="bbox 511 3656 3742 3738">
    <p class='ocr_par' dir='ltr' id='par_1_68' title="bbox 511 3656 3742 3738">
     <span class='ocr_line' id='line_1_69' title="bbox 511 3656 3742 3738; baseline 0 -26"><span class='ocrx_word' id='word_1_528' title='bbox 511 3659 846 3738; x_wconf 51' lang='lat' dir='ltr'><strong>tandidocus</strong></span> <span class='ocrx_word' id='word_1_529' title='bbox 869 3672 899 3710; x_wconf 86' lang='lat' dir='ltr'><strong>e</strong></span> <span class='ocrx_word' id='word_1_530' title='bbox 1079 3659 1178 3712; x_wconf 86' lang='lat' dir='ltr'><strong>uisi</strong></span> <span class='ocrx_word' id='word_1_531' title='bbox 1205 3656 1461 3738; x_wconf 57' lang='lat' dir='ltr'><strong>Gennadl-i</strong></span> <span class='ocrx_word' id='word_1_532' title='bbox 1493 3658 1851 3738; x_wconf 75' lang='lat' dir='ltr'><strong>testimonium</strong></span> <span class='ocrx_word' id='word_1_533' title='bbox 1882 3656 2128 3726; x_wconf 78' lang='lat' dir='ltr'><strong>tauquam</strong></span> <span class='ocrx_word' id='word_1_534' title='bbox 2177 3661 2264 3738; x_wconf 62' lang='lat' dir='ltr'><strong>fax</strong></span> <span class='ocrx_word' id='word_1_535' title='bbox 2292 3664 2345 3738; x_wconf 83' lang='lat' dir='ltr'><strong>in</strong></span> <span class='ocrx_word' id='word_1_536' title='bbox 2371 3656 2626 3718; x_wconf 76' lang='lat' dir='ltr'><strong>tenebris</strong></span> <span class='ocrx_word' id='word_1_537' title='bbox 2652 3656 3163 3738; x_wconf 62' lang='lat' dir='ltr'><strong>prmfulsisset._lpse</strong></span> <span class='ocrx_word' id='word_1_538' title='bbox 3199 3656 3631 3738; x_wconf 56' lang='lat' dir='ltr'><strong>uon&#39;ambigujs,</strong></span> <span class='ocrx_word' id='word_1_539' title='bbox 3653 3657 3742 3713; x_wconf 81' lang='lat' dir='ltr'><strong>sed</strong></span> 
     </span>
    </p>
   </div>
   <div class='ocr_carea' id='block_1_69' title="bbox 637 3725 3738 3806">
    <p class='ocr_par' dir='ltr' id='par_1_69' title="bbox 637 3725 3738 3806">
     <span class='ocr_line' id='line_1_70' title="bbox 637 3725 3738 3806; baseline 0 -28"><span class='ocrx_word' id='word_1_540' title='bbox 637 3727 805 3806; x_wconf 74' lang='lat' dir='ltr'><strong>picuis</strong></span> <span class='ocrx_word' id='word_1_541' title='bbox 829 3726 1296 3806; x_wconf 44' lang='lat' dir='ltr'><strong>verbisantemorat</strong></span> <span class='ocrx_word' id='word_1_542' title='bbox 1322 3725 1377 3777; x_wconf 93' lang='lat' dir='ltr'><strong>S.</strong></span> <span class='ocrx_word' id='word_1_543' title='bbox 1411 3725 1698 3806; x_wconf 73' lang='lat' dir='ltr'><strong>Maximum</strong></span> <span class='ocrx_word' id='word_1_544' title='bbox 1738 3728 1878 3780; x_wconf 87' lang='lat' dir='ltr'><strong>inter</strong></span> <span class='ocrx_word' id='word_1_545' title='bbox 1905 3742 1974 3806; x_wconf 41' lang='lat' dir='ltr'><strong>ea.</strong></span> <span class='ocrx_word' id='word_1_546' title='bbox 1994 3725 2359 3806; x_wconf 64' lang='lat' dir='ltr'><strong>quiescripsit</strong></span> <span class='ocrx_word' id='word_1_547' title='bbox 2389 3725 2677 3785; x_wconf 81' lang='lat' dir='ltr'><strong>tractatum&#39;</strong></span> <span class='ocrx_word' id='word_1_548' title='bbox 2701 3731 2968 3806; x_wconf 77' lang='lat' dir='ltr'><strong>etiamDe</strong></span> <span class='ocrx_word' id='word_1_549' title='bbox 2995 3725 3212 3806; x_wconf 54' lang='lat' dir='ltr'><strong>defectu</strong></span> <span class='ocrx_word' id='word_1_550' title='bbox 3243 3730 3381 3782; x_wconf 69' lang='lat' dir='ltr'><strong>lunae</strong></span> <span class='ocrx_word' id='word_1_551' title='bbox 3425 3725 3738 3806; x_wconf 73' lang='lat' dir='ltr'><strong>confecisse.</strong></span> 
     </span>
    </p>
   </div>
   <div class='ocr_carea' id='block_1_70' title="bbox 562 3792 3743 3868">
    <p class='ocr_par' dir='ltr' id='par_1_70' title="bbox 562 3792 3743 3868">
     <span class='ocr_line' id='line_1_71' title="bbox 562 3792 3743 3868; baseline -0 -21"><span class='ocrx_word' id='word_1_552' title='bbox 562 3792 866 3868; x_wconf 61' lang='lat' dir='ltr'><strong>uamobrem</strong></span> <span class='ocrx_word' id='word_1_553' title='bbox 887 3803 981 3868; x_wconf 71' lang='lat' dir='ltr'><strong>aut</strong></span> <span class='ocrx_word' id='word_1_554' title='bbox 1006 3792 1479 3868; x_wconf 34' lang='lat' dir='ltr'><strong>Gennadiumnaut</strong></span> <span class='ocrx_word' id='word_1_555' title='bbox 1498 3803 1738 3868; x_wconf 71' lang='lat' dir='ltr'><strong>veterem</strong></span> <span class='ocrx_word' id='word_1_556' title='bbox 1763 3792 2064 3868; x_wconf 67' lang='lat' dir='ltr'><strong>quempiam</strong></span> <span class='ocrx_word' id='word_1_557' title='bbox 2086 3798 2246 3868; x_wconf 75' lang='lat' dir='ltr'><strong>alium</strong></span> <span class='ocrx_word' id='word_1_558' title='bbox 2257 3792 2538 3868; x_wconf 72' lang='lat' dir='ltr'><strong>auctorem</strong></span> <span class='ocrx_word' id='word_1_559' title='bbox 2586 3801 2750 3868; x_wconf 77' lang='lat' dir='ltr'><strong>secuti</strong></span> <span class='ocrx_word' id='word_1_560' title='bbox 2779 3792 3072 3868; x_wconf 76' lang='lat' dir='ltr'><strong>scriptores</strong></span> <span class='ocrx_word' id='word_1_561' title='bbox 3096 3799 3336 3868; x_wconf 70' lang='lat' dir='ltr'><strong>codicum</strong></span> <span class='ocrx_word' id='word_1_562' title='bbox 3363 3796 3743 3868; x_wconf 65' lang='lat' dir='ltr'><strong>przestantissi-</strong></span> 
     </span>
    </p>
   </div>
   <div class='ocr_carea' id='block_1_71' title="bbox 514 3861 1884 3931">
    <p class='ocr_par' dir='ltr' id='par_1_71' title="bbox 514 3861 1884 3931">
     <span class='ocr_line' id='line_1_72' title="bbox 514 3861 1884 3931; baseline 0 -15"><span class='ocrx_word' id='word_1_563' title='bbox 514 3877 724 3916; x_wconf 82' lang='lat' dir='ltr'><strong>monuu</strong></span> <span class='ocrx_word' id='word_1_564' title='bbox 743 3862 1102 3931; x_wconf 76' lang='lat' dir='ltr'><strong>Sangalleusis</strong></span> <span class='ocrx_word' id='word_1_565' title='bbox 1129 3864 1344 3931; x_wconf 84' lang='lat' dir='ltr'><strong>homitia</strong></span> <span class='ocrx_word' id='word_1_566' title='bbox 1369 3861 1458 3918; x_wconf 75' lang='lat'><strong>‘28.</strong></span> <span class='ocrx_word' id='word_1_567' title='bbox 1487 3862 1814 3916; x_wconf 75' lang='lat' dir='ltr'><strong>Ambrosiam</strong></span> <span class='ocrx_word' id='word_1_568' title='bbox 1842 3862 1884 3916; x_wconf 92' lang='lat' dir='ltr'><strong>C</strong></span> 
     </span>
    </p>
   </div>
   <div class='ocr_carea' id='block_1_72' title="bbox 1985 3862 3739 3933">
    <p class='ocr_par' dir='ltr' id='par_1_72' title="bbox 1985 3862 3739 3933">
     <span class='ocr_line' id='line_1_73' title="bbox 1985 3862 3739 3933; baseline -0.001 -15"><span class='ocrx_word' id='word_1_569' title='bbox 1985 3906 2000 3930; x_wconf 91' lang='lat'><strong>,</strong></span> <span class='ocrx_word' id='word_1_570' title='bbox 2039 3875 2089 3918; x_wconf 92' lang='lat' dir='ltr'><strong>et</strong></span> <span class='ocrx_word' id='word_1_571' title='bbox 2127 3865 2335 3921; x_wconf 73' lang='lat' dir='ltr'><strong>Sancte</strong></span> <span class='ocrx_word' id='word_1_572' title='bbox 2361 3867 2547 3922; x_wconf 85' lang='lat' dir='ltr'><strong>Crucis</strong></span> <span class='ocrx_word' id='word_1_573' title='bbox 2573 3868 2628 3921; x_wconf 88' lang='lat' dir='ltr'><strong>in</strong></span> <span class='ocrx_word' id='word_1_574' title='bbox 2656 3862 2948 3921; x_wconf 61' lang='lat' dir='ltr'><strong>Jerusalem</strong></span> <span class='ocrx_word' id='word_1_575' title='bbox 2976 3867 3044 3919; x_wconf 79' lang='lat'><strong>90</strong></span> <span class='ocrx_word' id='word_1_576' title='bbox 3070 3876 3125 3921; x_wconf 90' lang='lat' dir='ltr'><strong>et</strong></span> <span class='ocrx_word' id='word_1_577' title='bbox 3152 3865 3236 3929; x_wconf 81' lang='lat'><strong>99,</strong></span> <span class='ocrx_word' id='word_1_578' title='bbox 3285 3862 3385 3933; x_wconf 83' lang='lat' dir='ltr'><strong>qui</strong></span> <span class='ocrx_word' id='word_1_579' title='bbox 3425 3862 3739 3933; x_wconf 84' lang='lat' dir='ltr'><strong>uniformem</strong></span> 
     </span>
    </p>
   </div>
   <div class='ocr_carea' id='block_1_73' title="bbox 512 3929 2070 4053">
    <p class='ocr_par' dir='ltr' id='par_1_73' title="bbox 512 3929 2070 4053">
     <span class='ocr_line' id='line_1_74' title="bbox 680 3929 2070 3993; baseline 0 -7"><span class='ocrx_word' id='word_1_580' title='bbox 680 3939 762 3986; x_wconf 77' lang='grc' dir='ltr'>ια</span> <span class='ocrx_word' id='word_1_581' title='bbox 783 3929 990 3983; x_wconf 81' lang='lat' dir='ltr'><strong>titulum</strong></span> <span class='ocrx_word' id='word_1_582' title='bbox 1024 3947 1036 3981; x_wconf 95' lang='lat'>:</span> <span class='ocrx_word' id='word_1_583' title='bbox 1068 3929 1146 3983; x_wconf 85' lang='lat' dir='ltr'><strong>De</strong></span> <span class='ocrx_word' id='word_1_584' title='bbox 1173 3930 1236 3981; x_wconf 89' lang='lat' dir='ltr'><strong>de</strong></span> <span class='ocrx_word' id='word_1_585' title='bbox 1259 3933 1453 3982; x_wconf 77' lang='lat' dir='ltr'><strong>ectiou</strong></span> <span class='ocrx_word' id='word_1_586' title='bbox 1477 3931 1634 3993; x_wconf 65' lang='lat' dir='ltr'><strong>tune,</strong></span> <span class='ocrx_word' id='word_1_587' title='bbox 1665 3933 1720 3982; x_wconf 92' lang='lat' dir='ltr'><strong>in</strong></span> <span class='ocrx_word' id='word_1_588' title='bbox 1745 3929 2028 3985; x_wconf 73' lang='lat' dir='ltr'><strong>Maximum</strong></span> <span class='ocrx_word' id='word_1_589' title='bbox 2057 3952 2070 3986; x_wconf 68' lang='grc' dir='ltr'>ε</span> 
     </span>
     <span class='ocr_line' id='line_1_75' title="bbox 512 3932 2070 4053; baseline 0 0"><span class='ocrx_word' id='word_1_590' title='bbox 512 3946 804 4053; x_wconf 58' lang='lat' dir='ltr'><strong>manus</strong></span> <span class='ocrx_word' id='word_1_591' title='bbox 831 3997 961 4050; x_wconf 65' lang='lat' dir='ltr'><strong>L951</strong></span> <span class='ocrx_word' id='word_1_592' title='bbox 989 4013 1108 4053; x_wconf 64' lang='grc' dir='ltr'><strong>νεα.</strong></span> <span class='ocrx_word' id='word_1_593' title='bbox 1141 3932 1264 4053; x_wconf 48' lang='grc' dir='ltr'><strong>ΞΙᾸ</strong></span> <span class='ocrx_word' id='word_1_594' title='bbox 1294 3999 1382 4053; x_wconf 83' lang='lat' dir='ltr'><strong>aui</strong></span> <span class='ocrx_word' id='word_1_595' title='bbox 1412 3997 1466 4050; x_wconf 91' lang='lat' dir='ltr'><strong>S.</strong></span> <span class='ocrx_word' id='word_1_596' title='bbox 1501 4000 1793 4053; x_wconf 67' lang='lat' dir='ltr'><strong>Augustino</strong></span> <span class='ocrx_word' id='word_1_597' title='bbox 1819 4001 2070 4053; x_wconf 88' lang='lat' dir='ltr'><strong>homilian</strong></span> 
     </span>
    </p>
   </div>
   <div class='ocr_carea' id='block_1_74' title="bbox 2172 3929 3742 4053">
    <p class='ocr_par' dir='ltr' id='par_1_74' title="bbox 2172 3929 3742 4053">
     <span class='ocr_line' id='line_1_76' title="bbox 2172 3929 3742 4006; baseline -0.003 -20"><span class='ocrx_word' id='word_1_598' title='bbox 2172 3937 2402 3990; x_wconf 84' lang='lat' dir='ltr'><strong>veniunt.</strong></span> <span class='ocrx_word' id='word_1_599' title='bbox 2431 3935 2573 3989; x_wconf 83' lang='lat' dir='ltr'><strong>Nihil</strong></span> <span class='ocrx_word' id='word_1_600' title='bbox 2595 3950 2723 4006; x_wconf 80' lang='lat' dir='ltr'><strong>ergo</strong></span> <span class='ocrx_word' id='word_1_601' title='bbox 2761 3936 2950 3989; x_wconf 92' lang='lat' dir='ltr'><strong>horum</strong></span> <span class='ocrx_word' id='word_1_602' title='bbox 2972 3936 3250 3990; x_wconf 90' lang='lat' dir='ltr'><strong>consensui</strong></span> <span class='ocrx_word' id='word_1_603' title='bbox 3281 3929 3433 3987; x_wconf 80' lang='lat' dir='ltr'><strong>obest</strong></span> <span class='ocrx_word' id='word_1_604' title='bbox 3461 3943 3556 3984; x_wconf 89' lang='lat' dir='ltr'><strong>aut</strong></span> <span class='ocrx_word' id='word_1_605' title='bbox 3579 3931 3742 3985; x_wconf 87' lang='lat' dir='ltr'><strong>codex</strong></span> 
     </span>
     <span class='ocr_line' id='line_1_77' title="bbox 2172 4001 3742 4053; baseline -0.003 0"><span class='ocrx_word' id='word_1_606' title='bbox 2172 4005 2375 4053; x_wconf 84' lang='lat' dir='ltr'><strong>tribuit-</strong></span> <span class='ocrx_word' id='word_1_607' title='bbox 2401 4005 2642 4053; x_wconf 82' lang='lat' dir='ltr'><strong>annosita</strong></span> <span class='ocrx_word' id='word_1_608' title='bbox 2673 4009 2771 4053; x_wconf 87' lang='lat' dir='ltr'><strong>hac</strong></span> <span class='ocrx_word' id='word_1_609' title='bbox 2818 4005 3161 4053; x_wconf 77' lang='lat' dir='ltr'><strong>inscriptione</strong></span> <span class='ocrx_word' id='word_1_610' title='bbox 3205 4021 3218 4053; x_wconf 87' lang='lat'><strong>:</strong></span> <span class='ocrx_word' id='word_1_611' title='bbox 3262 4005 3342 4053; x_wconf 80' lang='lat' dir='ltr'><strong>Ad</strong></span> <span class='ocrx_word' id='word_1_612' title='bbox 3369 4017 3455 4053; x_wconf 79' lang='lat' dir='ltr'><strong>eos</strong></span> <span class='ocrx_word' id='word_1_613' title='bbox 3482 4003 3572 4053; x_wconf 86' lang='lat' dir='ltr'><strong>aui</strong></span> <span class='ocrx_word' id='word_1_614' title='bbox 3602 4001 3742 4053; x_wconf 84' lang='lat' dir='ltr'><strong>defe-</strong></span> 
     </span>
    </p>
   </div>
   <div class='ocr_carea' id='block_1_75' title="bbox 891 3997 3742 4080">
    <p class='ocr_par' dir='ltr' id='par_1_75' title="bbox 891 3997 3742 4080">
     <span class='ocr_line' id='line_1_78' title="bbox 891 3997 3742 4080; baseline 0 -30"><span class='ocrx_word' id='word_1_615' title='bbox 891 3997 961 4080; x_wconf 68' lang='grc'><strong>[51</strong></span> <span class='ocrx_word' id='word_1_616' title='bbox 988 4013 1108 4080; x_wconf 79' lang='lat' dir='ltr'><strong>pag.</strong></span> <span class='ocrx_word' id='word_1_617' title='bbox 1141 3997 1264 4080; x_wconf 42' lang='lat'><strong>$.15,</strong></span> <span class='ocrx_word' id='word_1_618' title='bbox 1294 3999 1382 4080; x_wconf 77' lang='lat' dir='ltr'><strong>qui</strong></span> <span class='ocrx_word' id='word_1_619' title='bbox 1412 3997 1466 4050; x_wconf 91' lang='lat' dir='ltr'><strong>S.</strong></span> <span class='ocrx_word' id='word_1_620' title='bbox 1501 4000 1793 4080; x_wconf 73' lang='lat' dir='ltr'><strong>Augustino</strong></span> <span class='ocrx_word' id='word_1_621' title='bbox 1819 4001 2089 4080; x_wconf 80' lang='lat' dir='ltr'><strong>homiliam</strong></span> <span class='ocrx_word' id='word_1_622' title='bbox 2115 4005 2376 4080; x_wconf 68' lang='lat' dir='ltr'><strong>attribuit,</strong></span> <span class='ocrx_word' id='word_1_623' title='bbox 2397 3997 2771 4080; x_wconf 57' lang='lat' dir='ltr'><strong>appositaltac</strong></span> <span class='ocrx_word' id='word_1_624' title='bbox 2818 4005 3172 4080; x_wconf 59' lang='lat' dir='ltr'><strong>inscriptione</strong></span> <span class='ocrx_word' id='word_1_625' title='bbox 3205 4021 3218 4054; x_wconf 86' lang='lat'><strong>:</strong></span> <span class='ocrx_word' id='word_1_626' title='bbox 3262 4005 3342 4080; x_wconf 74' lang='lat' dir='ltr'><strong>Ad</strong></span> <span class='ocrx_word' id='word_1_627' title='bbox 3369 4017 3455 4080; x_wconf 62' lang='lat' dir='ltr'><strong>eos</strong></span> <span class='ocrx_word' id='word_1_628' title='bbox 3482 4003 3572 4080; x_wconf 73' lang='lat' dir='ltr'><strong>qui</strong></span> <span class='ocrx_word' id='word_1_629' title='bbox 3602 4001 3742 4068; x_wconf 73' lang='lat' dir='ltr'><strong>defe-</strong></span> 
     </span>
    </p>
   </div>
   <div class='ocr_carea' id='block_1_76' title="bbox 511 4067 3744 4190">
    <p class='ocr_par' dir='ltr' id='par_1_76' title="bbox 511 4067 3744 4190">
     <span class='ocr_line' id='line_1_79' title="bbox 511 4067 3744 4148; baseline -0.001 -27"><span class='ocrx_word' id='word_1_630' title='bbox 511 4068 807 4148; x_wconf 49' lang='lat' dir='ltr'><strong>etumdumr</strong></span> <span class='ocrx_word' id='word_1_631' title='bbox 825 4070 930 4120; x_wconf 81' lang='lat' dir='ltr'><strong>suis</strong></span> <span class='ocrx_word' id='word_1_632' title='bbox 953 4067 1256 4145; x_wconf 80' lang='lat' dir='ltr'><strong>clamoribus</strong></span> <span class='ocrx_word' id='word_1_633' title='bbox 1283 4067 1526 4135; x_wconf 83' lang='lat' dir='ltr'><strong>adjuvare</strong></span> <span class='ocrx_word' id='word_1_634' title='bbox 1552 4069 1815 4147; x_wconf 74' lang='lat' dir='ltr'><strong>nituntur;</strong></span> <span class='ocrx_word' id='word_1_635' title='bbox 1845 4077 1936 4120; x_wconf 91' lang='lat' dir='ltr'><strong>aut</strong></span> <span class='ocrx_word' id='word_1_636' title='bbox 1961 4070 2132 4123; x_wconf 87' lang='lat' dir='ltr'><strong>codex</strong></span> <span class='ocrx_word' id='word_1_637' title='bbox 2161 4067 2548 4126; x_wconf 73' lang='lat' dir='ltr'><strong>Laurentianus</strong></span> <span class='ocrx_word' id='word_1_638' title='bbox 2577 4089 2611 4126; x_wconf 88' lang='lat' dir='ltr'><strong>x</strong></span> <span class='ocrx_word' id='word_1_639' title='bbox 2641 4071 2777 4125; x_wconf 84' lang='lat' dir='ltr'><strong>Plut.</strong></span> <span class='ocrx_word' id='word_1_640' title='bbox 2809 4085 2895 4125; x_wconf 87' lang='lat' dir='ltr'><strong>xtv</strong></span> <span class='ocrx_word' id='word_1_641' title='bbox 2925 4067 3044 4142; x_wconf 81' lang='lat' dir='ltr'><strong>pag.</strong></span> <span class='ocrx_word' id='word_1_642' title='bbox 3071 4072 3172 4125; x_wconf 76' lang='lat'><strong>357</strong></span> <span class='ocrx_word' id='word_1_643' title='bbox 3199 4087 3228 4124; x_wconf 91' lang='lat' dir='ltr'><strong>a</strong></span> <span class='ocrx_word' id='word_1_644' title='bbox 3264 4079 3316 4123; x_wconf 85' lang='lat' dir='ltr'><strong>te</strong></span> <span class='ocrx_word' id='word_1_645' title='bbox 3382 4085 3413 4119; x_wconf 91' lang='lat' dir='ltr'><strong>o</strong></span> <span class='ocrx_word' id='word_1_646' title='bbox 3439 4067 3601 4135; x_wconf 85' lang='lat' dir='ltr'><strong>hujus</strong></span> <span class='ocrx_word' id='word_1_647' title='bbox 3621 4067 3744 4122; x_wconf 80' lang='lat' dir='ltr'><strong>cen-</strong></span> 
     </span>
     <span class='ocr_line' id='line_1_80' title="bbox 516 4085 3739 4190; baseline -0.001 0"><span class='ocrx_word' id='word_1_648' title='bbox 516 4151 690 4190; x_wconf 72' lang='lat' dir='ltr'><strong>cnouu</strong></span> <span class='ocrx_word' id='word_1_649' title='bbox 715 4137 923 4190; x_wconf 84' lang='lat' dir='ltr'><strong>laudem</strong></span> <span class='ocrx_word' id='word_1_650' title='bbox 953 4136 1234 4188; x_wconf 71' lang='lat' dir='ltr'><strong>Ambrosuo</strong></span> <span class='ocrx_word' id='word_1_651' title='bbox 1255 4134 1517 4187; x_wconf 83' lang='lat' dir='ltr'><strong>deferens.</strong></span> <span class='ocrx_word' id='word_1_652' title='bbox 1550 4135 1688 4188; x_wconf 82' lang='lat' dir='ltr'><strong>Nihil</strong></span> <span class='ocrx_word' id='word_1_653' title='bbox 1716 4144 1875 4188; x_wconf 83' lang='lat' dir='ltr'><strong>etiam</strong></span> <span class='ocrx_word' id='word_1_654' title='bbox 1899 4138 2185 4190; x_wconf 71' lang='lat' dir='ltr'><strong>nmvalere</strong></span> <span class='ocrx_word' id='word_1_655' title='bbox 2206 4150 2380 4190; x_wconf 79' lang='lat' dir='ltr'><strong>potest</strong></span> <span class='ocrx_word' id='word_1_656' title='bbox 2399 4142 2562 4190; x_wconf 86' lang='lat' dir='ltr'><strong>editio</strong></span> <span class='ocrx_word' id='word_1_657' title='bbox 2580 4139 2893 4190; x_wconf 81' lang='lat' dir='ltr'><strong>Parisiensis</strong></span> <span class='ocrx_word' id='word_1_658' title='bbox 2921 4141 3183 4190; x_wconf 81' lang='lat' dir='ltr'><strong>Ambrosii</strong></span> <span class='ocrx_word' id='word_1_659' title='bbox 3208 4155 3294 4190; x_wconf 91' lang='lat' dir='ltr'><strong>an.</strong></span> <span class='ocrx_word' id='word_1_660' title='bbox 3319 4085 3474 4190; x_wconf 54' lang='grc' dir='ltr'>ἷξδθ.</span> <span class='ocrx_word' id='word_1_661' title='bbox 3510 4138 3602 4190; x_wconf 85' lang='lat' dir='ltr'><strong>ubi</strong></span> <span class='ocrx_word' id='word_1_662' title='bbox 3629 4136 3739 4190; x_wconf 86' lang='lat' dir='ltr'><strong>eius</strong></span> 
     </span>
    </p>
   </div>
   <div class='ocr_carea' id='block_1_77' title="bbox 516 4134 3340 4207">
    <p class='ocr_par' dir='ltr' id='par_1_77' title="bbox 516 4134 3340 4207">
     <span class='ocr_line' id='line_1_81' title="bbox 516 4134 3340 4207; baseline -0.002 -15"><span class='ocrx_word' id='word_1_663' title='bbox 516 4137 690 4207; x_wconf 76' lang='lat' dir='ltr'><strong>ciouis</strong></span> <span class='ocrx_word' id='word_1_664' title='bbox 715 4137 923 4190; x_wconf 85' lang='lat' dir='ltr'><strong>laudem</strong></span> <span class='ocrx_word' id='word_1_665' title='bbox 953 4136 1234 4207; x_wconf 78' lang='lat' dir='ltr'><strong>Ambrosio</strong></span> <span class='ocrx_word' id='word_1_666' title='bbox 1255 4134 1525 4207; x_wconf 44' lang='lat' dir='ltr'><strong>deferens,</strong></span> <span class='ocrx_word' id='word_1_667' title='bbox 1550 4135 1690 4207; x_wconf 78' lang='lat' dir='ltr'><strong>Nihil</strong></span> <span class='ocrx_word' id='word_1_668' title='bbox 1716 4137 1875 4207; x_wconf 77' lang='lat' dir='ltr'><strong>etiam</strong></span> <span class='ocrx_word' id='word_1_669' title='bbox 1899 4138 2185 4207; x_wconf 70' lang='lat' dir='ltr'><strong>prmvalere</strong></span> <span class='ocrx_word' id='word_1_670' title='bbox 2206 4150 2380 4207; x_wconf 92' lang='lat' dir='ltr'><strong>potest</strong></span> <span class='ocrx_word' id='word_1_671' title='bbox 2399 4142 2562 4196; x_wconf 89' lang='lat' dir='ltr'><strong>editio</strong></span> <span class='ocrx_word' id='word_1_672' title='bbox 2580 4139 2893 4194; x_wconf 84' lang='lat' dir='ltr'><strong>Parisiensis</strong></span> <span class='ocrx_word' id='word_1_673' title='bbox 2921 4134 3184 4193; x_wconf 67' lang='lat' dir='ltr'><strong>Auibrosii</strong></span> <span class='ocrx_word' id='word_1_674' title='bbox 3208 4155 3294 4192; x_wconf 89' lang='lat' dir='ltr'><strong>an.</strong></span> <span class='ocrx_word' id='word_1_675' title='bbox 3322 4140 3340 4187; x_wconf 80' lang='lat' dir='ltr'><strong>t</strong></span> 
     </span>
    </p>
   </div>
   <div class='ocr_carea' id='block_1_78' title="bbox 3409 4136 3739 4200">
    <p class='ocr_par' dir='ltr' id='par_1_78' title="bbox 3409 4136 3739 4200">
     <span class='ocr_line' id='line_1_82' title="bbox 3409 4136 3739 4200; baseline -0.003 -13"><span class='ocrx_word' id='word_1_676' title='bbox 3409 4137 3474 4197; x_wconf 71' lang='grc' dir='ltr'>εξ).</span> <span class='ocrx_word' id='word_1_677' title='bbox 3510 4138 3602 4190; x_wconf 88' lang='lat' dir='ltr'><strong>ubi</strong></span> <span class='ocrx_word' id='word_1_678' title='bbox 3629 4136 3739 4200; x_wconf 88' lang='lat' dir='ltr'><strong>ejus</strong></span> 
     </span>
    </p>
   </div>
   <div class='ocr_carea' id='block_1_79' title="bbox 519 4203 3743 4282">
    <p class='ocr_par' dir='ltr' id='par_1_79' title="bbox 519 4203 3743 4282">
     <span class='ocr_line' id='line_1_83' title="bbox 519 4203 3743 4282; baseline -0.001 -26"><span class='ocrx_word' id='word_1_679' title='bbox 519 4205 660 4259; x_wconf 90' lang='lat' dir='ltr'><strong>inter</strong></span> <span class='ocrx_word' id='word_1_680' title='bbox 675 4220 961 4282; x_wconf 61' lang='lat' dir='ltr'><strong>sermones</strong></span> <span class='ocrx_word' id='word_1_681' title='bbox 981 4219 1127 4282; x_wconf 81' lang='lat' dir='ltr'><strong>num.</strong></span> <span class='ocrx_word' id='word_1_682' title='bbox 1159 4203 1228 4257; x_wconf 74' lang='lat'><strong>83</strong></span> <span class='ocrx_word' id='word_1_683' title='bbox 1247 4203 1650 4282; x_wconf 6' lang='lat' dir='ltr'><strong>Gillotiusghanc</strong></span> <span class='ocrx_word' id='word_1_684' title='bbox 1678 4203 1945 4282; x_wconf 72' lang='lat' dir='ltr'><strong>homiliam</strong></span> <span class='ocrx_word' id='word_1_685' title='bbox 1989 4203 2296 4282; x_wconf 50' lang='lat' dir='ltr'><strong>collocavit.</strong></span> <span class='ocrx_word' id='word_1_686' title='bbox 2319 4207 3104 4282; x_wconf 62' lang='lat' dir='ltr'><strong>ipsiadversauturcymnicus</strong></span> <span class='ocrx_word' id='word_1_687' title='bbox 3127 4220 3248 4276; x_wconf 88' lang='lat' dir='ltr'><strong>pag.</strong></span> <span class='ocrx_word' id='word_1_688' title='bbox 3278 4207 3399 4264; x_wconf 74' lang='lat'><strong>293.</strong></span> <span class='ocrx_word' id='word_1_689' title='bbox 3447 4204 3743 4259; x_wconf 70' lang='lat' dir='ltr'><strong>Gali-simus</strong></span> 
     </span>
    </p>
   </div>
   <div class='ocr_carea' id='block_1_80' title="bbox 515 4270 3745 4394">
    <p class='ocr_par' dir='ltr' id='par_1_80' title="bbox 515 4270 3745 4394">
     <span class='ocr_line' id='line_1_84' title="bbox 515 4270 3745 4394; baseline 0 -70"><span class='ocrx_word' id='word_1_690' title='bbox 515 4273 812 4394; x_wconf 48' lang='grc' dir='ltr'><strong>ἤκᾶειΐὲἓῖα</strong></span> <span class='ocrx_word' id='word_1_691' title='bbox 824 4273 1142 4394; x_wconf 50' lang='lat' dir='ltr'><strong>[litazgaudus</strong></span> <span class='ocrx_word' id='word_1_692' title='bbox 1162 4286 1281 4340; x_wconf 87' lang='lat' dir='ltr'><strong>pag.</strong></span> <span class='ocrx_word' id='word_1_693' title='bbox 1305 4270 1427 4334; x_wconf 69' lang='grc'><strong>245,</strong></span> <span class='ocrx_word' id='word_1_694' title='bbox 1451 4280 1509 4324; x_wconf 90' lang='lat' dir='ltr'><strong>et</strong></span> <span class='ocrx_word' id='word_1_695' title='bbox 1539 4271 1862 4338; x_wconf 75' lang='lat' dir='ltr'><strong>Hargarinus</strong></span> <span class='ocrx_word' id='word_1_696' title='bbox 1890 4288 2009 4341; x_wconf 83' lang='lat' dir='ltr'><strong>pag.</strong></span> <span class='ocrx_word' id='word_1_697' title='bbox 2035 4273 2120 4336; x_wconf 71' lang='grc'><strong>47,</strong></span> <span class='ocrx_word' id='word_1_698' title='bbox 2147 4276 2198 4328; x_wconf 91' lang='lat' dir='ltr'><strong>in</strong></span> <span class='ocrx_word' id='word_1_699' title='bbox 2222 4270 2358 4330; x_wconf 59' lang='lat' dir='ltr'><strong>Bibl:</strong></span> <span class='ocrx_word' id='word_1_700' title='bbox 2389 4277 2529 4330; x_wconf 79' lang='lat' dir='ltr'><strong>Max.</strong></span> <span class='ocrx_word' id='word_1_701' title='bbox 2563 4285 2692 4332; x_wconf 91' lang='lat' dir='ltr'><strong>tom.</strong></span> <span class='ocrx_word' id='word_1_702' title='bbox 2723 4277 2812 4346; x_wconf 79' lang='lat' dir='ltr'><strong>Vl,-</strong></span> <span class='ocrx_word' id='word_1_703' title='bbox 2839 4270 2978 4346; x_wconf 77' lang='lat' dir='ltr'><strong>apud</strong></span> <span class='ocrx_word' id='word_1_704' title='bbox 3161 4270 3392 4329; x_wconf 68' lang='lat' dir='ltr'><strong>humilia:</strong></span> <span class='ocrx_word' id='word_1_705' title='bbox 3417 4275 3608 4327; x_wconf 79' lang='lat' dir='ltr'><strong>titulus</strong></span> <span class='ocrx_word' id='word_1_706' title='bbox 3635 4280 3745 4326; x_wconf 87' lang='lat' dir='ltr'><strong>est:</strong></span> 
     </span>
    </p>
   </div>
   <div class='ocr_carea' id='block_1_81' title="bbox 649 4342 994 4409">
    <p class='ocr_par' dir='ltr' id='par_1_81' title="bbox 649 4342 994 4409">
     <span class='ocr_line' id='line_1_85' title="bbox 649 4342 994 4409; baseline -0.006 -15"><span class='ocrx_word' id='word_1_707' title='bbox 649 4343 812 4409; x_wconf 76' lang='lat' dir='ltr'><strong>efectu</strong></span> <span class='ocrx_word' id='word_1_708' title='bbox 841 4342 994 4394; x_wconf 72' lang='lat' dir='ltr'><strong>tunc.</strong></span> 
     </span>
    </p>
   </div>
   <div class='ocr_carea' id='block_1_82' title="bbox 517 4424 2070 4498">
    <p class='ocr_par' dir='ltr' id='par_1_82' title="bbox 517 4424 2070 4498">
     <span class='ocr_line' id='line_1_86' title="bbox 517 4424 2070 4498; baseline -0.001 -16"><span class='ocrx_word' id='word_1_709' title='bbox 517 4424 1217 4498; x_wconf 50' lang='lat' dir='ltr'><strong>Annianum—Qucum</strong></span> <span class='ocrx_word' id='word_1_710' title='bbox 1235 4436 1442 4498; x_wconf 77' lang='lat' dir='ltr'><strong>sanctus</strong></span> <span class='ocrx_word' id='word_1_711' title='bbox 1461 4426 1744 4498; x_wconf 76' lang='lat' dir='ltr'><strong>episcopus,</strong></span> <span class='ocrx_word' id='word_1_712' title='bbox 1757 4425 1932 4498; x_wconf 77' lang='lat' dir='ltr'><strong>ﬁdeles</strong></span> <span class='ocrx_word' id='word_1_713' title='bbox 1954 4442 2070 4480; x_wconf 80' lang='lat' dir='ltr'><strong>suos</strong></span> 
     </span>
    </p>
   </div>
   <div class='ocr_carea' id='block_1_83' title="bbox 2172 4424 3740 4498">
    <p class='ocr_par' dir='ltr' id='par_1_83' title="bbox 2177 4426 3740 4498">
     <span class='ocr_line' id='line_1_87' title="bbox 2177 4426 3740 4498; baseline -0.006 -16"><span class='ocrx_word' id='word_1_714' title='bbox 2177 4431 2308 4484; x_wconf 89' lang='lat' dir='ltr'><strong>meis</strong></span> <span class='ocrx_word' id='word_1_715' title='bbox 2337 4431 2536 4484; x_wconf 91' lang='lat' dir='ltr'><strong>nullum</strong></span> <span class='ocrx_word' id='word_1_716' title='bbox 2568 4446 2664 4484; x_wconf 89' lang='lat' dir='ltr'><strong>vos</strong></span> <span class='ocrx_word' id='word_1_717' title='bbox 2698 4431 2896 4484; x_wconf 89' lang='lat' dir='ltr'><strong>habere</strong></span> <span class='ocrx_word' id='word_1_718' title='bbox 2923 4429 3237 4498; x_wconf 82' lang='lat' dir='ltr'><strong>profectum,</strong></span> <span class='ocrx_word' id='word_1_719' title='bbox 3270 4428 3421 4482; x_wconf 77' lang='lat' dir='ltr'><strong>labor</strong></span> <span class='ocrx_word' id='word_1_720' title='bbox 3465 4442 3618 4481; x_wconf 91' lang='lat' dir='ltr'><strong>meus</strong></span> <span class='ocrx_word' id='word_1_721' title='bbox 3639 4426 3740 4492; x_wconf 85' lang='lat' dir='ltr'><strong>jam</strong></span> 
     </span>
    </p>
   </div>
   <div class='ocr_carea' id='block_1_84' title="bbox 587 4494 2070 4566">
    <p class='ocr_par' dir='ltr' id='par_1_84' title="bbox 587 4494 2070 4566">
     <span class='ocr_line' id='line_1_88' title="bbox 587 4494 2070 4566; baseline -0.001 -17"><span class='ocrx_word' id='word_1_722' title='bbox 587 4498 901 4566; x_wconf 68' lang='lat' dir='ltr'><strong>infructuose</strong></span> <span class='ocrx_word' id='word_1_723' title='bbox 921 4497 1240 4566; x_wconf 78' lang='lat' dir='ltr'><strong>Christianas</strong></span> <span class='ocrx_word' id='word_1_724' title='bbox 1265 4495 1609 4566; x_wconf 69' lang='lat' dir='ltr'><strong>institutiones</strong></span> <span class='ocrx_word' id='word_1_725' title='bbox 1638 4494 1699 4544; x_wconf 85' lang='lat' dir='ltr'><strong>ab</strong></span> <span class='ocrx_word' id='word_1_726' title='bbox 1737 4511 1794 4546; x_wconf 90' lang='lat' dir='ltr'><strong>eo</strong></span> <span class='ocrx_word' id='word_1_727' title='bbox 1821 4495 2070 4566; x_wconf 75' lang='lat' dir='ltr'><strong>excipere,</strong></span> 
     </span>
    </p>
   </div>
   <div class='ocr_carea' id='block_1_85' title="bbox 591 4562 2071 4631">
    <p class='ocr_par' dir='ltr' id='par_1_85' title="bbox 591 4562 2071 4631">
     <span class='ocr_line' id='line_1_89' title="bbox 591 4562 2071 4631; baseline -0.001 -15"><span class='ocrx_word' id='word_1_728' title='bbox 591 4562 705 4631; x_wconf 70' lang='lat' dir='ltr'><strong>cum</strong></span> <span class='ocrx_word' id='word_1_729' title='bbox 731 4566 784 4616; x_wconf 88' lang='lat' dir='ltr'><strong>in</strong></span> <span class='ocrx_word' id='word_1_730' title='bbox 814 4567 1002 4631; x_wconf 83' lang='lat' dir='ltr'><strong>pietate</strong></span> <span class='ocrx_word' id='word_1_731' title='bbox 1045 4565 1322 4631; x_wconf 75' lang='lat' dir='ltr'><strong>uirtuteque</strong></span> <span class='ocrx_word' id='word_1_732' title='bbox 1373 4562 1694 4631; x_wconf 77' lang='lat' dir='ltr'><strong>proficientes</strong></span> <span class='ocrx_word' id='word_1_733' title='bbox 1739 4579 1839 4614; x_wconf 86' lang='lat' dir='ltr'><strong>non</strong></span> <span class='ocrx_word' id='word_1_734' title='bbox 1886 4563 2071 4615; x_wconf 83' lang='lat' dir='ltr'><strong>videat.</strong></span> 
     </span>
    </p>
   </div>
   <div class='ocr_carea' id='block_1_86' title="bbox 591 4629 2078 4699">
    <p class='ocr_par' dir='ltr' id='par_1_86' title="bbox 591 4629 2078 4699">
     <span class='ocr_line' id='line_1_90' title="bbox 591 4629 2078 4699; baseline 0 -16"><span class='ocrx_word' id='word_1_735' title='bbox 591 4629 787 4684; x_wconf 79' lang='lat' dir='ltr'><strong>Deinde</strong></span> <span class='ocrx_word' id='word_1_736' title='bbox 803 4629 864 4685; x_wconf 83' lang='lat' dir='ltr'><strong>de</strong></span> <span class='ocrx_word' id='word_1_737' title='bbox 883 4633 1098 4684; x_wconf 81' lang='lat' dir='ltr'><strong>stultitia</strong></span> <span class='ocrx_word' id='word_1_738' title='bbox 1117 4647 1204 4683; x_wconf 87' lang='lat' dir='ltr'><strong>eos</strong></span> <span class='ocrx_word' id='word_1_739' title='bbox 1225 4629 1479 4699; x_wconf 77' lang='lat' dir='ltr'><strong>cbjurgat,</strong></span> <span class='ocrx_word' id='word_1_740' title='bbox 1508 4629 1641 4697; x_wconf 75' lang='lat' dir='ltr'><strong>quod</strong></span> <span class='ocrx_word' id='word_1_741' title='bbox 1668 4631 1722 4682; x_wconf 82' lang='lat' dir='ltr'><strong>in</strong></span> <span class='ocrx_word' id='word_1_742' title='bbox 1749 4631 1922 4699; x_wconf 84' lang='lat' dir='ltr'><strong>eclipsi</strong></span> <span class='ocrx_word' id='word_1_743' title='bbox 1943 4632 2078 4684; x_wconf 73' lang='lat' dir='ltr'><strong>luna:</strong></span> 
     </span>
    </p>
   </div>
   <div class='ocr_carea' id='block_1_87' title="bbox 587 4697 2077 4767">
    <p class='ocr_par' dir='ltr' id='par_1_87' title="bbox 587 4697 2077 4767">
     <span class='ocr_line' id='line_1_91' title="bbox 587 4697 2077 4767; baseline -0.001 -14"><span class='ocrx_word' id='word_1_744' title='bbox 587 4701 835 4753; x_wconf 71' lang='lat' dir='ltr'><strong>clamores</strong></span> <span class='ocrx_word' id='word_1_745' title='bbox 879 4701 1185 4761; x_wconf 65' lang='lat' dir='ltr'><strong>attinerent,</strong></span> <span class='ocrx_word' id='word_1_746' title='bbox 1233 4697 1386 4750; x_wconf 76' lang='lat' dir='ltr'><strong>vano</strong></span> <span class='ocrx_word' id='word_1_747' title='bbox 1411 4697 1734 4750; x_wconf 84' lang='lat' dir='ltr'><strong>obscuritatis</strong></span> <span class='ocrx_word' id='word_1_748' title='bbox 1761 4697 1872 4767; x_wconf 83' lang='lat' dir='ltr'><strong>ejus</strong></span> <span class='ocrx_word' id='word_1_749' title='bbox 1893 4701 2077 4752; x_wconf 85' lang='lat' dir='ltr'><strong>timore</strong></span> 
     </span>
    </p>
   </div>
   <div class='ocr_carea' id='block_1_88' title="bbox 588 4767 1536 4838">
    <p class='ocr_par' dir='ltr' id='par_1_88' title="bbox 588 4767 1536 4838">
     <span class='ocr_line' id='line_1_92' title="bbox 588 4767 1536 4838; baseline -0.005 -16"><span class='ocrx_word' id='word_1_750' title='bbox 588 4769 830 4838; x_wconf 73' lang='lat' dir='ltr'><strong>perculsi,</strong></span> <span class='ocrx_word' id='word_1_751' title='bbox 853 4783 918 4821; x_wconf 82' lang='lat' dir='ltr'><strong>ne</strong></span> <span class='ocrx_word' id='word_1_752' title='bbox 938 4770 1142 4820; x_wconf 79' lang='lat' dir='ltr'><strong>omnino</strong></span> <span class='ocrx_word' id='word_1_753' title='bbox 1163 4767 1536 4836; x_wconf 72' lang='lat' dir='ltr'><strong>exstinguatur.</strong></span> 
     </span>
    </p>
   </div>
   <div class='ocr_carea' id='block_1_89' title="bbox 591 4875 2079 4946">
    <p class='ocr_par' dir='ltr' id='par_1_89' title="bbox 591 4875 2079 4946">
     <span class='ocr_line' id='line_1_93' title="bbox 591 4875 2079 4946; baseline -0.003 -14"><span class='ocrx_word' id='word_1_754' title='bbox 591 4878 660 4932; x_wconf 81' lang='lat' dir='ltr'><strong>Et</strong></span> <span class='ocrx_word' id='word_1_755' title='bbox 700 4879 798 4946; x_wconf 83' lang='lat' dir='ltr'><strong>ipsi</strong></span> <span class='ocrx_word' id='word_1_756' title='bbox 827 4878 1034 4941; x_wconf 80' lang='lat' dir='ltr'><strong>videtis,</strong></span> <span class='ocrx_word' id='word_1_757' title='bbox 1064 4877 1274 4938; x_wconf 78' lang='lat' dir='ltr'><strong>fratres,</strong></span> <span class='ocrx_word' id='word_1_758' title='bbox 1305 4876 1449 4943; x_wconf 90' lang='lat' dir='ltr'><strong>quod</strong></span> <span class='ocrx_word' id='word_1_759' title='bbox 1492 4890 1609 4929; x_wconf 88' lang='lat' dir='ltr'><strong>mea</strong></span> <span class='ocrx_word' id='word_1_760' title='bbox 1641 4890 1748 4929; x_wconf 86' lang='lat' dir='ltr'><strong>non</strong></span> <span class='ocrx_word' id='word_1_761' title='bbox 1778 4883 1951 4929; x_wconf 87' lang='lat' dir='ltr'><strong>cessat</strong></span> <span class='ocrx_word' id='word_1_762' title='bbox 1975 4875 2079 4928; x_wconf 80' lang='lat' dir='ltr'><strong>hu-</strong></span> 
     </span>
    </p>
   </div>
   <div class='ocr_carea' id='block_1_90' title="bbox 522 4963 2082 5026">
    <p class='ocr_par' dir='ltr' id='par_1_90' title="bbox 522 4963 2082 5026">
     <span class='ocr_line' id='line_1_94' title="bbox 522 4963 2082 5026; baseline -0.004 -4"><span class='ocrx_word' id='word_1_763' title='bbox 522 4969 717 5023; x_wconf 84' lang='lat' dir='ltr'><strong>militas</strong></span> <span class='ocrx_word' id='word_1_764' title='bbox 743 4969 889 5020; x_wconf 88' lang='lat' dir='ltr'><strong>omni</strong></span> <span class='ocrx_word' id='word_1_765' title='bbox 917 4967 1057 5020; x_wconf 85' lang='lat' dir='ltr'><strong>circa</strong></span> <span class='ocrx_word' id='word_1_766' title='bbox 1084 4981 1182 5018; x_wconf 89' lang='lat' dir='ltr'><strong>vos</strong></span> <span class='ocrx_word' id='word_1_767' title='bbox 1225 4965 1584 5018; x_wconf 79' lang='lat' dir='ltr'><strong>sollicitudine</strong></span> <span class='ocrx_word' id='word_1_768' title='bbox 1615 4965 1876 5026; x_wconf 86' lang='lat' dir='ltr'><strong>laborare,</strong></span> <span class='ocrx_word' id='word_1_769' title='bbox 1907 4972 1963 5017; x_wconf 86' lang='lat' dir='ltr'><strong>et</strong></span> <span class='ocrx_word' id='word_1_770' title='bbox 2013 4963 2082 5016; x_wconf 81' lang='lat' dir='ltr'><strong>ad</strong></span> 
     </span>
    </p>
   </div>
   <div class='ocr_carea' id='block_1_91' title="bbox 521 5050 2082 5125">
    <p class='ocr_par' dir='ltr' id='par_1_91' title="bbox 521 5050 2082 5125">
     <span class='ocr_line' id='line_1_95' title="bbox 521 5050 2082 5125; baseline -0.005 -14"><span class='ocrx_word' id='word_1_771' title='bbox 521 5059 722 5125; x_wconf 78' lang='lat' dir='ltr'><strong>fntgem</strong></span> <span class='ocrx_word' id='word_1_772' title='bbox 747 5054 949 5109; x_wconf 82' lang='lat' dir='ltr'><strong>bonam</strong></span> <span class='ocrx_word' id='word_1_773' title='bbox 973 5069 1067 5109; x_wconf 81' lang='lat' dir='ltr'><strong>vos</strong></span> <span class='ocrx_word' id='word_1_774' title='bbox 1091 5061 1206 5108; x_wconf 87' lang='lat' dir='ltr'><strong>tota</strong></span> <span class='ocrx_word' id='word_1_775' title='bbox 1227 5053 1568 5108; x_wconf 86' lang='lat' dir='ltr'><strong>festinatione</strong></span> <span class='ocrx_word' id='word_1_776' title='bbox 1597 5063 1910 5106; x_wconf 90' lang='lat' dir='ltr'><strong>convertere</strong></span> <span class='ocrx_word' id='word_1_777' title='bbox 1941 5069 1956 5103; x_wconf 87' lang='lat'><strong>:</strong></span> <span class='ocrx_word' id='word_1_778' title='bbox 1986 5050 2082 5106; x_wconf 88' lang='lat' dir='ltr'><strong>sed</strong></span> 
     </span>
    </p>
   </div>
   <div class='ocr_carea' id='block_1_92' title="bbox 519 5138 2080 5216">
    <p class='ocr_par' dir='ltr' id='par_1_92' title="bbox 519 5138 2080 5216">
     <span class='ocr_line' id='line_1_96' title="bbox 519 5138 2080 5216; baseline -0.007 -13"><span class='ocrx_word' id='word_1_779' title='bbox 519 5155 720 5216; x_wconf 77' lang='lat' dir='ltr'><strong>quanto</strong></span> <span class='ocrx_word' id='word_1_780' title='bbox 748 5145 866 5214; x_wconf 79' lang='lat' dir='ltr'><strong>plus</strong></span> <span class='ocrx_word' id='word_1_781' title='bbox 885 5145 1069 5200; x_wconf 83' lang='lat' dir='ltr'><strong>laboro</strong></span> <span class='ocrx_word' id='word_1_782' title='bbox 1097 5144 1388 5205; x_wconf 76' lang='lat' dir='ltr'><strong>vobiscum,</strong></span> <span class='ocrx_word' id='word_1_783' title='bbox 1415 5151 1568 5196; x_wconf 83' lang='lat' dir='ltr'><strong>tanto</strong></span> <span class='ocrx_word' id='word_1_784' title='bbox 1599 5142 1825 5209; x_wconf 89' lang='lat' dir='ltr'><strong>amplius</strong></span> <span class='ocrx_word' id='word_1_785' title='bbox 1851 5138 2080 5194; x_wconf 81' lang='lat' dir='ltr'><strong>coniun-</strong></span> 
     </span>
    </p>
   </div>
   <div class='ocr_carea' id='block_1_93' title="bbox 521 5229 2082 5289">
    <p class='ocr_par' dir='ltr' id='par_1_93' title="bbox 521 5229 2082 5289">
     <span class='ocr_line' id='line_1_97' title="bbox 521 5229 2082 5289; baseline -0.004 0"><span class='ocrx_word' id='word_1_786' title='bbox 521 5235 622 5289; x_wconf 67' lang='grc' dir='ltr'><strong>ἀοι</strong></span> <span class='ocrx_word' id='word_1_787' title='bbox 675 5233 728 5288; x_wconf 86' lang='lat' dir='ltr'><strong>in</strong></span> <span class='ocrx_word' id='word_1_788' title='bbox 772 5234 938 5288; x_wconf 82' lang='lat' dir='ltr'><strong>vobis.</strong></span> <span class='ocrx_word' id='word_1_789' title='bbox 961 5230 1096 5287; x_wconf 78' lang='lat' dir='ltr'><strong>Cum</strong></span> <span class='ocrx_word' id='word_1_790' title='bbox 1124 5233 1266 5285; x_wconf 88' lang='lat' dir='ltr'><strong>enim</strong></span> <span class='ocrx_word' id='word_1_791' title='bbox 1291 5231 1448 5286; x_wconf 86' lang='lat' dir='ltr'><strong>video</strong></span> <span class='ocrx_word' id='word_1_792' title='bbox 1477 5239 1556 5284; x_wconf 92' lang='lat' dir='ltr'><strong>tot</strong></span> <span class='ocrx_word' id='word_1_793' title='bbox 1579 5229 2082 5286; x_wconf 88' lang='lat' dir='ltr'><strong>commonitionibus</strong></span> 
     </span>
    </p>
   </div>
   <div class='ocr_carea' id='block_1_94' title="bbox 592 5381 2079 5443">
    <p class='ocr_par' dir='ltr' id='par_1_94' title="bbox 592 5381 2079 5443">
     <span class='ocr_line' id='line_1_98' title="bbox 592 5381 2079 5443; baseline -0.006 -1"><span class='ocrx_word' id='word_1_794' title='bbox 592 5396 619 5425; x_wconf 75' lang='grc'><strong>⁸</strong></span> <span class='ocrx_word' id='word_1_795' title='bbox 647 5385 1014 5442; x_wconf 63' lang='lat' dir='ltr'><strong>Prmter&#39;duos</strong></span> <span class='ocrx_word' id='word_1_796' title='bbox 1057 5383 1267 5438; x_wconf 83' lang='lat' dir='ltr'><strong>codices</strong></span> <span class='ocrx_word' id='word_1_797' title='bbox 1312 5384 1369 5438; x_wconf 89' lang='lat' dir='ltr'><strong>S.</strong></span> <span class='ocrx_word' id='word_1_798' title='bbox 1411 5381 1598 5439; x_wconf 85' lang='lat' dir='ltr'><strong>Crucis</strong></span> <span class='ocrx_word' id='word_1_799' title='bbox 1635 5385 1689 5437; x_wconf 90' lang='lat' dir='ltr'><strong>in</strong></span> <span class='ocrx_word' id='word_1_800' title='bbox 1736 5383 1872 5443; x_wconf 62' lang='grc' dir='ltr'>ἔρι’..</span> <span class='ocrx_word' id='word_1_801' title='bbox 1915 5383 2079 5438; x_wconf 87' lang='lat' dir='ltr'><strong>etiam</strong></span> 
     </span>
    </p>
   </div>
   <div class='ocr_carea' id='block_1_95' title="bbox 522 5452 2078 5522">
    <p class='ocr_par' dir='ltr' id='par_1_95' title="bbox 522 5452 2078 5522">
     <span class='ocr_line' id='line_1_99' title="bbox 522 5452 2078 5522; baseline -0.006 -10"><span class='ocrx_word' id='word_1_802' title='bbox 522 5457 642 5512; x_wconf 78' lang='lat' dir='ltr'><strong>eod.</strong></span> <span class='ocrx_word' id='word_1_803' title='bbox 671 5471 703 5508; x_wconf 87' lang='lat' dir='ltr'><strong>x</strong></span> <span class='ocrx_word' id='word_1_804' title='bbox 732 5454 983 5511; x_wconf 61' lang='grc' dir='ltr'>μανείη.</span> <span class='ocrx_word' id='word_1_805' title='bbox 1003 5467 1105 5522; x_wconf 79' lang='lat' dir='ltr'><strong>pro</strong></span> <span class='ocrx_word' id='word_1_806' title='bbox 1123 5452 1262 5507; x_wconf 69' lang='lat' dir='ltr'><strong>vobis</strong></span> <span class='ocrx_word' id='word_1_807' title='bbox 1287 5453 1416 5521; x_wconf 72' lang='lat' dir='ltr'><strong>legit</strong></span> <span class='ocrx_word' id='word_1_808' title='bbox 1434 5452 1704 5518; x_wconf 46' lang='lat' dir='ltr'><strong>nobisrita</strong></span> <span class='ocrx_word' id='word_1_809' title='bbox 1730 5462 1778 5505; x_wconf 84' lang='lat' dir='ltr'><strong>et</strong></span> <span class='ocrx_word' id='word_1_810' title='bbox 1800 5452 1956 5507; x_wconf 65' lang='lat' dir='ltr'><strong>voltu!</strong></span> <span class='ocrx_word' id='word_1_811' title='bbox 1982 5466 2078 5504; x_wconf 77' lang='lat' dir='ltr'><strong>uos</strong></span> 
     </span>
    </p>
   </div>
   <div class='ocr_carea' id='block_1_96' title="bbox 527 5536 2073 5661">
    <p class='ocr_par' dir='ltr' id='par_1_96' title="bbox 527 5536 2073 5661">
     <span class='ocr_line' id='line_1_100' title="bbox 527 5536 2073 5661; baseline -0.003 -18"><span class='ocrx_word' id='word_1_812' title='bbox 527 5536 768 5648; x_wconf 39' lang='lat' dir='ltr'><strong>“mead.</strong></span> <span class='ocrx_word' id='word_1_813' title='bbox 796 5590 1040 5644; x_wconf 81' lang='lat' dir='ltr'><strong>Ambros.</strong></span> <span class='ocrx_word' id='word_1_814' title='bbox 1072 5589 1228 5644; x_wconf 84' lang='lat' dir='ltr'><strong>habet</strong></span> <span class='ocrx_word' id='word_1_815' title='bbox 1253 5601 1301 5643; x_wconf 83' lang='lat' dir='ltr'><strong>et</strong></span> <span class='ocrx_word' id='word_1_816' title='bbox 1327 5591 1392 5642; x_wconf 87' lang='lat' dir='ltr'><strong>de</strong></span> <span class='ocrx_word' id='word_1_817' title='bbox 1411 5603 1559 5661; x_wconf 77' lang='lat' dir='ltr'><strong>grege</strong></span> <span class='ocrx_word' id='word_1_818' title='bbox 1588 5591 1930 5660; x_wconf 45' lang='lat' dir='ltr'><strong>fructuosum</strong></span> <span class='ocrx_word' id='word_1_819' title='bbox 1951 5603 2073 5655; x_wconf 83' lang='lat' dir='ltr'><strong>per—</strong></span> 
     </span>
    </p>
   </div>
   <div class='ocr_carea' id='block_1_97' title="bbox 2179 4516 3739 4589">
    <p class='ocr_par' dir='ltr' id='par_1_97' title="bbox 2179 4516 3739 4589">
     <span class='ocr_line' id='line_1_101' title="bbox 2179 4516 3739 4589; baseline -0.005 -16"><span class='ocrx_word' id='word_1_820' title='bbox 2179 4537 2284 4573; x_wconf 89' lang='lat' dir='ltr'><strong>non</strong></span> <span class='ocrx_word' id='word_1_821' title='bbox 2303 4522 2640 4589; x_wconf 82' lang='lat' dir='ltr'><strong>gratulationi</strong></span> <span class='ocrx_word' id='word_1_822' title='bbox 2661 4530 2761 4584; x_wconf 90' lang='lat' dir='ltr'><strong>est,</strong></span> <span class='ocrx_word' id='word_1_823' title='bbox 2779 4521 2872 4575; x_wconf 86' lang='lat' dir='ltr'><strong>sed</strong></span> <span class='ocrx_word' id='word_1_824' title='bbox 2894 4521 3095 4574; x_wconf 86' lang='lat' dir='ltr'><strong>rubori.</strong></span> <span class='ocrx_word' id='word_1_825' title='bbox 3110 4520 3244 4574; x_wconf 77' lang='lat' dir='ltr'><strong>Didt</strong></span> <span class='ocrx_word' id='word_1_826' title='bbox 3265 4520 3404 4572; x_wconf 89' lang='lat' dir='ltr'><strong>enim</strong></span> <span class='ocrx_word' id='word_1_827' title='bbox 3427 4516 3739 4584; x_wconf 72' lang='lat' dir='ltr'><strong>Apostolus:</strong></span> 
     </span>
    </p>
   </div>
   <div class='ocr_carea' id='block_1_98' title="bbox 2183 4601 3739 4677">
    <p class='ocr_par' dir='ltr' id='par_1_98' title="bbox 2183 4601 3739 4677">
     <span class='ocr_line' id='line_1_102' title="bbox 2183 4601 3739 4677; baseline -0.007 -16"><span class='ocrx_word' id='word_1_828' title='bbox 2183 4606 2309 4670; x_wconf 78' lang='lat' dir='ltr'><strong>Quis</strong></span> <span class='ocrx_word' id='word_1_829' title='bbox 2329 4608 2573 4677; x_wconf 78' lang='lat' dir='ltr'><strong>plantarit</strong></span> <span class='ocrx_word' id='word_1_830' title='bbox 2595 4611 2810 4669; x_wconf 80' lang='lat' dir='ltr'><strong>vineam,</strong></span> <span class='ocrx_word' id='word_1_831' title='bbox 2834 4617 2883 4660; x_wconf 88' lang='lat' dir='ltr'><strong>et</strong></span> <span class='ocrx_word' id='word_1_832' title='bbox 2908 4610 2970 4660; x_wconf 86' lang='lat' dir='ltr'><strong>de</strong></span> <span class='ocrx_word' id='word_1_833' title='bbox 2998 4609 3166 4677; x_wconf 75' lang='lat' dir='ltr'><strong>{ructu</strong></span> <span class='ocrx_word' id='word_1_834' title='bbox 3187 4609 3298 4676; x_wconf 80' lang='lat' dir='ltr'><strong>ejus</strong></span> <span class='ocrx_word' id='word_1_835' title='bbox 3317 4622 3420 4658; x_wconf 74' lang='lat' dir='ltr'><strong>non</strong></span> <span class='ocrx_word' id='word_1_836' title='bbox 3441 4606 3548 4657; x_wconf 85' lang='lat' dir='ltr'><strong>edit</strong></span> <span class='ocrx_word' id='word_1_837' title='bbox 3579 4605 3602 4655; x_wconf 73' lang='lat'><strong>2’</strong></span> <span class='ocrx_word' id='word_1_838' title='bbox 3623 4601 3739 4664; x_wconf 79' lang='lat' dir='ltr'><strong>Quis</strong></span> 
     </span>
    </p>
   </div>
   <div class='ocr_carea' id='block_1_99' title="bbox 2182 4691 3736 4767">
    <p class='ocr_par' dir='ltr' id='par_1_99' title="bbox 2182 4691 3736 4767">
     <span class='ocr_line' id='line_1_103' title="bbox 2182 4691 3736 4767; baseline -0.017 -3"><span class='ocrx_word' id='word_1_839' title='bbox 2182 4697 2346 4764; x_wconf 73' lang='grc' dir='ltr'><strong>Ραδείι</strong></span> <span class='ocrx_word' id='word_1_840' title='bbox 2366 4712 2590 4766; x_wconf 75' lang='lat' dir='ltr'><strong>gregem.</strong></span> <span class='ocrx_word' id='word_1_841' title='bbox 2621 4696 2648 4732; x_wconf 64' lang='grc' dir='ltr'><strong>ι</strong></span> <span class='ocrx_word' id='word_1_842' title='bbox 2669 4706 2721 4749; x_wconf 82' lang='grc' dir='ltr'>ει</span> <span class='ocrx_word' id='word_1_843' title='bbox 2741 4698 2802 4749; x_wconf 88' lang='lat' dir='ltr'><strong>de</strong></span> <span class='ocrx_word' id='word_1_844' title='bbox 2821 4696 2953 4749; x_wconf 85' lang='lat' dir='ltr'><strong>lacte</strong></span> <span class='ocrx_word' id='word_1_845' title='bbox 2980 4698 3148 4767; x_wconf 75' lang='lat' dir='ltr'><strong>gregis</strong></span> <span class='ocrx_word' id='word_1_846' title='bbox 3186 4712 3290 4749; x_wconf 82' lang='lat' dir='ltr'><strong>non</strong></span> <span class='ocrx_word' id='word_1_847' title='bbox 3318 4694 3530 4764; x_wconf 86' lang='lat' dir='ltr'><strong>percipit</strong></span> <span class='ocrx_word' id='word_1_848' title='bbox 3556 4691 3608 4761; x_wconf 81' lang='grc'><strong>(1</strong></span> <span class='ocrx_word' id='word_1_849' title='bbox 3629 4692 3736 4743; x_wconf 73' lang='lat' dir='ltr'><strong>Cor.</strong></span> 
     </span>
    </p>
   </div>
   <div class='ocr_carea' id='block_1_100' title="bbox 2183 4777 3738 4852">
    <p class='ocr_par' dir='ltr' id='par_1_100' title="bbox 2183 4777 3738 4852">
     <span class='ocr_line' id='line_1_104' title="bbox 2183 4777 3738 4852; baseline -0.006 -14"><span class='ocrx_word' id='word_1_850' title='bbox 2183 4801 2257 4846; x_wconf 79' lang='lat' dir='ltr'><strong>Ix,</strong></span> <span class='ocrx_word' id='word_1_851' title='bbox 2291 4785 2379 4851; x_wconf 80' lang='lat'><strong>7)?</strong></span> <span class='ocrx_word' id='word_1_852' title='bbox 2406 4783 2544 4838; x_wconf 82' lang='lat' dir='ltr'><strong>Ecce</strong></span> <span class='ocrx_word' id='word_1_853' title='bbox 2567 4799 2670 4851; x_wconf 79' lang='lat' dir='ltr'><strong>ego</strong></span> <span class='ocrx_word' id='word_1_854' title='bbox 2691 4799 2853 4852; x_wconf 79' lang='lat' dir='ltr'><strong>pasco</strong></span> <span class='ocrx_word' id='word_1_855' title='bbox 2878 4783 3338 4851; x_wconf 17' lang='lat' dir='ltr'><strong>gregem‘Christi,</strong></span> <span class='ocrx_word' id='word_1_856' title='bbox 3364 4791 3418 4835; x_wconf 90' lang='lat' dir='ltr'><strong>et</strong></span> <span class='ocrx_word' id='word_1_857' title='bbox 3446 4781 3624 4848; x_wconf 82' lang='lat' dir='ltr'><strong>gregis</strong></span> <span class='ocrx_word' id='word_1_858' title='bbox 3647 4777 3738 4829; x_wconf 86' lang='lat' dir='ltr'><strong>fru-</strong></span> 
     </span>
    </p>
   </div>
   <div class='ocr_carea' id='block_1_101' title="bbox 2183 4863 3735 4941">
    <p class='ocr_par' dir='ltr' id='par_1_101' title="bbox 2183 4863 3735 4941">
     <span class='ocr_line' id='line_1_105' title="bbox 2183 4863 3735 4941; baseline -0.002 -14"><span class='ocrx_word' id='word_1_859' title='bbox 2183 4883 2328 4927; x_wconf 91' lang='lat' dir='ltr'><strong>ctum</strong></span> <span class='ocrx_word' id='word_1_860' title='bbox 2375 4882 2694 4941; x_wconf 86' lang='lat' dir='ltr'><strong>extorqucre</strong></span> <span class='ocrx_word' id='word_1_861' title='bbox 2740 4889 2846 4926; x_wconf 88' lang='lat' dir='ltr'><strong>non</strong></span> <span class='ocrx_word' id='word_1_862' title='bbox 2872 4873 3058 4937; x_wconf 82' lang='lat' dir='ltr'><strong>valeo;</strong></span> <span class='ocrx_word' id='word_1_863' title='bbox 3089 4888 3252 4941; x_wconf 86' lang='lat' dir='ltr'><strong>pasco</strong></span> <span class='ocrx_word' id='word_1_864' title='bbox 3279 4885 3490 4940; x_wconf 82' lang='lat' dir='ltr'><strong>gregem</strong></span> <span class='ocrx_word' id='word_1_865' title='bbox 3516 4863 3735 4924; x_wconf 79' lang='lat' dir='ltr'><strong>Domini.</strong></span> 
     </span>
    </p>
   </div>
   <div class='ocr_carea' id='block_1_102' title="bbox 2177 4952 3736 5028">
    <p class='ocr_par' dir='ltr' id='par_1_102' title="bbox 2177 4952 3736 5028">
     <span class='ocr_line' id='line_1_106' title="bbox 2177 4952 3736 5028; baseline -0.004 -15"><span class='ocrx_word' id='word_1_866' title='bbox 2177 4969 2231 5013; x_wconf 89' lang='lat' dir='ltr'><strong>et</strong></span> <span class='ocrx_word' id='word_1_867' title='bbox 2244 4960 2392 5013; x_wconf 81' lang='lat' dir='ltr'><strong>nulla</strong></span> <span class='ocrx_word' id='word_1_868' title='bbox 2422 4975 2488 5012; x_wconf 89' lang='lat' dir='ltr'><strong>ex</strong></span> <span class='ocrx_word' id='word_1_869' title='bbox 2516 4974 2582 5013; x_wconf 89' lang='lat' dir='ltr'><strong>eo</strong></span> <span class='ocrx_word' id='word_1_870' title='bbox 2608 4971 2632 4998; x_wconf 69' lang='grc' dir='ltr'><strong>ε</strong></span> <span class='ocrx_word' id='word_1_871' title='bbox 2667 4961 3029 5028; x_wconf 88' lang='lat' dir='ltr'><strong>religiositatis</strong></span> <span class='ocrx_word' id='word_1_872' title='bbox 3049 4961 3300 5014; x_wconf 88' lang='lat' dir='ltr'><strong>alimenta</strong></span> <span class='ocrx_word' id='word_1_873' title='bbox 3326 4957 3581 5026; x_wconf 73' lang='lat' dir='ltr'><strong>percipio.</strong></span> <span class='ocrx_word' id='word_1_874' title='bbox 3601 4952 3736 5008; x_wconf 74' lang='lat' dir='ltr'><strong>Nulla</strong></span> 
     </span>
    </p>
   </div>
   <div class='ocr_carea' id='block_1_103' title="bbox 2179 5039 3734 5114">
    <p class='ocr_par' dir='ltr' id='par_1_103' title="bbox 2179 5039 3734 5114">
     <span class='ocr_line' id='line_1_107' title="bbox 2179 5039 3734 5114; baseline -0.007 -12"><span class='ocrx_word' id='word_1_875' title='bbox 2179 5049 2319 5102; x_wconf 89' lang='lat' dir='ltr'><strong>enim</strong></span> <span class='ocrx_word' id='word_1_876' title='bbox 2349 5062 2435 5100; x_wconf 86' lang='lat' dir='ltr'><strong>me</strong></span> <span class='ocrx_word' id='word_1_877' title='bbox 2466 5046 2583 5100; x_wconf 84' lang='lat' dir='ltr'><strong>fidei</strong></span> <span class='ocrx_word' id='word_1_878' title='bbox 2604 5048 2719 5114; x_wconf 85' lang='lat' dir='ltr'><strong>ejus</strong></span> <span class='ocrx_word' id='word_1_879' title='bbox 2745 5049 2968 5103; x_wconf 84' lang='lat' dir='ltr'><strong>dulcedo</strong></span> <span class='ocrx_word' id='word_1_880' title='bbox 2997 5048 3257 5112; x_wconf 64' lang='lat' dir='ltr'><strong>letificat;</strong></span> <span class='ocrx_word' id='word_1_881' title='bbox 3287 5047 3380 5101; x_wconf 86' lang='lat' dir='ltr'><strong>sed</strong></span> <span class='ocrx_word' id='word_1_882' title='bbox 3406 5039 3660 5114; x_wconf 89' lang='lat' dir='ltr'><strong>quidquid</strong></span> <span class='ocrx_word' id='word_1_883' title='bbox 3675 5053 3734 5092; x_wconf 84' lang='lat' dir='ltr'><strong>ex</strong></span> 
     </span>
    </p>
   </div>
   <div class='ocr_carea' id='block_1_104' title="bbox 2180 5135 3732 5204">
    <p class='ocr_par' dir='ltr' id='par_1_104' title="bbox 2180 5135 3732 5204">
     <span class='ocr_line' id='line_1_108' title="bbox 2180 5135 3732 5204; baseline -0.003 -14"><span class='ocrx_word' id='word_1_884' title='bbox 2180 5151 2248 5190; x_wconf 89' lang='lat' dir='ltr'><strong>eo</strong></span> <span class='ocrx_word' id='word_1_885' title='bbox 2273 5136 2489 5204; x_wconf 81' lang='lat' dir='ltr'><strong>proﬂuit</strong></span> <span class='ocrx_word' id='word_1_886' title='bbox 2523 5151 2768 5204; x_wconf 81' lang='lat' dir='ltr'><strong>asperum</strong></span> <span class='ocrx_word' id='word_1_887' title='bbox 2797 5136 2822 5172; x_wconf 83' lang='grc'><em>⁴</em></span> <span class='ocrx_word' id='word_1_888' title='bbox 2850 5145 2905 5192; x_wconf 93' lang='lat' dir='ltr'><strong>et</strong></span> <span class='ocrx_word' id='word_1_889' title='bbox 2935 5152 3172 5190; x_wconf 87' lang='lat' dir='ltr'><strong>amarum</strong></span> <span class='ocrx_word' id='word_1_890' title='bbox 3203 5146 3320 5201; x_wconf 86' lang='lat' dir='ltr'><strong>est;</strong></span> <span class='ocrx_word' id='word_1_891' title='bbox 3343 5144 3473 5190; x_wconf 87' lang='lat' dir='ltr'><strong>tunc</strong></span> <span class='ocrx_word' id='word_1_892' title='bbox 3498 5135 3639 5187; x_wconf 70' lang='lat' dir='ltr'><strong>enim</strong></span> <span class='ocrx_word' id='word_1_893' title='bbox 3657 5141 3732 5196; x_wconf 64' lang='lat' dir='ltr'><strong>pa-</strong></span> 
     </span>
    </p>
   </div>
   <div class='ocr_carea' id='block_1_105' title="bbox 2181 5225 3734 5297">
    <p class='ocr_par' dir='ltr' id='par_1_105' title="bbox 2181 5225 3734 5297">
     <span class='ocr_line' id='line_1_109' title="bbox 2181 5225 3734 5297; baseline -0.005 -15"><span class='ocrx_word' id='word_1_894' title='bbox 2181 5237 2294 5282; x_wconf 84' lang='lat' dir='ltr'><strong>stor</strong></span> <span class='ocrx_word' id='word_1_895' title='bbox 2318 5225 2606 5282; x_wconf 84' lang='lat' dir='ltr'><strong>Christiani</strong></span> <span class='ocrx_word' id='word_1_896' title='bbox 2630 5229 2806 5297; x_wconf 73' lang='lat' dir='ltr'><strong>mgis</strong></span> <span class='ocrx_word' id='word_1_897' title='bbox 2825 5229 2960 5283; x_wconf 90' lang='lat' dir='ltr'><strong>lacte</strong></span> <span class='ocrx_word' id='word_1_898' title='bbox 2981 5227 3237 5296; x_wconf 79' lang='lat' dir='ltr'><strong>reﬁcitur,</strong></span> <span class='ocrx_word' id='word_1_899' title='bbox 3257 5225 3472 5297; x_wconf 81' lang='lat' dir='ltr'><strong>quando</strong></span> <span class='ocrx_word' id='word_1_900' title='bbox 3490 5225 3734 5279; x_wconf 71' lang='lat' dir='ltr'><strong>bonum!“</strong></span> 
     </span>
    </p>
   </div>
   <div class='ocr_carea' id='block_1_106' title="bbox 2190 5388 3673 5514">
    <p class='ocr_par' dir='ltr' id='par_1_106' title="bbox 2190 5388 3673 5514">
     <span class='ocr_line' id='line_1_110' title="bbox 2190 5388 3673 5514; baseline -0.005 -17"><span class='ocrx_word' id='word_1_901' title='bbox 2190 5388 2442 5514; x_wconf 42' lang='lat' dir='ltr'><strong>“anfled.</strong></span> <span class='ocrx_word' id='word_1_902' title='bbox 2469 5444 2526 5514; x_wconf 84' lang='lat' dir='ltr'><strong>S.</strong></span> <span class='ocrx_word' id='word_1_903' title='bbox 2549 5444 2734 5499; x_wconf 88' lang='lat' dir='ltr'><strong>Crucis</strong></span> <span class='ocrx_word' id='word_1_904' title='bbox 2754 5445 2807 5498; x_wconf 90' lang='lat' dir='ltr'><strong>in</strong></span> <span class='ocrx_word' id='word_1_905' title='bbox 2835 5439 2967 5512; x_wconf 62' lang='grc' dir='ltr'>ἔοι-η</span> <span class='ocrx_word' id='word_1_906' title='bbox 2997 5445 3224 5514; x_wconf 75' lang='lat' dir='ltr'><strong>religiosi</strong></span> <span class='ocrx_word' id='word_1_907' title='bbox 3249 5443 3398 5496; x_wconf 85' lang='lat' dir='ltr'><strong>lactis</strong></span> <span class='ocrx_word' id='word_1_908' title='bbox 3412 5443 3673 5494; x_wconf 71' lang='lat' dir='ltr'><strong>alimenta-</strong></span> 
     </span>
    </p>
   </div>
   <div class='ocr_carea' id='block_1_107' title="bbox 2258 5511 3490 5582">
    <p class='ocr_par' dir='ltr' id='par_1_107' title="bbox 2258 5511 3490 5582">
     <span class='ocr_line' id='line_1_111' title="bbox 2258 5511 3490 5582; baseline -0.004 -15"><span class='ocrx_word' id='word_1_909' title='bbox 2258 5515 2279 5548; x_wconf 68' lang='grc' dir='ltr'><strong>τ’</strong></span> <span class='ocrx_word' id='word_1_910' title='bbox 2308 5511 2442 5567; x_wconf 88' lang='lat' dir='ltr'><strong>Cod.</strong></span> <span class='ocrx_word' id='word_1_911' title='bbox 2477 5511 2747 5577; x_wconf 64' lang='lat' dir='ltr'><strong>Ambros,</strong></span> <span class='ocrx_word' id='word_1_912' title='bbox 2772 5528 3010 5582; x_wconf 67' lang='lat' dir='ltr'><strong>asperum</strong></span> <span class='ocrx_word' id='word_1_913' title='bbox 3032 5511 3112 5567; x_wconf 72' lang='lat' dir='ltr'><strong>vel</strong></span> <span class='ocrx_word' id='word_1_914' title='bbox 3127 5527 3356 5565; x_wconf 76' lang='lat' dir='ltr'><strong>amarum</strong></span> <span class='ocrx_word' id='word_1_915' title='bbox 3388 5521 3490 5564; x_wconf 77' lang='lat' dir='ltr'><strong>est.</strong></span> 
     </span>
    </p>
   </div>
  </div>
