3910 6238
534 335 626 386 837

528 447 680 567 θῖῖ
715 445 1100 496 Ancuusarcu.
1152 469 1219 480 --
1274 441 1551 496 llortatum
1601 460 1654 496 se
1701 446 1888 513 fratres
1941 445 2099 512 fuisse

658 515 858 566 axium:
879 513 1075 567 scribit.
1102 522 1156 564 ιιι
1184 514 1525 567 οτωιενιηὲδεο
1555 529 1726 565 errore
1743 514 1937 567 aemili.
1963 513 2099 562 luna:

658 515 858 566 axium:
879 513 1075 574 scribit,
1102 522 1156 564 ut
1184 514 1525 579 praetermisso
1555 529 1726 565 errore
1743 514 1937 582 gentili,
1963 513 2101 562 luna:

596 593 758 637 ortum
799 591 960 651 atque
989 583 1240 648 defectum
1272 583 1471 636 ratione
1499 583 1664 651 magis
1701 599 1851 651 quam
1881 582 2103 648 inﬁrmi-

597 663 701 704 tate
730 641 999 721 subsistere
1041 641 1330 719 intelligant
1360 641 1618 721 {grande
1645 641 1756 702 esse
1803 641 2100 718 mysterium

594 724 752 784 luna,
775 721 854 772 cui
881 719 1112 772 Christus
1140 722 1346 789 ejusque
1376 719 1606 772 Ecclesia
1639 731 1984 787 comparatur.

600 897 735 950 Ante
757 896 872 948 dies
894 894 1160 962 prosecuti
1189 907 1395 954 sumus,
1427 892 1637 956 fratres,
1682 893 1938 946 adversus
1984 892 2102 944 illos

525 989 614 1054 qui
660 993 911 1054 putarent
958 984 1137 1036 lunam
1185 983 1252 1035 de
1298 983 1434 1035 unlo
1464 997 1740 1049 magorum
1773 984 2099 1037 carminibus

528 1092 684 1145 posse
733 1075 959 1138 deduci;
991 1084 1044 1128 et
1082 1087 1266 1128 eorum
1299 1073 1632 1126 retundimus
1668 1077 1960 1128 vanitatem
2010 1078 2100 1142 qui

527 1186 630 1222 non
658 1171 832 1222 minus
885 1168 1150 1232 defectum
1193 1169 1467 1235 patiuntur
1495 1168 1656 1220 animi
1701 1183 1858 1235 quam
1889 1169 2101 1222 luminis

526 1262 723 1330 patitur
751 1261 835 1315 illa
858 1260 1144 1314 defectum.
1176 1258 1322 1324 Quos
1343 1268 1398 1314 et
1418 1260 1619 1312 hortati
1646 1275 1829 1313 sumus
1858 1268 1934 1322 ut,
1968 1275 2101 1328 prte-

525 1351 770 1403 termisso
800 1359 987 1402 errore
1014 1348 1217 1414 gentili,
1253 1358 1362 1401 tam
1413 1350 1522 1402 cito
1550 1349 1616 1401 ad
1663 1350 1979 1416 sapientiam
2011 1365 2099 1402 re-

524 1440 702 1501 deant,
731 1455 890 1507 quam
920 1438 1027 1492 cito
1057 1439 1122 1491 ad
1152 1438 1537 1504 plenitudinem
1567 1453 1718 1491 suam
1751 1439 1835 1491 illa
1865 1448 1891 1475 ι
1921 1455 2093 1493 rever-

523 1527 650 1578 titur
674 1545 684 1578 :
713 1537 766 1580 et
793 1527 930 1580 sicut
955 1526 1216 1579 velociter
1246 1527 1332 1579 illa
1364 1527 1542 1580 lumen
1572 1528 1775 1594 colligit
1795 1530 1938 1596 Quod
1965 1529 2101 1582 ami-

521 1627 684 1678 senat,
715 1619 784 1671 ita
816 1619 1126 1671 festinanter
1155 1618 1239 1669 isti
1273 1618 1426 1671 tidem
1461 1619 1721 1686 recipiant
1749 1635 1906 1686 quam
1941 1633 2101 1685 nega-

523 1717 680 1768 runt;
723 1707 752 1744 ι)
798 1715 871 1768 et,
925 1706 1166 1772 deposita
1219 1707 1536 1774 insipientia:
1582 1709 1794 1768 nebula,
1845 1709 2100 1775 incipiant

1725 336 1778 390 S.
1826 334 2069 389 MAXlMl
2112 332 2559 393 TAUIllNENSlS

2127 445 2174 499 A
2205 443 2288 496 tis.
2319 445 2421 497 Sed
2445 448 2668 511 legimus
2691 446 2757 499 de
2786 447 3066 503 Salvatore
3093 449 3235 516 quod
3263 449 3342 503 sol
3373 451 3541 516 magis
3569 453 3638 503 sit
3669 453 3778 518 ipse

2197 531 2434 598 iustitiae.
2468 534 2749 598 Quomodo
2779 552 2905 604 ergo
2935 553 3054 590 cum
3089 540 3223 591 lunae
3252 540 3485 592 motibus
3508 556 3787 607 compara-

3676 346 3778 396 ιεκ

2204 637 2321 675 mus
2343 623 2365 673 ?
2387 622 2498 674 Non
2523 638 2712 690 magna
2745 628 2902 688 plane
2924 627 3173 680 distantia
3203 629 3525 681 conveniunt
3556 629 3655 681 sibi
3680 631 3776 681 ista

2203 712 2498 764 luminaria.
2531 712 2803 780 Siquidem
2846 715 2966 767 luna
2998 718 3226 782 quadam
3275 716 3605 769 fraternitate
3650 733 3778 770 con-

2202 803 2355 855 sortii
2379 804 2556 856 lumen
2587 813 2861 856 mutuatur
2889 819 2918 856 a
2945 807 3076 865 sole,
3110 815 3166 859 et
3194 807 3357 859 radiis
3387 808 3520 860 lucis
3548 807 3661 873 ejus
3691 822 3778 859 τεο

2201 907 2473 960 percussa,
2505 893 2844 961 splendorem
2887 895 2967 946 sui
2999 894 3217 960 fulgoris
3255 896 3488 963 accipiat
3523 913 3534 945 :
3571 897 3709 947 unde
3737 897 3778 947 si

2202 982 2442 1035 Christus
2473 982 2728 1038 Dominus
2755 985 2854 1037 soli
2897 987 3094 1038 rectius
3138 996 3502 1052 comparatur,
3536 985 3558 1021 ι
3602 987 3776 1038 lunam

2203 1073 2410 1126 nonnisi
2443 1072 2693 1127 Ecclesiae
2722 1076 3170 1143 comparabimus.
3206 1076 3336 1128 Nam
3386 1077 3498 1144 ipsa
3531 1079 3664 1130 sicut
3697 1078 3778 1128 lu-

2206 1180 2292 1228 na,
2324 1173 2382 1216 ut
2423 1165 2562 1217 inter
2607 1175 2792 1232 gentes
2821 1167 3025 1228 luceat,
3081 1176 3355 1220 mutuatur
3401 1168 3578 1219 lumen
3610 1183 3636 1218 a
3665 1168 3782 1220 sole

2197 1254 2416 1321 justiti-.3
2432 1265 2485 1308 et
2510 1256 2705 1309 Christi
2735 1257 2897 1310 radiis
2929 1276 2938 1308 :
2973 1258 3075 1310 hoc
3089 1266 3171 1310 est
3195 1259 3563 1325 apostolorum
3591 1259 3781 1325 pradi-

2202 1346 2502 1398 catiouibus
2523 1362 2578 1400 re
2589 1362 2857 1414 percussa,
2879 1346 3212 1414 splendorem
3235 1345 3249 1383 ι
3275 1363 3343 1400 ex
3372 1363 3440 1401 eo
3469 1349 3782 1400 immortalia

2203 1437 2324 1488 tatis
2351 1436 2597 1504 acquirit.
2630 1435 2815 1502 Fulget
2835 1437 2977 1489 enim
2992 1423 3232 1489 Ecclesia
3257 1452 3361 1488 non
3395 1453 3513 1494 suo.
3547 1437 3637 1489 sed
3664 1436 3782 1489 Sal-

2203 1527 2401 1577 vatoris
2433 1526 2665 1587 lumine;
2712 1536 2767 1577 et
2798 1527 2965 1577 radiat
3007 1543 3111 1578 non
3170 1527 3390 1594 proprio
3446 1531 3640 1589 nitore,
3688 1529 3780 1580 sed

2204 1625 2239 1649 ιη
2274 1613 2462 1675 Patris,
2483 1615 2620 1666 sicut
2643 1615 2931 1682 Apostolus
2959 1617 3051 1676 ait,
3083 1616 3297 1668 dicens:
3328 1616 3449 1669 Viro
3480 1628 3644 1669 autem
3666 1619 3781 1686 jam

2203 1719 2304 1754 non
2333 1720 2443 1770 ego,
2480 1705 2596 1755 vivit
2627 1713 2650 1738 υ
2682 1705 2732 1755 in
2763 1721 2842 1755 me
2874 1702 3106 1756 Christus
3139 1702 3278 1766 (Cal.
3308 1713 3364 1772 ιι)
3399 1722 3412 1767 ;
3457 1714 3512 1756 et
3541 1707 3736 1758 iterum
3767 1723 3778 1756 :

521 1799 700 1849 lumen
723 1811 828 1848 non
846 1794 958 1862 'jam
979 1795 1136 1847 oculo
1160 1797 1402 1863 corporis
1431 1797 1718 1860 mstimare,
1745 1799 1834 1850 sed
1865 1801 2057 1851 mentis
2080 1816 2089 1862 ς

2206 1793 2271 1845 Ut
2317 1796 2359 1845 si
2409 1795 2772 1862 primogenitae
2815 1797 2867 1845 in
2908 1794 3084 1846 multis
3125 1794 3368 1862 fratribus
3421 1794 3596 1860 (Rom.
3646 1803 3778 1858 vni).

521 1896 576 1941 et
600 1898 622 1925 ε
653 1896 830 1940 ortum
860 1883 1235 1952 deiectamque
1265 1886 1380 1951 ejus
1412 1888 1709 1953 intelligant
1746 1890 1952 1940 ratione
1989 1906 2102 1940 ma-

521 1981 598 2043 gis
628 1992 788 2044 quam
816 1974 1121 2028 infirmitate
1145 1976 1434 2029 subsistere
1461 1994 1474 2039 ;
1497 1975 1521 2011 ά
1545 1992 1663 2044 qua:
1693 1994 1959 2046 nunquam
1985 1990 2098 2031 tan-

522 2076 629 2118 tans
652 2066 813 2118 rebus
841 2065 1046 2118 cunctis
1081 2067 1433 2119 mutationem
1483 2067 1652 2130 daret,
1704 2069 1803 2120 nisi
1840 2079 1981 2121 esset
2026 2071 2097 2122 illi

521 2157 634 2210 haec
653 2157 789 2208 ratio
815 2170 845 2207 a
873 2154 1132 2208 Creatore
1161 2157 1375 2208 collata.
1402 2156 1536 2210 Ecce
1562 2159 1882 2211 elementum
1913 2176 2096 2224 maris,

520 2247 641 2297 luna
673 2246 973 2307 deficiente,
1006 2246 1338 2307 subducitur,
1370 2249 1556 2300 eadem
1583 2259 1876 2312 crescente,
1911 2267 2096 2304 cumu-

520 2338 658 2388 latur
686 2354 696 2386 :
732 2347 788 2389 ut
817 2337 880 2388 ad
907 2345 1112 2389 motum
1137 2337 1255 2401 ejus
1284 2346 1376 2390 aut
1404 2339 1558 2392 undas
1587 2341 1724 2393 intra
1768 2356 1825 2394 se
1854 2343 2093 2405 redeant,

520 2435 612 2478 aut
636 2436 657 2462 °
691 2425 885 2478 ﬂuenta
917 2441 1020 2477 non
1053 2428 1265 2494 capiant
1296 2445 1306 2478 :
1338 2428 1407 2480 ita
1437 2436 1494 2480 ut
1538 2429 1746 2494 quoties
1776 2431 1898 2483 luna
1926 2438 2096 2484 muta-

523 2524 607 2566 tur
647 2516 699 2566 in
730 2515 946 2577 lumine,
979 2517 1139 2568 toties
1179 2516 1192 2552 ί
1232 2519 1395 2570 maria
1445 2525 1719 2570 mutentur
1745 2519 1795 2569 in
1829 2517 2093 2573 fluctibus.

519 2605 756 2671 Denique
795 2605 1042 2659 dicuntur
1081 2608 1193 2673 ipsa
1240 2609 1403 2659 maris
1442 2609 1675 2660 natantia
1714 2609 1767 2662 in
1801 2623 1958 2664 carne
2000 2627 2095 2664 sua

518 2695 752 2763 pleniora
783 2710 900 2764 esse
929 2711 1048 2748 cum
1099 2696 1219 2749 luna
1253 2697 1484 2764 perfecta
1514 2708 1614 2758 est,
1667 2710 1719 2752 ct
1749 2703 2009 2756 exhausta
2041 2711 2095 2755 et

515 2783 773 2836 diminuta
795 2800 918 2837 cum
948 2785 1034 2836 illa
1067 2787 1340 2838 minuitur.
1380 2787 1569 2852 Magna
1606 2789 1773 2855 igitur
1793 2789 1929 2844 lunte
1956 2793 2093 2845 ratio

515 2881 614 2934 est,
642 2882 695 2924 et
718 2887 906 2938 magna
940 2875 1258 2939 pratstantia,
1284 2891 1401 2943 quae
1429 2878 1610 2943 vigore
1636 2893 1736 2932 suo
1757 2882 1827 2932 ita
1856 2882 2094 2934 elemen-

515 2969 564 3014 ta
597 2963 804 3022 minuit,
839 2971 895 3014 Iit
925 2979 1108 3015 rursus
1135 2965 1423 3032 adimpleat
1450 2985 1461 3016 :
1499 2969 1568 3019 ita
1598 2969 1800 3036 implet,
1833 2980 1890 3024 ut
1917 2973 2090 3026 denuo

514 3052 836 3104 minuantur.
879 3051 1112 3118 Scilicet,
1163 3063 1218 3106 ut
1257 3055 1478 3110 diversis
1524 3059 1716 3124 quibus
1736 3063 1839 3113 tam
1883 3063 2089 3117 vicibus

2204 1881 2368 1935 Recte
2415 1885 2572 1950 plane
2620 1885 2756 1936 luna:
2812 1893 3152 1952 comparatur
3207 1884 3448 1937 Ecclesia
3483 1903 3494 1935 :
3528 1888 3780 1952 quoniam

2200 1981 2255 2025 et
2301 1974 2409 2040 ipsa
2450 1989 2547 2025 nos
2591 1975 2788 2025 lavacri
2839 1988 2960 2026 rore
3006 1972 3292 2040 perfundit,
3334 1984 3389 2026 et
3435 1983 3635 2026 tetram
3664 1990 3781 2028 cor-

2202 2066 2345 2134 poris
2393 2066 2559 2119 nostri
2609 2054 2943 2133 baptismatis
2997 2081 3119 2117 rore
3172 2066 3428 2118 vivificat.
3477 2065 3648 2118 Recte
3701 2066 3781 2117 luo

2200 2173 2280 2209 nte
2335 2167 2686 2225 comparatur
2748 2155 2985 2210 Ecclesia
3046 2173 3058 2206 :
3111 2156 3234 2222 quia
3284 2165 3339 2208 et
3389 2157 3501 2223 ipsa
3563 2167 3588 2190 ο
3649 2170 3779 2220 aug-

2199 2258 2437 2300 mentum
2491 2249 2756 2314 acquirit,
2821 2249 3128 2314 patiturque
3180 2244 3469 2299 delectum.
3523 2245 3778 2299 Minuitur

2198 2342 2336 2394 enim
2382 2356 2520 2406 saepe
2553 2358 2566 2391 :
2601 2339 2906 2406 frequenter
2942 2347 3202 2404 augetur:
3227 2337 3482 2388 minuitur
3522 2352 3779 2404 persecu-

2198 2431 2463 2491 tiouibus,
2515 2428 2980 2496 prtcdicationibus
3033 2428 3336 2494 ampliatur.
3391 2435 3416 2473 P
3464 2425 3775 2484 Det-rescit,

2197 2535 2317 2572 cum
2366 2518 2619 2570 minuitur
2658 2515 2811 2578 filiis;
2843 2515 3074 2576 crescit,
3111 2529 3232 2567 cum
3274 2513 3601 2583 martyribus
3627 2528 3779 2568 coro-

2197 2620 2392 2673 natur;
2435 2618 2487 2661 et
2537 2608 2721 2661 eadem
2765 2621 2956 2668 causa,
2998 2621 3100 2673 qua
3132 2606 3314 2658 tribuit
3357 2606 3431 2658 illi
3470 2605 3774 2669 defectum,

2198 2701 2309 2768 ipsa
2340 2705 2556 2766 pnestat
2583 2705 2944 2764 augmentum.
2979 2695 3308 2763 Frequenter
3330 2696 3471 2748 enim
3501 2711 3642 2762 quos
3680 2696 3775 2748 do-

2195 2795 2269 2847 let
2299 2799 2685 2861 persecutores,
2732 2789 2875 2857 ipsos
2913 2787 3105 2854 recipit
3148 2785 3506 2840 confessurus.
3554 2785 3776 2850 Quoties

2193 2900 2334 2950 eam,
2364 2883 2502 2935 sicut
2522 2882 2725 2945 lunam,
2756 2879 2952 2947 putatis
2972 2891 3248 2944 magorum
3278 2887 3304 2925 ιι
3344 2878 3679 2932 carminibus
3704 2879 3776 2929 la-

2193 2975 2411 3027 borasse
2434 2975 2457 3024 ’ἐ
2487 2971 2707 3036 Quoties
2732 2985 2848 3022 eam
2879 2970 3030 3022 malae
3057 2976 3201 3020 artes
3231 2967 3296 3021 de
3326 2969 3445 3021 caeli
3480 2981 3652 3034 regno
3682 2968 3774 3022 de-

2193 3064 2386 3117 ducere
2417 3060 2737 3114 voluerunt?
2778 3058 2908 3111 Nam
2956 3057 3183 3126 primum
3233 3059 3416 3126 utique
3465 3055 3692 3111 Jamnes
3728 3069 3776 3110 et

512 3151 660 3208 grata
691 3144 760 3194 sit
787 3146 1155 3203 commutatio,
1199 3145 1324 3198 dum
1358 3149 1622 3214 reparatio
1653 3149 1709 3200 lit
1736 3150 1992 3217 perfecta.
2030 3153 2095 3204 Et
2121 3134 2165 3194 (ἶ
2198 3151 2460 3204 Mambres
2493 3149 2634 3217 magi
2676 3163 2800 3201 cum
2830 3146 2996 3216 Moysi
3038 3146 3201 3214 Signis
3243 3147 3610 3214 prodigiisque
3648 3149 3775 3201 resi-

511 3240 767 3300 quantum
799 3233 955 3285 terris
1002 3233 1255 3299 largiatur
1295 3246 1661 3302 augmentum,
1715 3241 1964 3293 omnibus
1993 3257 2092 3294 no-

512 3331 621 3374 tum
653 3331 751 3383 est,
782 3331 805 3368 It
855 3330 1055 3388 quanto
1099 3339 1224 3377 rore
1262 3326 1430 3380 saltus
1467 3327 1673 3389 refecit,
1715 3343 1853 3396 quos
1880 3332 2088 3385 diurnis

509 3413 659 3465 horis
704 3413 834 3464 solis
887 3414 1046 3464 artior
1094 3423 1375 3465 exusserat
1426 3454 1438 3466 .
1483 3423 1538 3467 et
1567 3416 1922 3470 admiratione
1960 3435 2090 3486 qua-

510 3502 650 3567 dam,
683 3502 709 3538 δ
738 3502 1052 3555 ardentibus
1079 3513 1209 3555 testu
1241 3505 1395 3557 rebus
1423 3508 1712 3560 serenitate
1749 3519 1962 3577 praestet
1991 3509 2090 3562 hu-

510 3606 734 3643 morem.
766 3589 914 3642 Novo
944 3591 1084 3642 enim
1114 3606 1327 3657 genere,
1381 3593 1713 3649 illuminante
1739 3597 1883 3660 luna,
1915 3599 2086 3652 madi-

510 3681 627 3731 dam
659 3691 854 3732 terram
889 3684 1149 3734 serenitas
1179 3683 1321 3736 facit.
1356 3685 1582 3738 Grandis
1626 3704 1754 3755 ergo
1786 3693 1922 3743 ratio
1948 3693 2083 3744 lunae

510 3779 608 3832 est,
653 3771 760 3822 imo
783 3771 981 3836 grande
1012 3773 1169 3842 33-3
1193 3777 1526 3840 mysterium.
1554 3775 1800 3832 Exiuanit
1842 3796 1899 3834 se
1928 3783 2086 3834 lumi-

508 3874 597 3922 ne,
644 3869 702 3911 ut
743 3861 989 3912 universa
1033 3873 1238 3914 recreet
1278 3864 1502 3918 humore
1541 3877 1593 3918 et
1640 3866 1653 3903 ί
1704 3869 1890 3923 imbre.
1923 3870 1998 3924 lta
2028 3880 2083 3926 et

508 3948 749 4000 Christus
775 3947 1032 4002 Dominus
1059 3952 1350 4005 exinanivit
1394 3968 1454 4006 se
1481 3954 1781 4024 divinitate,
1823 3969 1880 4011 ut
1907 3961 2082 4015 homi-

505 4050 601 4090 nes
629 4038 864 4104 repleret
893 4039 1310 4094 immortalitate.
1343 4039 1493 4096 Unde
1534 4046 1607 4096 ait
1634 4046 1821 4100 beatus
1849 4049 2080 4116 Aposto-

507 4127 586 4178 lus
621 4144 631 4176 :
669 4124 767 4188 Qui
801 4143 914 4180 cum
941 4129 994 4180 in
1021 4130 1191 4198 [arma
1215 4130 1310 4184 Dei
1341 4142 1476 4186 esset
1495 4137 1820 4202 constitutus,
1861 4157 1964 4194 non
1993 4159 2079 4194 ra-

505 4218 682 4286 pinam
709 4217 989 4272 arbitratus
1021 4230 1097 4272 est
1124 4237 1234 4274 esse
1256 4239 1309 4274 se
1336 4225 1580 4293 aqualem
1612 4225 1722 4280 Deo
1745 4245 1761 4280 .'
1784 4232 1876 4282 sed
1894 4243 2080 4285 sentiet-

504 4308 672 4373 ipsans
696 4307 977 4359 exinanioit
1022 4310 1240 4377 formam
1269 4312 1397 4364 servi
1436 4315 1692 4382 accipiens
1728 4316 1945 4387 (Philip.
1995 4321 2075 4390 ιι).

505 4395 811 4448 Exinanivit
839 4412 969 4463 ergo
990 4413 1048 4451 se
1076 4397 1340 4464 Christus,
1374 4411 1432 4455 ut
1457 4405 1622 4458 vitam
1658 4416 1873 4476 praestet
1901 4411 2077 4466 homi-

2195 3249 2418 3305 sterent,
2450 3239 2739 3293 Ecclesiam
2769 3238 3082 3289 subvertere
3122 3235 3411 3304 cupiebant
3439 3254 3451 3286 :
3484 3237 3581 3289 sed
3611 3239 3773 3291 sacris

2197 3333 2414 3384 vocibus
2437 3328 2792 3382 veneficarum
2805 3341 3020 3380 carmen
3039 3341 3234 3379 nocere
3253 3327 3409 3395 339
3437 3341 3546 3379 non
3579 3329 3766 3395 potuit.

2192 3423 2330 3477 Nihil
2351 3423 2492 3476 enim
2515 3420 2904 3474 incantationes
2930 3418 3130 3483 valent,
3161 3417 3247 3469 ubi
3278 3416 3471 3470 Christi
3505 3419 3769 3471 canticum

2192 3514 2522 3566 decantatur.
2555 3509 2757 3564 Deinde
2803 3523 2922 3560 cum
2963 3506 3104 3574 apud
3133 3505 3374 3572 Sergium
3421 3516 3442 3543 τ
3490 3504 3767 3560 Paulinum

2191 3601 2564 3671 proconsulem
2594 3598 2779 3652 Simon
2811 3596 2993 3663 Magus
3021 3595 3241 3647 Paulum
3269 3595 3573 3662 apostolum
3599 3611 3768 3664 oppu-

2185 3701 2392 3762 gnaret,
2422 3692 2604 3757 utique
2647 3686 2896 3740 Ecclesitn
2924 3702 3017 3738 vas
3042 3686 3303 3750 tentabat,
3334 3693 3386 3737 et
3416 3686 3671 3739 veneficis
3695 3701 3769 3738 ar-

2185 3784 2325 3837 tibus
2349 3783 2492 3834 illum
2523 3793 2778 3847 quassare
2806 3777 3087 3845 cupiebat;
3139 3774 3232 3829 sed
3264 3785 3411 3827 tanta
3453 3776 3519 3827 ab
3550 3776 3644 3828 illo
3670 3776 3767 3827 vir-

2183 3881 2298 3927 tute
2327 3871 2604 3925 convictus
2647 3877 2749 3930 est,
2799 3876 2858 3920 ut
2900 3881 3006 3918 non
3051 3864 3224 3918 solum
3255 3863 3387 3916 artis
3436 3863 3762 3923 inﬁrmitate.

2183 3964 2276 4018 sed
2305 3963 2466 4016 etiam
2489 3959 2769 4013 oculorum
2795 3971 2918 4009 eum
2948 3956 3238 4009 amissione
3265 3961 3513 4017 czecaret,
3539 3962 3597 4008 et
3625 3953 3762 4022 pari-

2187 4063 2267 4107 ter
2298 4052 2371 4105 itli
2399 4050 2632 4103 auferret
2653 4062 2890 4108 carmen,
2915 4054 2970 4098 et
2997 4045 3189 4098 visum.
3220 4043 3336 4096 Non
3362 4043 3763 4119 enisa-mereba-

2186 4141 2493 4196 turbabere
2523 4137 2766 4207 corporis
2803 4136 3008 4198 oculos,
3050 4135 3140 4203 qui
3170 4133 3366 4186 mentis
3394 4133 3585 4186 oculos
3608 4129 3762 4200 δεῖ)

2183 4251 2290 4288 non
2322 4231 2572 4287 habebat.
2623 4227 2762 4294 Quid
2804 4236 2982 4288 autem
3013 4226 3253 4280 dicamus
3292 4225 3360 4277 de
3389 4223 3641 4292 apostolo
3669 4220 3761 4275 Pe-

2185 4333 2268 4378 tro
2299 4325 2321 4376 ?
2348 4321 2482 4388 Quia
2512 4323 2704 4374 iterum
2750 4316 3021 4370 Simonem
3063 4316 3115 4367 in
3147 4313 3387 4368 Romana
3415 4313 3548 4366 urbe
3578 4311 3754 4366 Eccle-

2186 4417 2278 4470 sia:
2308 4413 2650 4467 fundamenta
2681 4408 3010 4468 turbantem,
3043 4406 3347 4459 orationum
3389 4419 3609 4457 suarum
3635 4401 3754 4456 soli-

501 4485 654 4539 nibus
690 4503 702 4539 ε
739 4488 751 4535 i
789 4487 1068 4540 evacnavit
1117 4503 1176 4541 se
1207 4498 1264 4542 ut
1293 4491 1592 4559 profectum
1622 4496 1820 4552 tribuat
1846 4503 2074 4556 elemen.
2104 4499 2151 4557 D
2179 4507 2346 4559 ditate
2366 4498 2677 4571 prostravit.
2712 4496 2846 4551 Cum
2875 4496 3017 4549 enim
3047 4495 3136 4549 ille
3165 4493 3369 4547 artibus
3398 4494 3627 4562 magicis
3654 4489 3756 4545 ela-

571 4714 596 4777 ξ
625 4703 755 4777 Cod.
792 4705 1058 4777 Ambros,
1092 4707 1182 4758 illa
1212 4712 1537 4777 conuertitur,
1567 4725 1670 4766 etc.

570 4773 594 4810 δ
624 4775 755 4846 Cod.
791 4776 1036 4846 Ambros.
1071 4777 1197 4843 legit
1222 4787 1275 4828 ut
1304 4794 1400 4846 pro
1430 4791 1497 4833 et.

573 4853 594 4881 ε
628 4844 1034 4924 (ἐθώβηιὺι-οε.
1071 4846 1255 4912 plurali
1284 4844 1508 4903 numero
1553 4851 1714 4904 habet
1742 4863 1884 4909 ortus
1927 4857 2072 4928 defe-

497 4926 1029 5062 cmfggdfﬁxmbros.
1078 4983 1202 5062 legit
1238 5002 1650 5062 quiestunquam
1688 4999 1884 5062 tantam
1925 4995 2072 5062 rebus

494 5053 1053 5173 eunetisuzt‘utationem
1079 5053 1258 5118 daret,
1277 5057 1376 5108 nisi
1423 5053 1553 5110 esset
1588 5059 1694 5112 illis
1723 5061 1828 5114 haec
1849 5079 1881 5115 a
1909 5061 2062 5116 Crea-

496 5130 601 5173 tore
627 5137 684 5173 co
783 5137 833 5172 a.

496 5130 601 5173 tore
627 5129 833 5173 collata.

569 5200 590 5266 ξ
779 5190 1050 5266 Ambros,
1073 5200 1161 5243 aut
1187 5208 1244 5244 se
1263 5193 1458 5260 ﬂuenta
1486 5211 1586 5248 non
1617 5200 1842 5266 capiant.

569 5258 587 5295 ί
776 5261 1046 5333 Ambros.,
1076 5277 1220 5333 mare
1243 5258 1463 5316 mittetur
1488 5266 1541 5316 in
1573 5258 1827 5333 ﬂuetibus.

565 5336 589 5408 ς
1071 5330 1192 5383 dum
1218 5340 1467 5408 noema
1485 5327 1602 5388 rore
1623 5339 1784 5390 saltus
1811 5339 1994 5408 reﬁcit.

564 5395 592 5466 lt
617 5396 758 5451 Idem
782 5399 909 5451 cod.
933 5398 1209 5466 Ambros.,
1238 5400 1520 5456 urentibus.

572 5465 586 5503 ⁵
617 5467 672 5519 In
695 5467 818 5521 cod.
849 5468 1097 5522 Ambros.
1121 5470 1277 5524 deest
1299 5473 1477 5524 imbre.

573 5547 585 5584 ι
784 5539 1030 5616 Ambros.
1069 5537 1195 5616 legit
1222 5551 1430 5594 παρειαί
1457 5557 1514 5595 se
1549 5541 1690 5606 luna,
1720 5551 1777 5596 ut
1800 5560 1856 5598 se
1892 5548 2068 5616 profe-

492 5616 626 5656 etum
649 5607 834 5658 tribuat
855 5608 1130 5659 elementis.

564 5673 588 5708 ¹ι
613 5674 743 5728 Cod.
769 5676 1014 5731 Ambros.
1038 5677 1198 5733 habet
1218 5679 1352 5735 tunc
1371 5680 1493 5746 quid
1510 5681 1612 5735 nisi
1631 5679 1916 5736 Ecclesium
1936 5700 2068 5736 com-

2178 4719 2492 4790 parabimus.

2258 4788 2270 4825 |
2307 4788 2450 4840 Idem
2481 4785 2601 4840 cod.
2634 4785 2904 4846 Ambros.,
2933 4783 3257 4852 splendorem
3281 4784 3379 4837 sibi
3404 4797 3472 4836 es:
3495 4798 3578 4835 eo.

2254 4867 2290 4893 ιιι
2319 4856 2449 4909 Cod.
2477 4855 2734 4924 Ambros.
2753 4855 2914 4907 habet
2941 4855 3031 4924 sed
3059 4854 3258 4924 fratris.

2250 4937 2275 4963 ι·
2305 4926 2448 4980 Idem
2477 4925 2599 4978 cod.
2623 4923 2894 4984 Ambros.,
2915 4923 3029 4976 civit
3051 4923 3164 4976 vero
3189 4925 3241 4976 in
3270 4939 3367 4984 me,
3389 4931 3493 4976 etc.

2251 5008 2286 5076 υ.
2302 4995 2435 5047 Cod.
2464 4993 2709 5076 Ambros.
2761 4992 2884 5076 legit
2905 4994 3024 5076 quia
3057 5004 3112 5076 et.
3131 4995 3248 5062 ipsa
3292 4991 3438 5045 lubet
3466 5003 3611 5046 ortus
3638 5004 3746 5044 suos

2179 5066 2466 5136 patiturque
2484 5064 2732 5132 defectus.
2759 5061 3030 5124 Minuitur,
3062 5061 3167 5116 etc.

2249 5145 2275 5182 ρ
2303 5133 2446 5187 Idem
2493 5131 2613 5184 cod.
2665 5131 2933 5195 Ambros,
2965 5129 3225 5184 Decrescit
3266 5146 3381 5184 cum
3426 5131 3663 5186 ciebam
3686 5128 3744 5196 ῥα

2170 5203 2272 5320 ιωᾶ
2301 5269 2432 5324 Cod.
2476 5268 2747 5332 Ambros.,
2777 5265 2985 5330 Quoties
3011 5273 3146 5333 eam,
3174 5273 3305 5338 sicut
3333 5271 3536 5334 lunam,
3563 5265 3741 5338 putetis

2173 5356 2440 5412 magorum
2488 5339 2722 5412 carmina
2765 5347 3152 5406 temptaverunt.
3184 5337 3393 5402 Quoties
3441 5336 3571 5392 eas"
3601 5336 3739 5392 ηοω

2173 5409 2308 5463 artés
2337 5409 2401 5462 de
2428 5409 2616 5461 calcati
2649 5423 2830 5476 regno,
2851 5415 2984 5476 etc.‘

2266 5490 2286 5518 τ
2310 5476 2476 5532 Codd.
2510 5472 2757 5529 Ambros.
2789 5485 2844 5529 et
2870 5476 2938 5530 90
2964 5474 3020 5530 S.
3050 5475 3238 5532 Crucis
3286 5477 3338 5531 in
3386 5473 3500 5531 Jer.
3536 5472 3738 5528 Paulum

2172 5548 2373 5616 legunt,
2395 5562 2522 5600 non-
2536 5545 2838 5616 Pastinum;
2861 5561 2978 5615 quin
2996 5547 3152 5603 lectio
3174 5545 3470 5602 conformis
3488 5553 3572 5600 est
3586 5537 3736 5598 textui

2175 5614 2292 5672 Act.
2324 5625 2498 5685 apoat.
2527 5630 2638 5681 sui,
2673 5614 2723 5668 7.
