3910 6238
164 258 274 313 489

165 380 258 425 tus
297 383 467 442 esset,
500 386 559 431 ut
592 382 754 435 etiam
800 399 896 453 per
921 390 1062 443 aeris
1107 393 1277 459 spatia
1306 395 1589 452 volitaret:
1620 409 1645 437 ι
1672 402 1760 456 hic

164 459 320 514 illum
352 464 553 521 virtute
581 468 802 537 dcjecit,
837 483 894 527 ut
925 485 1073 532 tanto
1102 480 1260 535 altius
1288 483 1526 554 caderet,
1554 499 1756 557 quanto

160 549 454 609 sublimius
486 558 780 615 volitasset.
815 563 952 620 Vere
981 568 1125 623 enim
1173 569 1364 626 Petrus
1391 574 1419 613 δ
1449 583 1558 631 tam
1586 579 1760 633 solida

1610 286 1892 347 HOMILIA
1928 291 2034 348 CII.

3351 316 3455 370 £90

1788 410 1834 467 Α
1864 412 2015 473 petra
2057 408 2175 461 saxi
2205 408 2353 464 illum
2381 411 2626 469 allisione
2652 419 2987 490 comminuit,
3021 433 3079 478 ut
3108 428 3201 495 qui
3229 430 3330 498 sibi
3361 449 3451 485 re-

1863 509 1966 563 gna
1996 496 2235 570 caelestia
2286 502 2653 567 promittebat,
2705 516 2931 565 terrente
2972 517 3158 571 mortis
3200 530 3221 558 ε
3253 496 3449 575 duritie

1868 584 2087 652 periret.
2120 584 2369 657 EXplicit.

1556 691 1898 756 HOMILIA
1936 696 2062 758 CII.

708 773 787 829 De
812 794 873 832 eo
894 783 1031 850 quod
1050 786 1294 850 scriptum
1319 796 1394 842 est
1421 790 1475 843 in
1505 790 1649 846 Isaia
1678 812 1792 865 cap.
1827 813 1842 850 ι
1877 816 1888 849 :
1923 796 2192 868 Caupones
2221 804 2295 854 tui
2322 805 2534 859 miscent
2561 824 2745 879 aquam
2772 814 2905 869 t-ino.

1618 882 2008 939 ADMONITIO.

157 1423 309 1543 md
349 1423 657 1485 Gennadius
695 1423 929 1506 scripsit:

272 1530 290 1543 .
318 1500 374 1543 et
402 1495 735 1543 Marum-inn:
765 1506 815 1543 in
847 1507 929 1543 ιω

272 1500 374 1556 ,et
402 1495 516 1549 Mar

156 1558 457 1617 elusermit.

157 1647 659 1751 Ancuullen'wuu—
683 1657 892 1751 Scrip'ta
923 1665 1080 1748 Isaiae
1124 1673 1276 1751 verba
1315 1680 1525 1746 mystice
1575 1684 1746 1751 expli-

226 1721 400 1773 canda
428 1741 539 1822 essLe
568 1732 752 1822 discens
793 1721 1058 1792 Maximus
1106 1742 1180 1793 ait
1210 1743 1271 1822 de
1302 1721 1612 1822 caZponibus
1645 1721 1748 1822 Qui

226 1803 460 1822 "mm,
544 1813 595 1822 η
625 1815 735 1822 ,,,,-
803 1819 826 1822 η
1021 1818 1031 1822 Α
1172 1820 1179 1822 -

224 1794 759 1888 prwsunlt'b‘cclcsiis,
799 1819 900 1888 nea
944 1818 1117 1888 autem
1162 1794 1425 1888 tabernis:
1442 1794 1744 1888 prophetam

224 1857 388 1927 loqui,
410 1862 627 1932 illosque
648 1868 712 1919 ab
746 1857 931 1925 eodem
968 1857 1030 1929 ar
1101 1881 1117 1931 i
1215 1884 1282 1934 od
1309 1857 1601 1957 11:232wa
1628 1906 1745 1959 spe-

226 1928 355 1979 cient
382 1936 707 2000 permiscent,
741 1956 853 1993 cum
892 1896 1096 1999 mnndiiu
1112 1898 1542 2000 agiles-rationibus
1577 1960 1745 2000 dolan-

226 1928 355 1979 cient
382 1928 707 2012 permiscent,
741 1956 853 1993 cum
892 1928 1070 1999 mundi
1112 1928 1542 2010 adlectationibtis
1577 1928 1745 2012 ἀείέο-

225 2002 425 2081 tantur,
449 2003 699 2081 rebusque
724 2014 919 2081 sanctis
945 2015 1065 2069 viles
1090 2018 1338 2074 inserunt.
1365 2022 1629 2080 Prwterea
1658 2045 1743 2081 os-

225 2065 391 2118 tendit
421 2086 521 2137 qua
551 2065 753 2129 ratione
778 2077 1077 2137 Judworum
1099 2090 1390 2145 sacerdotes
1414 2110 1601 2165 aquam
1622 2099 1739 2151 vino

225 2134 387 2165 ωιὲορυ
397 2140 528 2165 ,μέμο

223 2140 545 2191 miscuerint.

219 2266 340 2321 Non
389 2269 731 2331 incommode
760 2288 885 2337 ante
914 2283 1029 2339 dies
1059 2286 1085 2323 ά
1114 2303 1313 2358 paucos
1346 2298 1617 2362 prosecuti
1643 2314 1736 2353 su-

142 2374 270 2413 mus
299 2359 629 2419 iunctionem
660 2368 797 2425 hanc
829 2377 1218 2435 sacerdotalem
1250 2384 1421 2438 vicem
1450 2391 1737 2455 quamdam

140 2452 352 2516 negotii
381 2453 636 2523 retinere,
665 2466 718 2511 et
762 2472 1022 2528 quaestum
1050 2482 1169 2523 esse
1198 2487 1305 2526 non
1334 2476 1604 2532 modicum
1633 2481 1737 2538 hoc

137 2537 437 2594 clericatus
490 2542 743 2601 ofﬁcium.
800 2548 895 2605 Est
942 2566 1178 2621 quastus
1214 2562 1373 2630 plane
1419 2579 1526 2621 non
1564 2566 1737 2625 modi-

136 2643 260 2691 cus,
292 2629 384 2682 ubi
414 2631 619 2687 lucrum
649 2653 754 2692 non
784 2645 1149 2723 pecuniarum.
1183 2653 1274 2707 sed
1300 2658 1595 2724 acquiritur
1621 2665 1735 2717 ani-

135 2731 386 2783 marum;
419 2730 504 2774 est
532 2738 724 2792 magna
753 2712 1069 2800 negotiatio,
1107 2740 1196 2793 ubi
1217 2744 1523 2815 redemptio
1561 2752 1735 2809 homi-

134 2803 227 2861 nis
253 2818 485 2876 constat,
520 2830 630 2868 non
657 2825 679 2853 ε·
710 2828 1156 2883 annumeratione
1186 2812 1361 2899 pretii,
1400 2838 1494 2891 sed
1525 2855 1731 2899 annun-

134 2894 368 2950 tiatione
397 2904 672 2971 praecepti.
707 2905 1037 2980 Praeceptum
1069 2894 1210 2973 enim
1239 2921 1438 2979 Christi
1472 2929 1730 2987 talentum

137 2986 419 3051 quoddam
450 3001 532 3044 est
563 2997 877 3065 pretiosum,
920 3019 1027 3072 quo
1056 3009 1198 3063 salus
1229 3026 1591 3083 comparatur,
1622 3036 1730 3089 quo
1757 3039 1800 3099 ρ

137 3074 243 3099 ..ειη
276 3075 557 3099 -,.,³ι-..ξ..-η
636 3097 643 3099 ξ
661 3092 672 3099 .
1109 3094 1123 3099 -

130 3074 245 3127 vita
275 3075 561 3133 redimitur
586 3099 598 3133 :
623 3092 679 3137 et
708 3101 898 3155 magna
922 3100 1006 3147 est
1030 3074 1495 3175 redemptio,-cum
1522 3116 1577 3160 et
1604 3074 1732 3177 pre-

132 3162 269 3215 tium
302 3164 484 3233 datur,
516 3182 571 3223 et
600 3177 825 3240 pecunia
852 3195 962 3234 non
1000 3184 1233 3240 videtur.
1277 3162 1559 3249 'Talentum
1602 3213 1731 3269 ergo

128 3252 389 3320 magnum
422 3272 744 3330 praeceptum
774 3277 856 3321 est
882 3268 1195 3341 Salvatoris,
1228 3280 1375 3347 quod
1404 3289 1729 3344 commodnti

124 3342 250 3397 vice
279 3345 424 3412 apud
454 3347 675 3407 idoneos
701 3355 964 3422 proiicere
992 3372 1191 3430 potest,
1225 3342 1369 3437 apud
1396 3374 1727 3443 negligentes

126 3441 317 3499 potest
353 3435 640 3506 deperire;
672 3445 790 3499 aliis
818 3449 964 3503 enim
988 3467 1110 3505 cum
1141 3435 1416 3527 multiplici
1438 3435 1609 3526 gratia
1639 3482 1725 3521 re-

122 3522 392 3586 stituitur,
427 3527 495 3580 ab
534 3530 652 3585 aliis
690 3548 812 3589 eum
855 3554 1134 3607 pmnarum
1183 3561 1340 3602 usura
1390 3550 1717 3621 deposcitur.

120 3606 373 3666 Christus
415 3616 557 3670 enim
603 3606 867 3679 talentum,
907 3629 1052 3695 quod
1097 3606 1719 3701 commendatmecesse

119 3706 211 3752 est
262 3709 322 3753 ut
370 3706 646 3772 requirat,
693 3721 746 3764 et
787 3715 1015 3770 solventi
1064 3724 1290 3787 gratiam
1332 3728 1565 3795 referat,
1608 3717 1715 3790 non

117 3788 429 3844 solventem
458 3794 651 3849 subdat
676 3799 899 3868 injuriis.
933 3805 1125 3862 Subdit
1148 3811 1308 3879 plane
1332 3815 1542 3883 injuriis
1562 3837 1715 3879 more

123 3879 347 3945 mundi;
380 3890 441 3935 ut
467 3884 698 3954 debitor,
725 3893 816 3961 qui
842 3896 1200 3957 redhibitione
1226 3879 1535 3965 substantiae
1555 3916 1714 3972 satis-

119 3966 305 4023 facere
354 3988 465 4027 non
495 3986 701 4045 potest,
741 3985 1035 4041 satisfaciat
1079 3993 1160 4046 vel
1198 4000 1441 4066 corporis
1484 4004 1705 4062 ultione.

115 4055 235 4112 Hoc
265 4073 397 4127 ergo
427 4063 703 4134 talentum,
735 4070 944 4139 fratres,
988 4094 1087 4133 nos
1114 4055 1496 4151 praedicatione
1524 4076 1707 4151 nostra

112 4148 314 4202 vestris
337 4155 648 4218 pectoribus
678 4166 1135 4238 commendamus,
1166 4182 1221 4227 ut
1250 4176 1456 4233 lucrum
1486 4183 1706 4253 aliquod

111 4235 308 4293 salutis
334 4248 527 4297 vestra:
559 4244 785 4303 Domino
824 4252 1182 4323 designemus.
1214 4262 1703 4333 Rationemdaturi

109 4338 302 4380 sumus
330 4330 563 4396 qualiter
590 4345 684 4390 aut
732 4342 1039 4407 prmdicatio
1088 4360 1268 4408 nostra

108 4415 423 4472 obedientia
473 4432 647 4479 vestra
695 4427 1006 4499 fructiticet;
1051 4454 1155 4493 non
1206 4446 1349 4500 enim
1396 4451 1512 4505 sine
1538 4469 1697 4513 causa

109 4500 468 4575 Evangelium
498 4518 802 4584 annuntiat,
836 4522 1125 4591 Apostolus
1146 4532 1361 4603 clamat,
1387 4544 1699 4603 sacerdotes

109 4592 409 4662 loquuntur
437 4617 450 4651 :
484 4601 538 4655 in
568 4604 931 4678 cujuscunque
957 4629 1116 4672 aures
1143 4636 1246 4675 vox
1284 4638 1469 4683 sancta
1499 4648 1694 4701 perve-

107 4686 275 4751 nerit,
307 4696 401 4742 aut
428 4689 619 4749 beatus
647 4698 751 4752 erit
780 4700 1095 4771 devotione,
1129 4720 1222 4766 aut
1261 4730 1386 4773 reus
1412 4720 1480 4776 de
1500 4686 1695 4783 conte-

104 4776 361 4829 statione.
394 4777 687 4848 Loquimur
716 4790 858 4842 enim
900 4792 1286 4857 beatitudinem
1326 4809 1689 4881 credentibus,

102 4871 477 4921 contestamur
515 4870 774 4938 judicium
804 4881 1121 4941 criminosis.
1155 4889 1559 4956 Mercimonium
1586 4906 1688 4973 igi-

101 4956 189 5004 tur
229 4962 320 5008 est
346 4956 738 5019 administratio
760 4972 1098 5031 sacerdotum
1132 4997 1145 5031 :
1177 4984 1317 5040 unde
1345 4996 1401 5042 et
1427 4956 1689 5063 prephEta

105 5040 229 5063 .I:-SA
284 5059 302 5063 Α
332 5045 343 5063 ι
378 5045 446 5063 οι·
542 5051 562 5063 ·
687 5056 701 5063 ‘
802 5058 827 5063 ”

1356 5040 1369 5042 _
1386 5040 1395 5041 κ
1427 5040 1481 5060 r—
1498 5040 1689 5063 'rI-V'“

102 5040 232 5097 dicit
280 5045 345 5098 ad
378 5045 513 5103 filios
541 5051 702 5108 Israel
736 5076 748 5108 :
788 5058 1055 5131 Cauponcs
1083 5076 1234 5126 vestri
1262 5078 1477 5135 miscent
1502 5102 1689 5154 aquam

102 5132 177 5154 ..2.-
192 5151 208 5154 _
253 5136 275 5154 Ι
290 5132 309 5154 1
322 5152 333 5154 _
351 5152 367 5154 μ
380 5138 391 5154 9
462 5138 473 5154 ὶ
525 5139 567 5154 ιν
744 5148 755 5154 -
863 5151 873 5154 “

1504 5132 1689 5154 -τη..,..

100 5132 212 5186 vino
249 5132 409 5203 (Isai.
435 5138 495 5204 ι).
522 5139 638 5197 Νοη
668 5148 812 5201 enim
843 5151 910 5205 de
938 5154 1003 5209 iis
1023 5165 1360 5223 cauponibus
1385 5169 1552 5230 Isaias
1571 5193 1691 5232 san-

394 5332 669 5420 dmbrosq
700 5344 774 5396 sic
803 5346 948 5401 ilium
988 5353 1113 5420 ﬁdei

98 5397 306 5473 snit,_at
334 5410 478 5455 tanto
508 5397 681 5473 altius,

167 5465 370 5546 ιξιιιεηι
412 5474 531 5528 cod.
565 5465 833 5549 Ambros,
877 5486 1006 5543 Vere
1034 5498 1172 5548 enim
1215 5500 1398 5558 Petrus
1438 5518 1682 5580 tanquam

167 5535 271 5580 lida
298 5549 444 5580 ινιτ-η
484 5548 597 5580 ειη-ὅ
649 5560 737 5580 Δοι-

107 5535 271 5609 solida
297 5549 445 5607 petra
480 5548 616 5609 saxi,
648 5560 757 5605 etc.

170 5616 189 5642 ε
219 5604 355 5660 fled.
392 5604 655 5680 Ambros.,
692 5604 909 5677 terrena!
938 5635 1115 5688 mortis
1146 5639 1345 5696 duritia
1364 5644 1635 5710 deperiret.

376 5705 643 5769 PATROL.
693 5715 882 5780 LVII.

1152 5375 1261 5415 sua:
1298 5367 1482 5423 virtute
1526 5374 1685 5442 depo-

1780 1686 1970 1744 Bctus
2026 1687 2261 1756 loquitur
2312 1695 2434 1760 qui,
2487 1698 2709 1764 publicis
2760 1705 3068 1764 ministeriis
3111 1716 3427 1783 servientes,

1850 1789 2051 1828 meram
2104 1780 2212 1833 vini
2260 1785 2492 1850 speciem
2541 1786 2871 1848 fraudulenta
2916 1797 3071 1871 3&1
3112 1818 3264 1872 aqua;
3312 1811 3427 1863 col—

1848 1862 2060 1919 luvione
2097 1870 2420 1935 permiscent
2461 1876 2582 1945 (nec
2625 1881 2767 1935 enim
2824 1884 2927 1940 hoc
2971 1890 3039 1942 ad
3090 1891 3305 1949 beatum
3351 1900 3429 1951 vi-

1846 1969 1964 2007 rum
1991 1972 2141 2012 more
2164 1959 2362 2026 judicis
2393 1968 2569 2021 saeculi
2600 1973 2867 2037 pertinere
2894 1986 3130 2048 poterat,
3160 2000 3257 2039 cur
3302 2004 3427 2042 cor-

1844 2046 2015 2112 ruptis
2085 2048 2427 2106 tabernarum
2498 2060 2761 2127 vasculis,
2814 2066 2987 2122 minus
3037 2070 3253 2129 ebrioso
3297 2079 3427 2145 potu

1843 2138 2070 2203 populus
2128 2145 2411 2212 uteretur),
2460 2148 2553 2201 sed
2600 2150 2667 2205 de
2721 2154 2822 2209 illis
2870 2159 3052 2227 utique
3097 2138 3427 2235 cauponibus

1840 2225 2077 2293 loquitur
2105 2232 2195 2297 qui
2218 2244 2453 2301 przesunt
2484 2237 2754 2307 Ecclesiis,
2783 2262 2888 2299 non
2923 2225 3314 2325 tabernis;-qui
3351 2260 3425 2313 si-

1838 2314 2091 2371 tientibus
2120 2323 2333 2390 populis
2375 2341 2479 2380 non
2521 2336 2969 2401 concupiscentia:
2995 2343 3218 2400 calicem
3245 2350 3423 2417 porri-

1839 2412 1989 2469 gunt,
2017 2407 2108 2461 sed
2130 2409 2361 2479 virtutis,
2390 2430 2493 2469 non
2526 2418 2802 2479 ebrietatis
2826 2428 3130 2487 ministrant
3154 2407 3424 2506 podulum,

1837 2494 1929 2547 sed
1958 2498 2205 2563 poculum
2229 2499 2543 2560 Salvatoris.
2566 2508 2702 2565 Istos
2722 2526 2851 2580 ergo
2873 2531 3143 2588 caupones
3154 2494 3423 2595 propheta

1836 2584 2009 2650 arguit
2029 2593 2083 2639 et
2112 2588 2378 2658 obiurgat,
2404 2600 2459 2646 et
2486 2598 2727 2663 queritur
2755 2617 2850 2657 eos
2873 2584 2997 2662 vino
3019 2584 3181 2680 aqua;
3188 2584 3423 2683 speciem

1835 2675 2187 2743 permiscere;
2221 2680 2325 2736 hoc
2374 2684 2619 2755 increpat
2666 2690 2719 2744 in
2768 2694 2881 2763 eis,
2930 2712 3052 2753 cum
3089 2699 3422 2761 functionum

1834 2763 2139 2822 divinarum
2183 2778 2676 2845 essentprtesules,
2726 2792 3020 2843 sectatores
3068 2806 3250 2847 rerum
3300 2797 3421 2855 facti

1832 2864 1958 2908 sunt
1987 2857 2357 2929 humanarum,
2390 2867 2530 2921 sicut
2551 2870 2665 2938 ipse
2688 2875 2763 2927 ait
2792 2879 3052 2946 propheta
3085 2898 3098 2935 :
3134 2883 3421 2945 Sectamini

1832 2947 2176 3017 unusquisque
2218 2951 2423 3007 domum
2452 2973 2598 3011 suam
2622 2960 2846 3033 (-Aggazi
2872 2968 2946 3036 1).
2997 2968 3248 3044 Quisquis
3276 2980 3418 3034 enim

1833 3035 2099 3100 sacerdos,
2131 3039 2320 3095 relicto
2349 3044 2692 3112 pontiﬁcatus
2720 3035 2928 3121 ofﬁcio,
2960 3035 3417 3125 mundi-oblecta-

1835 3120 2069 3178 tionibus
2097 3125 2431 3201 delectatur,
2464 3134 2551 3191 hic
2591 3153 2784 3208 aquam
2813 3120 2938 3201 vino
2965 3120 3282 3222 permiscet,
3314 3158 3416 3215 hoc

1826 3403 1943 3443 rum
1988 3395 2296 3452 sacerdotes
2338 3415 2529 3469 aquam
2558 3408 2684 3462 vino
2716 3412 3044 3483 miscuerint,
3077 3436 3199 3479 cum
3222 3424 3411 3483 Domi-

1824 3490 1950 3529 num
1982 3478 2317 3539 salvatorem
2348 3505 2454 3543 non
2484 3492 2625 3547 sicut
2653 3496 2822 3553 Deum
2871 3501 2889 3539 τ
2922 3508 3287 3579 susciperent,
3316 3518 3410 3572 sed

1822 3566 1959 3620 sicut
2005 3568 2276 3627 hominem
2301 3575 2629 3649 judicarent,
2662 3594 2717 3640 et
2743 3589 2967 3647 sincerae
2992 3611 3056 3651 ac
3099 3615 3261 3657 merae
3295 3607 3409 3674 ejus

1822 3651 2081 3674 .I:_!_2.-.-
2115 3666 2129 3674 .
2204 3661 2288 3674 ιο-
2489 3669 2569 3674 ---

1818 3651 2083 3711 divinitati
2114 3661 2384 3718 turbidum
2411 3669 2661 3737 quiddam
2691 3689 2754 3730 ac
2780 3680 3054 3738 sordidum
3086 3687 3283 3745 inferre
3310 3651 3407 3749 vo-

1817 3743 2033 3815 luerint,
2064 3749 2307 3808 dicentes
2329 3755 2396 3809 ad
2425 3772 2547 3812 eum
2582 3780 2594 3813 :
2631 3763 2789 3835 Quia,
2820 3786 2936 3824 cum
2964 3775 3115 3831 homo
3144 3782 3234 3846 sis,
3275 3786 3406 3853 facis

1818 3840 1865 3887 te
1884 3838 2051 3905 ipsum
2088 3840 2257 3897 Deum
2280 3844 2467 3913 (Joan.
2502 3851 2558 3920 Χ)
2587 3864 2677 3908 :et
2701 3856 2896 3914 iterum
2926 3881 2938 3915 :
2973 3863 3090 3921 Nos
3116 3888 3181 3924 ex
3210 3838 3403 3942 prosti-

1815 3926 2007 3979 tutione
2049 3945 2152 3983 non
2181 3949 2356 3990 sumus
2385 3942 2496 3993 nati
2526 3940 2699 4012 (Ibid.
2732 3948 2828 4016 vn).
2872 3950 3009 4006 Dum
3057 3926 3221 4013 enim.
3249 3979 3307 4017 se
3335 3968 3402 4020 ab

1811 4014 2080 4091 adulterio
2110 4024 2509 4089 prostitutionis
2548 4014 2829 4101 excusant,
2855 4040 3002 4096 illum
3046 4046 3101 4101 in
3123 4047 3401 4109 divinitate

1810 4105 2106 4163 nativitatis
2145 4127 2256 4168 suae
2294 4116 2599 4177 adulterare
2646 4126 2908 4184 nituntur.
2942 4131 3049 4189 Sed
3074 4137 3251 4196 adhuc
3280 4145 3397 4200 dili-

1801 4478 1901 4523 est:
1920 4470 2099 4526 vinum
2110 4475 2268 4548 342
2282 4494 2477 4535 novum
2493 4484 2547 4538 in
2561 4492 2707 4543 utres
2718 4505 2888 4547 novos
2901 4510 3017 4552 esse
3029 4502 3383 4571 condendum;

1799 4556 1905 4612 hoc
1925 4568 2008 4613 est
2048 4562 2100 4615 in
2121 4579 2292 4621 novos
2320 4568 2584 4639 hemines,
2629 4582 2935 4653 neophytos
2963 4586 3194 4657 Spiritus
3214 4601 3383 4651 sancti

1797 4649 2021 4715 gratiam
2050 4655 2447 4737 conferendam.
2473 4662 2531 4719 Si
2556 4668 2719 4735 igitur
2754 4649 3089 4741 pretiosa-et
3131 4686 3385 4753 spiritalis

1797 4740 1908 4794 vini
1948 4746 2118 4810 gratia
2161 4748 2399 4806 abundat
2436 4754 2490 4809 in
2526 4740 2796 4829 Ecclesia;
2829 4782 2965 4835 aqua
2992 4772 3112 4827 vilis
3138 4740 3194 4830 et
3219 4777 3383 4835 fetida

1797 4832 1895 4886 nisi
1928 4834 1981 4888 in
2001 4835 2281 4909 Synagoga
2310 4851 2393 4897 est
2414 4846 2722 4917 referenda;
2741 4832 2905 4911 fetida
2932 4862 3073 4917 enim
3088 4832 3383 4939 Synagoga;

1795 4935 1932 4990 aqua
1959 4934 2063 4992 est,
2093 4942 2211 4996 quae
2239 4932 2561 5000 baptismate
2585 4955 2684 4997 suo
2712 4957 2934 5011 peccata
2958 4966 3065 5007 non
3091 4932 3262 5023 diluit,
3288 4932 3381 5014 sed

1795 5014 2054 5081 acquirit;
2076 5031 2197 5084 quae
2216 5020 2487 5077 hominem
2509 5043 2617 5081 non
2635 5034 2882 5099 puriﬁcat
2900 5044 3121 5111 proprio
3143 5046 3381 5117 lavacro,

1793 5100 1885 5153 sed
1922 5103 2131 5171 polluit.
2183 5107 2422 5179 Denique
2460 5114 2597 5170 sicut
2649 5120 2702 5174 in
2740 5125 2850 5179 vini
2887 5100 3097 5189 utribus

1792 5188 2088 5247 honoratur
2107 5236 2120 5262 ,
2144 5196 2215 5250 ita
2237 5208 2435 5257 etcum
2466 5219 2619 5273 aqua:
2645 5220 2764 5267 utre
2775 5214 3054 5291 Synagoga
3076 5226 3377 5295 projicitur.

2180 5394 2301 5487 cod.
2423 5398 2611 5487 Erueis
2644 5404 2697 5483 in
2726 5405 2837 5487 ger.
2863 5415 3063 5470 omittit
3090 5434 3298 5487 paucos.

2546 5452 2553 5453 ,
2592 5452 2605 5454 -
2728 5452 2837 5461 η-.
2864 5452 3063 5470 ..........
3125 5452 3298 5471 υανυο.

1860 5464 1882 5488 ι’
1903 5452 2150 5541 ,ῌιρτᾴυθ
2179 5463 2298 5516 eod.
2344 5466 2617 5541 S._Crucis
2643 5472 2693 5526 in
2724 5474 2856 5541 Jer.,
2886 5496 2989 5534 nou
3011 5452 3371 5541 annumeratio

1860 5473 1882 5488 τ
1920 5473 2045 5507 urcr
2087 5474 2150 5512 ue
2179 5473 2298 5516 eod.
2344 5473 2399 5521 ὃ.
2428 5473 2617 5535 Grecis
2643 5473 2693 5526 in
2724 5474 2746 5527 .l

1782 5473 2746 5620 "sit..“gfza‘i'zmzﬁe.Preme“:

1863 5593 1878 5627 τ
1921 5590 2153 5673 Uterque
2178 5600 2302 5677 cod.
2352 5590 2865 5677 S.7Cr'-ucisinv.ier.,
2899 5633 3005 5673 non
3034 5626 3165 5677 sicut
3209 5622 3367 5675 Deum

1780 5664 2111 5731 susceperint,
2140 5668 2230 5719 sed
2258 5674 2389 5726 sicut
2418 5676 2673 5730 hominem
2703 5664 3011 5750 judicarint.

3028 5775 3100 5834 ιϐ
