  <div class='ocr_page' id='page_1' title='image "/cluster/home/n/w/nwhite01/storage/ocr_20150623/57/uva.x000827099/249.png"; bbox 0 0 3910 6238; ppageno 0'>
   <div class='ocr_carea' id='block_1_1' title="bbox 559 281 658 337">
    <p class='ocr_par' dir='ltr' id='par_1_1' title="bbox 559 281 658 337">
     <span class='ocr_line' id='line_1_1' title="bbox 559 281 658 337; baseline -0.03 0"><span class='ocrx_word' id='word_1_1' title='bbox 559 281 658 337; x_wconf 69' lang='grc'><strong>1⁵91</strong></span> 
     </span>
    </p>
   </div>
   <div class='ocr_carea' id='block_1_2' title="bbox 1591 270 3791 329">
    <p class='ocr_par' dir='ltr' id='par_1_2' title="bbox 1591 270 3791 329">
     <span class='ocr_line' id='line_1_2' title="bbox 1591 270 3791 329; baseline -0.001 -1"><span class='ocrx_word' id='word_1_2' title='bbox 1591 275 1646 329; x_wconf 87' lang='lat' dir='ltr'><strong>S.</strong></span> <span class='ocrx_word' id='word_1_3' title='bbox 1689 273 1931 328; x_wconf 70' lang='lat' dir='ltr'><strong>MAXIM!</strong></span> <span class='ocrx_word' id='word_1_4' title='bbox 1971 270 2271 328; x_wconf 80' lang='lat' dir='ltr'><strong>EPISCOPI</strong></span> <span class='ocrx_word' id='word_1_5' title='bbox 2314 271 2760 327; x_wconf 70' lang='lat' dir='ltr'><strong>TAURINENSIS</strong></span> <span class='ocrx_word' id='word_1_6' title='bbox 3702 272 3791 325; x_wconf 65' lang='lat'><strong>19!</strong></span> 
     </span>
    </p>
   </div>
   <div class='ocr_carea' id='block_1_3' title="bbox 556 368 3790 463">
    <p class='ocr_par' dir='ltr' id='par_1_3' title="bbox 556 368 3790 463">
     <span class='ocr_line' id='line_1_3' title="bbox 556 368 3790 463; baseline -0.001 -16"><span class='ocrx_word' id='word_1_7' title='bbox 556 393 690 448; x_wconf 78' lang='lat' dir='ltr'><strong>Nam</strong></span> <span class='ocrx_word' id='word_1_8' title='bbox 721 395 806 448; x_wconf 90' lang='lat' dir='ltr'><strong>illa</strong></span> <span class='ocrx_word' id='word_1_9' title='bbox 838 395 998 462; x_wconf 73' lang='lat' dir='ltr'><strong>Agar,</strong></span> <span class='ocrx_word' id='word_1_10' title='bbox 1041 406 1158 462; x_wconf 81' lang='lat' dir='ltr'><strong>qua:</strong></span> <span class='ocrx_word' id='word_1_11' title='bbox 1205 400 1386 462; x_wconf 86' lang='lat' dir='ltr'><strong>typum</strong></span> <span class='ocrx_word' id='word_1_12' title='bbox 1427 389 1721 463; x_wconf 77' lang='lat' dir='ltr'><strong>Synagoga:</strong></span> <span class='ocrx_word' id='word_1_13' title='bbox 1769 388 2040 456; x_wconf 87' lang='lat' dir='ltr'><strong>gestabat,</strong></span> <span class='ocrx_word' id='word_1_14' title='bbox 2063 389 2130 442; x_wconf 90' lang='lat' dir='ltr'><strong>de</strong></span> <span class='ocrx_word' id='word_1_15' title='bbox 2159 397 2204 451; x_wconf 73' lang='grc' dir='ltr'>Α</span> <span class='ocrx_word' id='word_1_16' title='bbox 2234 405 2340 442; x_wconf 86' lang='grc' dir='ltr'>ιιοιι</span> <span class='ocrx_word' id='word_1_17' title='bbox 2366 390 2671 442; x_wconf 79' lang='lat' dir='ltr'><strong>merebatur</strong></span> <span class='ocrx_word' id='word_1_18' title='bbox 2699 368 3026 455; x_wconf 78' lang='lat' dir='ltr'><strong>alimoniam,</strong></span> <span class='ocrx_word' id='word_1_19' title='bbox 3052 388 3133 441; x_wconf 97' lang='lat' dir='ltr'><strong>vel</strong></span> <span class='ocrx_word' id='word_1_20' title='bbox 3163 387 3408 441; x_wconf 86' lang='lat' dir='ltr'><strong>solatium</strong></span> <span class='ocrx_word' id='word_1_21' title='bbox 3430 388 3699 443; x_wconf 87' lang='lat' dir='ltr'><strong>morientis</strong></span> <span class='ocrx_word' id='word_1_22' title='bbox 3718 404 3790 444; x_wconf 82' lang='lat' dir='ltr'><strong>ae-</strong></span> 
     </span>
    </p>
   </div>
   <div class='ocr_carea' id='block_1_4' title="bbox 556 480 2135 555">
    <p class='ocr_par' dir='ltr' id='par_1_4' title="bbox 556 480 2135 555">
     <span class='ocr_line' id='line_1_4' title="bbox 556 480 2135 555; baseline -0.005 -15"><span class='ocrx_word' id='word_1_23' title='bbox 556 502 660 555; x_wconf 88' lang='lat' dir='ltr'><strong>qua</strong></span> <span class='ocrx_word' id='word_1_24' title='bbox 695 486 761 540; x_wconf 86' lang='lat' dir='ltr'><strong>ad</strong></span> <span class='ocrx_word' id='word_1_25' title='bbox 789 485 1056 538; x_wconf 83' lang='lat' dir='ltr'><strong>Abraham</strong></span> <span class='ocrx_word' id='word_1_26' title='bbox 1079 484 1273 538; x_wconf 87' lang='lat' dir='ltr'><strong>dicitur</strong></span> <span class='ocrx_word' id='word_1_27' title='bbox 1297 501 1309 535; x_wconf 94' lang='lat'>:</span> <span class='ocrx_word' id='word_1_28' title='bbox 1338 481 1482 552; x_wconf 84' lang='lat' dir='ltr'><strong>Ejice</strong></span> <span class='ocrx_word' id='word_1_29' title='bbox 1510 480 1751 534; x_wconf 81' lang='lat' dir='ltr'><strong>ancillam</strong></span> <span class='ocrx_word' id='word_1_30' title='bbox 1769 489 1817 532; x_wconf 85' lang='lat' dir='ltr'><strong>et</strong></span> <span class='ocrx_word' id='word_1_31' title='bbox 1838 480 2002 548; x_wconf 81' lang='lat' dir='ltr'><strong>ﬁlium</strong></span> <span class='ocrx_word' id='word_1_32' title='bbox 2023 480 2135 549; x_wconf 87' lang='lat' dir='ltr'><strong>ejus</strong></span> 
     </span>
    </p>
   </div>
   <div class='ocr_carea' id='block_1_5' title="bbox 555 571 2131 647">
    <p class='ocr_par' dir='ltr' id='par_1_5' title="bbox 555 571 2131 647">
     <span class='ocr_line' id='line_1_5' title="bbox 555 571 2131 647; baseline -0.006 -17"><span class='ocrx_word' id='word_1_33' title='bbox 555 575 710 647; x_wconf 83' lang='lat' dir='ltr'><strong>(Gen.</strong></span> <span class='ocrx_word' id='word_1_34' title='bbox 763 575 875 644; x_wconf 74' lang='grc' dir='ltr'>χιιι)</span> <span class='ocrx_word' id='word_1_35' title='bbox 911 593 923 627; x_wconf 91' lang='lat'>:</span> <span class='ocrx_word' id='word_1_36' title='bbox 971 575 1174 642; x_wconf 90' lang='lat' dir='ltr'><strong>utique,</strong></span> <span class='ocrx_word' id='word_1_37' title='bbox 1202 589 1322 627; x_wconf 90' lang='lat' dir='ltr'><strong>eum</strong></span> <span class='ocrx_word' id='word_1_38' title='bbox 1365 573 1668 639; x_wconf 89' lang='lat' dir='ltr'><strong>ejiceretur,</strong></span> <span class='ocrx_word' id='word_1_39' title='bbox 1709 585 1817 625; x_wconf 80' lang='lat' dir='ltr'><strong>non</strong></span> <span class='ocrx_word' id='word_1_40' title='bbox 1857 583 1975 624; x_wconf 90' lang='lat' dir='ltr'><strong>cum</strong></span> <span class='ocrx_word' id='word_1_41' title='bbox 2005 571 2131 632; x_wconf 88' lang='lat' dir='ltr'><strong>vini,</strong></span> 
     </span>
    </p>
   </div>
   <div class='ocr_carea' id='block_1_6' title="bbox 544 651 2134 732">
    <p class='ocr_par' dir='ltr' id='par_1_6' title="bbox 544 651 2134 732">
     <span class='ocr_line' id='line_1_6' title="bbox 544 651 2134 732; baseline -0.005 -12"><span class='ocrx_word' id='word_1_42' title='bbox 544 666 652 720; x_wconf 71' lang='lat' dir='ltr'><strong>sed</strong></span> <span class='ocrx_word' id='word_1_43' title='bbox 683 680 802 720; x_wconf 91' lang='lat' dir='ltr'><strong>cum</strong></span> <span class='ocrx_word' id='word_1_44' title='bbox 850 673 964 718; x_wconf 86' lang='lat' dir='ltr'><strong>utre</strong></span> <span class='ocrx_word' id='word_1_45' title='bbox 991 678 1144 732; x_wconf 77' lang='lat' dir='ltr'><strong>aquae</strong></span> <span class='ocrx_word' id='word_1_46' title='bbox 1171 663 1238 716; x_wconf 92' lang='lat' dir='ltr'><strong>de</strong></span> <span class='ocrx_word' id='word_1_47' title='bbox 1266 661 1622 715; x_wconf 82' lang='lat' dir='ltr'><strong>tabernaculis</strong></span> <span class='ocrx_word' id='word_1_48' title='bbox 1661 658 1943 727; x_wconf 83' lang='lat' dir='ltr'><strong>elfugatur.</strong></span> <span class='ocrx_word' id='word_1_49' title='bbox 1975 651 2134 714; x_wconf 84' lang='lat' dir='ltr'><strong>Certe</strong></span> 
     </span>
    </p>
   </div>
   <div class='ocr_carea' id='block_1_7' title="bbox 555 748 2133 820">
    <p class='ocr_par' dir='ltr' id='par_1_7' title="bbox 555 748 2133 820">
     <span class='ocr_line' id='line_1_7' title="bbox 555 748 2133 820; baseline -0.004 -12"><span class='ocrx_word' id='word_1_50' title='bbox 555 755 745 808; x_wconf 84' lang='lat' dir='ltr'><strong>domus</strong></span> <span class='ocrx_word' id='word_1_51' title='bbox 766 755 989 807; x_wconf 69' lang='lat' dir='ltr'><strong>Abraliai</strong></span> <span class='ocrx_word' id='word_1_52' title='bbox 1016 761 1135 806; x_wconf 90' lang='lat' dir='ltr'><strong>erat</strong></span> <span class='ocrx_word' id='word_1_53' title='bbox 1156 752 1323 816; x_wconf 90' lang='lat' dir='ltr'><strong>dives,</strong></span> <span class='ocrx_word' id='word_1_54' title='bbox 1357 751 1594 820; x_wconf 87' lang='lat' dir='ltr'><strong>locuples</strong></span> <span class='ocrx_word' id='word_1_55' title='bbox 1613 792 1627 817; x_wconf 94' lang='lat'><strong>,</strong></span> <span class='ocrx_word' id='word_1_56' title='bbox 1652 748 1927 802; x_wconf 90' lang='lat' dir='ltr'><strong>abundans</strong></span> <span class='ocrx_word' id='word_1_57' title='bbox 1959 768 1972 800; x_wconf 87' lang='lat'><strong>:</strong></span> <span class='ocrx_word' id='word_1_58' title='bbox 1997 756 2133 802; x_wconf 87' lang='lat' dir='ltr'><strong>atta-</strong></span> 
     </span>
    </p>
   </div>
   <div class='ocr_carea' id='block_1_8' title="bbox 552 841 2134 909">
    <p class='ocr_par' dir='ltr' id='par_1_8' title="bbox 552 841 2134 909">
     <span class='ocr_line' id='line_1_8' title="bbox 552 841 2134 909; baseline -0.003 -12"><span class='ocrx_word' id='word_1_59' title='bbox 552 859 679 898; x_wconf 86' lang='lat' dir='ltr'><strong>men</strong></span> <span class='ocrx_word' id='word_1_60' title='bbox 701 859 807 896; x_wconf 92' lang='lat' dir='ltr'><strong>non</strong></span> <span class='ocrx_word' id='word_1_61' title='bbox 829 844 1026 907; x_wconf 84' lang='lat' dir='ltr'><strong>vinum,</strong></span> <span class='ocrx_word' id='word_1_62' title='bbox 1059 857 1166 896; x_wconf 87' lang='lat' dir='ltr'><strong>non</strong></span> <span class='ocrx_word' id='word_1_63' title='bbox 1189 842 1387 909; x_wconf 89' lang='lat' dir='ltr'><strong>oleum,</strong></span> <span class='ocrx_word' id='word_1_64' title='bbox 1411 857 1516 895; x_wconf 86' lang='lat' dir='ltr'><strong>non</strong></span> <span class='ocrx_word' id='word_1_65' title='bbox 1541 855 1729 909; x_wconf 90' lang='lat' dir='ltr'><strong>panem</strong></span> <span class='ocrx_word' id='word_1_66' title='bbox 1759 841 1986 909; x_wconf 88' lang='lat' dir='ltr'><strong>accepit,</strong></span> <span class='ocrx_word' id='word_1_67' title='bbox 2015 855 2134 908; x_wconf 73' lang='lat' dir='ltr'><strong>qua:</strong></span> 
     </span>
    </p>
   </div>
   <div class='ocr_carea' id='block_1_9' title="bbox 556 930 2132 1000">
    <p class='ocr_par' dir='ltr' id='par_1_9' title="bbox 556 930 2132 1000">
     <span class='ocr_line' id='line_1_9' title="bbox 556 930 2132 1000; baseline -0.002 -14"><span class='ocrx_word' id='word_1_68' title='bbox 556 948 635 986; x_wconf 83' lang='lat' dir='ltr'><strong>su.</strong></span> <span class='ocrx_word' id='word_1_69' title='bbox 660 942 683 984; x_wconf 85' lang='lat' dir='ltr'><strong>t</strong></span> <span class='ocrx_word' id='word_1_70' title='bbox 725 933 848 986; x_wconf 70' lang='lat' dir='ltr'><strong>vitm</strong></span> <span class='ocrx_word' id='word_1_71' title='bbox 886 933 1135 987; x_wconf 87' lang='lat' dir='ltr'><strong>alimenta</strong></span> <span class='ocrx_word' id='word_1_72' title='bbox 1167 931 1500 997; x_wconf 85' lang='lat' dir='ltr'><strong>ﬁrmissima;</strong></span> <span class='ocrx_word' id='word_1_73' title='bbox 1528 939 1583 985; x_wconf 90' lang='lat' dir='ltr'><strong>et</strong></span> <span class='ocrx_word' id='word_1_74' title='bbox 1611 939 1770 984; x_wconf 76' lang='lat' dir='ltr'><strong>recta:</strong></span> <span class='ocrx_word' id='word_1_75' title='bbox 1809 931 1930 984; x_wconf 75' lang='lat' dir='ltr'><strong>vitm</strong></span> <span class='ocrx_word' id='word_1_76' title='bbox 1958 930 2132 1000; x_wconf 82' lang='lat' dir='ltr'><strong>Syna-</strong></span> 
     </span>
    </p>
   </div>
   <div class='ocr_carea' id='block_1_10' title="bbox 554 1020 2134 1090">
    <p class='ocr_par' dir='ltr' id='par_1_10' title="bbox 554 1020 2134 1090">
     <span class='ocr_line' id='line_1_10' title="bbox 554 1020 2134 1090; baseline -0.001 -15"><span class='ocrx_word' id='word_1_77' title='bbox 554 1036 691 1090; x_wconf 87' lang='lat' dir='ltr'><strong>goga</strong></span> <span class='ocrx_word' id='word_1_78' title='bbox 713 1024 964 1077; x_wconf 86' lang='lat' dir='ltr'><strong>alimenta</strong></span> <span class='ocrx_word' id='word_1_79' title='bbox 987 1037 1092 1077; x_wconf 91' lang='lat' dir='ltr'><strong>non</strong></span> <span class='ocrx_word' id='word_1_80' title='bbox 1122 1022 1351 1090; x_wconf 86' lang='lat' dir='ltr'><strong>accepit,</strong></span> <span class='ocrx_word' id='word_1_81' title='bbox 1373 1021 1496 1089; x_wconf 92' lang='lat' dir='ltr'><strong>quia</strong></span> <span class='ocrx_word' id='word_1_82' title='bbox 1520 1021 1705 1087; x_wconf 91' lang='lat' dir='ltr'><strong>vitam,</strong></span> <span class='ocrx_word' id='word_1_83' title='bbox 1731 1034 1850 1088; x_wconf 70' lang='lat' dir='ltr'><strong>qua:</strong></span> <span class='ocrx_word' id='word_1_84' title='bbox 1873 1029 1955 1074; x_wconf 90' lang='lat' dir='ltr'><strong>est</strong></span> <span class='ocrx_word' id='word_1_85' title='bbox 1982 1020 2134 1073; x_wconf 80' lang='lat' dir='ltr'><strong>Chri-</strong></span> 
     </span>
    </p>
   </div>
   <div class='ocr_carea' id='block_1_11' title="bbox 549 1110 2136 1181">
    <p class='ocr_par' dir='ltr' id='par_1_11' title="bbox 549 1110 2136 1181">
     <span class='ocr_line' id='line_1_11' title="bbox 549 1110 2136 1181; baseline -0.001 -14"><span class='ocrx_word' id='word_1_86' title='bbox 549 1122 692 1180; x_wconf 84' lang='lat' dir='ltr'><strong>stus,</strong></span> <span class='ocrx_word' id='word_1_87' title='bbox 721 1114 950 1180; x_wconf 92' lang='lat' dir='ltr'><strong>ignorat,</strong></span> <span class='ocrx_word' id='word_1_88' title='bbox 994 1127 1132 1181; x_wconf 90' lang='lat' dir='ltr'><strong>aqua</strong></span> <span class='ocrx_word' id='word_1_89' title='bbox 1159 1111 1272 1166; x_wconf 82' lang='lat' dir='ltr'><strong>sola</strong></span> <span class='ocrx_word' id='word_1_90' title='bbox 1303 1125 1445 1180; x_wconf 64' lang='lat' dir='ltr'><strong>aeger</strong></span> <span class='ocrx_word' id='word_1_91' title='bbox 1465 1110 1822 1180; x_wconf 88' lang='lat' dir='ltr'><strong>pertrahitur,</strong></span> <span class='ocrx_word' id='word_1_92' title='bbox 1856 1111 2136 1179; x_wconf 82' lang='lat' dir='ltr'><strong>languidus</strong></span> 
     </span>
    </p>
   </div>
   <div class='ocr_carea' id='block_1_12' title="bbox 552 1200 2134 1269">
    <p class='ocr_par' dir='ltr' id='par_1_12' title="bbox 552 1200 2134 1269">
     <span class='ocr_line' id='line_1_12' title="bbox 552 1200 2134 1269; baseline -0.001 -13"><span class='ocrx_word' id='word_1_93' title='bbox 552 1208 911 1268; x_wconf 80' lang='lat' dir='ltr'><strong>sustentatur;</strong></span> <span class='ocrx_word' id='word_1_94' title='bbox 957 1200 1285 1256; x_wconf 85' lang='lat' dir='ltr'><strong>conveniens</strong></span> <span class='ocrx_word' id='word_1_95' title='bbox 1313 1200 1455 1254; x_wconf 90' lang='lat' dir='ltr'><strong>enim</strong></span> <span class='ocrx_word' id='word_1_96' title='bbox 1505 1208 1624 1254; x_wconf 86' lang='lat' dir='ltr'><strong>erat</strong></span> <span class='ocrx_word' id='word_1_97' title='bbox 1667 1207 1727 1253; x_wconf 93' lang='lat' dir='ltr'><strong>ut</strong></span> <span class='ocrx_word' id='word_1_98' title='bbox 1751 1215 1867 1269; x_wconf 71' lang='lat' dir='ltr'><strong>qua:</strong></span> <span class='ocrx_word' id='word_1_99' title='bbox 1907 1200 2134 1254; x_wconf 83' lang='lat' dir='ltr'><strong>viventis</strong></span> 
     </span>
    </p>
   </div>
   <div class='ocr_carea' id='block_1_13' title="bbox 2236 477 3786 549">
    <p class='ocr_par' dir='ltr' id='par_1_13' title="bbox 2236 477 3786 549">
     <span class='ocr_line' id='line_1_13' title="bbox 2236 477 3786 549; baseline -0.003 -15"><span class='ocrx_word' id='word_1_100' title='bbox 2236 481 2457 549; x_wconf 86' lang='lat' dir='ltr'><strong>ciperet.</strong></span> <span class='ocrx_word' id='word_1_101' title='bbox 2486 483 2791 545; x_wconf 78' lang='lat' dir='ltr'><strong>Arguuntur</strong></span> <span class='ocrx_word' id='word_1_102' title='bbox 2811 481 2952 533; x_wconf 87' lang='lat' dir='ltr'><strong>enim</strong></span> <span class='ocrx_word' id='word_1_103' title='bbox 2994 479 3300 533; x_wconf 82' lang='lat' dir='ltr'><strong>sacerdotes</strong></span> <span class='ocrx_word' id='word_1_104' title='bbox 3327 477 3632 531; x_wconf 79' lang='lat' dir='ltr'><strong>Judzeorum</strong></span> <span class='ocrx_word' id='word_1_105' title='bbox 3649 521 3662 544; x_wconf 93' lang='lat'><strong>,</strong></span> <span class='ocrx_word' id='word_1_106' title='bbox 3681 494 3786 533; x_wconf 87' lang='lat' dir='ltr'><strong>cum</strong></span> 
     </span>
    </p>
   </div>
   <div class='ocr_carea' id='block_1_14' title="bbox 2236 555 3786 636">
    <p class='ocr_par' dir='ltr' id='par_1_14' title="bbox 2236 555 3786 636">
     <span class='ocr_line' id='line_1_14' title="bbox 2236 555 3786 636; baseline -0.001 -13"><span class='ocrx_word' id='word_1_107' title='bbox 2236 568 2606 623; x_wconf 89' lang='lat' dir='ltr'><strong>ecclesiastico</strong></span> <span class='ocrx_word' id='word_1_108' title='bbox 2632 569 2758 622; x_wconf 87' lang='lat' dir='ltr'><strong>vino</strong></span> <span class='ocrx_word' id='word_1_109' title='bbox 2784 555 3023 636; x_wconf 85' lang='lat' dir='ltr'><strong>pretioso</strong></span> <span class='ocrx_word' id='word_1_110' title='bbox 3051 582 3240 636; x_wconf 85' lang='lat' dir='ltr'><strong>aquam</strong></span> <span class='ocrx_word' id='word_1_111' title='bbox 3278 566 3573 636; x_wconf 75' lang='lat' dir='ltr'><strong>Synagoga:</strong></span> <span class='ocrx_word' id='word_1_112' title='bbox 3625 568 3786 634; x_wconf 81' lang='lat' dir='ltr'><strong>abjec-</strong></span> 
     </span>
    </p>
   </div>
   <div class='ocr_carea' id='block_1_15' title="bbox 2237 657 3788 727">
    <p class='ocr_par' dir='ltr' id='par_1_15' title="bbox 2237 657 3788 727">
     <span class='ocr_line' id='line_1_15' title="bbox 2237 657 3788 727; baseline -0.003 -14"><span class='ocrx_word' id='word_1_113' title='bbox 2237 669 2346 713; x_wconf 83' lang='lat' dir='ltr'><strong>tam</strong></span> <span class='ocrx_word' id='word_1_114' title='bbox 2372 658 2483 727; x_wconf 89' lang='lat' dir='ltr'><strong>jam</strong></span> <span class='ocrx_word' id='word_1_115' title='bbox 2513 665 2569 712; x_wconf 86' lang='lat' dir='ltr'><strong>et</strong></span> <span class='ocrx_word' id='word_1_116' title='bbox 2591 660 2931 726; x_wconf 86' lang='lat' dir='ltr'><strong>reprobatam</strong></span> <span class='ocrx_word' id='word_1_117' title='bbox 2954 657 3217 712; x_wconf 89' lang='lat' dir='ltr'><strong>voluerint</strong></span> <span class='ocrx_word' id='word_1_118' title='bbox 3239 657 3594 726; x_wconf 83' lang='lat' dir='ltr'><strong>permiscere;</strong></span> <span class='ocrx_word' id='word_1_119' title='bbox 3617 671 3788 724; x_wconf 88' lang='lat' dir='ltr'><strong>aquam</strong></span> 
     </span>
    </p>
   </div>
   <div class='ocr_carea' id='block_1_16' title="bbox 2237 747 3789 812">
    <p class='ocr_par' dir='ltr' id='par_1_16' title="bbox 2237 747 3789 812">
     <span class='ocr_line' id='line_1_16' title="bbox 2237 747 3789 812; baseline -0.003 -7"><span class='ocrx_word' id='word_1_120' title='bbox 2237 751 2380 805; x_wconf 90' lang='lat' dir='ltr'><strong>enim</strong></span> <span class='ocrx_word' id='word_1_121' title='bbox 2403 751 2454 803; x_wconf 91' lang='lat' dir='ltr'><strong>in</strong></span> <span class='ocrx_word' id='word_1_122' title='bbox 2481 749 2719 804; x_wconf 85' lang='lat' dir='ltr'><strong>Ecclesia</strong></span> <span class='ocrx_word' id='word_1_123' title='bbox 2746 751 2958 805; x_wconf 88' lang='lat' dir='ltr'><strong>misceri</strong></span> <span class='ocrx_word' id='word_1_124' title='bbox 2999 765 3102 803; x_wconf 92' lang='lat' dir='ltr'><strong>non</strong></span> <span class='ocrx_word' id='word_1_125' title='bbox 3124 749 3282 812; x_wconf 86' lang='lat' dir='ltr'><strong>solet,</strong></span> <span class='ocrx_word' id='word_1_126' title='bbox 3308 747 3403 802; x_wconf 92' lang='lat' dir='ltr'><strong>sed</strong></span> <span class='ocrx_word' id='word_1_127' title='bbox 3432 749 3647 809; x_wconf 85' lang='lat' dir='ltr'><strong>mutari,</strong></span> <span class='ocrx_word' id='word_1_128' title='bbox 3670 749 3789 801; x_wconf 83' lang='lat' dir='ltr'><strong>sicut</strong></span> 
     </span>
    </p>
   </div>
   <div class='ocr_carea' id='block_1_17' title="bbox 2237 838 3789 909">
    <p class='ocr_par' dir='ltr' id='par_1_17' title="bbox 2237 838 3789 909">
     <span class='ocr_line' id='line_1_17' title="bbox 2237 838 3789 909; baseline -0.003 -16"><span class='ocrx_word' id='word_1_129' title='bbox 2237 840 2494 894; x_wconf 88' lang='lat' dir='ltr'><strong>Dominus</strong></span> <span class='ocrx_word' id='word_1_130' title='bbox 2542 840 2794 894; x_wconf 80' lang='lat' dir='ltr'><strong>invitatus</strong></span> <span class='ocrx_word' id='word_1_131' title='bbox 2823 841 2890 895; x_wconf 89' lang='lat' dir='ltr'><strong>ad</strong></span> <span class='ocrx_word' id='word_1_132' title='bbox 2930 841 3158 909; x_wconf 88' lang='lat' dir='ltr'><strong>nuptias,</strong></span> <span class='ocrx_word' id='word_1_133' title='bbox 3191 838 3402 908; x_wconf 86' lang='lat' dir='ltr'><strong>hydrias</strong></span> <span class='ocrx_word' id='word_1_134' title='bbox 3439 839 3627 906; x_wconf 85' lang='lat' dir='ltr'><strong>plenas</strong></span> <span class='ocrx_word' id='word_1_135' title='bbox 3672 853 3789 904; x_wconf 90' lang='lat' dir='ltr'><strong>aqua</strong></span> 
     </span>
    </p>
   </div>
   <div class='ocr_carea' id='block_1_18' title="bbox 2239 925 3789 995">
    <p class='ocr_par' dir='ltr' id='par_1_18' title="bbox 2239 925 3789 995">
     <span class='ocr_line' id='line_1_18' title="bbox 2239 925 3789 995; baseline -0.003 -13"><span class='ocrx_word' id='word_1_136' title='bbox 2239 946 2343 984; x_wconf 93' lang='lat' dir='ltr'><strong>non</strong></span> <span class='ocrx_word' id='word_1_137' title='bbox 2391 930 2516 984; x_wconf 90' lang='lat' dir='ltr'><strong>vino</strong></span> <span class='ocrx_word' id='word_1_138' title='bbox 2552 931 2782 995; x_wconf 81' lang='lat' dir='ltr'><strong>miscuit,</strong></span> <span class='ocrx_word' id='word_1_139' title='bbox 2827 931 2921 984; x_wconf 87' lang='lat' dir='ltr'><strong>sed</strong></span> <span class='ocrx_word' id='word_1_140' title='bbox 2973 929 3196 983; x_wconf 87' lang='lat' dir='ltr'><strong>mutavit</strong></span> <span class='ocrx_word' id='word_1_141' title='bbox 3224 929 3275 981; x_wconf 92' lang='lat' dir='ltr'><strong>in</strong></span> <span class='ocrx_word' id='word_1_142' title='bbox 3326 927 3638 992; x_wconf 51' lang='lat' dir='ltr'><strong>vinumuie</strong></span> <span class='ocrx_word' id='word_1_143' title='bbox 3681 925 3789 994; x_wconf 90' lang='lat' dir='ltr'><strong>quid</strong></span> 
     </span>
    </p>
   </div>
   <div class='ocr_carea' id='block_1_19' title="bbox 2236 1017 3789 1075">
    <p class='ocr_par' dir='ltr' id='par_1_19' title="bbox 2236 1017 3789 1075">
     <span class='ocr_line' id='line_1_19' title="bbox 2236 1017 3789 1075; baseline -0.001 -3"><span class='ocrx_word' id='word_1_144' title='bbox 2236 1020 2377 1073; x_wconf 90' lang='lat' dir='ltr'><strong>enim</strong></span> <span class='ocrx_word' id='word_1_145' title='bbox 2423 1021 2474 1072; x_wconf 89' lang='lat' dir='ltr'><strong>in</strong></span> <span class='ocrx_word' id='word_1_146' title='bbox 2527 1030 2715 1074; x_wconf 89' lang='lat' dir='ltr'><strong>sancto</strong></span> <span class='ocrx_word' id='word_1_147' title='bbox 2761 1021 3016 1075; x_wconf 89' lang='lat' dir='ltr'><strong>convivio.</strong></span> <span class='ocrx_word' id='word_1_148' title='bbox 3050 1020 3272 1073; x_wconf 87' lang='lat' dir='ltr'><strong>vilitatis</strong></span> <span class='ocrx_word' id='word_1_149' title='bbox 3322 1017 3560 1073; x_wconf 63' lang='lat' dir='ltr'><strong>Iudaica:</strong></span> <span class='ocrx_word' id='word_1_150' title='bbox 3606 1017 3789 1072; x_wconf 79' lang='lat' dir='ltr'><strong>reside-</strong></span> 
     </span>
    </p>
   </div>
   <div class='ocr_carea' id='block_1_20' title="bbox 2235 1107 3794 1178">
    <p class='ocr_par' dir='ltr' id='par_1_20' title="bbox 2235 1107 3794 1178">
     <span class='ocr_line' id='line_1_20' title="bbox 2235 1107 3794 1178; baseline -0.001 -16"><span class='ocrx_word' id='word_1_151' title='bbox 2235 1119 2339 1178; x_wconf 86' lang='lat' dir='ltr'><strong>ret,</strong></span> <span class='ocrx_word' id='word_1_152' title='bbox 2367 1111 2552 1164; x_wconf 90' lang='lat' dir='ltr'><strong>maluit</strong></span> <span class='ocrx_word' id='word_1_153' title='bbox 2593 1120 2838 1165; x_wconf 88' lang='lat' dir='ltr'><strong>naturam</strong></span> <span class='ocrx_word' id='word_1_154' title='bbox 2882 1118 3092 1165; x_wconf 88' lang='lat' dir='ltr'><strong>vertere</strong></span> <span class='ocrx_word' id='word_1_155' title='bbox 3138 1125 3298 1178; x_wconf 88' lang='lat' dir='ltr'><strong>quam</strong></span> <span class='ocrx_word' id='word_1_156' title='bbox 3337 1109 3644 1163; x_wconf 83' lang='lat' dir='ltr'><strong>adulterare</strong></span> <span class='ocrx_word' id='word_1_157' title='bbox 3685 1107 3794 1162; x_wconf 84' lang='lat' dir='ltr'><strong>sub-</strong></span> 
     </span>
    </p>
   </div>
   <div class='ocr_carea' id='block_1_21' title="bbox 2235 1201 2508 1254">
    <p class='ocr_par' dir='ltr' id='par_1_21' title="bbox 2235 1201 2508 1254">
     <span class='ocr_line' id='line_1_21' title="bbox 2235 1201 2508 1254; baseline -0.004 0"><span class='ocrx_word' id='word_1_158' title='bbox 2235 1201 2508 1254; x_wconf 85' lang='lat' dir='ltr'><strong>stantiam.</strong></span> 
     </span>
    </p>
   </div>
   <div class='ocr_carea' id='block_1_22' title="bbox 1911 1314 2456 1374">
    <p class='ocr_par' dir='ltr' id='par_1_22' title="bbox 1911 1314 2456 1374">
     <span class='ocr_line' id='line_1_22' title="bbox 1911 1314 2456 1374; baseline -0.004 -1"><span class='ocrx_word' id='word_1_159' title='bbox 1911 1315 2254 1373; x_wconf 82' lang='lat' dir='ltr'><strong>EOMILIA</strong></span> <span class='ocrx_word' id='word_1_160' title='bbox 2299 1314 2456 1374; x_wconf 88' lang='lat' dir='ltr'><strong>Clll.</strong></span> 
     </span>
    </p>
   </div>
   <div class='ocr_carea' id='block_1_23' title="bbox 1858 1412 2512 1483">
    <p class='ocr_par' dir='ltr' id='par_1_23' title="bbox 1858 1412 2512 1483">
     <span class='ocr_line' id='line_1_23' title="bbox 1858 1412 2512 1483; baseline 0 -17"><span class='ocrx_word' id='word_1_161' title='bbox 1858 1412 1937 1467; x_wconf 87' lang='lat' dir='ltr'><strong>De</strong></span> <span class='ocrx_word' id='word_1_162' title='bbox 1967 1414 2199 1467; x_wconf 82' lang='lat' dir='ltr'><strong>colendis</strong></span> <span class='ocrx_word' id='word_1_163' title='bbox 2229 1416 2512 1483; x_wconf 77' lang='lat' dir='ltr'><strong>gentilium.</strong></span> 
     </span>
    </p>
   </div>
   <div class='ocr_carea' id='block_1_24' title="bbox 1987 1503 2374 1557">
    <p class='ocr_par' dir='ltr' id='par_1_24' title="bbox 1987 1503 2374 1557">
     <span class='ocr_line' id='line_1_24' title="bbox 1987 1503 2374 1557; baseline 0 -1"><span class='ocrx_word' id='word_1_164' title='bbox 1987 1503 2374 1557; x_wconf 78' lang='lat' dir='ltr'><strong>ADMONITIO.</strong></span> 
     </span>
    </p>
   </div>
   <div class='ocr_carea' id='block_1_25' title="bbox 624 1591 3792 1666">
    <p class='ocr_par' dir='ltr' id='par_1_25' title="bbox 624 1591 3792 1666">
     <span class='ocr_line' id='line_1_25' title="bbox 624 1591 3792 1666; baseline 0.001 -18"><span class='ocrx_word' id='word_1_165' title='bbox 624 1594 1318 1666; x_wconf 10' lang='lat' dir='ltr'><strong>l’ropryiuscongruensque</strong></span> <span class='ocrx_word' id='word_1_166' title='bbox 1335 1591 1502 1666; x_wconf 68' lang='lat' dir='ltr'><strong>hujus</strong></span> <span class='ocrx_word' id='word_1_167' title='bbox 1525 1591 1756 1666; x_wconf 70' lang='lat' dir='ltr'><strong>homilia:</strong></span> <span class='ocrx_word' id='word_1_168' title='bbox 1799 1591 1983 1666; x_wconf 70' lang='lat' dir='ltr'><strong>titulus</strong></span> <span class='ocrx_word' id='word_1_169' title='bbox 2013 1607 2118 1666; x_wconf 71' lang='lat' dir='ltr'><strong>non</strong></span> <span class='ocrx_word' id='word_1_170' title='bbox 2145 1599 2450 1666; x_wconf 72' lang='lat' dir='ltr'><strong>est,_quem_</strong></span> <span class='ocrx_word' id='word_1_171' title='bbox 2468 1609 2535 1648; x_wconf 82' lang='lat' dir='ltr'><strong>ex</strong></span> <span class='ocrx_word' id='word_1_172' title='bbox 2564 1596 2750 1666; x_wconf 90' lang='lat' dir='ltr'><strong>codice</strong></span> <span class='ocrx_word' id='word_1_173' title='bbox 2787 1594 3121 1664; x_wconf 81' lang='lat' dir='ltr'><strong>Sangallensi</strong></span> <span class='ocrx_word' id='word_1_174' title='bbox 3153 1597 3440 1666; x_wconf 79' lang='lat' dir='ltr'><strong>exscripsit</strong></span> <span class='ocrx_word' id='word_1_175' title='bbox 3469 1597 3792 1653; x_wconf 81' lang='lat' dir='ltr'><strong>Mabillonius</strong></span> 
     </span>
    </p>
   </div>
   <div class='ocr_carea' id='block_1_26' title="bbox 550 1659 3793 1733">
    <p class='ocr_par' dir='ltr' id='par_1_26' title="bbox 550 1659 3793 1733">
     <span class='ocr_line' id='line_1_26' title="bbox 550 1659 3793 1733; baseline 0.001 -14"><span class='ocrx_word' id='word_1_176' title='bbox 550 1659 991 1733; x_wconf 66' lang='lat' dir='ltr'><strong>editor&#39;ejusdcgn</strong></span> <span class='ocrx_word' id='word_1_177' title='bbox 1011 1659 1214 1733; x_wconf 80' lang='lat' dir='ltr'><strong>primus</strong></span> <span class='ocrx_word' id='word_1_178' title='bbox 1231 1659 1298 1714; x_wconf 80' lang='lat' dir='ltr'><strong>in</strong></span> <span class='ocrx_word' id='word_1_179' title='bbox 1325 1659 1505 1733; x_wconf 76' lang='lat' dir='ltr'><strong>Musca</strong></span> <span class='ocrx_word' id='word_1_180' title='bbox 1525 1659 1715 1733; x_wconf 61' lang='lat' dir='ltr'><strong>italico</strong></span> <span class='ocrx_word' id='word_1_181' title='bbox 1740 1671 1878 1733; x_wconf 84' lang='lat' dir='ltr'><strong>part.</strong></span> <span class='ocrx_word' id='word_1_182' title='bbox 1910 1660 1964 1724; x_wconf 73' lang='lat'><strong>2,</strong></span> <span class='ocrx_word' id='word_1_183' title='bbox 1997 1676 2049 1733; x_wconf 79' lang='grc' dir='ltr'>ιι.</span> <span class='ocrx_word' id='word_1_184' title='bbox 2071 1659 2137 1725; x_wconf 82' lang='grc'><strong>-5,</strong></span> <span class='ocrx_word' id='word_1_185' title='bbox 2182 1659 2384 1733; x_wconf 70' lang='lat' dir='ltr'><strong>scilicet</strong></span> <span class='ocrx_word' id='word_1_186' title='bbox 2413 1663 2758 1733; x_wconf 76' lang='lat' dir='ltr'><strong>De,calendis</strong></span> <span class='ocrx_word' id='word_1_187' title='bbox 2792 1659 3060 1720; x_wconf 73' lang='lat' dir='ltr'><strong>Ianuariis</strong></span> <span class='ocrx_word' id='word_1_188' title='bbox 3078 1706 3094 1731; x_wconf 94' lang='lat'><strong>,</strong></span> <span class='ocrx_word' id='word_1_189' title='bbox 3123 1659 3651 1723; x_wconf 60' lang='lat' dir='ltr'><strong>deindeCCallandius</strong></span> <span class='ocrx_word' id='word_1_190' title='bbox 3671 1686 3684 1732; x_wconf 86' lang='lat'><strong>;</strong></span> <span class='ocrx_word' id='word_1_191' title='bbox 3707 1667 3793 1721; x_wconf 79' lang='lat' dir='ltr'><strong>sed</strong></span> 
     </span>
    </p>
   </div>
   <div class='ocr_carea' id='block_1_27' title="bbox 551 1729 3792 1804">
    <p class='ocr_par' dir='ltr' id='par_1_27' title="bbox 551 1729 3792 1804">
     <span class='ocr_line' id='line_1_27' title="bbox 551 1729 3792 1804; baseline 0 -16"><span class='ocrx_word' id='word_1_192' title='bbox 551 1749 584 1804; x_wconf 66' lang='grc' dir='ltr'>ρ</span> <span class='ocrx_word' id='word_1_193' title='bbox 625 1729 808 1804; x_wconf 79' lang='lat' dir='ltr'><strong>codice</strong></span> <span class='ocrx_word' id='word_1_194' title='bbox 837 1729 1192 1804; x_wconf 60' lang='lat' dir='ltr'><strong>Ambrosiauo</strong></span> <span class='ocrx_word' id='word_1_195' title='bbox 1221 1729 1606 1804; x_wconf 56' lang='lat' dir='ltr'><strong>esscribcndus</strong></span> <span class='ocrx_word' id='word_1_196' title='bbox 1628 1739 1764 1793; x_wconf 88' lang='lat' dir='ltr'><strong>erat,</strong></span> <span class='ocrx_word' id='word_1_197' title='bbox 1790 1731 1976 1804; x_wconf 74' lang='lat' dir='ltr'><strong>inquo</strong></span> <span class='ocrx_word' id='word_1_198' title='bbox 2000 1731 2044 1784; x_wconf 90' lang='lat' dir='ltr'><strong>is</strong></span> <span class='ocrx_word' id='word_1_199' title='bbox 2073 1738 2156 1784; x_wconf 87' lang='lat' dir='ltr'><strong>est</strong></span> <span class='ocrx_word' id='word_1_200' title='bbox 2188 1730 2584 1804; x_wconf 73' lang='lat' dir='ltr'><strong>:__De_ta_lendis</strong></span> <span class='ocrx_word' id='word_1_201' title='bbox 2605 1732 2916 1799; x_wconf 78' lang='lat' dir='ltr'><strong>Gentilium;</strong></span> <span class='ocrx_word' id='word_1_202' title='bbox 2941 1729 3279 1804; x_wconf 32' lang='lat' dir='ltr'><strong>quia—contra</strong></span> <span class='ocrx_word' id='word_1_203' title='bbox 3314 1735 3468 1789; x_wconf 93' lang='lat' dir='ltr'><strong>ludos</strong></span> <span class='ocrx_word' id='word_1_204' title='bbox 3492 1729 3792 1790; x_wconf 79' lang='lat' dir='ltr'><strong>Satur-nales</strong></span> 
     </span>
    </p>
   </div>
   <div class='ocr_carea' id='block_1_28' title="bbox 549 1798 3792 1877">
    <p class='ocr_par' dir='ltr' id='par_1_28' title="bbox 549 1798 3792 1877">
     <span class='ocr_line' id='line_1_28' title="bbox 549 1798 3792 1877; baseline 0 -22"><span class='ocrx_word' id='word_1_205' title='bbox 549 1802 653 1877; x_wconf 77' lang='lat' dir='ltr'><strong>hac</strong></span> <span class='ocrx_word' id='word_1_206' title='bbox 679 1804 729 1855; x_wconf 92' lang='lat' dir='ltr'><strong>iu</strong></span> <span class='ocrx_word' id='word_1_207' title='bbox 761 1800 976 1877; x_wconf 58' lang='lat' dir='ltr'><strong>humilia</strong></span> <span class='ocrx_word' id='word_1_208' title='bbox 999 1798 1192 1877; x_wconf 75' lang='lat' dir='ltr'><strong>agit.§.</strong></span> <span class='ocrx_word' id='word_1_209' title='bbox 1209 1799 1506 1877; x_wconf 46' lang='lat' dir='ltr'><strong>lusimus,</strong></span> <span class='ocrx_word' id='word_1_210' title='bbox 1528 1812 1756 1877; x_wconf 81' lang='lat' dir='ltr'><strong>quorum</strong></span> <span class='ocrx_word' id='word_1_211' title='bbox 1790 1798 1995 1877; x_wconf 75' lang='lat' dir='ltr'><strong>initium</strong></span> <span class='ocrx_word' id='word_1_212' title='bbox 2024 1809 2140 1852; x_wconf 90' lang='lat' dir='ltr'><strong>erat</strong></span> <span class='ocrx_word' id='word_1_213' title='bbox 2176 1799 2261 1877; x_wconf 81' lang='lat' dir='ltr'><strong>die</strong></span> <span class='ocrx_word' id='word_1_214' title='bbox 2282 1800 2349 1877; x_wconf 71' lang='grc'><strong>17</strong></span> <span class='ocrx_word' id='word_1_215' title='bbox 2377 1801 2683 1877; x_wconf 72' lang='lat' dir='ltr'><strong>Decembris</strong></span> <span class='ocrx_word' id='word_1_216' title='bbox 2702 1819 2766 1877; x_wconf 82' lang='lat' dir='ltr'><strong>ex</strong></span> <span class='ocrx_word' id='word_1_217' title='bbox 2790 1798 3638 1877; x_wconf 54' lang='lat' dir='ltr'><strong>veteriJlomanorumjnstituto,</strong></span> <span class='ocrx_word' id='word_1_218' title='bbox 3663 1806 3792 1877; x_wconf 87' lang='lat' dir='ltr'><strong>iique</strong></span> 
     </span>
    </p>
   </div>
   <div class='ocr_carea' id='block_1_29' title="bbox 549 1821 3791 1938">
    <p class='ocr_par' dir='ltr' id='par_1_29' title="bbox 549 1821 3791 1938">
     <span class='ocr_line' id='line_1_29' title="bbox 549 1821 3791 1877; baseline 0 -22"><span class='ocrx_word' id='word_1_219' title='bbox 549 1821 653 1856; x_wconf 84' lang='lat' dir='ltr'><strong>nuc</strong></span> <span class='ocrx_word' id='word_1_220' title='bbox 679 1821 729 1855; x_wconf 92' lang='grc' dir='ltr'><strong>ιιι</strong></span> <span class='ocrx_word' id='word_1_221' title='bbox 762 1821 976 1855; x_wconf 81' lang='lat' dir='ltr'><strong>nomina</strong></span> <span class='ocrx_word' id='word_1_222' title='bbox 999 1821 1192 1867; x_wconf 66' lang='grc' dir='ltr'><strong>ειμι-ο.</strong></span> <span class='ocrx_word' id='word_1_223' title='bbox 1226 1821 1506 1861; x_wconf 75' lang='lat' dir='ltr'><strong>mamlius,</strong></span> <span class='ocrx_word' id='word_1_224' title='bbox 1531 1821 1756 1877; x_wconf 86' lang='lat' dir='ltr'><strong>quorum</strong></span> <span class='ocrx_word' id='word_1_225' title='bbox 1790 1821 1995 1851; x_wconf 84' lang='lat' dir='ltr'><strong>mtuum</strong></span> <span class='ocrx_word' id='word_1_226' title='bbox 2024 1821 2140 1852; x_wconf 75' lang='lat' dir='ltr'><strong>erat</strong></span> <span class='ocrx_word' id='word_1_227' title='bbox 2176 1821 2261 1852; x_wconf 81' lang='lat' dir='ltr'><strong>uie</strong></span> <span class='ocrx_word' id='word_1_228' title='bbox 2282 1821 2305 1850; x_wconf 88' lang='grc' dir='ltr'><strong>ι</strong></span> <span class='ocrx_word' id='word_1_229' title='bbox 2328 1821 2343 1850; x_wconf 81' lang='grc' dir='ltr'><strong>ι</strong></span> <span class='ocrx_word' id='word_1_230' title='bbox 2377 1821 2683 1856; x_wconf 84' lang='lat' dir='ltr'><strong>uecemuns</strong></span> <span class='ocrx_word' id='word_1_231' title='bbox 2702 1821 2766 1856; x_wconf 85' lang='lat' dir='ltr'><strong>ex</strong></span> <span class='ocrx_word' id='word_1_232' title='bbox 2790 1821 2956 1856; x_wconf 78' lang='lat' dir='ltr'><strong>veteri</strong></span> <span class='ocrx_word' id='word_1_233' title='bbox 2989 1821 3350 1859; x_wconf 75' lang='lat' dir='ltr'><strong>nomanorum</strong></span> <span class='ocrx_word' id='word_1_234' title='bbox 3371 1821 3638 1874; x_wconf 75' lang='lat' dir='ltr'><strong>insututo,</strong></span> <span class='ocrx_word' id='word_1_235' title='bbox 3663 1823 3696 1858; x_wconf 97' lang='grc' dir='ltr'><strong>ιι</strong></span> <span class='ocrx_word' id='word_1_236' title='bbox 3733 1821 3791 1857; x_wconf 88' lang='lat' dir='ltr'><strong>ue</strong></span> 
     </span>
     <span class='ocr_line' id='line_1_30' title="bbox 549 1821 3791 1938; baseline 0.001 -16"><span class='ocrx_word' id='word_1_237' title='bbox 549 1873 721 1924; x_wconf 88' lang='lat' dir='ltr'><strong>tribus</strong></span> <span class='ocrx_word' id='word_1_238' title='bbox 743 1870 825 1923; x_wconf 88' lang='lat' dir='ltr'><strong>vel</strong></span> <span class='ocrx_word' id='word_1_239' title='bbox 855 1870 1089 1938; x_wconf 86' lang='lat' dir='ltr'><strong>quinque</strong></span> <span class='ocrx_word' id='word_1_240' title='bbox 1115 1868 1307 1922; x_wconf 86' lang='lat' dir='ltr'><strong>diebus</strong></span> <span class='ocrx_word' id='word_1_241' title='bbox 1327 1868 1481 1934; x_wconf 80' lang='lat' dir='ltr'><strong>juxta</strong></span> <span class='ocrx_word' id='word_1_242' title='bbox 1510 1867 1773 1938; x_wconf 68' lang='lat' dir='ltr'><strong>diversam</strong></span> <span class='ocrx_word' id='word_1_243' title='bbox 1805 1869 2121 1938; x_wconf 81' lang='lat' dir='ltr'><strong>scriptorum</strong></span> <span class='ocrx_word' id='word_1_244' title='bbox 2153 1869 2460 1938; x_wconf 89' lang='lat' dir='ltr'><strong>opinionem</strong></span> <span class='ocrx_word' id='word_1_245' title='bbox 2485 1872 2917 1926; x_wconf 85' lang='lat' dir='ltr'><strong>celebrabantur.</strong></span> <span class='ocrx_word' id='word_1_246' title='bbox 2951 1872 3087 1926; x_wconf 91' lang='lat' dir='ltr'><strong>Tota</strong></span> <span class='ocrx_word' id='word_1_247' title='bbox 3135 1881 3314 1927; x_wconf 87' lang='lat' dir='ltr'><strong>autem</strong></span> <span class='ocrx_word' id='word_1_248' title='bbox 3344 1872 3424 1924; x_wconf 88' lang='lat' dir='ltr'><strong>De</strong></span> <span class='ocrx_word' id='word_1_249' title='bbox 3450 1875 3680 1927; x_wconf 78' lang='lat' dir='ltr'><strong>colendis</strong></span> <span class='ocrx_word' id='word_1_250' title='bbox 3699 1821 3791 1926; x_wconf 56' lang='grc' dir='ltr'><strong>Ἱσ-</strong></span> 
     </span>
    </p>
   </div>
   <div class='ocr_carea' id='block_1_30' title="bbox 549 1935 3792 2010">
    <p class='ocr_par' dir='ltr' id='par_1_30' title="bbox 549 1935 3792 2010">
     <span class='ocr_line' id='line_1_31' title="bbox 549 1935 3792 2010; baseline 0.001 -20"><span class='ocrx_word' id='word_1_251' title='bbox 549 1935 1398 2010; x_wconf 14' lang='lat' dir='ltr'><strong>nuariisAhomiliayehementem</strong></span> <span class='ocrx_word' id='word_1_252' title='bbox 1417 1935 1665 2010; x_wconf 74' lang='lat' dir='ltr'><strong>continet</strong></span> <span class='ocrx_word' id='word_1_253' title='bbox 1693 1937 2112 2010; x_wconf 79' lang='lat' dir='ltr'><strong>increpationem</strong></span> <span class='ocrx_word' id='word_1_254' title='bbox 2135 1935 2394 2010; x_wconf 69' lang='lat' dir='ltr'><strong>adversus</strong></span> <span class='ocrx_word' id='word_1_255' title='bbox 2416 1939 2520 2010; x_wconf 82' lang='lat' dir='ltr'><strong>diei</strong></span> <span class='ocrx_word' id='word_1_256' title='bbox 2547 1940 2690 1994; x_wconf 88' lang='lat' dir='ltr'><strong>illius</strong></span> <span class='ocrx_word' id='word_1_257' title='bbox 2712 1941 3078 1996; x_wconf 74' lang='lat' dir='ltr'><strong>obscenitates</strong></span> <span class='ocrx_word' id='word_1_258' title='bbox 3107 1949 3531 2010; x_wconf 86' lang='lat' dir='ltr'><strong>personatosque</strong></span> <span class='ocrx_word' id='word_1_259' title='bbox 3561 1943 3792 1996; x_wconf 71' lang='lat' dir='ltr'><strong>homines</strong></span> 
     </span>
    </p>
   </div>
   <div class='ocr_carea' id='block_1_31' title="bbox 549 2004 3791 2078">
    <p class='ocr_par' dir='ltr' id='par_1_31' title="bbox 549 2004 3791 2078">
     <span class='ocr_line' id='line_1_32' title="bbox 549 2004 3791 2078; baseline 0.001 -18"><span class='ocrx_word' id='word_1_260' title='bbox 549 2009 602 2060; x_wconf 87' lang='lat' dir='ltr'><strong>in</strong></span> <span class='ocrx_word' id='word_1_261' title='bbox 635 2008 833 2062; x_wconf 84' lang='lat' dir='ltr'><strong>bestias</strong></span> <span class='ocrx_word' id='word_1_262' title='bbox 863 2005 1304 2078; x_wconf 80' lang='lat' dir='ltr'><strong>transformatos;</strong></span> <span class='ocrx_word' id='word_1_263' title='bbox 1333 2005 1386 2078; x_wconf 81' lang='lat' dir='ltr'><strong>in</strong></span> <span class='ocrx_word' id='word_1_264' title='bbox 1417 2004 1518 2056; x_wconf 89' lang='lat' dir='ltr'><strong>hac</strong></span> <span class='ocrx_word' id='word_1_265' title='bbox 1546 2018 1697 2071; x_wconf 91' lang='lat' dir='ltr'><strong>vero,</strong></span> <span class='ocrx_word' id='word_1_266' title='bbox 1729 2005 2133 2078; x_wconf 80' lang='lat' dir='ltr'><strong>intemperantia</strong></span> <span class='ocrx_word' id='word_1_267' title='bbox 2155 2013 2208 2058; x_wconf 91' lang='lat' dir='ltr'><strong>et</strong></span> <span class='ocrx_word' id='word_1_268' title='bbox 2236 2007 2510 2078; x_wconf 75' lang='lat' dir='ltr'><strong>turpitudo</strong></span> <span class='ocrx_word' id='word_1_269' title='bbox 2539 2010 2923 2078; x_wconf 88' lang='lat' dir='ltr'><strong>conviviorum,</strong></span> <span class='ocrx_word' id='word_1_270' title='bbox 2956 2004 3146 2078; x_wconf 75' lang='lat' dir='ltr'><strong>quibus</strong></span> <span class='ocrx_word' id='word_1_271' title='bbox 3169 2011 3413 2065; x_wconf 86' lang='lat' dir='ltr'><strong>ludorum</strong></span> <span class='ocrx_word' id='word_1_272' title='bbox 3437 2004 3791 2065; x_wconf 87' lang='lat' dir='ltr'><strong>Saturnalium</strong></span> 
     </span>
    </p>
   </div>
   <div class='ocr_carea' id='block_1_32' title="bbox 547 2073 3791 2146">
    <p class='ocr_par' dir='ltr' id='par_1_32' title="bbox 547 2073 3791 2146">
     <span class='ocr_line' id='line_1_33' title="bbox 547 2073 3791 2146; baseline 0.001 -17"><span class='ocrx_word' id='word_1_273' title='bbox 547 2085 791 2144; x_wconf 90' lang='lat' dir='ltr'><strong>tempore</strong></span> <span class='ocrx_word' id='word_1_274' title='bbox 819 2074 1321 2146; x_wconf 65' lang='lat' dir='ltr'><strong>paganivacabant,</strong></span> <span class='ocrx_word' id='word_1_275' title='bbox 1350 2073 1654 2146; x_wconf 74' lang='lat' dir='ltr'><strong>damnatur,</strong></span> <span class='ocrx_word' id='word_1_276' title='bbox 1684 2081 1844 2146; x_wconf 82' lang='lat' dir='ltr'><strong>atque</strong></span> <span class='ocrx_word' id='word_1_277' title='bbox 1864 2073 2115 2146; x_wconf 75' lang='lat' dir='ltr'><strong>ditiorum</strong></span> <span class='ocrx_word' id='word_1_278' title='bbox 2145 2073 2367 2127; x_wconf 85' lang='lat' dir='ltr'><strong>avaritia</strong></span> <span class='ocrx_word' id='word_1_279' title='bbox 2397 2075 2745 2145; x_wconf 85' lang='lat' dir='ltr'><strong>improbatur,</strong></span> <span class='ocrx_word' id='word_1_280' title='bbox 2777 2080 2868 2146; x_wconf 91' lang='lat' dir='ltr'><strong>qui</strong></span> <span class='ocrx_word' id='word_1_281' title='bbox 2901 2093 2931 2131; x_wconf 88' lang='lat' dir='ltr'><strong>a</strong></span> <span class='ocrx_word' id='word_1_282' title='bbox 2969 2073 3134 2132; x_wconf 79' lang='lat' dir='ltr'><strong>servis</strong></span> <span class='ocrx_word' id='word_1_283' title='bbox 3183 2087 3237 2133; x_wconf 88' lang='lat' dir='ltr'><strong>et</strong></span> <span class='ocrx_word' id='word_1_284' title='bbox 3273 2079 3486 2134; x_wconf 88' lang='lat' dir='ltr'><strong>clientis</strong></span> <span class='ocrx_word' id='word_1_285' title='bbox 3514 2089 3720 2133; x_wconf 86' lang='lat' dir='ltr'><strong>strenas</strong></span> <span class='ocrx_word' id='word_1_286' title='bbox 3743 2088 3791 2132; x_wconf 84' lang='lat' dir='ltr'><strong>et</strong></span> 
     </span>
    </p>
   </div>
   <div class='ocr_carea' id='block_1_33' title="bbox 546 2141 3790 2216">
    <p class='ocr_par' dir='ltr' id='par_1_33' title="bbox 546 2141 3790 2216">
     <span class='ocr_line' id='line_1_34' title="bbox 546 2141 3790 2216; baseline 0.002 -19"><span class='ocrx_word' id='word_1_287' title='bbox 546 2141 769 2216; x_wconf 73' lang='lat' dir='ltr'><strong>munera</strong></span> <span class='ocrx_word' id='word_1_288' title='bbox 816 2141 1192 2216; x_wconf 26' lang='lat' dir='ltr'><strong>accipiebant.‘</strong></span> <span class='ocrx_word' id='word_1_289' title='bbox 1217 2141 1323 2216; x_wconf 90' lang='lat' dir='ltr'><strong>S_e_d</strong></span> <span class='ocrx_word' id='word_1_290' title='bbox 1371 2141 1694 2216; x_wconf 69' lang='lat' dir='ltr'><strong>pneeipuum</strong></span> <span class='ocrx_word' id='word_1_291' title='bbox 1724 2142 1878 2209; x_wconf 87' lang='lat' dir='ltr'><strong>hujus</strong></span> <span class='ocrx_word' id='word_1_292' title='bbox 1896 2142 2144 2216; x_wconf 79' lang='lat' dir='ltr'><strong>_hom_ili:e_</strong></span> <span class='ocrx_word' id='word_1_293' title='bbox 2184 2141 2592 2216; x_wconf 82' lang='lat' dir='ltr'><strong>argumentum,</strong></span> <span class='ocrx_word' id='word_1_294' title='bbox 2620 2141 2868 2216; x_wconf 79' lang='lat' dir='ltr'><strong>quodque</strong></span> <span class='ocrx_word' id='word_1_295' title='bbox 2897 2155 3047 2201; x_wconf 87' lang='lat' dir='ltr'><strong>certo</strong></span> <span class='ocrx_word' id='word_1_296' title='bbox 3090 2149 3428 2216; x_wconf 88' lang='lat' dir='ltr'><strong>comprobat,</strong></span> <span class='ocrx_word' id='word_1_297' title='bbox 3461 2155 3589 2202; x_wconf 85' lang='lat' dir='ltr'><strong>ante</strong></span> <span class='ocrx_word' id='word_1_298' title='bbox 3616 2148 3790 2202; x_wconf 77' lang='lat' dir='ltr'><strong>Natale</strong></span> 
     </span>
    </p>
   </div>
   <div class='ocr_carea' id='block_1_34' title="bbox 546 2208 3790 2285">
    <p class='ocr_par' dir='ltr' id='par_1_34' title="bbox 546 2208 3790 2285">
     <span class='ocr_line' id='line_1_35' title="bbox 546 2208 3790 2285; baseline 0.002 -20"><span class='ocrx_word' id='word_1_299' title='bbox 546 2213 760 2285; x_wconf 82' lang='lat' dir='ltr'><strong>Domini</strong></span> <span class='ocrx_word' id='word_1_300' title='bbox 781 2228 809 2265; x_wconf 92' lang='lat' dir='ltr'><strong>a</strong></span> <span class='ocrx_word' id='word_1_301' title='bbox 835 2212 892 2285; x_wconf 68' lang='grc' dir='ltr'><strong>ὃ.</strong></span> <span class='ocrx_word' id='word_1_302' title='bbox 925 2208 1156 2285; x_wconf 70' lang='lat' dir='ltr'><strong>Maximo</strong></span> <span class='ocrx_word' id='word_1_303' title='bbox 1180 2208 1416 2285; x_wconf 82' lang='lat' dir='ltr'><strong>habitam</strong></span> <span class='ocrx_word' id='word_1_304' title='bbox 1442 2208 1968 2285; x_wconf 58' lang='lat' dir='ltr'><strong>[tiisse,_ab_esordio</strong></span> <span class='ocrx_word' id='word_1_305' title='bbox 1996 2208 2494 2285; x_wconf 52' lang='lat' dir='ltr'><strong>eju_sd_em&#39;er_uitur;</strong></span> <span class='ocrx_word' id='word_1_306' title='bbox 2534 2208 2878 2285; x_wconf 70' lang='lat' dir='ltr'><strong>commendat</strong></span> <span class='ocrx_word' id='word_1_307' title='bbox 2901 2217 3043 2269; x_wconf 92' lang='lat' dir='ltr'><strong>enim</strong></span> <span class='ocrx_word' id='word_1_308' title='bbox 3073 2217 3169 2271; x_wconf 90' lang='lat' dir='ltr'><strong>Dei</strong></span> <span class='ocrx_word' id='word_1_309' title='bbox 3206 2208 3627 2284; x_wconf 81' lang='lat' dir='ltr'><strong>providentiam,</strong></span> <span class='ocrx_word' id='word_1_310' title='bbox 3655 2216 3790 2285; x_wconf 87' lang='lat' dir='ltr'><strong>quod</strong></span> 
     </span>
    </p>
   </div>
   <div class='ocr_carea' id='block_1_35' title="bbox 544 2277 3790 2354">
    <p class='ocr_par' dir='ltr' id='par_1_35' title="bbox 544 2277 3790 2354">
     <span class='ocr_line' id='line_1_36' title="bbox 544 2277 3790 2354; baseline 0.002 -20"><span class='ocrx_word' id='word_1_311' title='bbox 544 2283 890 2354; x_wconf 68' lang='lat' dir='ltr'><strong>disposuerit,</strong></span> <span class='ocrx_word' id='word_1_312' title='bbox 922 2283 1062 2354; x_wconf 75' lang='lat' dir='ltr'><strong>inter</strong></span> <span class='ocrx_word' id='word_1_313' title='bbox 1088 2280 1292 2354; x_wconf 73' lang='lat' dir='ltr'><strong>medias</strong></span> <span class='ocrx_word' id='word_1_314' title='bbox 1311 2278 1586 2354; x_wconf 88' lang='lat' dir='ltr'><strong>gentilium</strong></span> <span class='ocrx_word' id='word_1_315' title='bbox 1604 2278 1929 2354; x_wconf 66' lang='lat' dir='ltr'><strong>festivitates</strong></span> <span class='ocrx_word' id='word_1_316' title='bbox 1951 2286 2005 2330; x_wconf 92' lang='lat' dir='ltr'><strong>ut</strong></span> <span class='ocrx_word' id='word_1_317' title='bbox 2034 2277 2274 2333; x_wconf 88' lang='lat' dir='ltr'><strong>Christus</strong></span> <span class='ocrx_word' id='word_1_318' title='bbox 2305 2280 2557 2354; x_wconf 77' lang='lat' dir='ltr'><strong>Dominus</strong></span> <span class='ocrx_word' id='word_1_319' title='bbox 2581 2284 2829 2354; x_wconf 78' lang='lat' dir='ltr'><strong>oriretur,</strong></span> <span class='ocrx_word' id='word_1_320' title='bbox 2868 2300 3082 2354; x_wconf 72' lang='lat' dir='ltr'><strong>sumque</strong></span> <span class='ocrx_word' id='word_1_321' title='bbox 3103 2277 3398 2354; x_wconf 75' lang='lat' dir='ltr'><strong>divinitatis</strong></span> <span class='ocrx_word' id='word_1_322' title='bbox 3419 2277 3624 2340; x_wconf 80' lang='lat' dir='ltr'><strong>lumine</strong></span> <span class='ocrx_word' id='word_1_323' title='bbox 3649 2277 3790 2340; x_wconf 71' lang='lat' dir='ltr'><strong>téne-</strong></span> 
     </span>
    </p>
   </div>
   <div class='ocr_carea' id='block_1_36' title="bbox 537 2346 3791 2428">
    <p class='ocr_par' dir='ltr' id='par_1_36' title="bbox 537 2346 3791 2428">
     <span class='ocr_line' id='line_1_37' title="bbox 537 2346 3791 2428; baseline 0.002 -24"><span class='ocrx_word' id='word_1_324' title='bbox 537 2346 738 2428; x_wconf 16' lang='lat' dir='ltr'><strong>abrasas</strong></span> <span class='ocrx_word' id='word_1_325' title='bbox 778 2350 1187 2428; x_wconf 72' lang='lat' dir='ltr'><strong>superstitiones</strong></span> <span class='ocrx_word' id='word_1_326' title='bbox 1212 2346 1900 2428; x_wconf 32' lang='lat' dir='ltr'><strong>dissiparetn‘adveqtuque‘</strong></span> <span class='ocrx_word' id='word_1_327' title='bbox 1936 2361 2034 2428; x_wconf 76' lang='lat' dir='ltr'><strong>suo</strong></span> <span class='ocrx_word' id='word_1_328' title='bbox 2065 2362 2244 2428; x_wconf 76' lang='lat' dir='ltr'><strong>veram</strong></span> <span class='ocrx_word' id='word_1_329' title='bbox 2278 2350 2477 2428; x_wconf 68' lang='lat' dir='ltr'><strong>mundo</strong></span> <span class='ocrx_word' id='word_1_330' title='bbox 2517 2351 2755 2428; x_wconf 71' lang='lat' dir='ltr'><strong>lzetitiam</strong></span> <span class='ocrx_word' id='word_1_331' title='bbox 2796 2346 3182 2428; x_wconf 67' lang='lat' dir='ltr'><strong>et&#39;felicitatem</strong></span> <span class='ocrx_word' id='word_1_332' title='bbox 3220 2353 3454 2407; x_wconf 85' lang='lat' dir='ltr'><strong>aﬂ&#39;erret.</strong></span> <span class='ocrx_word' id='word_1_333' title='bbox 3487 2354 3791 2428; x_wconf 76' lang='lat' dir='ltr'><strong>Hujusmodi</strong></span> 
     </span>
    </p>
   </div>
   <div class='ocr_carea' id='block_1_37' title="bbox 545 2415 3790 2491">
    <p class='ocr_par' dir='ltr' id='par_1_37' title="bbox 545 2415 3790 2491">
     <span class='ocr_line' id='line_1_38' title="bbox 545 2415 3790 2491; baseline 0 -19"><span class='ocrx_word' id='word_1_334' title='bbox 545 2433 678 2491; x_wconf 79' lang='lat' dir='ltr'><strong>ergo</strong></span> <span class='ocrx_word' id='word_1_335' title='bbox 704 2415 1192 2491; x_wconf 44' lang='lat' dir='ltr'><strong>festa—gentilitatis,</strong></span> <span class='ocrx_word' id='word_1_336' title='bbox 1220 2415 1497 2491; x_wconf 71' lang='lat' dir='ltr'><strong>mensibus</strong></span> <span class='ocrx_word' id='word_1_337' title='bbox 1519 2415 1834 2491; x_wconf 31' lang='lat' dir='ltr'><strong>Decembri&quot;</strong></span> <span class='ocrx_word' id='word_1_338' title='bbox 1853 2423 1908 2491; x_wconf 79' lang='lat' dir='ltr'><strong>et</strong></span> <span class='ocrx_word' id='word_1_339' title='bbox 1935 2415 2187 2491; x_wconf 53' lang='lat' dir='ltr'><strong>lanuario</strong></span> <span class='ocrx_word' id='word_1_340' title='bbox 2215 2417 2456 2491; x_wconf 71' lang='lat' dir='ltr'><strong>instituta</strong></span> <span class='ocrx_word' id='word_1_341' title='bbox 2497 2415 2672 2491; x_wconf 66' lang='lat' dir='ltr'><strong>erant,</strong></span> <span class='ocrx_word' id='word_1_342' title='bbox 2714 2423 3060 2491; x_wconf 80' lang='lat' dir='ltr'><strong>maximoque</strong></span> <span class='ocrx_word' id='word_1_343' title='bbox 3099 2439 3206 2477; x_wconf 91' lang='lat' dir='ltr'><strong>non</strong></span> <span class='ocrx_word' id='word_1_344' title='bbox 3237 2430 3348 2474; x_wconf 87' lang='lat' dir='ltr'><strong>tam</strong></span> <span class='ocrx_word' id='word_1_345' title='bbox 3375 2415 3606 2491; x_wconf 78' lang='lat' dir='ltr'><strong>strepitu</strong></span> <span class='ocrx_word' id='word_1_346' title='bbox 3644 2438 3790 2491; x_wconf 88' lang='lat' dir='ltr'><strong>quam</strong></span> 
     </span>
    </p>
   </div>
   <div class='ocr_carea' id='block_1_38' title="bbox 544 2483 3790 2557">
    <p class='ocr_par' dir='ltr' id='par_1_38' title="bbox 544 2483 3790 2557">
     <span class='ocr_line' id='line_1_39' title="bbox 544 2483 3790 2557; baseline 0.003 -20"><span class='ocrx_word' id='word_1_347' title='bbox 544 2483 678 2542; x_wconf 81' lang='lat' dir='ltr'><strong>vitio</strong></span> <span class='ocrx_word' id='word_1_348' title='bbox 706 2483 1116 2557; x_wconf 75' lang='lat' dir='ltr'><strong>peragebantur,</strong></span> <span class='ocrx_word' id='word_1_349' title='bbox 1154 2500 1186 2538; x_wconf 88' lang='lat' dir='ltr'><strong>a</strong></span> <span class='ocrx_word' id='word_1_350' title='bbox 1213 2483 1717 2557; x_wconf 80' lang='lat' dir='ltr'><strong>quibus_Christiani</strong></span> <span class='ocrx_word' id='word_1_351' title='bbox 1766 2484 2068 2557; x_wconf 41' lang='lat' dir='ltr'><strong>iustioribus</strong></span> <span class='ocrx_word' id='word_1_352' title='bbox 2093 2484 2324 2557; x_wconf 80' lang='lat' dir='ltr'><strong>gaudiis,</strong></span> <span class='ocrx_word' id='word_1_353' title='bbox 2351 2483 2814 2557; x_wconf 83' lang='lat' dir='ltr'><strong>sanctioribusque</strong></span> <span class='ocrx_word' id='word_1_354' title='bbox 2844 2483 3003 2544; x_wconf 75' lang='lat' dir='ltr'><strong>donis</strong></span> <span class='ocrx_word' id='word_1_355' title='bbox 3031 2492 3286 2545; x_wconf 87' lang='lat' dir='ltr'><strong>cumulati</strong></span> <span class='ocrx_word' id='word_1_356' title='bbox 3315 2483 3613 2546; x_wconf 73' lang='lat' dir='ltr'><strong>abhorrere</strong></span> <span class='ocrx_word' id='word_1_357' title='bbox 3636 2483 3790 2546; x_wconf 77' lang='lat' dir='ltr'><strong>debe-</strong></span> 
     </span>
    </p>
   </div>
   <div class='ocr_carea' id='block_1_39' title="bbox 545 2553 3784 2625">
    <p class='ocr_par' dir='ltr' id='par_1_39' title="bbox 545 2553 3784 2625">
     <span class='ocr_line' id='line_1_40' title="bbox 545 2553 3784 2625; baseline 0.003 -17"><span class='ocrx_word' id='word_1_358' title='bbox 545 2553 990 2611; x_wconf 50' lang='lat' dir='ltr'><strong>bantflleslituto</strong></span> <span class='ocrx_word' id='word_1_359' title='bbox 1019 2555 1195 2625; x_wconf 82' lang='lat' dir='ltr'><strong>itaque</strong></span> <span class='ocrx_word' id='word_1_360' title='bbox 1241 2553 1471 2625; x_wconf 79' lang='lat' dir='ltr'><strong>homilia:</strong></span> <span class='ocrx_word' id='word_1_361' title='bbox 1499 2568 1597 2625; x_wconf 84' lang='lat' dir='ltr'><strong>su_o</strong></span> <span class='ocrx_word' id='word_1_362' title='bbox 1644 2568 1772 2607; x_wconf 84' lang='lat' dir='ltr'><strong>vero</strong></span> <span class='ocrx_word' id='word_1_363' title='bbox 1801 2553 1978 2625; x_wconf 76' lang='lat' dir='ltr'><strong>titulo,</strong></span> <span class='ocrx_word' id='word_1_364' title='bbox 2006 2553 2074 2606; x_wconf 90' lang='lat' dir='ltr'><strong>ad</strong></span> <span class='ocrx_word' id='word_1_365' title='bbox 2102 2555 2426 2625; x_wconf 68' lang='lat' dir='ltr'><strong>peculiarem</strong></span> <span class='ocrx_word' id='word_1_366' title='bbox 2478 2557 2595 2625; x_wconf 86' lang='lat' dir='ltr'><strong>ejus</strong></span> <span class='ocrx_word' id='word_1_367' title='bbox 2639 2553 3162 2613; x_wconf 80' lang='lat' dir='ltr'><strong>commendationem</strong></span> <span class='ocrx_word' id='word_1_368' title='bbox 3210 2560 3384 2614; x_wconf 88' lang='lat' dir='ltr'><strong>dicam</strong></span> <span class='ocrx_word' id='word_1_369' title='bbox 3421 2561 3556 2615; x_wconf 88' lang='lat' dir='ltr'><strong>alios</strong></span> <span class='ocrx_word' id='word_1_370' title='bbox 3587 2560 3784 2618; x_wconf 72' lang='lat' dir='ltr'><strong>Patres.</strong></span> 
     </span>
    </p>
   </div>
   <div class='ocr_carea' id='block_1_40' title="bbox 545 2619 3790 2696">
    <p class='ocr_par' dir='ltr' id='par_1_40' title="bbox 545 2619 3790 2696">
     <span class='ocr_line' id='line_1_41' title="bbox 545 2619 3790 2696; baseline 0.001 -18"><span class='ocrx_word' id='word_1_371' title='bbox 545 2625 885 2696; x_wconf 81' lang='lat' dir='ltr'><strong>Ambrosium</strong></span> <span class='ocrx_word' id='word_1_372' title='bbox 915 2619 1530 2696; x_wconf 27' lang='lat' dir='ltr'><strong>nempe,-Augustinur_n,</strong></span> <span class='ocrx_word' id='word_1_373' title='bbox 1556 2619 2393 2696; x_wconf 72' lang='lat' dir='ltr'><strong>Leon_em_Magnum,_etPetrum</strong></span> <span class='ocrx_word' id='word_1_374' title='bbox 2422 2619 2810 2696; x_wconf 77' lang='lat' dir='ltr'><strong>Chrysologum</strong></span> <span class='ocrx_word' id='word_1_375' title='bbox 2839 2636 3025 2681; x_wconf 86' lang='lat' dir='ltr'><strong>contra</strong></span> <span class='ocrx_word' id='word_1_376' title='bbox 3052 2629 3397 2684; x_wconf 83' lang='lat' dir='ltr'><strong>calendarum</strong></span> <span class='ocrx_word' id='word_1_377' title='bbox 3425 2629 3790 2683; x_wconf 69' lang='lat' dir='ltr'><strong>Ianuariarum</strong></span> 
     </span>
    </p>
   </div>
   <div class='ocr_carea' id='block_1_41' title="bbox 545 2689 3792 2753">
    <p class='ocr_par' dir='ltr' id='par_1_41' title="bbox 545 2689 3792 2753">
     <span class='ocr_line' id='line_1_42' title="bbox 545 2689 3792 2753; baseline 0.002 -8"><span class='ocrx_word' id='word_1_378' title='bbox 545 2694 981 2753; x_wconf 86' lang='lat' dir='ltr'><strong>superstitionem</strong></span> <span class='ocrx_word' id='word_1_379' title='bbox 1010 2689 1284 2746; x_wconf 75' lang='lat' dir='ltr'><strong>orationes</strong></span> <span class='ocrx_word' id='word_1_380' title='bbox 1326 2690 1591 2753; x_wconf 88' lang='lat' dir='ltr'><strong>habuisse,</strong></span> <span class='ocrx_word' id='word_1_381' title='bbox 1623 2691 1717 2746; x_wconf 89' lang='lat' dir='ltr'><strong>sed</strong></span> <span class='ocrx_word' id='word_1_382' title='bbox 1744 2689 1812 2744; x_wconf 85' lang='lat' dir='ltr'><strong>ad</strong></span> <span class='ocrx_word' id='word_1_383' title='bbox 1843 2691 2164 2746; x_wconf 87' lang='lat' dir='ltr'><strong>avertendos</strong></span> <span class='ocrx_word' id='word_1_384' title='bbox 2200 2691 2383 2749; x_wconf 80' lang='lat' dir='ltr'><strong>ﬁdeles</strong></span> <span class='ocrx_word' id='word_1_385' title='bbox 2409 2709 2438 2747; x_wconf 92' lang='lat' dir='ltr'><strong>a</strong></span> <span class='ocrx_word' id='word_1_386' title='bbox 2469 2689 2606 2749; x_wconf 83' lang='lat' dir='ltr'><strong>ludis</strong></span> <span class='ocrx_word' id='word_1_387' title='bbox 2645 2689 3019 2750; x_wconf 72' lang='lat' dir='ltr'><strong>saturnalibus</strong></span> <span class='ocrx_word' id='word_1_388' title='bbox 3045 2698 3219 2753; x_wconf 88' lang='lat' dir='ltr'><strong>solum</strong></span> <span class='ocrx_word' id='word_1_389' title='bbox 3247 2696 3537 2752; x_wconf 74' lang='lat' dir='ltr'><strong>Maximum</strong></span> <span class='ocrx_word' id='word_1_390' title='bbox 3560 2698 3724 2753; x_wconf 86' lang='lat' dir='ltr'><strong>docte</strong></span> <span class='ocrx_word' id='word_1_391' title='bbox 3744 2703 3792 2751; x_wconf 79' lang='lat' dir='ltr'><strong>et</strong></span> 
     </span>
    </p>
   </div>
   <div class='ocr_carea' id='block_1_42' title="bbox 543 2770 1828 2830">
    <p class='ocr_par' dir='ltr' id='par_1_42' title="bbox 543 2770 1828 2830">
     <span class='ocr_line' id='line_1_43' title="bbox 543 2770 1828 2830; baseline 0 -17"><span class='ocrx_word' id='word_1_392' title='bbox 543 2770 895 2816; x_wconf 84' lang='lat' dir='ltr'><strong>vehementer</strong></span> <span class='ocrx_word' id='word_1_393' title='bbox 915 2773 1217 2830; x_wconf 84' lang='lat' dir='ltr'><strong>perorasse.</strong></span> <span class='ocrx_word' id='word_1_394' title='bbox 1825 2771 1828 2774; x_wconf 50' lang='grc' dir='ltr'>λ</span> 
     </span>
    </p>
   </div>
   <div class='ocr_carea' id='block_1_43' title="bbox 544 2849 3793 2924">
    <p class='ocr_par' dir='ltr' id='par_1_43' title="bbox 544 2849 3793 2924">
     <span class='ocr_line' id='line_1_44' title="bbox 544 2849 3793 2924; baseline 0 -18"><span class='ocrx_word' id='word_1_395' title='bbox 544 2854 703 2924; x_wconf 63' lang='grc'><strong>343</strong></span> <span class='ocrx_word' id='word_1_396' title='bbox 748 2854 1135 2924; x_wconf 61' lang='grc' dir='ltr'>Αιιςιιιιεκτυιι.</span> <span class='ocrx_word' id='word_1_397' title='bbox 1172 2878 1241 2891; x_wconf 90' lang='lat'><strong>-—</strong></span> <span class='ocrx_word' id='word_1_398' title='bbox 1284 2850 1708 2924; x_wconf 61' lang='lat' dir='ltr'><strong>superstitiosam</strong></span> <span class='ocrx_word' id='word_1_399' title='bbox 1757 2849 2119 2924; x_wconf 67' lang='lat' dir='ltr'><strong>Saturnaliuin</strong></span> <span class='ocrx_word' id='word_1_400' title='bbox 2154 2858 2197 2918; x_wconf 77' lang='grc' dir='ltr'><strong>Β</strong></span> <span class='ocrx_word' id='word_1_401' title='bbox 2225 2852 2316 2906; x_wconf 89' lang='lat' dir='ltr'><strong>tia.</strong></span> <span class='ocrx_word' id='word_1_402' title='bbox 2346 2853 2478 2906; x_wconf 80' lang='lat' dir='ltr'><strong>Nam</strong></span> <span class='ocrx_word' id='word_1_403' title='bbox 2505 2854 2577 2907; x_wconf 91' lang='lat' dir='ltr'><strong>ita</strong></span> <span class='ocrx_word' id='word_1_404' title='bbox 2597 2854 2904 2922; x_wconf 88' lang='lat' dir='ltr'><strong>lasciviunt,</strong></span> <span class='ocrx_word' id='word_1_405' title='bbox 2933 2855 3005 2908; x_wconf 89' lang='lat' dir='ltr'><strong>ita</strong></span> <span class='ocrx_word' id='word_1_406' title='bbox 3027 2854 3151 2909; x_wconf 90' lang='lat' dir='ltr'><strong>vino</strong></span> <span class='ocrx_word' id='word_1_407' title='bbox 3171 2861 3226 2908; x_wconf 89' lang='lat' dir='ltr'><strong>et</strong></span> <span class='ocrx_word' id='word_1_408' title='bbox 3244 2854 3414 2924; x_wconf 87' lang='lat' dir='ltr'><strong>epulis</strong></span> <span class='ocrx_word' id='word_1_409' title='bbox 3441 2855 3725 2923; x_wconf 84' lang='lat' dir='ltr'><strong>satiantur,</strong></span> <span class='ocrx_word' id='word_1_410' title='bbox 3745 2863 3793 2907; x_wconf 86' lang='lat' dir='ltr'><strong>ut</strong></span> 
     </span>
    </p>
   </div>
   <div class='ocr_carea' id='block_1_44' title="bbox 615 2918 2122 3011">
    <p class='ocr_par' dir='ltr' id='par_1_44' title="bbox 615 2918 2118 3011">
     <span class='ocr_line' id='line_1_45' title="bbox 615 2918 2118 3011; baseline -0.003 -36"><span class='ocrx_word' id='word_1_411' title='bbox 615 2918 766 3011; x_wconf 53' lang='lat' dir='ltr'><strong>fit&#39;que</strong></span> <span class='ocrx_word' id='word_1_412' title='bbox 784 2922 1114 3011; x_wconf 58' lang='lat' dir='ltr'><strong>colendarum</strong></span> <span class='ocrx_word' id='word_1_413' title='bbox 1135 2919 1568 2979; x_wconf 81' lang='lat' dir='ltr'><strong>consuetudinem,</strong></span> <span class='ocrx_word' id='word_1_414' title='bbox 1585 2918 2035 3011; x_wconf 51' lang='lat' dir='ltr'><strong>Lvigenéemlfdhuc</strong></span> <span class='ocrx_word' id='word_1_415' title='bbox 2063 2920 2118 2971; x_wconf 87' lang='lat' dir='ltr'><strong>in</strong></span> 
     </span>
     <span class='ocr_line' id='line_1_46' title="bbox 643 2988 2096 3011; baseline 0 0"><span class='ocrx_word' id='word_1_416' title='bbox 643 2991 919 3011; x_wconf 30' lang='lat' dir='ltr'><strong>‘l,,e_°,_..’---.&#39;_</strong></span> <span class='ocrx_word' id='word_1_417' title='bbox 954 3005 1081 3011; x_wconf 70' lang='lat'><strong>_-__-.</strong></span> <span class='ocrx_word' id='word_1_418' title='bbox 1109 2989 1148 3011; x_wconf 71' lang='lat'><strong>.‘-</strong></span> <span class='ocrx_word' id='word_1_419' title='bbox 1218 3002 1383 3011; x_wconf 60' lang='grc' dir='ltr'><strong>,Αμμρ</strong></span> <span class='ocrx_word' id='word_1_420' title='bbox 1427 3003 1576 3011; x_wconf 49' lang='grc' dir='ltr'><strong>-..μ-,ι</strong></span> <span class='ocrx_word' id='word_1_421' title='bbox 1617 2996 1696 3011; x_wconf 69' lang='grc' dir='ltr'><strong>--.ι</strong></span> <span class='ocrx_word' id='word_1_422' title='bbox 1897 2988 2096 3011; x_wconf 56' lang='grc' dir='ltr'><strong>-..ἔμμ-</strong></span> 
     </span>
    </p>
   </div>
   <div class='ocr_carea' id='block_1_45' title="bbox 2227 2918 3793 3011">
    <p class='ocr_par' dir='ltr' id='par_1_45' title="bbox 2227 2918 3793 3011">
     <span class='ocr_line' id='line_1_47' title="bbox 2227 2918 3793 3011; baseline 0.001 -16"><span class='ocrx_word' id='word_1_423' title='bbox 2227 2941 2316 3009; x_wconf 92' lang='lat' dir='ltr'><strong>qui</strong></span> <span class='ocrx_word' id='word_1_424' title='bbox 2344 2949 2456 2997; x_wconf 93' lang='lat' dir='ltr'><strong>toto</strong></span> <span class='ocrx_word' id='word_1_425' title='bbox 2484 2956 2626 2997; x_wconf 91' lang='lat' dir='ltr'><strong>anno</strong></span> <span class='ocrx_word' id='word_1_426' title='bbox 2653 2950 2832 2997; x_wconf 88' lang='lat' dir='ltr'><strong>castus</strong></span> <span class='ocrx_word' id='word_1_427' title='bbox 2860 2918 2917 2997; x_wconf 85' lang='lat' dir='ltr'><strong>et</strong></span> <span class='ocrx_word' id='word_1_428' title='bbox 2933 2950 3248 3011; x_wconf 82' lang='lat' dir='ltr'><strong>temperans</strong></span> <span class='ocrx_word' id='word_1_429' title='bbox 3276 2918 3463 3008; x_wconf 79' lang='lat' dir='ltr'><strong>fuerit,</strong></span> <span class='ocrx_word' id='word_1_430' title='bbox 3497 2945 3587 2997; x_wconf 89' lang='lat' dir='ltr'><strong>illa</strong></span> <span class='ocrx_word' id='word_1_431' title='bbox 3619 2918 3720 2999; x_wconf 21' lang='lat' dir='ltr'><strong>diei</strong></span> <span class='ocrx_word' id='word_1_432' title='bbox 3734 2946 3793 2998; x_wconf 86' lang='lat' dir='ltr'><strong>sit</strong></span> 
     </span>
    </p>
   </div>
   <div class='ocr_carea' id='block_1_46' title="bbox 612 2985 2114 3058">
    <p class='ocr_par' dir='ltr' id='par_1_46' title="bbox 612 2985 2114 3058">
     <span class='ocr_line' id='line_1_48' title="bbox 612 2985 2114 3058; baseline -0.002 -15"><span class='ocrx_word' id='word_1_433' title='bbox 612 2985 920 3058; x_wconf 63' lang='lat' dir='ltr'><strong>Christianis</strong></span> <span class='ocrx_word' id='word_1_434' title='bbox 951 2988 1168 3058; x_wconf 82' lang='lat' dir='ltr'><strong>pepulis,</strong></span> <span class='ocrx_word' id='word_1_435' title='bbox 1214 3002 1383 3040; x_wconf 71' lang='lat' dir='ltr'><strong>secere</strong></span> <span class='ocrx_word' id='word_1_436' title='bbox 1418 2985 1696 3058; x_wconf 73' lang='lat' dir='ltr'><strong>exprobrat</strong></span> <span class='ocrx_word' id='word_1_437' title='bbox 1734 2985 1794 3040; x_wconf 90' lang='lat' dir='ltr'><strong>S.</strong></span> <span class='ocrx_word' id='word_1_438' title='bbox 1831 2985 2114 3058; x_wconf 63' lang='lat' dir='ltr'><strong>Maximis,</strong></span> 
     </span>
    </p>
   </div>
   <div class='ocr_carea' id='block_1_47' title="bbox 612 3055 2121 3129">
    <p class='ocr_par' dir='ltr' id='par_1_47' title="bbox 612 3055 2121 3129">
     <span class='ocr_line' id='line_1_49' title="bbox 612 3055 2121 3129; baseline -0.003 -18"><span class='ocrx_word' id='word_1_439' title='bbox 612 3077 763 3129; x_wconf 83' lang='lat' dir='ltr'><strong>quam</strong></span> <span class='ocrx_word' id='word_1_440' title='bbox 804 3055 959 3129; x_wconf 80' lang='lat' dir='ltr'><strong>abiis</strong></span> <span class='ocrx_word' id='word_1_441' title='bbox 989 3055 1457 3129; x_wconf 55' lang='lat' dir='ltr'><strong>potissimuinesse</strong></span> <span class='ocrx_word' id='word_1_442' title='bbox 1482 3055 1941 3129; x_wconf 47' lang='lat' dir='ltr'><strong>condemnandam</strong></span> <span class='ocrx_word' id='word_1_443' title='bbox 1969 3064 2121 3124; x_wconf 85' lang='lat' dir='ltr'><strong>atque</strong></span> 
     </span>
    </p>
   </div>
   <div class='ocr_carea' id='block_1_48' title="bbox 612 3121 2121 3195">
    <p class='ocr_par' dir='ltr' id='par_1_48' title="bbox 612 3121 2121 3195">
     <span class='ocr_line' id='line_1_50' title="bbox 612 3121 2121 3195; baseline -0.002 -15"><span class='ocrx_word' id='word_1_444' title='bbox 612 3121 976 3182; x_wconf 74' lang='lat' dir='ltr'><strong>deelinandam</strong></span> <span class='ocrx_word' id='word_1_445' title='bbox 989 3121 1170 3180; x_wconf 77' lang='lat' dir='ltr'><strong>scribit</strong></span> <span class='ocrx_word' id='word_1_446' title='bbox 1191 3125 1274 3195; x_wconf 80' lang='lat' dir='ltr'><strong>qui</strong></span> <span class='ocrx_word' id='word_1_447' title='bbox 1297 3123 1542 3177; x_wconf 78' lang='lat' dir='ltr'><strong>dominici</strong></span> <span class='ocrx_word' id='word_1_448' title='bbox 1584 3121 1796 3177; x_wconf 85' lang='lat' dir='ltr'><strong>Natalis</strong></span> <span class='ocrx_word' id='word_1_449' title='bbox 1825 3121 2121 3177; x_wconf 74' lang='lat' dir='ltr'><strong>sacramen-</strong></span> 
     </span>
    </p>
   </div>
   <div class='ocr_carea' id='block_1_49' title="bbox 613 3197 949 3250">
    <p class='ocr_par' dir='ltr' id='par_1_49' title="bbox 613 3197 949 3250">
     <span class='ocr_line' id='line_1_51' title="bbox 613 3197 949 3250; baseline -0.009 0"><span class='ocrx_word' id='word_1_450' title='bbox 613 3207 726 3250; x_wconf 81' lang='lat' dir='ltr'><strong>tum</strong></span> <span class='ocrx_word' id='word_1_451' title='bbox 753 3197 949 3250; x_wconf 75' lang='lat' dir='ltr'><strong>colunt.</strong></span> 
     </span>
    </p>
   </div>
   <div class='ocr_carea' id='block_1_50' title="bbox 615 3303 2122 3378">
    <p class='ocr_par' dir='ltr' id='par_1_50' title="bbox 615 3303 2122 3378">
     <span class='ocr_line' id='line_1_52' title="bbox 615 3303 2122 3378; baseline -0.003 -15"><span class='ocrx_word' id='word_1_452' title='bbox 615 3308 760 3363; x_wconf 85' lang='lat' dir='ltr'><strong>Bene</strong></span> <span class='ocrx_word' id='word_1_453' title='bbox 774 3303 1308 3378; x_wconf 54' lang='lat' dir='ltr'><strong>quodammodo’Deo</strong></span> <span class='ocrx_word' id='word_1_454' title='bbox 1338 3304 1650 3374; x_wconf 85' lang='lat' dir='ltr'><strong>providente</strong></span> <span class='ocrx_word' id='word_1_455' title='bbox 1678 3303 1990 3372; x_wconf 82' lang='lat' dir='ltr'><strong>dispositum</strong></span> <span class='ocrx_word' id='word_1_456' title='bbox 2018 3315 2122 3373; x_wconf 89' lang='lat' dir='ltr'><strong>est,</strong></span> 
     </span>
    </p>
   </div>
   <div class='ocr_carea' id='block_1_51' title="bbox 543 3391 2120 3463">
    <p class='ocr_par' dir='ltr' id='par_1_51' title="bbox 543 3391 2120 3463">
     <span class='ocr_line' id='line_1_53' title="bbox 543 3391 2120 3463; baseline -0.003 -12"><span class='ocrx_word' id='word_1_457' title='bbox 543 3407 602 3452; x_wconf 88' lang='lat' dir='ltr'><strong>ut</strong></span> <span class='ocrx_word' id='word_1_458' title='bbox 622 3397 760 3451; x_wconf 80' lang='lat' dir='ltr'><strong>inter</strong></span> <span class='ocrx_word' id='word_1_459' title='bbox 800 3394 1003 3450; x_wconf 85' lang='lat' dir='ltr'><strong>medias</strong></span> <span class='ocrx_word' id='word_1_460' title='bbox 1025 3391 1640 3463; x_wconf 86' lang='lat' dir='ltr'><strong>gentilium&#39;festivitates</strong></span> <span class='ocrx_word' id='word_1_461' title='bbox 1671 3391 1910 3447; x_wconf 88' lang='lat' dir='ltr'><strong>Christus</strong></span> <span class='ocrx_word' id='word_1_462' title='bbox 1939 3393 2120 3447; x_wconf 90' lang='lat' dir='ltr'><strong>Domi-</strong></span> 
     </span>
    </p>
   </div>
   <div class='ocr_carea' id='block_1_52' title="bbox 545 3482 2124 3560">
    <p class='ocr_par' dir='ltr' id='par_1_52' title="bbox 545 3482 2124 3560">
     <span class='ocr_line' id='line_1_54' title="bbox 545 3482 2124 3560; baseline -0.003 -19"><span class='ocrx_word' id='word_1_463' title='bbox 545 3503 645 3541; x_wconf 86' lang='lat' dir='ltr'><strong>nus</strong></span> <span class='ocrx_word' id='word_1_464' title='bbox 672 3485 925 3547; x_wconf 88' lang='lat' dir='ltr'><strong>oriretur,</strong></span> <span class='ocrx_word' id='word_1_465' title='bbox 955 3491 1013 3538; x_wconf 90' lang='lat' dir='ltr'><strong>et</strong></span> <span class='ocrx_word' id='word_1_466' title='bbox 1049 3484 1189 3538; x_wconf 85' lang='lat' dir='ltr'><strong>inter</strong></span> <span class='ocrx_word' id='word_1_467' title='bbox 1211 3483 1355 3552; x_wconf 89' lang='lat' dir='ltr'><strong>ipsas</strong></span> <span class='ocrx_word' id='word_1_468' title='bbox 1379 3482 1691 3560; x_wconf 86' lang='lat' dir='ltr'><strong>tenebrosas</strong></span> <span class='ocrx_word' id='word_1_469' title='bbox 1718 3484 2124 3552; x_wconf 87' lang='lat' dir='ltr'><strong>superstitiones</strong></span> 
     </span>
    </p>
   </div>
   <div class='ocr_carea' id='block_1_53' title="bbox 541 3561 2123 3644">
    <p class='ocr_par' dir='ltr' id='par_1_53' title="bbox 541 3561 2123 3644">
     <span class='ocr_line' id='line_1_55' title="bbox 541 3561 2123 3644; baseline -0.002 -11"><span class='ocrx_word' id='word_1_470' title='bbox 541 3592 789 3633; x_wconf 87' lang='lat' dir='ltr'><strong>errorum</strong></span> <span class='ocrx_word' id='word_1_471' title='bbox 815 3576 929 3631; x_wconf 88' lang='lat' dir='ltr'><strong>veri</strong></span> <span class='ocrx_word' id='word_1_472' title='bbox 959 3574 1172 3629; x_wconf 89' lang='lat' dir='ltr'><strong>luminis</strong></span> <span class='ocrx_word' id='word_1_473' title='bbox 1199 3574 1452 3644; x_wconf 87' lang='lat' dir='ltr'><strong>splendor</strong></span> <span class='ocrx_word' id='word_1_474' title='bbox 1484 3561 1766 3642; x_wconf 84' lang='lat' dir='ltr'><strong>ell‘uigerct</strong></span> <span class='ocrx_word' id='word_1_475' title='bbox 1794 3593 1808 3627; x_wconf 85' lang='lat'><strong><em>:</em></strong></span> <span class='ocrx_word' id='word_1_476' title='bbox 1841 3583 1898 3628; x_wconf 86' lang='grc' dir='ltr'><strong>ιιι</strong></span> <span class='ocrx_word' id='word_1_477' title='bbox 1917 3576 2123 3643; x_wconf 83' lang='lat' dir='ltr'><strong>perspi-</strong></span> 
     </span>
    </p>
   </div>
   <div class='ocr_carea' id='block_1_54' title="bbox 543 3662 2122 3730">
    <p class='ocr_par' dir='ltr' id='par_1_54' title="bbox 543 3662 2122 3730">
     <span class='ocr_line' id='line_1_56' title="bbox 543 3662 2122 3730; baseline -0.002 -10"><span class='ocrx_word' id='word_1_478' title='bbox 543 3668 748 3721; x_wconf 88' lang='lat' dir='ltr'><strong>cientes</strong></span> <span class='ocrx_word' id='word_1_479' title='bbox 771 3664 1017 3718; x_wconf 89' lang='lat' dir='ltr'><strong>homines</strong></span> <span class='ocrx_word' id='word_1_480' title='bbox 1041 3663 1093 3717; x_wconf 88' lang='lat' dir='ltr'><strong>in</strong></span> <span class='ocrx_word' id='word_1_481' title='bbox 1125 3663 1289 3716; x_wconf 89' lang='lat' dir='ltr'><strong>variis</strong></span> <span class='ocrx_word' id='word_1_482' title='bbox 1333 3662 1802 3730; x_wconf 84' lang='lat' dir='ltr'><strong>superstitionibus</strong></span> <span class='ocrx_word' id='word_1_483' title='bbox 1845 3663 1955 3715; x_wconf 88' lang='lat' dir='ltr'><strong>suis</strong></span> <span class='ocrx_word' id='word_1_484' title='bbox 1978 3678 2122 3730; x_wconf 84' lang='lat' dir='ltr'><strong>purae</strong></span> 
     </span>
    </p>
   </div>
   <div class='ocr_carea' id='block_1_55' title="bbox 541 3751 2126 3820">
    <p class='ocr_par' dir='ltr' id='par_1_55' title="bbox 541 3751 2126 3820">
     <span class='ocr_line' id='line_1_57' title="bbox 541 3751 2126 3820; baseline -0.002 -12"><span class='ocrx_word' id='word_1_485' title='bbox 541 3755 848 3810; x_wconf 87' lang='lat' dir='ltr'><strong>Divinitatis</strong></span> <span class='ocrx_word' id='word_1_486' title='bbox 867 3753 1151 3807; x_wconf 88' lang='lat' dir='ltr'><strong>emicuisse</strong></span> <span class='ocrx_word' id='word_1_487' title='bbox 1166 3751 1451 3820; x_wconf 88' lang='lat' dir='ltr'><strong>justitiam,</strong></span> <span class='ocrx_word' id='word_1_488' title='bbox 1464 3751 1730 3819; x_wconf 64' lang='lat' dir='ltr'><strong>praeterita</strong></span> <span class='ocrx_word' id='word_1_489' title='bbox 1751 3751 2126 3806; x_wconf 80' lang='lat' dir='ltr'><strong>oblivisceren-</strong></span> 
     </span>
    </p>
   </div>
   <div class='ocr_carea' id='block_1_56' title="bbox 545 3841 2119 3913">
    <p class='ocr_par' dir='ltr' id='par_1_56' title="bbox 545 3841 2119 3913">
     <span class='ocr_line' id='line_1_58' title="bbox 545 3841 2119 3913; baseline -0.001 -14"><span class='ocrx_word' id='word_1_490' title='bbox 545 3855 632 3900; x_wconf 91' lang='lat' dir='ltr'><strong>tur</strong></span> <span class='ocrx_word' id='word_1_491' title='bbox 650 3844 952 3912; x_wconf 85' lang='lat' dir='ltr'><strong>sacrilegia,</strong></span> <span class='ocrx_word' id='word_1_492' title='bbox 970 3843 1144 3897; x_wconf 86' lang='lat' dir='ltr'><strong>lutura</strong></span> <span class='ocrx_word' id='word_1_493' title='bbox 1164 3857 1272 3896; x_wconf 92' lang='lat' dir='ltr'><strong>non</strong></span> <span class='ocrx_word' id='word_1_494' title='bbox 1293 3842 1549 3897; x_wconf 89' lang='lat' dir='ltr'><strong>colerent.</strong></span> <span class='ocrx_word' id='word_1_495' title='bbox 1568 3841 1696 3907; x_wconf 89' lang='lat' dir='ltr'><strong>Quis</strong></span> <span class='ocrx_word' id='word_1_496' title='bbox 1715 3843 1862 3896; x_wconf 85' lang='lat' dir='ltr'><strong>enim</strong></span> <span class='ocrx_word' id='word_1_497' title='bbox 1885 3844 2119 3913; x_wconf 85' lang='lat' dir='ltr'><strong>sapiens,</strong></span> 
     </span>
    </p>
   </div>
   <div class='ocr_carea' id='block_1_57' title="bbox 541 3931 2121 4005">
    <p class='ocr_par' dir='ltr' id='par_1_57' title="bbox 541 3931 2121 4005">
     <span class='ocr_line' id='line_1_59' title="bbox 541 3931 2121 4005; baseline 0 -17"><span class='ocrx_word' id='word_1_498' title='bbox 541 3936 632 4005; x_wconf 91' lang='lat' dir='ltr'><strong>qui</strong></span> <span class='ocrx_word' id='word_1_499' title='bbox 660 3933 910 3989; x_wconf 87' lang='lat' dir='ltr'><strong>dominici</strong></span> <span class='ocrx_word' id='word_1_500' title='bbox 936 3931 1139 3986; x_wconf 69' lang='lat' dir='ltr'><strong>Natalis&quot;</strong></span> <span class='ocrx_word' id='word_1_501' title='bbox 1162 3939 1555 3996; x_wconf 85' lang='lat' dir='ltr'><strong>sacramentum</strong></span> <span class='ocrx_word' id='word_1_502' title='bbox 1584 3931 1734 3999; x_wconf 88' lang='lat' dir='ltr'><strong>colit,</strong></span> <span class='ocrx_word' id='word_1_503' title='bbox 1762 3948 1866 3987; x_wconf 91' lang='lat' dir='ltr'><strong>non</strong></span> <span class='ocrx_word' id='word_1_504' title='bbox 1890 3934 2121 3988; x_wconf 89' lang='lat' dir='ltr'><strong>ebrieta-</strong></span> 
     </span>
    </p>
   </div>
   <div class='ocr_carea' id='block_1_58' title="bbox 543 4017 2118 4086">
    <p class='ocr_par' dir='ltr' id='par_1_58' title="bbox 543 4017 2118 4086">
     <span class='ocr_line' id='line_1_60' title="bbox 543 4017 2118 4086; baseline 0.001 -11"><span class='ocrx_word' id='word_1_505' title='bbox 543 4031 652 4078; x_wconf 88' lang='lat' dir='ltr'><strong>tem</strong></span> <span class='ocrx_word' id='word_1_506' title='bbox 671 4021 996 4077; x_wconf 84' lang='lat' dir='ltr'><strong>condemnet</strong></span> <span class='ocrx_word' id='word_1_507' title='bbox 1036 4017 1398 4074; x_wconf 87' lang='lat' dir='ltr'><strong>Saturnalium</strong></span> <span class='ocrx_word' id='word_1_508' title='bbox 1414 4060 1430 4086; x_wconf 92' lang='lat'><strong>,</strong></span> <span class='ocrx_word' id='word_1_509' title='bbox 1455 4025 1560 4073; x_wconf 77' lang='lat' dir='ltr'><strong>nun</strong></span> <span class='ocrx_word' id='word_1_510' title='bbox 1589 4019 1823 4083; x_wconf 87' lang='lat' dir='ltr'><strong>declinet</strong></span> <span class='ocrx_word' id='word_1_511' title='bbox 1847 4020 2118 4076; x_wconf 84' lang='lat' dir='ltr'><strong>lasciviam</strong></span> 
     </span>
    </p>
   </div>
   <div class='ocr_carea' id='block_1_59' title="bbox 542 4111 2116 4180">
    <p class='ocr_par' dir='ltr' id='par_1_59' title="bbox 542 4111 2116 4180">
     <span class='ocr_line' id='line_1_61' title="bbox 542 4111 2116 4180; baseline -0.001 -11"><span class='ocrx_word' id='word_1_512' title='bbox 542 4113 920 4177; x_wconf 86' lang='lat' dir='ltr'><strong>calendarum;</strong></span> <span class='ocrx_word' id='word_1_513' title='bbox 951 4121 1006 4166; x_wconf 92' lang='lat' dir='ltr'><strong>et</strong></span> <span class='ocrx_word' id='word_1_514' title='bbox 1027 4119 1234 4180; x_wconf 86' lang='lat' dir='ltr'><strong>partem</strong></span> <span class='ocrx_word' id='word_1_515' title='bbox 1255 4111 1478 4179; x_wconf 89' lang='lat' dir='ltr'><strong>cupiens</strong></span> <span class='ocrx_word' id='word_1_516' title='bbox 1507 4111 1708 4166; x_wconf 89' lang='lat' dir='ltr'><strong>habere</strong></span> <span class='ocrx_word' id='word_1_517' title='bbox 1732 4126 1855 4166; x_wconf 89' lang='lat' dir='ltr'><strong>cum</strong></span> <span class='ocrx_word' id='word_1_518' title='bbox 1884 4112 2116 4180; x_wconf 84' lang='lat' dir='ltr'><strong>Christo,</strong></span> 
     </span>
    </p>
   </div>
   <div class='ocr_carea' id='block_1_60' title="bbox 2225 3032 3794 3106">
    <p class='ocr_par' dir='ltr' id='par_1_60' title="bbox 2225 3032 3794 3106">
     <span class='ocr_line' id='line_1_62' title="bbox 2225 3032 3794 3106; baseline 0.001 -21"><span class='ocrx_word' id='word_1_519' title='bbox 2225 3032 2550 3087; x_wconf 87' lang='lat' dir='ltr'><strong>temulentus</strong></span> <span class='ocrx_word' id='word_1_520' title='bbox 2574 3041 2736 3102; x_wconf 91' lang='lat' dir='ltr'><strong>atque</strong></span> <span class='ocrx_word' id='word_1_521' title='bbox 2765 3033 3030 3102; x_wconf 90' lang='lat' dir='ltr'><strong>pollutus;</strong></span> <span class='ocrx_word' id='word_1_522' title='bbox 3061 3040 3114 3086; x_wconf 90' lang='lat' dir='ltr'><strong>et</strong></span> <span class='ocrx_word' id='word_1_523' title='bbox 3164 3033 3306 3102; x_wconf 89' lang='lat' dir='ltr'><strong>quod</strong></span> <span class='ocrx_word' id='word_1_524' title='bbox 3336 3035 3432 3087; x_wconf 82' lang='lat' dir='ltr'><strong>nisi</strong></span> <span class='ocrx_word' id='word_1_525' title='bbox 3486 3035 3558 3106; x_wconf 80' lang='lat' dir='ltr'><strong>ita</strong></span> <span class='ocrx_word' id='word_1_526' title='bbox 3597 3035 3794 3100; x_wconf 81' lang='lat' dir='ltr'><strong>fecerit,</strong></span> 
     </span>
    </p>
   </div>
   <div class='ocr_carea' id='block_1_61' title="bbox 2225 3122 3793 3195">
    <p class='ocr_par' dir='ltr' id='par_1_61' title="bbox 2225 3122 3793 3195">
     <span class='ocr_line' id='line_1_63' title="bbox 2225 3122 3793 3195; baseline 0.001 -19"><span class='ocrx_word' id='word_1_527' title='bbox 2225 3129 2378 3192; x_wconf 91' lang='lat' dir='ltr'><strong>putet</strong></span> <span class='ocrx_word' id='word_1_528' title='bbox 2407 3122 2434 3160; x_wconf 72' lang='grc' dir='ltr'><strong>ι’</strong></span> <span class='ocrx_word' id='word_1_529' title='bbox 2459 3123 2753 3191; x_wconf 87' lang='lat' dir='ltr'><strong>perdidisse</strong></span> <span class='ocrx_word' id='word_1_530' title='bbox 2782 3139 2841 3178; x_wconf 82' lang='lat' dir='ltr'><strong>so</strong></span> <span class='ocrx_word' id='word_1_531' title='bbox 2870 3123 3060 3188; x_wconf 89' lang='lat' dir='ltr'><strong>ferias;</strong></span> <span class='ocrx_word' id='word_1_532' title='bbox 3106 3123 3232 3192; x_wconf 89' lang='lat' dir='ltr'><strong>quia</strong></span> <span class='ocrx_word' id='word_1_533' title='bbox 3279 3139 3384 3178; x_wconf 88' lang='lat' dir='ltr'><strong>non</strong></span> <span class='ocrx_word' id='word_1_534' title='bbox 3434 3125 3685 3193; x_wconf 84' lang='lat' dir='ltr'><strong>intelligit</strong></span> <span class='ocrx_word' id='word_1_535' title='bbox 3711 3141 3793 3195; x_wconf 85' lang='lat' dir='ltr'><strong>per</strong></span> 
     </span>
    </p>
   </div>
   <div class='ocr_carea' id='block_1_62' title="bbox 2224 3211 3794 3282">
    <p class='ocr_par' dir='ltr' id='par_1_62' title="bbox 2224 3211 3794 3282">
     <span class='ocr_line' id='line_1_64' title="bbox 2224 3211 3794 3282; baseline 0.002 -17"><span class='ocrx_word' id='word_1_536' title='bbox 2224 3211 2361 3266; x_wconf 86' lang='lat' dir='ltr'><strong>tales</strong></span> <span class='ocrx_word' id='word_1_537' title='bbox 2383 3227 2441 3266; x_wconf 91' lang='lat' dir='ltr'><strong>se</strong></span> <span class='ocrx_word' id='word_1_538' title='bbox 2462 3212 2621 3265; x_wconf 74' lang='lat' dir='ltr'><strong>ferias</strong></span> <span class='ocrx_word' id='word_1_539' title='bbox 2657 3211 2952 3280; x_wconf 87' lang='lat' dir='ltr'><strong>perdidisse</strong></span> <span class='ocrx_word' id='word_1_540' title='bbox 3000 3213 3246 3267; x_wconf 77' lang='lat' dir='ltr'><strong>salutem.</strong></span> <span class='ocrx_word' id='word_1_541' title='bbox 3277 3212 3410 3267; x_wconf 86' lang='lat' dir='ltr'><strong>Illud</strong></span> <span class='ocrx_word' id='word_1_542' title='bbox 3440 3223 3622 3268; x_wconf 90' lang='lat' dir='ltr'><strong>autem</strong></span> <span class='ocrx_word' id='word_1_543' title='bbox 3649 3214 3794 3282; x_wconf 87' lang='lat' dir='ltr'><strong>quale</strong></span> 
     </span>
    </p>
   </div>
   <div class='ocr_carea' id='block_1_63' title="bbox 2224 3300 3792 3371">
    <p class='ocr_par' dir='ltr' id='par_1_63' title="bbox 2224 3300 3792 3371">
     <span class='ocr_line' id='line_1_65' title="bbox 2224 3300 3792 3371; baseline 0.001 -15"><span class='ocrx_word' id='word_1_544' title='bbox 2224 3309 2328 3368; x_wconf 87' lang='lat' dir='ltr'><strong>est,</strong></span> <span class='ocrx_word' id='word_1_545' title='bbox 2349 3300 2489 3369; x_wconf 89' lang='lat' dir='ltr'><strong>quod</strong></span> <span class='ocrx_word' id='word_1_546' title='bbox 2506 3308 2787 3369; x_wconf 87' lang='lat' dir='ltr'><strong>surgentes</strong></span> <span class='ocrx_word' id='word_1_547' title='bbox 2810 3309 3019 3354; x_wconf 85' lang='lat' dir='ltr'><strong>mature</strong></span> <span class='ocrx_word' id='word_1_548' title='bbox 3047 3302 3111 3355; x_wconf 89' lang='lat' dir='ltr'><strong>ad</strong></span> <span class='ocrx_word' id='word_1_549' title='bbox 3135 3302 3405 3371; x_wconf 91' lang='lat' dir='ltr'><strong>publicum</strong></span> <span class='ocrx_word' id='word_1_550' title='bbox 3431 3319 3552 3356; x_wconf 89' lang='lat' dir='ltr'><strong>cum</strong></span> <span class='ocrx_word' id='word_1_551' title='bbox 3581 3320 3792 3358; x_wconf 87' lang='lat' dir='ltr'><strong>munus-</strong></span> 
     </span>
    </p>
   </div>
   <div class='ocr_carea' id='block_1_64' title="bbox 2225 3389 3793 3460">
    <p class='ocr_par' dir='ltr' id='par_1_64' title="bbox 2225 3389 3793 3460">
     <span class='ocr_line' id='line_1_66' title="bbox 2225 3389 3793 3460; baseline 0 -16"><span class='ocrx_word' id='word_1_552' title='bbox 2225 3390 2371 3459; x_wconf 90' lang='lat' dir='ltr'><strong>culo,</strong></span> <span class='ocrx_word' id='word_1_553' title='bbox 2401 3390 2505 3444; x_wconf 89' lang='lat' dir='ltr'><strong>hoc</strong></span> <span class='ocrx_word' id='word_1_554' title='bbox 2533 3396 2646 3456; x_wconf 88' lang='lat' dir='ltr'><strong>est,</strong></span> <span class='ocrx_word' id='word_1_555' title='bbox 2685 3405 2805 3444; x_wconf 91' lang='lat' dir='ltr'><strong>cum</strong></span> <span class='ocrx_word' id='word_1_556' title='bbox 2836 3389 3031 3449; x_wconf 77' lang='lat' dir='ltr'><strong>strenis</strong></span> <span class='ocrx_word' id='word_1_557' title='bbox 3057 3390 3421 3459; x_wconf 89' lang='lat' dir='ltr'><strong>unusquisque</strong></span> <span class='ocrx_word' id='word_1_558' title='bbox 3441 3392 3715 3460; x_wconf 89' lang='lat' dir='ltr'><strong>procedit;</strong></span> <span class='ocrx_word' id='word_1_559' title='bbox 3748 3399 3793 3444; x_wconf 89' lang='lat' dir='ltr'><strong>et</strong></span> 
     </span>
    </p>
   </div>
   <div class='ocr_carea' id='block_1_65' title="bbox 2224 3477 3792 3559">
    <p class='ocr_par' dir='ltr' id='par_1_65' title="bbox 2224 3477 3792 3559">
     <span class='ocr_line' id='line_1_67' title="bbox 2224 3477 3792 3559; baseline 0.001 -26"><span class='ocrx_word' id='word_1_560' title='bbox 2224 3479 2549 3535; x_wconf 88' lang='lat' dir='ltr'><strong>salutaturus</strong></span> <span class='ocrx_word' id='word_1_561' title='bbox 2573 3477 3243 3559; x_wconf 40' lang='lat' dir='ltr'><strong>amicos,salutat‘pnemio</strong></span> <span class='ocrx_word' id='word_1_562' title='bbox 3271 3489 3558 3550; x_wconf 89' lang='lat' dir='ltr'><strong>antequam</strong></span> <span class='ocrx_word' id='word_1_563' title='bbox 3589 3483 3792 3537; x_wconf 77' lang='lat' dir='ltr'><strong>osculo?</strong></span> 
     </span>
    </p>
   </div>
   <div class='ocr_carea' id='block_1_66' title="bbox 2224 3563 3790 3639">
    <p class='ocr_par' dir='ltr' id='par_1_66' title="bbox 2224 3563 3790 3639">
     <span class='ocr_line' id='line_1_68' title="bbox 2224 3563 3790 3639; baseline 0.003 -17"><span class='ocrx_word' id='word_1_564' title='bbox 2224 3563 2406 3623; x_wconf 83' lang='lat' dir='ltr'><strong>Labiis</strong></span> <span class='ocrx_word' id='word_1_565' title='bbox 2429 3569 2568 3624; x_wconf 86' lang='lat' dir='ltr'><strong>labia</strong></span> <span class='ocrx_word' id='word_1_566' title='bbox 2598 3571 2825 3639; x_wconf 91' lang='lat' dir='ltr'><strong>porrigit</strong></span> <span class='ocrx_word' id='word_1_567' title='bbox 2869 3578 2924 3624; x_wconf 90' lang='lat' dir='ltr'><strong>et</strong></span> <span class='ocrx_word' id='word_1_568' title='bbox 2946 3571 3126 3624; x_wconf 90' lang='lat' dir='ltr'><strong>manui</strong></span> <span class='ocrx_word' id='word_1_569' title='bbox 3169 3586 3384 3624; x_wconf 91' lang='lat' dir='ltr'><strong>manum</strong></span> <span class='ocrx_word' id='word_1_570' title='bbox 3424 3573 3617 3627; x_wconf 89' lang='lat' dir='ltr'><strong>inserit</strong></span> <span class='ocrx_word' id='word_1_571' title='bbox 3648 3615 3662 3639; x_wconf 90' lang='lat'><strong>,</strong></span> <span class='ocrx_word' id='word_1_572' title='bbox 3695 3590 3790 3627; x_wconf 90' lang='lat' dir='ltr'><strong>non</strong></span> 
     </span>
    </p>
   </div>
   <div class='ocr_carea' id='block_1_67' title="bbox 2224 3661 3785 3734">
    <p class='ocr_par' dir='ltr' id='par_1_67' title="bbox 2224 3661 3785 3734">
     <span class='ocr_line' id='line_1_69' title="bbox 2224 3661 3785 3734; baseline 0.003 -20"><span class='ocrx_word' id='word_1_573' title='bbox 2224 3668 2289 3715; x_wconf 69' lang='lat' dir='ltr'><strong>ut</strong></span> <span class='ocrx_word' id='word_1_574' title='bbox 2309 3662 2509 3716; x_wconf 88' lang='lat' dir='ltr'><strong>amoris</strong></span> <span class='ocrx_word' id='word_1_575' title='bbox 2523 3661 2712 3715; x_wconf 89' lang='lat' dir='ltr'><strong>reddat</strong></span> <span class='ocrx_word' id='word_1_576' title='bbox 2728 3661 2997 3730; x_wconf 68' lang='lat' dir='ltr'><strong>allectum,</strong></span> <span class='ocrx_word' id='word_1_577' title='bbox 3023 3662 3120 3717; x_wconf 88' lang='lat' dir='ltr'><strong>sed</strong></span> <span class='ocrx_word' id='word_1_578' title='bbox 3140 3669 3199 3716; x_wconf 91' lang='lat' dir='ltr'><strong>ut</strong></span> <span class='ocrx_word' id='word_1_579' title='bbox 3223 3662 3657 3734; x_wconf 47' lang='lat' dir='ltr'><strong>au&#39;avaritia:</strong></span> <span class='ocrx_word' id='word_1_580' title='bbox 3676 3680 3785 3734; x_wconf 88' lang='lat' dir='ltr'><strong>per-</strong></span> 
     </span>
    </p>
   </div>
   <div class='ocr_carea' id='block_1_68' title="bbox 2224 3752 3792 3823">
    <p class='ocr_par' dir='ltr' id='par_1_68' title="bbox 2224 3752 3792 3823">
     <span class='ocr_line' id='line_1_70' title="bbox 2224 3752 3792 3823; baseline 0 -16"><span class='ocrx_word' id='word_1_581' title='bbox 2224 3752 2399 3807; x_wconf 86' lang='lat' dir='ltr'><strong>solvat</strong></span> <span class='ocrx_word' id='word_1_582' title='bbox 2423 3752 2761 3821; x_wconf 84' lang='lat' dir='ltr'><strong>obsequium,</strong></span> <span class='ocrx_word' id='word_1_583' title='bbox 2788 3760 2844 3806; x_wconf 90' lang='lat' dir='ltr'><strong>et</strong></span> <span class='ocrx_word' id='word_1_584' title='bbox 2881 3767 2988 3807; x_wconf 93' lang='lat' dir='ltr'><strong>uno</strong></span> <span class='ocrx_word' id='word_1_585' title='bbox 3035 3752 3333 3823; x_wconf 87' lang='lat' dir='ltr'><strong>eodemque</strong></span> <span class='ocrx_word' id='word_1_586' title='bbox 3360 3752 3540 3809; x_wconf 81' lang='lat' dir='ltr'><strong>ofﬁcio</strong></span> <span class='ocrx_word' id='word_1_587' title='bbox 3566 3756 3792 3809; x_wconf 85' lang='lat' dir='ltr'><strong>amicum</strong></span> 
     </span>
    </p>
   </div>
   <div class='ocr_carea' id='block_1_69' title="bbox 2222 3839 3790 3912">
    <p class='ocr_par' dir='ltr' id='par_1_69' title="bbox 2222 3839 3790 3912">
     <span class='ocr_line' id='line_1_71' title="bbox 2222 3839 3790 3912; baseline 0.002 -17"><span class='ocrx_word' id='word_1_588' title='bbox 2222 3840 2595 3910; x_wconf 81' lang='lat' dir='ltr'><strong>camplectitur</strong></span> <span class='ocrx_word' id='word_1_589' title='bbox 2631 3848 2690 3894; x_wconf 88' lang='lat' dir='ltr'><strong>et</strong></span> <span class='ocrx_word' id='word_1_590' title='bbox 2750 3840 3197 3896; x_wconf 75' lang='lat' dir='ltr'><strong>fraudatur.‘Vos</strong></span> <span class='ocrx_word' id='word_1_591' title='bbox 3237 3839 3476 3910; x_wconf 74' lang='lat' dir='ltr'><strong>iudicate</strong></span> <span class='ocrx_word' id='word_1_592' title='bbox 3517 3843 3678 3912; x_wconf 89' lang='lat' dir='ltr'><strong>quale</strong></span> <span class='ocrx_word' id='word_1_593' title='bbox 3717 3851 3790 3898; x_wconf 85' lang='lat' dir='ltr'><strong>est</strong></span> 
     </span>
    </p>
   </div>
   <div class='ocr_carea' id='block_1_70' title="bbox 2222 3917 3788 4003">
    <p class='ocr_par' dir='ltr' id='par_1_70' title="bbox 2222 3917 3788 4003">
     <span class='ocr_line' id='line_1_72' title="bbox 2222 3917 3788 4003; baseline 0.002 -18"><span class='ocrx_word' id='word_1_594' title='bbox 2222 3932 2364 3988; x_wconf 80' lang='lat' dir='ltr'><strong>istud</strong></span> <span class='ocrx_word' id='word_1_595' title='bbox 2398 3931 2637 3987; x_wconf 88' lang='lat' dir='ltr'><strong>osculum</strong></span> <span class='ocrx_word' id='word_1_596' title='bbox 2663 3931 2806 4002; x_wconf 92' lang='lat' dir='ltr'><strong>quod</strong></span> <span class='ocrx_word' id='word_1_597' title='bbox 2830 3932 3017 3987; x_wconf 90' lang='lat' dir='ltr'><strong>venale</strong></span> <span class='ocrx_word' id='word_1_598' title='bbox 3043 3941 3128 3987; x_wconf 90' lang='lat' dir='ltr'><strong>est</strong></span> <span class='ocrx_word' id='word_1_599' title='bbox 3155 3950 3168 3984; x_wconf 91' lang='lat'><strong>:</strong></span> <span class='ocrx_word' id='word_1_600' title='bbox 3198 3917 3342 3998; x_wconf 88' lang='lat' dir='ltr'><strong>nam,</strong></span> <span class='ocrx_word' id='word_1_601' title='bbox 3372 3947 3480 4001; x_wconf 90' lang='lat' dir='ltr'><strong>quo</strong></span> <span class='ocrx_word' id='word_1_602' title='bbox 3509 3934 3788 4003; x_wconf 84' lang='lat' dir='ltr'><strong>pretiosius</strong></span> 
     </span>
    </p>
   </div>
   <div class='ocr_carea' id='block_1_71' title="bbox 2221 4020 3786 4089">
    <p class='ocr_par' dir='ltr' id='par_1_71' title="bbox 2221 4020 3786 4089">
     <span class='ocr_line' id='line_1_73' title="bbox 2221 4020 3786 4089; baseline 0.003 -15"><span class='ocrx_word' id='word_1_603' title='bbox 2221 4022 2437 4089; x_wconf 88' lang='lat' dir='ltr'><strong>emitur,</strong></span> <span class='ocrx_word' id='word_1_604' title='bbox 2479 4029 2630 4076; x_wconf 88' lang='lat' dir='ltr'><strong>tanto</strong></span> <span class='ocrx_word' id='word_1_605' title='bbox 2659 4022 2813 4076; x_wconf 88' lang='lat' dir='ltr'><strong>vilius</strong></span> <span class='ocrx_word' id='word_1_606' title='bbox 2855 4022 3166 4076; x_wconf 69' lang='lat' dir='ltr'><strong>mstimatur.</strong></span> <span class='ocrx_word' id='word_1_607' title='bbox 3199 4020 3396 4088; x_wconf 87' lang='lat' dir='ltr'><strong>Quanti</strong></span> <span class='ocrx_word' id='word_1_608' title='bbox 3425 4031 3556 4077; x_wconf 87' lang='lat' dir='ltr'><strong>ante</strong></span> <span class='ocrx_word' id='word_1_609' title='bbox 3608 4038 3786 4077; x_wconf 85' lang='lat' dir='ltr'><strong>aurum</strong></span> 
     </span>
    </p>
   </div>
   <div class='ocr_carea' id='block_1_72' title="bbox 2219 4110 3785 4183">
    <p class='ocr_par' dir='ltr' id='par_1_72' title="bbox 2219 4110 3785 4183">
     <span class='ocr_line' id='line_1_74' title="bbox 2219 4110 3785 4183; baseline 0.001 -19"><span class='ocrx_word' id='word_1_610' title='bbox 2219 4111 2491 4180; x_wconf 87' lang='lat' dir='ltr'><strong>potiorum</strong></span> <span class='ocrx_word' id='word_1_611' title='bbox 2541 4110 2742 4178; x_wconf 86' lang='lat' dir='ltr'><strong>indigni</strong></span> <span class='ocrx_word' id='word_1_612' title='bbox 2777 4110 3160 4179; x_wconf 88' lang='lat' dir='ltr'><strong>judicabuntur</strong></span> <span class='ocrx_word' id='word_1_613' title='bbox 3185 4111 3410 4166; x_wconf 86' lang='lat' dir='ltr'><strong>osculo?</strong></span> <span class='ocrx_word' id='word_1_614' title='bbox 3437 4111 3785 4183; x_wconf 85' lang='lat' dir='ltr'><strong>Posteaquam</strong></span> 
     </span>
    </p>
   </div>
   <div class='ocr_carea' id='block_1_73' title="bbox 541 4199 3784 4276">
    <p class='ocr_par' dir='ltr' id='par_1_73' title="bbox 541 4199 3784 4276">
     <span class='ocr_line' id='line_1_75' title="bbox 541 4199 3784 4276; baseline -0.001 -18"><span class='ocrx_word' id='word_1_615' title='bbox 541 4204 809 4274; x_wconf 85' lang='lat' dir='ltr'><strong>particeps</strong></span> <span class='ocrx_word' id='word_1_616' title='bbox 854 4203 989 4258; x_wconf 87' lang='lat' dir='ltr'><strong>nolit</strong></span> <span class='ocrx_word' id='word_1_617' title='bbox 1035 4216 1154 4257; x_wconf 76' lang='lat' dir='ltr'><strong>esse</strong></span> <span class='ocrx_word' id='word_1_618' title='bbox 1182 4215 1303 4256; x_wconf 91' lang='lat' dir='ltr'><strong>cum</strong></span> <span class='ocrx_word' id='word_1_619' title='bbox 1332 4201 1566 4255; x_wconf 73' lang='lat' dir='ltr'><strong>szeculo?</strong></span> <span class='ocrx_word' id='word_1_620' title='bbox 1592 4199 1718 4257; x_wconf 72' lang='lat' dir='ltr'><strong>Haec</strong></span> <span class='ocrx_word' id='word_1_621' title='bbox 1767 4203 1909 4272; x_wconf 87' lang='lat' dir='ltr'><strong>enim</strong></span> <span class='ocrx_word' id='word_1_622' title='bbox 1954 4203 2116 4258; x_wconf 91' lang='lat' dir='ltr'><strong>divini</strong></span> <span class='ocrx_word' id='word_1_623' title='bbox 2144 4217 2186 4276; x_wconf 74' lang='grc' dir='ltr'>ο</span> <span class='ocrx_word' id='word_1_624' title='bbox 2221 4218 2408 4257; x_wconf 89' lang='lat' dir='ltr'><strong>aurum</strong></span> <span class='ocrx_word' id='word_1_625' title='bbox 2437 4201 2645 4256; x_wconf 79' lang='lat' dir='ltr'><strong>refulsit</strong></span> <span class='ocrx_word' id='word_1_626' title='bbox 2683 4202 2736 4255; x_wconf 91' lang='lat' dir='ltr'><strong>in</strong></span> <span class='ocrx_word' id='word_1_627' title='bbox 2773 4200 2992 4256; x_wconf 80' lang='lat' dir='ltr'><strong>dextera</strong></span> <span class='ocrx_word' id='word_1_628' title='bbox 3013 4243 3028 4269; x_wconf 90' lang='lat'><strong>,</strong></span> <span class='ocrx_word' id='word_1_629' title='bbox 3051 4200 3242 4270; x_wconf 87' lang='lat' dir='ltr'><strong>dignos</strong></span> <span class='ocrx_word' id='word_1_630' title='bbox 3270 4202 3390 4256; x_wconf 89' lang='lat' dir='ltr'><strong>illos</strong></span> <span class='ocrx_word' id='word_1_631' title='bbox 3418 4203 3548 4257; x_wconf 89' lang='lat' dir='ltr'><strong>facit</strong></span> <span class='ocrx_word' id='word_1_632' title='bbox 3595 4203 3784 4272; x_wconf 66' lang='grc' dir='ltr'>ιιι-θεὼ,</span> 
     </span>
    </p>
   </div>
   <div class='ocr_carea' id='block_1_74' title="bbox 541 4291 2115 4360">
    <p class='ocr_par' dir='ltr' id='par_1_74' title="bbox 541 4291 2115 4360">
     <span class='ocr_line' id='line_1_76' title="bbox 541 4291 2115 4360; baseline -0.001 -13"><span class='ocrx_word' id='word_1_633' title='bbox 541 4293 718 4348; x_wconf 87' lang='lat' dir='ltr'><strong>cultus</strong></span> <span class='ocrx_word' id='word_1_634' title='bbox 745 4293 886 4346; x_wconf 89' lang='lat' dir='ltr'><strong>ratio</strong></span> <span class='ocrx_word' id='word_1_635' title='bbox 913 4291 1018 4359; x_wconf 82' lang='lat' dir='ltr'><strong>est,</strong></span> <span class='ocrx_word' id='word_1_636' title='bbox 1040 4299 1100 4345; x_wconf 89' lang='lat' dir='ltr'><strong>ut</strong></span> <span class='ocrx_word' id='word_1_637' title='bbox 1141 4291 1230 4360; x_wconf 92' lang='lat' dir='ltr'><strong>qui</strong></span> <span class='ocrx_word' id='word_1_638' title='bbox 1259 4291 1576 4345; x_wconf 87' lang='lat' dir='ltr'><strong>societatem</strong></span> <span class='ocrx_word' id='word_1_639' title='bbox 1599 4291 1844 4346; x_wconf 86' lang='lat' dir='ltr'><strong>habuerit</strong></span> <span class='ocrx_word' id='word_1_640' title='bbox 1869 4309 1991 4348; x_wconf 91' lang='lat' dir='ltr'><strong>cum</strong></span> <span class='ocrx_word' id='word_1_641' title='bbox 2022 4310 2115 4347; x_wconf 88' lang='lat' dir='ltr'><strong>va-</strong></span> 
     </span>
    </p>
   </div>
   <div class='ocr_carea' id='block_1_75' title="bbox 541 4378 2116 4449">
    <p class='ocr_par' dir='ltr' id='par_1_75' title="bbox 541 4378 2116 4449">
     <span class='ocr_line' id='line_1_77' title="bbox 541 4378 2116 4449; baseline -0.001 -14"><span class='ocrx_word' id='word_1_642' title='bbox 541 4381 711 4436; x_wconf 77' lang='lat' dir='ltr'><strong>nitate</strong></span> <span class='ocrx_word' id='word_1_643' title='bbox 749 4379 1063 4449; x_wconf 82' lang='lat' dir='ltr'><strong>gentilium,</strong></span> <span class='ocrx_word' id='word_1_644' title='bbox 1119 4378 1369 4448; x_wconf 88' lang='lat' dir='ltr'><strong>copulam</strong></span> <span class='ocrx_word' id='word_1_645' title='bbox 1408 4393 1528 4432; x_wconf 81' lang='lat' dir='ltr'><strong>non</strong></span> <span class='ocrx_word' id='word_1_646' title='bbox 1569 4380 1741 4447; x_wconf 87' lang='lat' dir='ltr'><strong>possit</strong></span> <span class='ocrx_word' id='word_1_647' title='bbox 1768 4380 1971 4442; x_wconf 83' lang='lat' dir='ltr'><strong>habere.</strong></span> <span class='ocrx_word' id='word_1_648' title='bbox 1995 4396 2116 4435; x_wconf 90' lang='lat' dir='ltr'><strong>cum</strong></span> 
     </span>
    </p>
   </div>
   <div class='ocr_carea' id='block_1_76' title="bbox 540 4469 2119 4541">
    <p class='ocr_par' dir='ltr' id='par_1_76' title="bbox 540 4469 2119 4541">
     <span class='ocr_line' id='line_1_78' title="bbox 540 4469 2119 4541; baseline -0.001 -14"><span class='ocrx_word' id='word_1_649' title='bbox 540 4472 768 4527; x_wconf 82' lang='lat' dir='ltr'><strong>veritate</strong></span> <span class='ocrx_word' id='word_1_650' title='bbox 813 4477 1144 4526; x_wconf 85' lang='lat' dir='ltr'><strong>sanctorum.</strong></span> <span class='ocrx_word' id='word_1_651' title='bbox 1181 4469 1327 4524; x_wconf 84' lang='lat' dir='ltr'><strong>Dicit</strong></span> <span class='ocrx_word' id='word_1_652' title='bbox 1372 4470 1563 4525; x_wconf 89' lang='lat' dir='ltr'><strong>beatus</strong></span> <span class='ocrx_word' id='word_1_653' title='bbox 1611 4470 1945 4541; x_wconf 83' lang='lat' dir='ltr'><strong>Apostolus:</strong></span> <span class='ocrx_word' id='word_1_654' title='bbox 1991 4470 2119 4534; x_wconf 66' lang='lat' dir='ltr'><strong>Quae</strong></span> 
     </span>
    </p>
   </div>
   <div class='ocr_carea' id='block_1_77' title="bbox 540 4559 2120 4632">
    <p class='ocr_par' dir='ltr' id='par_1_77' title="bbox 540 4559 2120 4632">
     <span class='ocr_line' id='line_1_79' title="bbox 540 4559 2120 4632; baseline -0.001 -16"><span class='ocrx_word' id='word_1_655' title='bbox 540 4562 707 4632; x_wconf 84' lang='lat' dir='ltr'><strong>portio</strong></span> <span class='ocrx_word' id='word_1_656' title='bbox 722 4561 942 4632; x_wconf 69' lang='lat' dir='ltr'><strong>iustitiae</strong></span> <span class='ocrx_word' id='word_1_657' title='bbox 961 4575 1076 4612; x_wconf 83' lang='lat' dir='ltr'><strong>cum</strong></span> <span class='ocrx_word' id='word_1_658' title='bbox 1103 4559 1408 4629; x_wconf 76' lang='lat' dir='ltr'><strong>iniquitate;</strong></span> <span class='ocrx_word' id='word_1_659' title='bbox 1443 4567 1533 4611; x_wconf 81' lang='lat' dir='ltr'><strong>aut</strong></span> <span class='ocrx_word' id='word_1_660' title='bbox 1574 4575 1687 4630; x_wconf 69' lang='lat' dir='ltr'><strong>quae</strong></span> <span class='ocrx_word' id='word_1_661' title='bbox 1737 4561 1954 4613; x_wconf 81' lang='lat' dir='ltr'><strong>societas</strong></span> <span class='ocrx_word' id='word_1_662' title='bbox 1993 4562 2120 4614; x_wconf 86' lang='lat' dir='ltr'><strong>lucis</strong></span> 
     </span>
    </p>
   </div>
   <div class='ocr_carea' id='block_1_78' title="bbox 539 4647 2119 4720">
    <p class='ocr_par' dir='ltr' id='par_1_78' title="bbox 539 4647 2119 4720">
     <span class='ocr_line' id='line_1_80' title="bbox 539 4647 2119 4720; baseline -0.003 -12"><span class='ocrx_word' id='word_1_663' title='bbox 539 4670 655 4708; x_wconf 80' lang='lat' dir='ltr'><strong>cum</strong></span> <span class='ocrx_word' id='word_1_664' title='bbox 675 4650 894 4708; x_wconf 83' lang='lat' dir='ltr'><strong>tenebris</strong></span> <span class='ocrx_word' id='word_1_665' title='bbox 924 4648 1012 4720; x_wconf 89' lang='lat' dir='ltr'><strong>(II</strong></span> <span class='ocrx_word' id='word_1_666' title='bbox 1035 4647 1162 4703; x_wconf 71' lang='lat' dir='ltr'><strong>Cor;</strong></span> <span class='ocrx_word' id='word_1_667' title='bbox 1190 4648 1304 4716; x_wconf 72' lang='lat' dir='ltr'><strong>VI)?</strong></span> <span class='ocrx_word' id='word_1_668' title='bbox 1333 4648 1444 4704; x_wconf 84' lang='lat' dir='ltr'><strong>lloc</strong></span> <span class='ocrx_word' id='word_1_669' title='bbox 1473 4657 1555 4704; x_wconf 87' lang='lat' dir='ltr'><strong>est</strong></span> <span class='ocrx_word' id='word_1_670' title='bbox 1590 4659 1614 4685; x_wconf 73' lang='grc' dir='ltr'>η</span> <span class='ocrx_word' id='word_1_671' title='bbox 1646 4651 1844 4718; x_wconf 79' lang='lat' dir='ltr'><strong>pariter</strong></span> <span class='ocrx_word' id='word_1_672' title='bbox 1863 4651 2119 4704; x_wconf 64' lang='lat' dir='ltr'><strong>Christiao</strong></span> 
     </span>
    </p>
   </div>
   <div class='ocr_carea' id='block_1_79' title="bbox 535 4739 2118 4810">
    <p class='ocr_par' dir='ltr' id='par_1_79' title="bbox 535 4739 2118 4810">
     <span class='ocr_line' id='line_1_81' title="bbox 535 4739 2118 4810; baseline -0.004 -10"><span class='ocrx_word' id='word_1_673' title='bbox 535 4760 640 4800; x_wconf 85' lang='lat' dir='ltr'><strong>nos</strong></span> <span class='ocrx_word' id='word_1_674' title='bbox 661 4752 717 4798; x_wconf 90' lang='lat' dir='ltr'><strong>et</strong></span> <span class='ocrx_word' id='word_1_675' title='bbox 744 4742 1040 4810; x_wconf 87' lang='lat' dir='ltr'><strong>iniquitatis</strong></span> <span class='ocrx_word' id='word_1_676' title='bbox 1087 4754 1343 4794; x_wconf 83' lang='lat' dir='ltr'><strong>exercere</strong></span> <span class='ocrx_word' id='word_1_677' title='bbox 1373 4740 1634 4794; x_wconf 79' lang='lat' dir='ltr'><strong>luxuriam</strong></span> <span class='ocrx_word' id='word_1_678' title='bbox 1655 4781 1670 4806; x_wconf 94' lang='lat'><strong>,</strong></span> <span class='ocrx_word' id='word_1_679' title='bbox 1698 4754 1753 4793; x_wconf 85' lang='lat' dir='ltr'><strong>et</strong></span> <span class='ocrx_word' id='word_1_680' title='bbox 1780 4739 1946 4794; x_wconf 86' lang='lat' dir='ltr'><strong>Deum</strong></span> <span class='ocrx_word' id='word_1_681' title='bbox 1962 4739 2118 4808; x_wconf 88' lang='lat' dir='ltr'><strong>justi-</strong></span> 
     </span>
    </p>
   </div>
   <div class='ocr_carea' id='block_1_80' title="bbox 533 4823 2117 4900">
    <p class='ocr_par' dir='ltr' id='par_1_80' title="bbox 533 4823 2117 4900">
     <span class='ocr_line' id='line_1_82' title="bbox 533 4823 2117 4900; baseline -0.003 -13"><span class='ocrx_word' id='word_1_682' title='bbox 533 4823 627 4888; x_wconf 60' lang='lat' dir='ltr'><strong>tiaé</strong></span> <span class='ocrx_word' id='word_1_683' title='bbox 654 4832 854 4886; x_wconf 85' lang='lat' dir='ltr'><strong>habere</strong></span> <span class='ocrx_word' id='word_1_684' title='bbox 874 4830 1160 4900; x_wconf 90' lang='lat' dir='ltr'><strong>placatum.</strong></span> <span class='ocrx_word' id='word_1_685' title='bbox 1192 4827 1321 4882; x_wconf 87' lang='lat' dir='ltr'><strong>Nam</strong></span> <span class='ocrx_word' id='word_1_686' title='bbox 1350 4837 1477 4883; x_wconf 85' lang='lat' dir='ltr'><strong>sunt</strong></span> <span class='ocrx_word' id='word_1_687' title='bbox 1500 4829 1756 4898; x_wconf 89' lang='lat' dir='ltr'><strong>plerique,</strong></span> <span class='ocrx_word' id='word_1_688' title='bbox 1787 4831 1877 4898; x_wconf 89' lang='lat' dir='ltr'><strong>qui</strong></span> <span class='ocrx_word' id='word_1_689' title='bbox 1905 4830 2117 4883; x_wconf 83' lang='lat' dir='ltr'><strong>trahen—</strong></span> 
     </span>
    </p>
   </div>
   <div class='ocr_carea' id='block_1_81' title="bbox 533 4915 2115 4984">
    <p class='ocr_par' dir='ltr' id='par_1_81' title="bbox 533 4915 2115 4984">
     <span class='ocr_line' id='line_1_83' title="bbox 533 4915 2115 4984; baseline -0.003 -10"><span class='ocrx_word' id='word_1_690' title='bbox 533 4931 622 4975; x_wconf 78' lang='lat' dir='ltr'><strong>tes</strong></span> <span class='ocrx_word' id='word_1_691' title='bbox 649 4917 1090 4974; x_wconf 87' lang='lat' dir='ltr'><strong>consuetudinem</strong></span> <span class='ocrx_word' id='word_1_692' title='bbox 1119 4915 1188 4971; x_wconf 91' lang='lat' dir='ltr'><strong>de</strong></span> <span class='ocrx_word' id='word_1_693' title='bbox 1221 4917 1394 4971; x_wconf 91' lang='lat' dir='ltr'><strong>veteri</strong></span> <span class='ocrx_word' id='word_1_694' title='bbox 1437 4918 1818 4984; x_wconf 88' lang='lat' dir='ltr'><strong>superstitione</strong></span> <span class='ocrx_word' id='word_1_695' title='bbox 1845 4918 2115 4984; x_wconf 84' lang='lat' dir='ltr'><strong>vanitatis,</strong></span> 
     </span>
    </p>
   </div>
   <div class='ocr_carea' id='block_1_82' title="bbox 536 5005 2112 5075">
    <p class='ocr_par' dir='ltr' id='par_1_82' title="bbox 536 5005 2112 5075">
     <span class='ocr_line' id='line_1_84' title="bbox 536 5005 2112 5075; baseline -0.004 -10"><span class='ocrx_word' id='word_1_696' title='bbox 536 5008 886 5065; x_wconf 78' lang='lat' dir='ltr'><strong>calendarum</strong></span> <span class='ocrx_word' id='word_1_697' title='bbox 914 5006 1056 5061; x_wconf 90' lang='lat' dir='ltr'><strong>diem</strong></span> <span class='ocrx_word' id='word_1_698' title='bbox 1100 5021 1199 5074; x_wconf 90' lang='lat' dir='ltr'><strong>pro</strong></span> <span class='ocrx_word' id='word_1_699' title='bbox 1246 5021 1451 5061; x_wconf 88' lang='lat' dir='ltr'><strong>summa</strong></span> <span class='ocrx_word' id='word_1_700' title='bbox 1479 5005 1765 5062; x_wconf 87' lang='lat' dir='ltr'><strong>festivitate</strong></span> <span class='ocrx_word' id='word_1_701' title='bbox 1793 5017 2112 5075; x_wconf 82' lang='lat' dir='ltr'><strong>procurent;</strong></span> 
     </span>
    </p>
   </div>
   <div class='ocr_carea' id='block_1_83' title="bbox 535 5097 2114 5166">
    <p class='ocr_par' dir='ltr' id='par_1_83' title="bbox 535 5097 2114 5166">
     <span class='ocr_line' id='line_1_85' title="bbox 535 5097 2114 5166; baseline -0.003 -11"><span class='ocrx_word' id='word_1_702' title='bbox 535 5109 596 5154; x_wconf 79' lang='lat' dir='ltr'><strong>et</strong></span> <span class='ocrx_word' id='word_1_703' title='bbox 618 5100 696 5155; x_wconf 89' lang='lat' dir='ltr'><strong>sic</strong></span> <span class='ocrx_word' id='word_1_704' title='bbox 723 5098 957 5153; x_wconf 75' lang='lat' dir='ltr'><strong>lzetitiam</strong></span> <span class='ocrx_word' id='word_1_705' title='bbox 980 5097 1180 5152; x_wconf 87' lang='lat' dir='ltr'><strong>habere</strong></span> <span class='ocrx_word' id='word_1_706' title='bbox 1210 5098 1403 5166; x_wconf 82' lang='lat' dir='ltr'><strong>velint,</strong></span> <span class='ocrx_word' id='word_1_707' title='bbox 1430 5108 1488 5152; x_wconf 87' lang='lat' dir='ltr'><strong>ut</strong></span> <span class='ocrx_word' id='word_1_708' title='bbox 1515 5099 1585 5152; x_wconf 85' lang='lat' dir='ltr'><strong>sit</strong></span> <span class='ocrx_word' id='word_1_709' title='bbox 1623 5097 1790 5165; x_wconf 82' lang='lat' dir='ltr'><strong>magis</strong></span> <span class='ocrx_word' id='word_1_710' title='bbox 1817 5098 1919 5152; x_wconf 89' lang='lat' dir='ltr'><strong>illis</strong></span> <span class='ocrx_word' id='word_1_711' title='bbox 1946 5099 2114 5151; x_wconf 80' lang='lat' dir='ltr'><strong>tristi-</strong></span> 
     </span>
    </p>
   </div>
   <div class='ocr_carea' id='block_1_84' title="bbox 613 5268 2112 5339">
    <p class='ocr_par' dir='ltr' id='par_1_84' title="bbox 613 5268 2112 5339">
     <span class='ocr_line' id='line_1_86' title="bbox 613 5268 2112 5339; baseline -0.003 -13"><span class='ocrx_word' id='word_1_712' title='bbox 613 5286 636 5311; x_wconf 79' lang='grc' dir='ltr'><strong>ι</strong></span> <span class='ocrx_word' id='word_1_713' title='bbox 668 5274 800 5326; x_wconf 71' lang='lat' dir='ltr'><strong>Cod.</strong></span> <span class='ocrx_word' id='word_1_714' title='bbox 830 5272 1097 5334; x_wconf 59' lang='lat' dir='ltr'><strong>Ambros,</strong></span> <span class='ocrx_word' id='word_1_715' title='bbox 1132 5268 1252 5322; x_wconf 81' lang='lat' dir='ltr'><strong>Hoc</strong></span> <span class='ocrx_word' id='word_1_716' title='bbox 1291 5277 1386 5333; x_wconf 87' lang='lat' dir='ltr'><strong>est,</strong></span> <span class='ocrx_word' id='word_1_717' title='bbox 1418 5286 1518 5324; x_wconf 88' lang='lat' dir='ltr'><strong>non</strong></span> <span class='ocrx_word' id='word_1_718' title='bbox 1541 5278 1708 5339; x_wconf 85' lang='lat' dir='ltr'><strong>potest</strong></span> <span class='ocrx_word' id='word_1_719' title='bbox 1742 5272 1935 5338; x_wconf 86' lang='lat' dir='ltr'><strong>pariter</strong></span> <span class='ocrx_word' id='word_1_720' title='bbox 1964 5271 2112 5323; x_wconf 79' lang='lat' dir='ltr'><strong>Chri-</strong></span> 
     </span>
    </p>
   </div>
   <div class='ocr_carea' id='block_1_85' title="bbox 541 5338 1826 5411">
    <p class='ocr_par' dir='ltr' id='par_1_85' title="bbox 541 5338 1826 5411">
     <span class='ocr_line' id='line_1_87' title="bbox 541 5338 1826 5411; baseline -0.007 -9"><span class='ocrx_word' id='word_1_721' title='bbox 541 5350 739 5402; x_wconf 79' lang='lat' dir='ltr'><strong>stianus</strong></span> <span class='ocrx_word' id='word_1_722' title='bbox 758 5355 806 5397; x_wconf 84' lang='lat' dir='ltr'><strong>et</strong></span> <span class='ocrx_word' id='word_1_723' title='bbox 832 5342 1112 5411; x_wconf 76' lang='lat' dir='ltr'><strong>iniquitatis</strong></span> <span class='ocrx_word' id='word_1_724' title='bbox 1139 5338 1656 5411; x_wconf 69' lang='lat' dir='ltr'><strong>exercereluxuriam</strong></span> <span class='ocrx_word' id='word_1_725' title='bbox 1673 5377 1687 5400; x_wconf 87' lang='lat'><strong>,</strong></span> <span class='ocrx_word' id='word_1_726' title='bbox 1719 5347 1826 5411; x_wconf 65' lang='lat' dir='ltr'><strong>etc.</strong></span> 
     </span>
    </p>
   </div>
   <div class='ocr_carea' id='block_1_86' title="bbox 613 5409 2109 5479">
    <p class='ocr_par' dir='ltr' id='par_1_86' title="bbox 613 5409 2109 5479">
     <span class='ocr_line' id='line_1_88' title="bbox 613 5409 2109 5479; baseline -0.005 -10"><span class='ocrx_word' id='word_1_727' title='bbox 613 5417 640 5455; x_wconf 70' lang='grc' dir='ltr'>δ</span> <span class='ocrx_word' id='word_1_728' title='bbox 675 5413 806 5469; x_wconf 85' lang='lat' dir='ltr'><strong>Cod.</strong></span> <span class='ocrx_word' id='word_1_729' title='bbox 855 5409 1123 5472; x_wconf 43' lang='lat' dir='ltr'><strong>Anibros”</strong></span> <span class='ocrx_word' id='word_1_730' title='bbox 1153 5425 1244 5478; x_wconf 83' lang='lat' dir='ltr'><strong>per</strong></span> <span class='ocrx_word' id='word_1_731' title='bbox 1285 5413 1413 5463; x_wconf 78' lang='lat' dir='ltr'><strong>tales</strong></span> <span class='ocrx_word' id='word_1_732' title='bbox 1454 5410 1611 5478; x_wconf 73' lang='lat' dir='ltr'><strong>ferias</strong></span> <span class='ocrx_word' id='word_1_733' title='bbox 1655 5409 1867 5479; x_wconf 74' lang='lat' dir='ltr'><strong>perdere</strong></span> <span class='ocrx_word' id='word_1_734' title='bbox 1886 5425 1940 5464; x_wconf 77' lang='lat' dir='ltr'><strong>se</strong></span> <span class='ocrx_word' id='word_1_735' title='bbox 1967 5410 2109 5463; x_wconf 87' lang='lat' dir='ltr'><strong>salu-</strong></span> 
     </span>
    </p>
   </div>
   <div class='ocr_carea' id='block_1_87' title="bbox 537 5499 1422 5615">
    <p class='ocr_par' dir='ltr' id='par_1_87' title="bbox 537 5499 1422 5615">
     <span class='ocr_line' id='line_1_89' title="bbox 537 5499 1422 5615; baseline -0.003 -8"><span class='ocrx_word' id='word_1_736' title='bbox 537 5499 798 5607; x_wconf 44' lang='grc' dir='ltr'><strong>ηηῗῖὶηιὶ.</strong></span> <span class='ocrx_word' id='word_1_737' title='bbox 830 5549 1073 5603; x_wconf 83' lang='lat' dir='ltr'><strong>Ambros.</strong></span> <span class='ocrx_word' id='word_1_738' title='bbox 1085 5587 1101 5613; x_wconf 91' lang='lat'><strong>,</strong></span> <span class='ocrx_word' id='word_1_739' title='bbox 1130 5548 1422 5615; x_wconf 83' lang='lat' dir='ltr'><strong>potentiori.</strong></span> 
     </span>
    </p>
   </div>
   <div class='ocr_carea' id='block_1_88' title="bbox 607 5617 2116 5683">
    <p class='ocr_par' dir='ltr' id='par_1_88' title="bbox 607 5617 2116 5683">
     <span class='ocr_line' id='line_1_90' title="bbox 607 5617 2116 5683; baseline -0.005 -5"><span class='ocrx_word' id='word_1_740' title='bbox 607 5623 636 5661; x_wconf 67' lang='grc' dir='ltr'><strong>ί</strong></span> <span class='ocrx_word' id='word_1_741' title='bbox 667 5622 797 5678; x_wconf 68' lang='lat' dir='ltr'><strong>Cod.</strong></span> <span class='ocrx_word' id='word_1_742' title='bbox 840 5618 1083 5673; x_wconf 84' lang='lat' dir='ltr'><strong>Ambros.</strong></span> <span class='ocrx_word' id='word_1_743' title='bbox 1131 5618 1352 5671; x_wconf 66' lang='lat' dir='ltr'><strong>melius</strong></span> <span class='ocrx_word' id='word_1_744' title='bbox 1395 5626 1594 5683; x_wconf 72' lang='lat' dir='ltr'><strong>vocant,</strong></span> <span class='ocrx_word' id='word_1_745' title='bbox 1651 5633 1763 5672; x_wconf 79' lang='lat' dir='ltr'><strong>cum</strong></span> <span class='ocrx_word' id='word_1_746' title='bbox 1810 5617 2006 5672; x_wconf 87' lang='lat' dir='ltr'><strong>nullum</strong></span> <span class='ocrx_word' id='word_1_747' title='bbox 2050 5617 2116 5675; x_wconf 85' lang='lat' dir='ltr'><strong>sit</strong></span> 
     </span>
    </p>
   </div>
   <div class='ocr_carea' id='block_1_89' title="bbox 2218 4292 3781 4363">
    <p class='ocr_par' dir='ltr' id='par_1_89' title="bbox 2218 4292 3781 4363">
     <span class='ocr_line' id='line_1_91' title="bbox 2218 4292 3781 4363; baseline -0.001 -16"><span class='ocrx_word' id='word_1_748' title='bbox 2218 4309 2324 4348; x_wconf 88' lang='lat' dir='ltr'><strong>non</strong></span> <span class='ocrx_word' id='word_1_749' title='bbox 2353 4294 2542 4363; x_wconf 89' lang='lat' dir='ltr'><strong>gratia.</strong></span> <span class='ocrx_word' id='word_1_750' title='bbox 2576 4292 2689 4347; x_wconf 84' lang='lat' dir='ltr'><strong>Hoc</strong></span> <span class='ocrx_word' id='word_1_751' title='bbox 2709 4302 2886 4347; x_wconf 91' lang='lat' dir='ltr'><strong>autem</strong></span> <span class='ocrx_word' id='word_1_752' title='bbox 2912 4293 2963 4346; x_wconf 90' lang='lat' dir='ltr'><strong>in</strong></span> <span class='ocrx_word' id='word_1_753' title='bbox 2986 4294 3100 4363; x_wconf 89' lang='lat' dir='ltr'><strong>ipsa</strong></span> <span class='ocrx_word' id='word_1_754' title='bbox 3130 4293 3430 4363; x_wconf 87' lang='lat' dir='ltr'><strong>iniquitate,</strong></span> <span class='ocrx_word' id='word_1_755' title='bbox 3459 4309 3623 4362; x_wconf 89' lang='lat' dir='ltr'><strong>quam</strong></span> <span class='ocrx_word' id='word_1_756' title='bbox 3653 4294 3781 4361; x_wconf 84' lang='lat' dir='ltr'><strong>inju-</strong></span> 
     </span>
    </p>
   </div>
   <div class='ocr_carea' id='block_1_90' title="bbox 2218 4382 3782 4459">
    <p class='ocr_par' dir='ltr' id='par_1_90' title="bbox 2218 4382 3782 4459">
     <span class='ocr_line' id='line_1_92' title="bbox 2218 4382 3782 4459; baseline -0.002 -19"><span class='ocrx_word' id='word_1_757' title='bbox 2218 4395 2357 4440; x_wconf 90' lang='lat' dir='ltr'><strong>stum</strong></span> <span class='ocrx_word' id='word_1_758' title='bbox 2384 4393 2484 4450; x_wconf 91' lang='lat' dir='ltr'><strong>est,</strong></span> <span class='ocrx_word' id='word_1_759' title='bbox 2508 4384 2652 4452; x_wconf 87' lang='lat' dir='ltr'><strong>quod</strong></span> <span class='ocrx_word' id='word_1_760' title='bbox 2684 4392 3030 4459; x_wconf 79' lang='lat' dir='ltr'><strong>exspectatur</strong></span> <span class='ocrx_word' id='word_1_761' title='bbox 3049 4383 3251 4438; x_wconf 90' lang='lat' dir='ltr'><strong>donare</strong></span> <span class='ocrx_word' id='word_1_762' title='bbox 3273 4382 3496 4438; x_wconf 80' lang='lat' dir='ltr'><strong>inferior</strong></span> <span class='ocrx_word' id='word_1_763' title='bbox 3521 4396 3542 4423; x_wconf 75' lang='grc' dir='ltr'>ε</span> <span class='ocrx_word' id='word_1_764' title='bbox 3575 4385 3782 4455; x_wconf 87' lang='lat' dir='ltr'><strong>potiori;</strong></span> 
     </span>
    </p>
   </div>
   <div class='ocr_carea' id='block_1_91' title="bbox 2219 4475 3784 4546">
    <p class='ocr_par' dir='ltr' id='par_1_91' title="bbox 2219 4475 3784 4546">
     <span class='ocr_line' id='line_1_93' title="bbox 2219 4475 3784 4546; baseline -0.001 -15"><span class='ocrx_word' id='word_1_765' title='bbox 2219 4484 2273 4531; x_wconf 90' lang='lat' dir='ltr'><strong>et</strong></span> <span class='ocrx_word' id='word_1_766' title='bbox 2301 4476 2453 4531; x_wconf 89' lang='lat' dir='ltr'><strong>diviti</strong></span> <span class='ocrx_word' id='word_1_767' title='bbox 2481 4477 2691 4544; x_wconf 84' lang='lat' dir='ltr'><strong>cogitur</strong></span> <span class='ocrx_word' id='word_1_768' title='bbox 2719 4476 2808 4531; x_wconf 91' lang='lat' dir='ltr'><strong>ille</strong></span> <span class='ocrx_word' id='word_1_769' title='bbox 2832 4475 3031 4543; x_wconf 83' lang='lat' dir='ltr'><strong>largiri,</strong></span> <span class='ocrx_word' id='word_1_770' title='bbox 3054 4476 3144 4546; x_wconf 84' lang='lat' dir='ltr'><strong>qui</strong></span> <span class='ocrx_word' id='word_1_771' title='bbox 3161 4516 3176 4540; x_wconf 90' lang='lat'><strong>,</strong></span> <span class='ocrx_word' id='word_1_772' title='bbox 3226 4476 3370 4544; x_wconf 88' lang='lat' dir='ltr'><strong>quod</strong></span> <span class='ocrx_word' id='word_1_773' title='bbox 3395 4476 3658 4544; x_wconf 83' lang='lat' dir='ltr'><strong>largiatur</strong></span> <span class='ocrx_word' id='word_1_774' title='bbox 3682 4478 3784 4531; x_wconf 84' lang='lat' dir='ltr'><strong>for-</strong></span> 
     </span>
    </p>
   </div>
   <div class='ocr_carea' id='block_1_92' title="bbox 2219 4566 3784 4635">
    <p class='ocr_par' dir='ltr' id='par_1_92' title="bbox 2219 4566 3784 4635">
     <span class='ocr_line' id='line_1_94' title="bbox 2219 4566 3784 4635; baseline 0.001 -15"><span class='ocrx_word' id='word_1_775' title='bbox 2219 4568 2358 4620; x_wconf 77' lang='lat' dir='ltr'><strong>sitan</strong></span> <span class='ocrx_word' id='word_1_776' title='bbox 2382 4574 2674 4620; x_wconf 90' lang='lat' dir='ltr'><strong>mutuatur.</strong></span> <span class='ocrx_word' id='word_1_777' title='bbox 2693 4566 2879 4621; x_wconf 84' lang='lat' dir='ltr'><strong>Adhuc</strong></span> <span class='ocrx_word' id='word_1_778' title='bbox 2899 4575 2954 4620; x_wconf 91' lang='lat' dir='ltr'><strong>et</strong></span> <span class='ocrx_word' id='word_1_779' title='bbox 2980 4567 3149 4635; x_wconf 86' lang='lat' dir='ltr'><strong>ipsam</strong></span> <span class='ocrx_word' id='word_1_780' title='bbox 3171 4566 3594 4622; x_wconf 84' lang='lat' dir='ltr'><strong>muniﬁcentiam</strong></span> <span class='ocrx_word' id='word_1_781' title='bbox 3618 4567 3644 4606; x_wconf 68' lang='grc' dir='ltr'><strong>τι</strong></span> <span class='ocrx_word' id='word_1_782' title='bbox 3666 4577 3784 4623; x_wconf 88' lang='lat' dir='ltr'><strong>stre-</strong></span> 
     </span>
    </p>
   </div>
   <div class='ocr_carea' id='block_1_93' title="bbox 2220 4655 3780 4726">
    <p class='ocr_par' dir='ltr' id='par_1_93' title="bbox 2220 4655 3780 4726">
     <span class='ocr_line' id='line_1_95' title="bbox 2220 4655 3780 4726; baseline 0.001 -19"><span class='ocrx_word' id='word_1_783' title='bbox 2220 4669 2316 4708; x_wconf 91' lang='lat' dir='ltr'><strong>nas</strong></span> <span class='ocrx_word' id='word_1_784' title='bbox 2344 4663 2560 4721; x_wconf 88' lang='lat' dir='ltr'><strong>vocant,</strong></span> <span class='ocrx_word' id='word_1_785' title='bbox 2589 4670 2709 4709; x_wconf 90' lang='lat' dir='ltr'><strong>cum</strong></span> <span class='ocrx_word' id='word_1_786' title='bbox 2739 4655 2905 4722; x_wconf 85' lang='lat' dir='ltr'><strong>magis</strong></span> <span class='ocrx_word' id='word_1_787' title='bbox 2930 4663 3228 4726; x_wconf 83' lang='lat' dir='ltr'><strong>strenuum,</strong></span> <span class='ocrx_word' id='word_1_788' title='bbox 3258 4655 3518 4724; x_wconf 89' lang='lat' dir='ltr'><strong>quod.....</strong></span> <span class='ocrx_word' id='word_1_789' title='bbox 3552 4656 3780 4726; x_wconf 84' lang='lat' dir='ltr'><strong>Cogitur.</strong></span> 
     </span>
    </p>
   </div>
   <div class='ocr_carea' id='block_1_94' title="bbox 2221 4743 3782 4812">
    <p class='ocr_par' dir='ltr' id='par_1_94' title="bbox 2221 4743 3782 4812">
     <span class='ocr_line' id='line_1_96' title="bbox 2221 4743 3782 4812; baseline 0.001 -16"><span class='ocrx_word' id='word_1_790' title='bbox 2221 4743 2458 4811; x_wconf 86' lang='lat' dir='ltr'><strong>inquam.</strong></span> <span class='ocrx_word' id='word_1_791' title='bbox 2488 4743 2649 4796; x_wconf 86' lang='lat' dir='ltr'><strong>miser</strong></span> <span class='ocrx_word' id='word_1_792' title='bbox 2692 4743 2896 4800; x_wconf 87' lang='lat' dir='ltr'><strong>donare</strong></span> <span class='ocrx_word' id='word_1_793' title='bbox 2936 4743 3080 4812; x_wconf 86' lang='lat' dir='ltr'><strong>quod</strong></span> <span class='ocrx_word' id='word_1_794' title='bbox 3126 4759 3234 4797; x_wconf 92' lang='lat' dir='ltr'><strong>non</strong></span> <span class='ocrx_word' id='word_1_795' title='bbox 3284 4744 3466 4809; x_wconf 86' lang='lat' dir='ltr'><strong>habet,</strong></span> <span class='ocrx_word' id='word_1_796' title='bbox 3498 4755 3556 4799; x_wconf 89' lang='lat' dir='ltr'><strong>et</strong></span> <span class='ocrx_word' id='word_1_797' title='bbox 3602 4759 3782 4799; x_wconf 75' lang='lat' dir='ltr'><strong>mimus</strong></span> 
     </span>
    </p>
   </div>
   <div class='ocr_carea' id='block_1_95' title="bbox 2220 4831 3781 4902">
    <p class='ocr_par' dir='ltr' id='par_1_95' title="bbox 2220 4831 3781 4902">
     <span class='ocr_line' id='line_1_97' title="bbox 2220 4831 3781 4902; baseline -0.002 -15"><span class='ocrx_word' id='word_1_798' title='bbox 2220 4831 2412 4887; x_wconf 76' lang='lat' dir='ltr'><strong>offerre</strong></span> <span class='ocrx_word' id='word_1_799' title='bbox 2446 4847 2543 4900; x_wconf 90' lang='lat' dir='ltr'><strong>pro</strong></span> <span class='ocrx_word' id='word_1_800' title='bbox 2570 4846 2677 4900; x_wconf 87' lang='lat' dir='ltr'><strong>quo</strong></span> <span class='ocrx_word' id='word_1_801' title='bbox 2725 4831 2862 4887; x_wconf 79' lang='lat' dir='ltr'><strong>ﬁlios</strong></span> <span class='ocrx_word' id='word_1_802' title='bbox 2899 4848 3025 4888; x_wconf 87' lang='lat' dir='ltr'><strong>suos</strong></span> <span class='ocrx_word' id='word_1_803' title='bbox 3075 4833 3338 4893; x_wconf 75' lang='lat' dir='ltr'><strong>obnoxios</strong></span> <span class='ocrx_word' id='word_1_804' title='bbox 3365 4833 3656 4902; x_wconf 66' lang='lat' dir='ltr'><strong>relinquat.</strong></span> <span class='ocrx_word' id='word_1_805' title='bbox 3686 4831 3781 4887; x_wconf 86' lang='lat' dir='ltr'><strong>Sed</strong></span> 
     </span>
    </p>
   </div>
   <div class='ocr_carea' id='block_1_96' title="bbox 2219 4921 3778 4989">
    <p class='ocr_par' dir='ltr' id='par_1_96' title="bbox 2219 4921 3778 4989">
     <span class='ocr_line' id='line_1_98' title="bbox 2219 4921 3778 4989; baseline 0.003 -14"><span class='ocrx_word' id='word_1_806' title='bbox 2219 4929 2275 4975; x_wconf 91' lang='lat' dir='ltr'><strong>et</strong></span> <span class='ocrx_word' id='word_1_807' title='bbox 2301 4921 2492 4975; x_wconf 90' lang='lat' dir='ltr'><strong>divites</strong></span> <span class='ocrx_word' id='word_1_808' title='bbox 2535 4922 2732 4989; x_wconf 87' lang='lat' dir='ltr'><strong>quique</strong></span> <span class='ocrx_word' id='word_1_809' title='bbox 2781 4931 2904 4976; x_wconf 89' lang='lat' dir='ltr'><strong>sunt</strong></span> <span class='ocrx_word' id='word_1_810' title='bbox 2944 4923 3046 4978; x_wconf 90' lang='lat' dir='ltr'><strong>hac</strong></span> <span class='ocrx_word' id='word_1_811' title='bbox 3091 4923 3453 4976; x_wconf 77' lang='lat' dir='ltr'><strong>muniﬁcentia</strong></span> <span class='ocrx_word' id='word_1_812' title='bbox 3500 4924 3778 4980; x_wconf 84' lang='lat' dir='ltr'><strong>liberales:</strong></span> 
     </span>
    </p>
   </div>
   <div class='ocr_carea' id='block_1_97' title="bbox 2223 5011 3779 5081">
    <p class='ocr_par' dir='ltr' id='par_1_97' title="bbox 2223 5011 3779 5081">
     <span class='ocr_line' id='line_1_99' title="bbox 2223 5011 3779 5081; baseline -0.001 -16"><span class='ocrx_word' id='word_1_813' title='bbox 2223 5026 2404 5067; x_wconf 88' lang='lat' dir='ltr'><strong>verum</strong></span> <span class='ocrx_word' id='word_1_814' title='bbox 2427 5026 2526 5066; x_wconf 91' lang='lat' dir='ltr'><strong>nec</strong></span> <span class='ocrx_word' id='word_1_815' title='bbox 2554 5011 2652 5081; x_wconf 83' lang='lat' dir='ltr'><strong>ipsi</strong></span> <span class='ocrx_word' id='word_1_816' title='bbox 2680 5027 2710 5066; x_wconf 90' lang='lat' dir='ltr'><strong>a</strong></span> <span class='ocrx_word' id='word_1_817' title='bbox 2732 5020 2949 5081; x_wconf 86' lang='lat' dir='ltr'><strong>peccato</strong></span> <span class='ocrx_word' id='word_1_818' title='bbox 2971 5012 3219 5067; x_wconf 88' lang='lat' dir='ltr'><strong>videntur</strong></span> <span class='ocrx_word' id='word_1_819' title='bbox 3247 5012 3529 5067; x_wconf 87' lang='lat' dir='ltr'><strong>immunes.</strong></span> <span class='ocrx_word' id='word_1_820' title='bbox 3561 5023 3584 5051; x_wconf 77' lang='grc' dir='ltr'>ε</span> <span class='ocrx_word' id='word_1_821' title='bbox 3607 5013 3754 5079; x_wconf 77' lang='lat' dir='ltr'><strong>Largi</strong></span> <span class='ocrx_word' id='word_1_822' title='bbox 3764 5040 3779 5050; x_wconf 95' lang='lat'><strong>-</strong></span> 
     </span>
    </p>
   </div>
   <div class='ocr_carea' id='block_1_98' title="bbox 2223 5100 3778 5171">
    <p class='ocr_par' dir='ltr' id='par_1_98' title="bbox 2223 5100 3778 5171">
     <span class='ocr_line' id='line_1_100' title="bbox 2223 5100 3778 5171; baseline 0.001 -18"><span class='ocrx_word' id='word_1_823' title='bbox 2223 5108 2310 5154; x_wconf 92' lang='lat' dir='ltr'><strong>tur</strong></span> <span class='ocrx_word' id='word_1_824' title='bbox 2334 5101 2474 5155; x_wconf 90' lang='lat' dir='ltr'><strong>enim</strong></span> <span class='ocrx_word' id='word_1_825' title='bbox 2522 5100 2670 5156; x_wconf 89' lang='lat' dir='ltr'><strong>dives</strong></span> <span class='ocrx_word' id='word_1_826' title='bbox 2708 5102 3008 5170; x_wconf 88' lang='lat' dir='ltr'><strong>cuicunque</strong></span> <span class='ocrx_word' id='word_1_827' title='bbox 3059 5102 3160 5155; x_wconf 91' lang='lat' dir='ltr'><strong>soli</strong></span> <span class='ocrx_word' id='word_1_828' title='bbox 3214 5101 3513 5171; x_wconf 89' lang='lat' dir='ltr'><strong>locupleti;</strong></span> <span class='ocrx_word' id='word_1_829' title='bbox 3561 5102 3778 5169; x_wconf 85' lang='lat' dir='ltr'><strong>dumque</strong></span> 
     </span>
    </p>
   </div>
   <div class='ocr_carea' id='block_1_99' title="bbox 2220 5272 3777 5346">
    <p class='ocr_par' dir='ltr' id='par_1_99' title="bbox 2220 5272 3777 5346">
     <span class='ocr_line' id='line_1_101' title="bbox 2220 5272 3777 5346; baseline 0.002 -23"><span class='ocrx_word' id='word_1_830' title='bbox 2220 5272 2487 5346; x_wconf 73' lang='lat' dir='ltr'><strong>strenium.</strong></span> <span class='ocrx_word' id='word_1_831' title='bbox 2537 5273 2768 5345; x_wconf 87' lang='lat' dir='ltr'><strong>Cogitur,</strong></span> <span class='ocrx_word' id='word_1_832' title='bbox 2786 5275 3036 5346; x_wconf 24' lang='lat' dir='ltr'><strong>“inquam,</strong></span> <span class='ocrx_word' id='word_1_833' title='bbox 3084 5275 3481 5346; x_wconf 23' lang='lat' dir='ltr'><strong>misermdonare</strong></span> <span class='ocrx_word' id='word_1_834' title='bbox 3532 5279 3666 5346; x_wconf 84' lang='lat' dir='ltr'><strong>quod</strong></span> <span class='ocrx_word' id='word_1_835' title='bbox 3691 5291 3777 5328; x_wconf 83' lang='lat' dir='ltr'><strong>non</strong></span> 
     </span>
    </p>
   </div>
   <div class='ocr_carea' id='block_1_100' title="bbox 2221 5339 3777 5463">
    <p class='ocr_par' dir='ltr' id='par_1_100' title="bbox 2221 5339 3777 5463">
     <span class='ocr_line' id='line_1_102' title="bbox 2221 5339 3777 5413; baseline 0.002 -22"><span class='ocrx_word' id='word_1_836' title='bbox 2221 5339 2388 5404; x_wconf 82' lang='lat' dir='ltr'><strong>habet,</strong></span> <span class='ocrx_word' id='word_1_837' title='bbox 2431 5351 2480 5394; x_wconf 84' lang='lat' dir='ltr'><strong>et</strong></span> <span class='ocrx_word' id='word_1_838' title='bbox 2507 5339 2690 5397; x_wconf 72' lang='lat' dir='ltr'><strong>munus</strong></span> <span class='ocrx_word' id='word_1_839' title='bbox 2733 5339 2921 5411; x_wconf 66' lang='lat' dir='ltr'><strong>offerre</strong></span> <span class='ocrx_word' id='word_1_840' title='bbox 2966 5360 3060 5412; x_wconf 86' lang='lat' dir='ltr'><strong>pro</strong></span> <span class='ocrx_word' id='word_1_841' title='bbox 3087 5360 3186 5413; x_wconf 83' lang='lat' dir='ltr'><strong>quo</strong></span> <span class='ocrx_word' id='word_1_842' title='bbox 3213 5344 3350 5412; x_wconf 79' lang='lat' dir='ltr'><strong>ﬁlios</strong></span> <span class='ocrx_word' id='word_1_843' title='bbox 3398 5360 3518 5399; x_wconf 84' lang='lat' dir='ltr'><strong>suos</strong></span> <span class='ocrx_word' id='word_1_844' title='bbox 3539 5339 3777 5400; x_wconf 67' lang='lat' dir='ltr'><strong>obnoxios</strong></span> 
     </span>
     <span class='ocr_line' id='line_1_103' title="bbox 2221 5409 2554 5463; baseline 0.003 -1"><span class='ocrx_word' id='word_1_845' title='bbox 2221 5409 2554 5463; x_wconf 83' lang='lat' dir='ltr'><strong>derelinauat.</strong></span> 
     </span>
    </p>
   </div>
   <div class='ocr_carea' id='block_1_101' title="bbox 2296 5429 3777 5551">
    <p class='ocr_par' dir='ltr' id='par_1_101' title="bbox 2296 5429 3777 5551">
     <span class='ocr_line' id='line_1_104' title="bbox 2296 5429 3777 5551; baseline 0.004 -23"><span class='ocrx_word' id='word_1_846' title='bbox 2296 5429 2778 5551; x_wconf 44' lang='lat' dir='ltr'><strong>zegggi’fakmbrosq</strong></span> <span class='ocrx_word' id='word_1_847' title='bbox 2820 5474 3061 5551; x_wconf 73' lang='lat' dir='ltr'><strong>Largitur</strong></span> <span class='ocrx_word' id='word_1_848' title='bbox 3080 5482 3215 5551; x_wconf 80' lang='lat' dir='ltr'><strong>enim</strong></span> <span class='ocrx_word' id='word_1_849' title='bbox 3245 5481 3381 5536; x_wconf 81' lang='lat' dir='ltr'><strong>dim</strong></span> <span class='ocrx_word' id='word_1_850' title='bbox 3409 5485 3688 5551; x_wconf 81' lang='lat' dir='ltr'><strong>cuicunque</strong></span> <span class='ocrx_word' id='word_1_851' title='bbox 3713 5483 3777 5534; x_wconf 69' lang='grc' dir='ltr'><strong>Ιο‹</strong></span> 
     </span>
    </p>
   </div>
   <div class='ocr_carea' id='block_1_102' title="bbox 2222 5549 3776 5622">
    <p class='ocr_par' dir='ltr' id='par_1_102' title="bbox 2222 5549 3776 5622">
     <span class='ocr_line' id='line_1_105' title="bbox 2222 5549 3776 5622; baseline -0.001 -21"><span class='ocrx_word' id='word_1_852' title='bbox 2222 5549 2408 5622; x_wconf 79' lang='lat' dir='ltr'><strong>cupleti</strong></span> <span class='ocrx_word' id='word_1_853' title='bbox 2434 5549 2672 5622; x_wconf 73' lang='lat' dir='ltr'><strong>solidum,</strong></span> <span class='ocrx_word' id='word_1_854' title='bbox 2696 5551 2782 5622; x_wconf 83' lang='lat' dir='ltr'><strong>qui</strong></span> <span class='ocrx_word' id='word_1_855' title='bbox 2807 5549 3039 5603; x_wconf 81' lang='lat' dir='ltr'><strong>mendico</strong></span> <span class='ocrx_word' id='word_1_856' title='bbox 3059 5549 3326 5622; x_wconf 77' lang='lat' dir='ltr'><strong>denarium</strong></span> <span class='ocrx_word' id='word_1_857' title='bbox 3345 5553 3543 5605; x_wconf 84' lang='lat' dir='ltr'><strong>donare</strong></span> <span class='ocrx_word' id='word_1_858' title='bbox 3560 5549 3776 5622; x_wconf 69' lang='lat' dir='ltr'><strong>despexe</strong></span> 
     </span>
    </p>
   </div>
   <div class='ocr_carea' id='block_1_103' title="bbox 2223 5618 3684 5686">
    <p class='ocr_par' dir='ltr' id='par_1_103' title="bbox 2223 5618 3684 5686">
     <span class='ocr_line' id='line_1_106' title="bbox 2223 5618 3684 5686; baseline 0 -14"><span class='ocrx_word' id='word_1_859' title='bbox 2223 5620 2306 5684; x_wconf 78' lang='lat' dir='ltr'><strong>rit,</strong></span> <span class='ocrx_word' id='word_1_860' title='bbox 2340 5627 2386 5672; x_wconf 86' lang='lat' dir='ltr'><strong>et</strong></span> <span class='ocrx_word' id='word_1_861' title='bbox 2405 5618 2632 5672; x_wconf 74' lang='lat' dir='ltr'><strong>calendis</strong></span> <span class='ocrx_word' id='word_1_862' title='bbox 2655 5618 2722 5671; x_wconf 85' lang='lat' dir='ltr'><strong>ad</strong></span> <span class='ocrx_word' id='word_1_863' title='bbox 2748 5619 2953 5673; x_wconf 83' lang='lat' dir='ltr'><strong>domum</strong></span> <span class='ocrx_word' id='word_1_864' title='bbox 2984 5619 3137 5672; x_wconf 76' lang='grc' dir='ltr'><strong>αηιὶτί</strong></span> <span class='ocrx_word' id='word_1_865' title='bbox 3163 5634 3290 5675; x_wconf 85' lang='lat' dir='ltr'><strong>auro</strong></span> <span class='ocrx_word' id='word_1_866' title='bbox 3320 5631 3555 5686; x_wconf 84' lang='lat' dir='ltr'><strong>onustus,</strong></span> <span class='ocrx_word' id='word_1_867' title='bbox 3584 5618 3684 5676; x_wconf 82' lang='lat' dir='ltr'><strong>etc.</strong></span> 
     </span>
    </p>
   </div>
  </div>
