3910 6238
84 308 178 363 ιειῖ»

1484 298 1760 354 HOMILIA
1798 296 1928 353 CIV.

3248 295 3355 351 494

82 422 323 476 mendico
344 419 643 475 denarium
669 418 795 474 dare
818 415 1159 487 despexerit,
1209 411 1447 468 calendis
1477 410 1543 463 ad
1571 410 1667 464 do-
1694 414 1739 480 Α
1770 416 1959 472 tatem,
2014 408 2095 461 vel
2141 408 2412 462 tristitiam
2465 408 2795 462 metiuntur?
2836 407 2965 473 Quae
3009 422 3127 462 cum
3170 409 3347 478 inepta

81 525 222 563 mum
249 511 416 565 amici
448 525 587 564 auro
612 516 834 563 onustus
861 514 1133 575 properat,
1165 505 1255 572 qui
1294 502 1465 555 Natali
1505 500 1675 554 domi-

83 602 202 655 nico
247 601 317 655 ad
348 600 651 655 ecclesiam
690 614 889 654 vacuus
923 607 978 652 et
1035 595 1207 650 inanis
1253 591 1484 646 advenit.
1513 587 1675 641 Vides

80 704 204 757 ergo
231 690 383 759 quod
412 689 565 759 apud
593 690 877 758 plerosque
897 687 1015 756 plus
1052 694 1136 740 est
1165 697 1399 753 prmsens
1438 677 1673 732 adulatio

80 794 237 845 quam
266 777 453 833 futura
505 778 888 833 remuneratio.
922 776 1198 830 Libentius
1242 771 1404 827 habet
1428 767 1671 827 osculum

83 868 304 935 potioris
352 884 528 939 quam
579 868 804 937 gloriam
850 864 1165 921 Salvatoris.
1225 858 1378 927 Quod
1429 856 1670 913 osculum

83 956 318 1011 osculum
344 973 465 1011 non
508 956 794 1011 dicendum
819 962 922 1019 est,
948 954 1074 1023 quia
1099 951 1291 1007 venale
1312 956 1413 1003 est.
1444 946 1578 1001 Nam
1613 952 1668 999 et

84 1042 237 1099 ludas
257 1044 518 1101 Scarioth
547 1047 641 1101 tali
669 1045 855 1102 osculo
877 1044 1215 1100 osculabatur
1239 1039 1545 1104 Dominum,
1571 1034 1667 1091 sed

84 1132 201 1187 hinc
243 1134 400 1189 illum
443 1145 471 1172 ι
522 1132 735 1189 tradere
777 1134 1091 1189 conabatur.
1124 1130 1471 1197 Hoefautem
1507 1125 1667 1195 quale

89 1235 166 1280 est
190 1224 218 1264 ⁵
244 1226 425 1295 quod,
456 1226 775 1296 interposita
803 1225 909 1289 die,
953 1224 1044 1278 tali
1072 1222 1216 1277 inani
1253 1218 1497 1284 exordio,
1524 1209 1675 1270 velut

87 1314 399 1385 incipientes
426 1317 634 1380 vivere,
664 1326 757 1368 aut
793 1314 1031 1388 auspicia
1066 1311 1347 1378 colligant,
1377 1306 1665 1373 omniaque

86 1405 429 1473 Pemuirant;
482 1413 539 1461 et
568 1404 762 1461 exinde
799 1403 967 1460 totius
995 1403 1121 1457 anni
1150 1401 1251 1457 sibi
1279 1398 1365 1454 vel
1392 1394 1685 1467 prosperi-t

1782 500 1889 554 sint
1916 507 1971 553 et
2000 499 2241 564 ridicula,
2275 508 2386 553 tum
2427 500 2528 555 illis
2565 499 2691 568 ipsis
2742 499 2827 553 vel
2853 498 3060 552 inutilia
3090 507 3236 562 sunt,
3268 492 3353 552 vel

1779 590 1988 654 nociva.
2013 589 2143 643 Nam
2167 592 2577 659 prosperitatem
2614 604 2721 643 non
2751 588 2974 655 habent,
3004 588 3129 642 dum
3155 587 3353 643 fallun-

1780 689 1866 734 tur
1892 680 2164 749 auguriis:
2204 680 2474 744 tristitiam
2513 695 2726 749 semper
2752 678 2975 745 habent,
3020 678 3145 733 dum
3176 693 3353 733 reme-

1778 770 2079 825 moratione
2110 771 2347 825 omnium
2375 769 2731 825 sunt-solliciti
2763 784 2830 823 ne
2867 769 3200 837 contingant.
3235 768 3351 823 Hoc

1780 870 1803 898 ε
1830 868 2008 914 autem
2050 860 2207 915 malls
2234 860 2346 915 suis
2376 858 2599 927 addunt,
2625 868 2684 912 ut
2711 858 2863 927 quasi
2891 858 2958 912 de
2980 858 3349 927 auspicatione

1769 948 1985 1003 domum
2020 948 2309 1004 redeuntes
2351 947 2689 1002 ramusculos
2731 954 2945 1015 gestent
2984 948 3036 1000 in
3078 947 3347 1010 manibus,

1770 1036 1976 1092 scilicet
1996 1050 2095 1106 pro
2115 1038 2313 1101 omine,
2330 1044 2390 1091 ut
2403 1036 2489 1091 vel
2509 1036 2690 1091 onusti
2713 1034 2780 1090 ad
2802 1036 3092 1105 hospitium
3103 1036 3346 1090 redeant:

1769 1142 1876 1180 non
1906 1126 2263 1194 intelligentes
2288 1126 2492 1194 miseri,
2515 1125 2660 1195 quod
2680 1125 2859 1181 onusti
2886 1123 3103 1193 quidem
3124 1123 3352 1179 redeunt

1769 1229 1877 1269 non
1905 1215 2137 1281 ,sarcina
2186 1228 2468 1272 munerum
2496 1253 2511 1281 ,
2564 1214 2656 1269 sed
2709 1211 2924 1268 cumulo
2981 1219 3345 1282 peccatorum.

1770 1303 1935 1359 Finit.

1446 1482 1788 1546 HOMILIA
1839 1483 1999 1544 CIV.

1112 1588 1303 1657 Incipit
1336 1586 1398 1639 de
1426 1581 1680 1637 hwreticis
1720 1590 1931 1649 peccata
1960 1580 2315 1635 vendentibus.

1528 1666 1922 1723 ADMONlTlO.

145 1790 307 1864 355
344 1792 467 1851 Hoc
489 1793 983 1864 tituloiiuseriptam
1011 1790 1286 1864 bomiliam
1330 1783 1533 1864 reperit
1570 1778 1907 1864 Mﬁbillonius
1933 1780 2023 1864 in"
2031 1779 2221 1864 codice
2252 1778 2599 1864 Sangallensi
2648 1779 2903 1864 num-8‘0
2946 1783 3080 1835 sine
3103 1781 3347 1861 auctoris

88 1847 320 1918 “om.
346 1847 803 1921 'gi'cmsgipgg‘
820 1847 869 1918 ἦ
895 1863 997 1923 νὴ,
1028 1875 1151 1916 cum
1190 1857 1332 1911 inter
1357 1847 1582 1923 caeteras
1611 1848 2108 1923 Maximibomilias
2155 1850 2353 1923 inserta
2370 1847 2751 1923 -videatur,_et
2776 1849 2943 1919 stylus
2971 1849 3345 1923 omninocon-

78 1929 266 1999 ,lormis
279 1933 517 1997 eluceat,
550 1947 669 1986 eam
699 1932 756 1987 S.
790 1922 1017 1999 antistiti
1044 1924 1362 1999 Taurinensi
1389 1922 1571 1999 potius

1614 1931 1775 1989 quam
1804 1917 1959 1989 alteri
2139 1915 2479 1989 tribuendam
2527 1917 2742 1982 statuit;
2793 1915 2953 1989 atque
2981 1932 3104 1989 cum
3124 1918 3347 1989 reiiquis

91 1984 963 2070 navitervde'tgzt'is'primnsnam.
991 1998 1024 2070 9
1053 1996 1245 2070 edidit,
1267 2002 1321 2070 et
1344 1984 1463 2070 post
1484 2003 1605 2070 eum
1634 1985 1963 2070 Gallandius.
1987 1986 2212 2070 illorum
2240 1984 2484 2070 exempla
2516 1992 2571 2070 e‘t
2602 1984 2891 2070 nossecuti
2917 1984 3120 2052 sumus,
3153 1984 3345 2070 admo-

91 2054 273 2139 nentes
298 2054 653 2139 tamenqubd
684 2054 937 2123 nonnulla
991 2068 1044 2122 in
1083 2054 1403 2139 purgatione
1432 2059 1536 2113 bac
1563 2055 1659 2139 de,
1685 2054 1902 2139 humilia
1950 2055 2221 2139 attigimus

94 2096 269 2123 ιωιιισδ
299 2096 486 2125 “IIICI!
507 2096 653 2139 quuu
684 2096 937 2123 ιιυιιιιυιω
991 2096 1044 2122 ιιι
1092 2096 1403 2136 μιιιίιαιιυηῡ
1434 2096 1536 2113 μων
1564 2096 1633 2109 νυ
1685 2096 1902 2133 ’ἰν-⁸⁸1⁸⁸1.
1950 2096 2221 2121 -υ-ιο--ηυυ

94 2136 218 2208 piam
257 2147 316 2194 et
361 2140 697 2208 impietatem
733 2152 1019 2207 aggressus
1065 2144 1151 2192 est
1176 2133 1464 2188 Maximus.
1503 2136 1812 2197 progeniem
1858 2123 2145 2193 quamdam

94 2204 385 2261 habendam
415 2204 560 2262 esse.

2300 2068 2492 2123 nempe
2541 2053 2844 2118 bmreticos,
2892 2070 3117 2123 quorum
3174 2054 3347 2109 auda-

2248 2122 2605 2178 anicbatorum
2633 2136 2731 2191 per
2764 2122 2974 2177 italiam
3012 2124 3345 2193 serpentium

96 2297 473 2351 Alcumwl.
520 2324 590 2336 —-
639 2296 875 2350 Primum
924 2296 984 2354 S.
1031 2295 1298 2364 episcopus
1342 2287 1662 2364 christianos
1695 2284 1740 2343 Β
1766 2282 1928 2345 nulla,
1956 2282 2359 2351 quibuscunque
2378 2280 2540 2353 3&6
2556 2281 2757 2351 passim
2786 2280 2902 2336 sine
2916 2280 3110 2335 merito
3138 2295 3202 2335 ac
3230 2280 3349 2337 sine

155 2364 392 2435 9430M!
419 2382 486 2420 ne
518 2367 573 2419 in
615 2364 953 2435 proturandis
996 2356 1359 2435 temporalibus
1387 2357 1531 2411 bonis
1560 2356 1666 2435 sol—

161 2432 475 2504 (ίάηιάῧηεηι
500 2422 827 2504 ἕηιρὶηάαπιξ
858 2434 1040 2487 deinde
1078 2422 1167 2504 eos
1208 2430 1535 2504 uehementer
1565 2422 1664 2475 ad-

161 2501 385 2578 lcertatur
410 2514 470 2578 ut
488 2500 667 2578 ﬁdem,
689 2504 967 2578 justitiam,
1002 2502 1269 2578 caritatem
1294 2500 1573 2578 quaerant;
1604 2505 1665 2578 (ξς

160 2571 362 2624 tandem
415 2568 609 2625 iubebit
654 2568 834 2625 contra
874 2572 1142 2626 Iuer'eticos
1181 2569 1299 2623 illos
1314 2568 1413 2637 qui
1457 2568 1666 2631 accepta

157 2642 368 2705 pecunia
394 2650 609 2711 peccata
638 2640 979 2694 dimittebant.

161 2726 375 2797 Semper
401 2730 713 2784 meminisse
739 2736 795 2785 et
817 2736 941 2783 ante
956 2727 1140 2782 oculos
1167 2725 1367 2779 habere
1383 2721 1664 2784 debemus,

103 2814 278 2870 fratres
316 2817 689 2885 dilectissimi,
727 2816 872 2885 quod
922 2815 1182 2871 Dominus
1233 2810 1387 2866 Jesus
1424 2807 1666 2863 Christus

108 2901 215 2957 ideo
256 2906 323 2959 ad
374 2915 574 2961 terram
601 2906 881 2961 descendit
920 2906 987 2959 de
1012 2900 1181 2970 cmlis,
1212 2911 1269 2955 ut
1294 2903 1459 2955 vitam
1513 2897 1668 2951 nobis

106 2990 369 3060 largiretur
404 3006 684 3051 aeternam.
718 2995 883 3061 Idem,
908 3010 1028 3051 cum
1046 3004 1189 3051 esset
1218 2994 1313 3049 Dei
1343 2991 1525 3055 Filius,
1550 2986 1663 3042 licri

107 3082 316 3142 hominis
334 3087 473 3143 illius
495 3090 699 3153 maluit,
732 3096 790 3142 ut
825 3102 922 3142 nos
947 3088 1038 3156 qui
1062 3101 1275 3140 eramus
1296 3083 1542 3137 homines
1568 3080 1664 3133 Dei

108 3172 229 3228 lilios
266 3174 478 3231 faceret.
509 3178 627 3233 Non
654 3178 795 3233 enim
825 3185 1045 3246 propter
1067 3177 1207 3229 hanc
1231 3175 1399 3229 vitam
1429 3186 1663 3241 prmsen-

111 3266 207 3313 tem
234 3270 391 3320 tanta:
417 3268 696 3335 dignitatis
745 3274 997 3337 Operatus
1037 3271 1123 3321 est
1172 3262 1508 3335 mysterium,
1545 3274 1664 3329 qua:

108 3358 180 3403 est
200 3351 385 3421 brevis,
411 3352 636 3423 caduca,
667 3358 909 3411 mortalis
930 3394 949 3421 ,
977 3354 1073 3410 sed
1117 3358 1337 3425 propter
1363 3350 1509 3405 illam
1546 3362 1665 3418 (Ιυπ

110 3451 343 3509 perpetua
372 3453 428 3500 et
454 3448 786 3515 sempitema
818 3454 920 3502 est.
952 3445 1138 3515 Neque
1159 3443 1302 3499 enim
1346 3442 1485 3496 Deus
1508 3439 1665 3494 nobis

112 3526 249 3597 hujus
266 3533 383 3587 vita:
406 3535 801 3604 longtevitatem
830 3544 1178 3605 pnestaturus
1206 3541 1345 3600 erat,
1365 3546 1485 3600 qua:
1506 3530 1661 3600 plena

1759 2371 1963 2439 judicio
1984 2370 2319 2441 deferuntur,
2340 2373 2465 2442 quia
2490 2388 2597 2427 non
2624 2372 2679 2427 in
2710 2372 3202 2427 remunerationem
3218 2372 3345 2427 data

1764 2468 1909 2525 sunt,
1958 2460 2059 2516 sed
2100 2461 2169 2516 ad
2209 2462 2580 2516 tentationem.
2612 2461 2721 2516 Nos
2764 2462 2955 2529 igitur,
2992 2460 3188 2531 quibus
3238 2462 3347 2517 vita

1764 2556 1968 2607 tmerna
1998 2549 2354 2618 promittitur,
2384 2557 2583 2605 aeterna
2613 2563 2831 2619 semper
2880 2549 3023 2605 bona
3070 2548 3351 2619 possidere

1766 2637 2023 2711 debemus
2050 2645 2106 2693 et
2133 2653 2393 2707 qurerere,
2424 2638 2529 2695 hoc
2557 2646 2639 2694 est
2668 2638 2855 2705 ﬁdem,
2882 2639 3179 2709 justitiam,
3208 2641 3348 2695 cari-

1766 2733 1953 2781 tatem.
1984 2720 2195 2781 Haberit
2221 2727 2365 2782 enim
2405 2728 2507 2783 ista
2535 2728 2680 2783 bona
2714 2727 3057 2785 adversarios
3101 2744 3262 2795 suos;
3294 2736 3341 2784 et

1765 2815 1891 2871 licet
1938 2817 2053 2872 bzec
2079 2816 2217 2871 dona
2252 2820 2320 2873 ab
2359 2816 2667 2874 hominibus
2696 2818 2930 2875 conferri
2958 2836 3067 2876 non
3089 2829 3349 2890 possunt,

1765 2906 2072 2974 frequenter
2096 2914 2276 2960 tamen
2301 2922 2332 2961 a
2361 2908 2545 2977 pravis
2559 2908 2869 2965 hominibus
2897 2908 3229 2967 auferuntur.
3257 2912 3347 2967 At-

1764 3012 1867 3065 que
1895 2997 2015 3051 ideo
2035 2997 2178 3052 circa
2213 2996 2337 3051 fidei
2365 2998 2567 3053 bonum
2598 2998 2815 3054 solliciti
2844 3014 2961 3055 esse
2989 3001 3266 3067 debemus,
3296 3012 3352 3057 et

1760 3085 1986 3155 providi,
2007 3094 2061 3141 et
2081 3086 2148 3140 ad
2172 3086 2471 3141 custodiam
2495 3086 2611 3155 ejus
2640 3089 2835 3143 mentis
2874 3088 3162 3146 devotione
3190 3107 3336 3147 sem-

1763 3190 1861 3245 per
1895 3190 2015 3232 esse
2044 3178 2258 3244 armati,
2291 3190 2391 3232 nec
2415 3179 2524 3233 cito
2569 3178 2851 3233 fallacibus
2878 3183 3101 3235 credere
3142 3174 3351 3236 blandi-

1764 3266 1976 3321 mentis.
2010 3265 2162 3320 Solet
2190 3266 2331 3320 enim
2359 3266 2459 3322 sub
2505 3275 2775 3335 praetextu
2801 3268 2949 3337 pacis
2993 3269 3163 3325 hostis
3206 3272 3339 3327 irre-

1764 3370 1916 3425 pere,
1940 3355 2043 3409 hoc
2061 3345 2147 3408 esi
2164 3354 2264 3409 sub
2291 3355 2558 3410 vocabulo
2586 3356 2822 3411 nominis
2864 3356 3155 3412 Christiani
3183 3360 3342 3423 luere

1764 3444 1903 3501 ticus
1925 3444 2251 3508 subintrare,
2280 3445 2371 3513 qui
2399 3443 2466 3498 ad
2494 3444 2844 3514 decipiendos
2877 3447 3151 3516 simplices
3178 3448 3353 3503 homi-

1765 3548 1859 3586 nes
1878 3531 2150 3587 Christum
2172 3532 2227 3585 in
2255 3547 2351 3586 ore
2380 3539 2578 3601 portat,
2610 3532 2881 3588 diabolum
2909 3542 3065 3603 gerat
3083 3535 3139 3589 in
3166 3537 3349 3603 corde;

111 3627 183 3671 est
201 3624 457 3685 mmsis.
474 3626 767 3692 laboribus,
795 3634 1032 3694 egestate
1057 3642 1071 3690 ;
1104 3639 1170 3679 ne
1199 3638 1304 3677 non
1335 3631 1444 3675 tam
1464 3621 1663 3687 longte-
1689 3620 1734 3683 C
1763 3630 1819 3677 et
1838 3638 1957 3676 eum
1988 3621 2200 3689 quidem
2229 3622 2407 3690 lingua
2436 3622 2749 3688 confitetur,
2774 3623 2869 3677 sed
2888 3631 3073 3679 mente
3100 3624 3361 3697 blasphe-

116 3706 314 3765 vitatem
360 3715 481 3769 vita:
518 3724 800 3786 prmstaret
826 3731 985 3785 quam
1015 3714 1426 3783 perpetuitatem
1452 3708 1479 3747 ά
1508 3710 1660 3763 labo-

114 3811 237 3853 rum.
280 3802 410 3858 Nam
437 3806 546 3861 hoc
574 3807 626 3859 in
658 3807 747 3859 illa
786 3806 1006 3861 remedii
1053 3806 1227 3860 solum
1272 3802 1483 3857 videtur
1520 3814 1663 3867 esse,

116 3888 239 3952 ιιυού
269 3900 292 3927 °
311 3893 487 3951 brevis
532 3904 636 3949 est.
667 3895 816 3957 Unde
844 3904 900 3950 et
926 3894 1217 3966 Apostolus
1254 3893 1330 3946 ait
1355 3911 1367 3945 :
1401 3891 1461 3946 Si
1484 3892 1539 3944 in
1570 3889 1665 3942 hac

116 3977 203 4029 sita
221 3988 407 4037 tantum
426 3986 481 4039 in
512 3986 715 4039 Christo
739 4002 1027 4055 speramus,
1066 3983 1464 4039 miserabiliores
1490 3996 1663 4034 sumus

119 4069 323 4126 omnibus
358 4076 642 4130 hominibus
662 4075 719 4147 (ι
747 4077 867 4131 Cor.
897 4076 1009 4147 xv).
1042 4075 1161 4130 Non
1180 4089 1308 4143 ergo
1344 4074 1396 4127 in
1426 4073 1528 4127 bac
1557 4071 1664 4125 vita

120 4160 300 4212 tantum
324 4162 373 4215 in
402 4164 618 4220 Christo
640 4165 960 4235 sperandum
1000 4172 1104 4231 est,
1134 4164 1187 4217 in
1215 4178 1318 4231 qua
1348 4162 1475 4216 mali
1504 4174 1665 4230 quam

120 4239 229 4298 boui
264 4248 538 4317 plurimum
565 4261 827 4322 possunt:
875 4254 929 4307 in
956 4268 1060 4323 qua
1090 4251 1356 4306 feliciores
1383 4257 1509 4305 sunt
1530 4288 1544 4313 ,
1574 4250 1665 4319 qui

122 4330 305 4397 Mores
323 4350 472 4407 sunt;
495 4350 553 4396 et
580 4357 837 4412 prospere
857 4342 1027 4409 magis
1044 4341 1263 4409 degunt,
1295 4340 1385 4409 qui
1412 4339 1667 4394 crimino-

124 4420 217 4476 sius
237 4442 628 4488 conversantur.
651 4434 791 4500 Quid
815 4434 958 4488 enim
984 4434 1111 4489 boni
1142 4434 1255 4488 haec
1273 4434 1381 4486 vita
1404 4430 1667 4501 possidet?

126 4506 357 4584 llonores,
387 4522 620 4591 divitias,
640 4525 950 4591 sanitatem,
978 4538 1118 4592 qum,
1151 4524 1277 4577 licet
1305 4522 1509 4592 caduca
1537 4522 1661 4583 sint,

127 4613 218 4654 ιιοιι
239 4616 402 4663 tamen
429 4613 633 4665 meritis
648 4613 933 4677 accedunt,
962 4612 1058 4667 sed
1084 4609 1307 4666 fortuito
1328 4612 1663 4678 contingunt.

128 4684 341 4751 Quantos
384 4702 528 4755 enim
576 4702 818 4756 videmus
868 4716 1003 4769 quos
1049 4701 1341 4755 honoratos
1384 4699 1510 4753 fecit
1559 4712 1666 4751 non

132 4774 376 4853 honestas,
404 4792 496 4845 sed
528 4794 798 4861 potestas?
824 4790 1065 4857 Quantos
1111 4792 1323 4847 divitias
1349 4799 1668 4846 consecutos

132 4878 222 4921 non
242 4875 437 4935 relictas
456 4883 846 4950 sparentibus,
871 4881 963 4935 sed
993 4882 1337 4949 sanguinibus
1357 4882 1669 4950 occupatas?

1764 3720 1897 3767 mat.
1930 3712 2011 3766 Ab
2055 3712 2159 3765 hoc
2188 3711 2351 3778 igitur
2399 3717 2616 3779 oportet
2659 3711 2876 3780 penitus
2921 3712 3202 3779 declinari,
3254 3732 3358 3772 nec

1763 3802 1939 3870 aliqua
1961 3801 2225 3856 societate
2254 3798 2529 3868 conjungi.
2561 3798 2663 3865 Qui
2683 3800 2825 3855 enim
2857 3802 3105 3871 inimicus
3131 3812 3215 3859 est
3242 3804 3353 3860 Do-

1764 3893 1914 3958 mini,
1942 3892 2215 3961 quomodo
2262 3891 2469 3946 amicus
2498 3898 2583 3946 est
2624 3892 3000 3947 servulorum"?
3029 3893 3140 3949 Nec
3167 3894 3359 3950 mirari

1764 3981 2022 4038 debemus
2074 3980 2220 4049 quod
2260 3980 2567 4048 bujusmodi
2614 3980 2856 4035 haeretici
2894 3982 2949 4036 in
2984 3990 3167 4037 nostra
3198 3986 3355 4040 aber-

1766 4088 1885 4128 rare
1914 4074 2179 4144 cmperint
2203 4073 2444 4140 regione.
2479 4072 2708 4142 Semper
2734 4074 2878 4128 enim
2918 4087 3135 4144 gregem
3167 4078 3352 4132 ovium

1766 4162 2049 4217 insidiator
2071 4162 2229 4231 lupus
2246 4162 2513 4231 sequitur,
2534 4176 2752 4231 semper
2770 4160 3133 4219 Christianum
3150 4174 3355 4222 emtum

1766 4251 2010 4307 diabolus
2038 4251 2298 4321 deceptor
2326 4252 2582 4307 incursat.
2606 4251 2762 4316 Quod
2800 4252 3016 4320 quidem
3046 4252 3104 4306 lit
3131 4254 3353 4319 utiliter,

1770 4351 1827 4397 ut
1853 4343 2168 4398 sollicitiore
2188 4342 2453 4409 custodia,
2481 4357 2581 4397 nec
2599 4355 2818 4411 gregem
2848 4344 2966 4399 ovis
2992 4345 3225 4412 deserat,
3254 4362 3357 4402 nec

1766 4430 2100 4487 Christianus
2121 4430 2415 4485 Ecclesiam
2430 4430 2785 4499 derelinquat.
2808 4430 2963 4488 Unde
2981 4442 3039 4489 et
3065 4433 3359 4504 Apostolus

1768 4522 1843 4575 ait
1874 4539 1888 4575 :
1919 4518 2129 4592 Oportet
2158 4520 2313 4573 etiam
2334 4519 2551 4573 haereses
2577 4521 2828 4585 existere,
2858 4528 2915 4573 ut
2941 4520 3143 4590 probati
3182 4525 3354 4577 mani-

1769 4613 1885 4681 festi
1914 4612 2044 4680 ﬁant
2074 4612 2207 4665 inter
2240 4625 2326 4663 vos
2350 4606 2405 4679 (I
2434 4606 2553 4663 Cor.
2578 4607 2657 4679 ιι)
2690 4626 2703 4660 :
2737 4617 2992 4677 tanquam
3036 4610 3080 4667 si
3110 4611 3353 4667 diceret:

1767 4701 1990 4771 Oportet
2014 4714 2132 4753 esse
2152 4698 2469 4754 Christianis
2496 4697 2615 4752 lidei
2645 4710 2897 4766 pugnam,
2929 4704 2989 4751 ut
3014 4698 3082 4753 sit
3109 4699 3353 4768 probatis

1768 4798 1913 4846 certa
1942 4790 2185 4845 victoria.
2218 4789 2349 4842 Nam
2390 4795 2447 4842 ut
2491 4798 2677 4842 eorum
2725 4787 2940 4841 interim
2995 4789 3356 4857 blasphemias

1769 4891 2111 4947 seponamus,
2142 4884 2447 4929 relexamus
2495 4889 2614 4943 qum
2650 4874 2758 4927 sint
2806 4875 3042 4942 ipsorum
3089 4886 3355 4946 praecepta

131 4951 340 5017 Quantos
365 4969 721 5023 membrorum
750 4970 983 5023 sanitate
1011 4972 1299 5039 pollentes,
1323 4971 1413 5039 qui
1436 4986 1543 5023 non
1573 4970 1665 5023 Dei
1697 4973 1742 5031 υ
1770 4966 2001 5021 vivendi.
2034 4964 2313 5033 Prmpositi
2360 4979 2546 5018 eorum
2593 4978 2730 5031 quos
2767 4964 3110 5031 presbyteros
3135 4976 3353 5030 vocant,

136 5044 456 5110 miscricordia
512 5059 911 5131 gubernantur;
963 5060 1055 5113 sed
1101 5058 1368 5127 pecudum
1406 5058 1669 5125 sanguine

136 5142 595 5201 σηωυιωτιιωε
645 5148 824 5216 igitur,
876 5149 999 5217 quia
1044 5149 1355 5217 temporalia
1407 5156 1561 5211 sunt,
1617 5156 1670 5200 et

198 5360 223 5440 ξ
398 5368 639 5440 Ambros.
654 5369 736 5423 ita
765 5386 975 5440 sensum
1004 5372 1202 5440 praebet
1234 5390 1246 5423 :
1272 5371 1363 5426 sed
1382 5372 1499 5425 hinc
1520 5373 1665 5429 illum

145 5422 439 5527 “ista”:
464 5439 588 5527 vade
613 5422 881 5527 νεηρισρξιεῑ
897 5422 1035 5527 ωας

1080 5517 1383 5583 interposita
1414 5518 1513 5578 die,
1543 5526 1664 5569 tan-

290 5572 420 5653 ξζιφιὶ
442 5580 676 5639 exordio,
699 5572 831 5653 velut
856 5572 1152 5653 incipientes
1192 5572 1355 5638 vivere
1381 5572 1663 5653 procedunt

157 5601 269 5621 r‘""'
292 5601 420 5652 ιςιιεκι
442 5601 676 5639 exorato,
699 5601 829 5633 reuss
856 5601 955 5634 sua
978 5601 1152 5637 netues
1192 5602 1355 5638 vivere
1381 5601 1663 5653 procedunt

147 5635 265 5683 αιτα
281 5650 528 5702 mitstem.
559 5656 617 5701 ut
636 5650 867 5715 auspicia
888 5601 1151 5723 colligant,
1174 5656 1442 5724 onmiaque
1468 5655 1666 5723 ρετᾳαὶ-

1773 5058 2020 5111 dicuntur
2057 5054 2166 5107 tale
2195 5053 2393 5107 habere
2423 5052 2763 5116 mandatum,
2795 5060 2852 5104 ut
2882 5052 2924 5105 si
2947 5052 3067 5119 quis
3094 5052 3353 5107 laicornm

1777 5144 1949 5199 fassus
1995 5140 2154 5196 fuerit
2201 5141 2402 5195 crimen
2446 5140 2759 5206 admissum,
2789 5155 2895 5194 non
2922 5137 3065 5193 dicat
3089 5140 3161 5193 ilii
3197 5159 3209 5192 :
3242 5152 3360 5211 Age

1768 5382 1931 5446 rant;
1957 5374 2210 5446 eteminde
2232 5373 2331 5427 sibi
2358 5373 2522 5446 futuri
2549 5373 2701 5426 totius
2730 5372 2890 5446 anisii
2920 5378 3025 5432 etc.

1842 5452 1864 5486 ε
1896 5442 2029 5503 God.
2056 5444 2326 5514 Ambros,
2363 5442 2477 5502 Hoc
2513 5460 2686 5513 etiam,
2711 5457 2815 5502 etc.

1836 5515 1862 5553 ἀ
1892 5515 2139 5570 Galland.
2163 5519 2317 5579 edit,
2350 5520 2621 5572 motorum.

1840 5596 1863 5623 ⁸
1892 5585 2235 5641 Emendanda
2258 5588 2391 5642 edit.
2428 5587 2698 5651 Galland.,
2727 5586 2817 5653 qui
2850 5586 2981 5651 legit
3020 5584 3219 5638 btet-iu:
3251 5594 3345 5633 est.
