3910 6238
517 332 624 385 495

1569 332 1625 386 S.
1669 329 1908 385 MAXIM]
1946 329 2245 387 EPISCOPI
2282 329 2727 387 TAUBINENSIS

3660 325 3755 380 49G

516 443 906 513 paenitentiam,
952 442 1175 512 deplora
1222 443 1362 496 facta
1392 449 1500 506 tua,
1532 440 1668 496 delle
1713 450 1962 513 peccata;
1995 442 2089 495 sed
2119 449 2161 502 Α
2196 456 2338 506 xxvi,
2364 440 2484 509 75).
2511 440 2692 504 Vides,
2726 440 2973 510 inquam,
2998 440 3122 508 quia
3151 438 3294 507 apud
3322 436 3587 491 Christum
3608 434 3657 488 in
3686 435 3752 487 la-

519 532 666 587 dicat
695 550 709 586 :
753 532 856 588 Pro
895 533 1117 587 crimine
1142 535 1211 587 da
1239 540 1445 586 tantum
1507 532 1667 595 mihi,
1698 538 1753 584 et
1800 531 2099 599 indulgetur

521 623 641 677 tibi.-
670 623 848 677 Vanus
874 623 1033 691 plane
1057 630 1111 676 et
1128 622 1391 690 insipiens
1416 621 1719 691 presbyter,
1749 621 1979 689 quicum
2009 620 2098 673 ille

520 714 753 783 praidam
785 713 1035 781 accipiat,
1074 720 1231 782 putat
1266 712 1407 782 quod
1443 719 1720 779 peccatum
1750 709 1991 765 Christus
2017 710 2102 764 in-

520 802 755 870 dulgeat.
788 802 968 856 Nescit
988 802 1148 872 347
1179 801 1303 869 quia
1332 799 1581 854 Salvator
1599 798 1741 853 solet
1768 807 1986 868 peccata
2014 798 2109 853 do-

520 905 654 945 nare
681 899 737 945 et
761 907 859 960 pro
887 891 1083 946 delicto
1111 904 1353 958 quaerere
1382 888 1653 957 pretiosas
1681 886 1965 957 lacrymas,
1990 902 2099 941 non

522 984 775 1049 pecunias
801 981 1151 1036 numerosas?
1182 978 1335 1034 Unde
1364 979 1477 1047 ipse
1500 978 1573 1031 ait
1606 994 1617 1030 :
1652 976 1824 1030 Gratis
1854 988 1878 1012 ε·
1908 978 2100 1045 accipi-

526 1076 590 1127 tis
608 1114 621 1139 ,
654 1074 814 1143 gratis
842 1074 961 1126 date
987 1071 1250 1142 (Malach.
1283 1068 1363 1141 ι).
1393 1068 1633 1137 Denique
1661 1066 1851 1123 Petrus
1878 1082 1998 1122 cum
2022 1074 2106 1121 ter

526 1163 774 1230 negando
803 1163 1084 1216 Dominum
1112 1160 1443 1228 deliquisset,
1474 1158 1685 1212 veniam
1728 1172 1835 1211 non
1864 1156 2121 1219 muneri-p

526 1254 623 1307 lius
648 1254 871 1314 meruit,
902 1251 997 1305 sed
1027 1250 1275 1320 lacrymis
1302 1247 1629 1317 impetravit.
1659 1247 1747 1301 Ait
1774 1246 1915 1298 enim
1944 1245 2011 1298 de
2035 1260 2101 1298 eo

525 1342 861 1412 Evangelista
878 1361 891 1372 ο
924 1338 1092 1396 Flevit
1121 1339 1444 1393 amarissime
1461 1336 1608 1406 (Luc.
1634 1350 1765 1399 nu,
1785 1333 1883 1399 62;
1906 1333 2096 1386 Matth.

2200 529 2395 599 crymis
2448 537 2532 583 est
2575 529 2880 597 quantitas,
2913 545 3016 583 non
3060 529 3111 582 in
3137 528 3313 581 donis.
3346 524 3512 590 Quam
3540 523 3756 591 graviter

2202 623 2346 675 enim
2391 619 2537 675 ﬂevit
2574 621 2822 690 culpam,
2870 629 2975 674 tam
3006 620 3251 674 celeriter
3278 617 3438 687 353
3460 622 3758 669 consecutus

2204 718 2286 763 est
2306 710 2535 763 veniam.
2559 709 2791 778 Suscipit
2816 722 2943 776 ergo
2972 708 3111 762 dona
3134 707 3435 776 presbyter,
3460 711 3514 758 et
3531 702 3761 770 pactione

2205 798 2432 867 quadam
2474 797 2853 865 indulgentiam
2882 798 2949 851 de
3002 798 3282 851 Salvatore
3327 793 3610 864 promittit.
3638 789 3759 843 lusi-

2207 889 2359 959 piens
2387 888 2662 958 placitum,
2695 889 2747 941 in
2776 903 2881 954 quo
2916 887 3109 941 dicitur
3145 886 3318 938 minus
3347 882 3628 950 deliquisse
3662 877 3763 931 Do-

2203 979 2347 1032 mino
2377 978 2468 1046 qui
2507 977 2625 1045 plus
2655 972 3250 1031 contulerit'sacerdoti.
3296 970 3452 1040 Apud
3478 967 3766 1036 huiusmodi

2202 1080 2563 1139 praeceptores
2590 1086 2801 1139 semper
2822 1069 3017 1124 divites
3046 1070 3382 1133 innocentes,
3405 1078 3617 1133 semper
3640 1075 3767 1131 pall-

2203 1176 2363 1229 peres
2392 1162 2687 1216 criminosi.
2719 1160 2999 1226 Quomodo
3030 1174 3231 1229 pauper
3262 1156 3525 1212 satisfacit
3560 1169 3655 1223 pro
3681 1151 3769 1203 de-

2206 1251 2355 1317 licto,
2384 1236 2474 1320 qui
2506 1269 2610 1305 non
2642 1253 2802 1306 habet
2827 1250 2972 1321 quod
2998 1250 3189 1305 oll‘erat
3215 1264 3313 1319 pro
3341 1246 3601 1317 peccato?

1894 1427 2235 1488 HOMILIA
2282 1431 2408 1491 CV.

1547 1529 1759 1601 Incipit,
1780 1530 1915 1600 quod
1936 1546 2037 1582 non
2070 1530 2251 1583 debent
2277 1532 2452 1586 clerici
2475 1534 2749 1603 negotiari.

1943 1616 2331 1673 ADMONITIO.

594 1712 717 1765 Visa
747 1708 842 1763 fuit
864 1709 1170 1764 Mabillonio
1197 1709 1314 1764 haec
1350 1708 1567 1763 homilia
1608 1707 1657 1760 ei
1705 1720 1840 1760 nexa
1877 1719 2037 1826 quam
2076 1721 2237 1775 supra
2266 1708 2529 1763 edidimus
2556 1726 2608 1761 n.
2642 1708 2767 1763 Cll:
2802 1708 2877 1763 De
2906 1725 2965 1762 eo
3007 1708 3144 1776 quod
3172 1707 3419 1774 scriptum
3447 1713 3524 1757 est
3562 1704 3613 1755 in
3642 1702 3783 1757 Isaia

594 1798 638 1826 η-
672 1797 685 1826 l
720 1798 732 1826 ι
758 1778 1027 1826 Caunones
1058 1779 1129 1826 tui
1148 1780 1363 1826 miscent
1389 1794 1574 1826 auitam
1594 1778 1728 1826 uino.
1761 1774 1851 1826 ubi
1919 1790 1948 1826 e
1970 1776 2269 1826 ministerio
2299 1778 2485 1826 altaris
2528 1780 2638 1826 agit
2677 1778 2734 1826 S-
2770 1779 3050 1826 Maximus-
3078 1776 3345 1826 docclaue
3373 1780 3635 1826 antestum
3662 1788 3782 1826 esse

523 1798 638 1849 cap.
672 1797 687 1833 ι
720 1778 1027 1849 :_Caupones
1058 1779 1363 1849 tuimiscent
1389 1794 1574 1849 aquam
1594 1778 1728 1849 uino,
1761 1774 1851 1827 ubi

1919 1790 1948 1827 e
1970 1776 2269 1853 ministerio
2299 1778 2492 1853 altaris
2528 1780 2638 1844 agit
2677 1778 2734 1831 S.
2770 1779 3050 1841 Maximus,
3078 1776 3354 1853 docetque.
3373 1780 3635 1853 quiestum
3662 1788 3782 1853 esse

524 1841 883 1903 sacerdotium
913 1864 1020 1901 non
1045 1846 1369 1910 divitiarum,
1400 1841 1495 1899 sed
1526 1847 1840 1898 animarum.
1865 1842 1998 1895 Cum
2024 1859 2152 1910 ergo
2184 1845 2322 1897 idem
2354 1847 2441 1900 hic
2480 1841 2808 1900 insiauretnr
2836 1853 3232 1911 argumentum,
3257 1841 3559 1911 iisdemque
3586 1841 3786 1911 doctri-

523 1920 606 1972 nis
628 1917 921 1984 negotiatio
940 1917 1209 1971 secularis
1236 1917 1552 1971 clericorum
1581 1914 1915 1984 reprobetur,
1948 1914 2148 1984 nemini
2175 1914 2395 1968 dubium
2441 1930 2559 1969 esse
2588 1923 2767 1983 potest
2801 1910 2928 1982 quin
2965 1914 3142 1967 eidem
3169 1911 3425 1984 Maximo
3457 1910 3675 1984 liomilia
3690 1910 3765 1984 sit

514 1978 885 2041 concedenda.
917 1985 1237 2039 Auctoritati
1266 1986 1476 2052 codicis
1516 1978 2252 2052 Sangallensis,_judieioque
2308 1978 2621 2050 Mabillonii,
2664 1992 2716 2038 et
2765 1978 3027 2037 Gallaudii
3048 2022 3063 2045 ,
3088 1982 3177 2050 qui
3201 1996 3338 2052 eam
3370 1982 3564 2052 iterum
3589 1978 3770 2052 edidit.

523 2056 729 2111 accedit
755 2056 1116 2109 testimonium
1145 2054 1344 2109 codicis
1368 2053 1435 2106 90
1461 2051 1516 2104 S.
1567 2048 1754 2104 Cr’ucis
1804 2050 1855 2101 in
1904 2048 2220 2115 Jerusalem,
2256 2054 2343 2105 ubi
2396 2062 2478 2107 est
2508 2048 2726 2107 homilia
2767 2054 2853 2114 ‘25,
2886 2069 3007 2106 cum

3054 2047 3159 2119 quo
3200 2050 3490 2119 lectionem
3515 2047 3780 2119 Gallaudii

524 2126 870 2187 contulimus,
892 2133 947 2179 et
973 2124 1236 2191 aliquibus
1257 2124 1309 2176 in
1338 2121 1471 2191 locis
1492 2120 1912 2191 emendavimus.
1938 2118 1994 2171 ln
2024 2130 2323 2191 memorato
2344 2123 2536 2177 codice
2563 2121 2618 2175 S.
2649 2121 2997 2191 Crucisillius
3026 2117 3107 2174 est
3136 2121 3349 2191 titulus:
3378 2117 3523 2191 Itcnt
3533 2118 3595 2168 de
3608 2118 3782 2191 eodem

525 2197 781 2253 sequentia
810 2212 826 2257 ;
849 2185 1190 2261 subsequitur
1209 2193 1349 2246 enirn
1376 2190 1650 2243 humilium
1669 2188 1976 2254 inscriptam
2004 2206 2016 2240 :
2052 2187 2129 2241 De
2158 2206 2216 2243 eo
2246 2192 2380 2259 quod
2402 2192 2651 2260 scriptum
2676 2200 2753 2244 est
2784 2208 2795 2242 :
2834 2190 3050 2243 Reddite
3071 2205 3181 2258 qua:
3206 2188 3305 2240 Dei
3332 2197 3451 2239 sunt
3484 2185 3615 2249 Deo,
3644 2196 3689 2239 et
3713 2186 3782 2237 de

526 2264 889 2314 militantibus.

526 2354 915 2406 Aacuusaruu.
944 2381 1015 2393 —-
1045 2349 1349 2404 Sacerdotes
1391 2348 1505 2400 ideo
1553 2353 1769 2415 erogant
1815 2344 2104 2415 mundanas
2137 2350 2183 2409 B
2216 2346 2474 2401 Pecunias
2520 2348 2663 2402 enim
2714 2346 2946 2411 Domini,
2996 2346 3105 2400 hoc
3147 2352 3230 2399 est
3266 2344 3477 2410 eloquia
3501 2340 3789 2395 Salvatoris

596 2423 859 2489 pecunias,
907 2428 963 2471 ut
1009 2428 1230 2489 aeternas
1258 2418 1463 2489 diuitias
1508 2417 1792 2489 acquirunt.
1827 2414 2106 2467 Mercimo-

596 2484 736 2541 nium
763 2484 1017 2557 quoddam
1044 2496 1120 2539 est
1149 2485 1555 2557 Christianitatis
1583 2484 1819 2551 afﬁciam,
1851 2491 1899 2535 et
1947 2499 2105 2552 nego»

597 2561 742 2610 tiatio
772 2555 1016 2628 pretiosa,
1052 2556 1244 2625 {unctio
1272 2555 1615 2607 sacerdotum.

601 2705 1064 2777 Reprehendimus
1092 2711 1218 2759 ante
1243 2705 1382 2758 diem
1429 2703 1850 2770 negotiationem
1884 2702 2109 2757 clericos

526 2805 880 2864 exercentes,
902 2795 1121 2863 etjusta
1152 2809 1246 2848 eos
1280 2792 1678 2861 quodammodo
1718 2792 1985 2845 sententia
2014 2806 2107 2845 ca-

526 2889 833 2956 stigavimus
870 2904 883 2939 :
929 2885 1022 2940 sed
1058 2885 1103 2938 si
1148 2892 1295 2939 recte
1342 2883 1369 2921 b
1398 2882 1827 2949 consideremus,
1875 2872 2109 2935 officium

527 2987 768 3033 nostrum
809 2991 937 3031 vere
975 2975 1249 3043 negotium
1276 2982 1393 3038 est;
1439 2981 1494 3027 et
1526 2972 1729 3027 functio
1765 2966 2109 3027 sacerdotalis

526 3067 803 3123 ministerii
835 3065 1037 3119 functio
1078 3063 1322 3133 quasdam
1357 3071 1440 3117 est
1468 3062 1722 3131 spiritalis
1751 3062 2104 3116 mercimonii.

527 3157 650 3213 Ideo
671 3159 814 3213 enim
842 3165 1059 3210 terrena
1106 3154 1493 3223 impendimus,
1524 3161 1583 3208 ut
1627 3154 1869 3208 coelestia
1913 3168 2107 3208 conse-

526 3263 784 3318 quamur;
808 3247 927 3300 ideo
956 3236 1239 3312 erOgamus
1266 3242 1559 3297 mundanas
1578 3243 1853 3311 pecunias,
1871 3249 1930 3295 ut
1957 3250 2111 3295 reter-

528 3354 625 3391 nas
654 3337 865 3391 divitias
895 3335 1235 3403 acquiramus
1269 3350 1279 3384 :
1308 3332 1429 3385 ideo
1458 3331 1595 3385 fame
1625 3340 1807 3385 nostra
1830 3330 1963 3384 alios
1993 3346 2109 3399 pas-

528 3426 718 3489 cimus,
742 3434 799 3477 ut
839 3439 946 3477 non
980 3434 999 3459 ο
1034 3422 1290 3490 depereat
1327 3421 1579 3475 alimonia
1608 3426 1809 3484 nostra,
1840 3419 1934 3473 sed
1956 3433 2105 3473 cres-

528 3525 629 3568 cat.
656 3513 791 3578 Quid
821 3513 964 3566 enim
993 3510 1093 3563 sibi
1122 3510 1233 3563 vult
1260 3524 1552 3579 pauperum
1601 3524 1697 3577 per
1720 3523 1819 3562 nos
1862 3508 2103 3571 refectio,

514 3603 653 3672 quid
686 3601 948 3670 nudorum
980 3598 1267 3666 protectio,
1291 3598 1415 3664 quid
1437 3606 1833 3651 carccratorum
1848 3596 2103 3661 visitatio,

2214 2440 2429 2508 populis
2457 2439 2726 2505 eroganda
2753 2438 3118 2505 suscepimus;
3146 2436 3213 2490 de
3238 2434 3433 2502 quibus
3472 2433 3693 2500 eloquiis
3722 2431 3791 2485 ad

2209 2530 2356 2583 illum
2386 2538 2627 2582 tenacem
2667 2536 2721 2580 et
2762 2527 3067 2595 imperitum
3096 2523 3379 2578 sacerdotii
3404 2522 3791 2589 negotiatorem

2214 2620 2477 2675 Dominus
2504 2619 2558 2672 in
2588 2617 2873 2684 Evangelio
2902 2617 3031 2670 dicit
3058 2634 3069 2666 :
3104 2616 3260 2668 Serve
3286 2629 3504 2683 nequam
3525 2650 3540 2674 ,
3572 2613 3792 2679 oportuit

2218 2721 2266 2764 te
2285 2711 2555 2780 pecuniam
2578 2725 2743 2761 meam
2765 2708 2891 2760 dare
2910 2708 2976 2759 ad
3000 2720 3228 2759 mensam
3256 2703 3567 2756 numalariis
3582 2739 3598 2763 ,
3634 2711 3681 2753 et
3698 2716 3794 2769 ego

2209 2801 2412 2854 veniens
2443 2814 2556 2850 cum
2578 2798 2747 2849 usuris
2776 2798 3058 2867 exegissem
3085 2810 3199 2847 eam
3243 2790 3466 2862 (Matth.
3507 2792 3667 2859 xxv).
3696 2789 3795 2841 Ar-

2208 2892 2385 2959 guitur
2414 2890 2576 2954 enim,
2608 2903 2705 2942 cur
2732 2895 2997 2956 puecepta
3019 2885 3322 2939 Divinitatis
3350 2883 3453 2940 sibi
3475 2882 3681 2937 credita
3712 2894 3797 2935 re-

2216 2979 2513 3035 servavcrit
2540 2978 2835 3039 reticendo,
2860 2992 2978 3044 quae
3007 2975 3361 3043 multiplicare
3388 2973 3649 3028 debuerat
3670 2986 3797 3041 pne

2207 3066 2459 3123 dicando.
2485 3067 2770 3133 Arguetur,
2796 3067 3029 3133 inquam,
3062 3080 3156 3118 cur
3176 3079 3281 3117 non
3309 3061 3658 3117 seminaverit
3676 3076 3798 3116 ero-

2206 3158 2381 3226 gando
2409 3172 2528 3225 qua;
2554 3157 2725 3226 possit
2765 3166 2967 3209 metere
3001 3152 3337 3223 colligendo;
3368 3153 3507 3207 sicut
3537 3152 3614 3205 ait
3642 3151 3795 3229 Apo-

2206 3250 2377 3305 stolus
2406 3266 2416 3300 :
2444 3246 2570 3310 Quae
2596 3249 2922 3301 seminaverit
2951 3246 3120 3310 homo,
3140 3247 3247 3322 (tax
3272 3255 3325 3297 et
3354 3252 3508 3297 metet
3540 3242 3679 3313 (Cal.
3700 3243 3798 3315 ιιι)⁵

2208 3339 2297 3392 Ait
2323 3338 2464 3391 enim
2512 3336 2814 3391 Dominus:
2856 3336 3074 3389 Veniens
3116 3351 3229 3388 cum
3268 3337 3444 3388 usuris
3486 3336 3795 3404 exegissem.

2206 3428 2449 3497 intellige
2477 3442 2605 3496 ergo
2654 3429 3074 3496 negotiationem
3117 3428 3191 3482 ibi
3219 3442 3359 3489 esse,
3401 3427 3493 3481 ubi
3540 3434 3799 3497 tanquam

2207 3534 2305 3587 pro
2335 3517 2521 3571 fenore
2550 3534 2707 3573 usura
2733 3518 3042 3585 depascitur
3074 3536 3085 3569 :
3133 3518 3223 3571 sed
3266 3534 3375 3571 non
3399 3517 3487 3570 illa
3511 3533 3674 3572 usura
3702 3534 3796 3586 per

2208 3623 2366 3676 quam
2415 3622 2700 3661 avarorum
2751 3617 2959 3661 tuentes
2990 3608 3246 3660 lucrativa
3286 3607 3530 3675 pecunia:
3559 3607 3799 3661 redhibi-

532 3693 632 3747 nisi
657 3693 780 3759 quia
816 3697 1060 3757 sumptus
1088 3688 1177 3756 qui
1218 3689 1271 3741 in
1301 3688 1404 3741 illis
1438 3697 1718 3754 erogatur,
1758 3702 1863 3739 non
1894 3686 2109 3755 impen-
2139 3692 2180 3750 (ζ
2217 3700 2362 3753 tione
2390 3705 2703 3767 pascuntur,
2737 3698 2896 3766 θῶς)
2928 3707 2950 3733 e
2983 3697 3038 3749 in
3083 3712 3189 3764 qua
3227 3704 3605 3749 remuneratur
3628 3695 3797 3751 credi-

528 3783 690 3845 ditur,
740 3779 833 3833 sed
861 3786 1118 3847 augetur;
1150 3776 1174 3813 ἀ
1211 3786 1265 3832 et
1287 3777 1579 3845 negotiatio
1600 3777 1997 3846 quodammodo
2025 3791 2108 3830 ar-

534 3871 679 3935 genti
740 3884 860 3923 cum
913 3867 1141 3936 quadam
1214 3867 1345 3920 lucri
1406 3881 1565 3920 usura
1621 3868 1906 3921 servatur?
1963 3866 2106 3921 The-

531 3975 722 4014 saurus
745 3960 888 4011 enim
912 3957 1128 4027 quidam
1154 3957 1303 4010 diviti
1329 3966 1410 4010 est
1444 3971 1646 4025 pauper
1674 3957 1931 4010 esuriens.
1960 3954 2105 4010 Elec-

529 4063 811 4117 mosynam
867 4047 1009 4102 enim
1054 4045 1235 4099 datam
1279 4061 1386 4100 non
1436 4044 1687 4109 comedit,
1729 4046 1824 4099 sed
1851 4046 2102 4100 custodit.

534 4138 787 4193 Solvatur
815 4138 940 4191 licet
967 4151 1112 4200 caro,
1144 4145 1199 4190 et
1224 4137 1386 4191 homo
1432 4136 1483 4188 in
1511 4136 1784 4204 pulverem
1813 4135 2103 4203 redigatur,

535 4244 671 4295 Opus
701 4234 882 4280 tamen
912 4226 963 4279 in
1002 4239 1068 4279 eo
1104 4233 1343 4279 sanctum
1366 4225 1514 4291 vivit,
1536 4233 1591 4279 et
1610 4233 1906 4293 permanet,
1930 4235 1986 4278 et
2005 4225 2107 4279 erit

537 4316 631 4368 tibi
656 4316 707 4367 in
738 4313 825 4367 die
850 4313 1035 4381 judicii
1065 4313 1214 4367 testis
1242 4312 1495 4379 idoneus,
1526 4314 1615 4379 qui
1644 4313 1743 4367 sibi
1775 4311 1859 4367 est
1882 4313 1952 4367 ad
1980 4328 2103 4382 pas-

531 4417 643 4459 tum
675 4412 926 4473 operator
947 4403 1147 4456 inutilis
1179 4421 1189 4454 :
1225 4404 1293 4456 ita
1320 4412 1376 4456 ut
1399 4404 1507 4457 cito
1536 4405 1582 4457 ei
1613 4404 1679 4458 de
1719 4406 1823 4459 tuis
1861 4406 2109 4460 credatur

532 4496 810 4566 operibus,
840 4510 962 4550 cum
1003 4495 1071 4549 de
1116 4496 1226 4549 suis
1273 4496 1477 4549 actibus
1522 4511 1631 4549 non
1674 4495 1943 4551 credatur.
1974 4497 2108 4552 Vide

531 4600 661 4653 ergo
690 4587 735 4638 si
762 4601 867 4638 non
911 4585 1201 4651 negotiatio
1240 4595 1322 4639 est
1350 4585 1705 4656 eleemosyna.
1739 4586 1923 4642 Amico
1966 4590 2107 4657 quod

530 4675 758 4743 largitus
793 4672 955 4728 fueris
984 4673 1075 4727 tibi
1113 4675 1267 4742 perit,
1322 4676 1491 4729 solum
1522 4676 1616 4730 tibi
1652 4692 1758 4731 non
1787 4680 1925 4747 perit
1961 4696 2109 4734 men-

532 4766 653 4819 dico
675 4763 819 4833 quod
866 4763 1096 4818 dederis.
1130 4764 1186 4816 In
1228 4764 1313 4817 die
1338 4764 1521 4831 judieii
1552 4768 1693 4819 enim
1722 4782 1983 4837 pauperes
2011 4772 2106 4825 tibi

532 4862 791 4922 prosunt,
841 4853 997 4907 amici
1024 4852 1223 4920 filiique
1274 4854 1401 4908 nihil
1456 4865 1698 4924 prosunt.
1761 4856 1840 4911 Illi
1889 4874 2105 4915 causam

530 4952 676 4997 tuam
705 4950 897 5011 agent;
929 4942 1014 4995 isti
1046 4957 1144 4996 nec
1191 4958 1407 4997 causam
1452 4959 1602 4997 suam
1636 4954 1895 5014 poterunt
1922 4948 2107 5004 defen-

2212 3790 2316 3843 tori
2343 3789 2605 3857 debitum,
2636 3803 2736 3842 nec
2764 3788 3000 3841 debitum
3030 3795 3323 3839 evacuatur
3346 3824 3362 3848 ,
3394 3784 3489 3838 sed
3518 3784 3607 3838 illa
3643 3800 3799 3837 usura

2210 3879 2519 3948 deposcitur
2549 3879 2637 3931 ubi
2690 3892 2796 3932 nou
2838 3876 3187 3929 denariorum
3250 3877 3410 3939 ratio,
3443 3875 3540 3929 sed
3587 3890 3796 3929 morum

2212 3967 2554 4022 conversatio
2581 3974 2927 4035 supputatur,
2954 3964 3043 4018 ubi
3066 3980 3169 4019 non
3209 3963 3276 4017 de
3304 3965 3480 4034 capite
3502 3966 3669 4019 sortis
3693 3965 3797 4032 agi-

2214 4065 2329 4121 tur,
2355 4055 2449 4110 sed
2484 4055 2549 4109 de
2588 4055 2764 4124 capite
2792 4054 2981 4107 Salutis
3012 4053 3315 4121 inquiritur.
3344 4051 3630 4107 Debitores
3660 4053 3795 4107 enim

2212 4162 2415 4211 sumus,
2441 4154 2497 4200 et
2525 4145 2741 4199 obnoxii
2769 4144 3066 4197 retinentur
3087 4143 3156 4196 ad
3184 4143 3423 4197 debitum
3441 4184 3457 4207 ,
3486 4159 3592 4198 non
3617 4144 3795 4197 chiro-

2212 4238 2417 4306 grapho
2483 4236 2811 4302 litterarum,
2861 4234 2953 4289 sed
3012 4235 3375 4303 chirographo
3421 4244 3792 4304 peccatorum.

2216 4327 2370 4382 Unde
2417 4334 2471 4381 et
2510 4327 2797 4395 Apostolus
2826 4326 2899 4379 ait
2926 4327 2992 4381 de
3031 4327 3257 4381 Domino
3300 4327 3484 4381 dicens
3516 4345 3529 4378 :
3584 4327 3793 4391 Detens,

2213 4418 2347 4489 quod
2376 4416 2645 4470 adversum
2694 4431 2787 4468 nos
2832 4426 2944 4468 erat
2973 4415 3371 4486 chirographum
3402 4414 3549 4485 (Col.
3583 4416 3645 4483 ιι)
3694 4434 3707 4467 :
3744 4420 3795 4467 et

2212 4509 2436 4576 reliqua.
2461 4505 2627 4574 Hujus
2647 4518 2776 4571 ergo
2798 4504 2963 4558 debiti
2985 4518 3201 4558 usuram
3226 4503 3478 4571 jubemur
3493 4504 3792 4562 exsolvere;

2214 4614 2339 4653 nam
2371 4598 2522 4651 istius
2550 4595 2807 4650 debitoris
2834 4593 3077 4647 meminit
3095 4592 3354 4647 Dominus
3371 4592 3529 4662 350
3544 4592 3597 4643 in
3630 4590 3792 4643 Evan-

2214 4686 2375 4754 gelio,
2407 4684 2590 4738 dicens
2624 4682 2939 4736 tradendum
2961 4682 3102 4734 hunc
3130 4696 3247 4736 esse
3276 4680 3513 4735 cxactori
3532 4721 3547 4746 ,
3579 4682 3790 4733 mitten-

2214 4776 2339 4828 dum
2377 4774 2429 4826 in
2458 4786 2748 4836 carcerem,
2779 4778 2835 4825 et
2878 4786 2984 4825 non
3015 4770 3392 4825 dimittendum
3419 4770 3790 4826 donec'solvat

2218 4866 2561 4921 novissimum
2608 4865 2963 4933 quadrantem
3010 4863 3224 4934 (Matth.
3253 4864 3340 4933 v).
3386 4864 3616 4918 Istorum
3671 4877 3785 4929 ergo

2218 4954 2549 5022 eloquiorum
2582 4962 2636 5008 et
2666 4968 2783 5017 nos,
2818 4953 3011 5008 fratres
3032 4996 3046 5020 ,
3074 4968 3291 5007 usuram
3332 4954 3620 5019 debemus;
3672 4953 3785 5024 quia

529 5034 684 5087 dere.
715 5032 1118 5086 Mercimouium
1148 5033 1289 5085 enim
1319 5033 1587 5100 quoddam
1616 5042 1699 5088 est
1738 5034 2107 5092 Christianita-
2139 5060 2187 5118 ο
2212 5046 2354 5098 enim
2393 5061 2554 5099 usura
2584 5047 2651 5099 ab
2699 5047 2901 5101 utendo
2948 5046 3175 5102 dicitur.
3206 5046 3663 5114 quemadmodum
3700 5058 3785 5099 nos

517 5124 596 5175 sis
620 5122 853 5177 officium
869 5129 926 5176 et
948 5123 1242 5189 negotiatio
1258 5125 1513 5192 pretiosa,
1530 5123 1731 5180 functio
1742 5128 2097 5184 sacerdotum.

599 5318 623 5383 ξι
650 5308 915 5383 l}_alland.,
949 5309 1441 5383 Gratisiacceptstis.

553 5448 563 5458 _
597 5378 625 5415 ιι
658 5378 830 5432 Minus
859 5380 1222 5458 recte_editi_o
1257 5378 1534 5458 _'Gallandii
1580 5393 1636 5458 et
1666 5382 1856 5458 Venet.
1886 5396 2103 5443 senten-

527 5449 656 5500 tiam
687 5456 984 5516 exponunt,
1005 5450 1129 5502 dum
1156 5452 1231 5503 sic
1256 5449 1440 5518 legunt
1469 5471 1480 5504 :
1518 5453 1607 5505 sed
1635 5454 1677 5505 si
1704 5465 1840 5507 recte
1867 5459 2107 5509 conside-

527 5534 704 5595 ramus
730 5518 955 5595 atﬁcium
975 5535 1095 5595 non“
1116 5536 1227 5595 rere
1255 5524 1515 5595 negotium
1556 5530 1653 5585 est,
1686 5525 1775 5575 sed
1798 5528 1992 5595 functio
2018 5544 2104 5579 sa-

530 5586 803 5665 cerdotalis
830 5588 1117 5647 ministerii,
1144 5586 1337 5658 [unctio
1362 5593 1601 5658 autetiam
1624 5601 1699 5645 est
1715 5586 1961 5659 spiritalis
1982 5613 2107 5649 mer-

528 5669 757 5708 ειηιοηιι.

2211 5137 2293 5190 his
2339 5145 2554 5191 utamur
2595 5138 2822 5205 eloquiis
2864 5138 3127 5193 rationem
3176 5137 3353 5192 daturi
3398 5151 3604 5192 sumus.
3680 5135 3783 5189 Non

2292 5332 2315 5360 ε
2358 5322 2638 5378 Editiones
2677 5324 2813 5380 Ven.
2858 5331 2911 5377 et
2938 5322 3206 5389 Gallaud.,
3236 5328 3467 5395 deﬁciat-
3489 5342 3592 5397 pro
3644 5330 3781 5397 ἀρρε-

2216 5402 2347 5443 reat.

2285 5460 2309 5494 ά
2340 5459 2417 5513 Ex
2448 5462 2569 5514 cod.
2602 5461 2670 5513 90
2699 5462 2755 5515 S.
2787 5461 2972 5515 Crucis
2998 5462 3051 5515 in
3081 5462 3209 5525 Jer.,
3232 5462 3495 5517 Gallaudii
3524 5476 3582 5520 et
3604 5468 3777 5521 Venet.

2212 5528 2479 5582 editiones
2500 5529 2865 5583 emendandae.

2247 5676 2263 5717 ι
2289 5607 2311 5632 ο
2342 5597 2668 5721 (Ιοιιὶἰιιιιίιιῐι
2696 5600 2780 5654 hic
2807 5610 2857 5654 et
2885 5600 3081 5654 claram
3113 5614 3280 5653 usura:
3306 5602 3587 5656 notionem
3618 5604 3673 5659 S.
3702 5602 3779 5653 dn-

2268 5681 2456 5721 nrnra:
2496 5678 2566 5720 et.

2214 5678 2328 5718 rtnr
2346 5678 2566 5733 praebet.
