3910 6238
112 363 199 414 ιτη
1508 362 1670 418 HOMI
1679 364 1723 416 Ll

1827 361 1951 417 CVI.
3272 352 3378 418 49's

112 475 520 527 cuilttincassum
550 471 895 540 Evangelium
925 474 1322 541 praedicath
1353 476 1519 540 gratis
1551 475 1690 542 Apo-
1720 481 1761 533 A
1795 475 1952 530 beati
1984 482 2142 528 erunt
2168 473 2234 527 de
2281 473 2584 531 devotione.
2613 484 2702 528 aut
2746 477 2820 530 rei
2847 476 2912 530 dc
2956 479 3376 532 contestatione.

111 562 271 616 stolus
297 562 515 624 clamat,
548 575 655 613 non
702 561 818 614 sine
844 574 1002 614 causa
1028 560 1336 614 sacerdotes
1363 562 1680 629 loquuntur:
1796 561 1872 615 Ex
1886 563 2051 630 plicit.

114 655 162 703 in
204 665 654 718 quorumcunque
681 664 838 703 aures
869 664 970 703 vox
1014 657 1200 702 sancta
1230 651 1571 716 pervenerit,
1597 660 1690 704 aut

1475 747 1816 810 HOMILIA
1862 750 2017 810 CI'I.

1153 846 1230 900 De
1259 850 1440 902 timore
1463 849 1562 903 Dei
1591 861 1640 904 et
1667 853 1983 905 correctione
2014 853 2328 923 linguarum.

1567 941 1963 995 ΑΟΜΟΝΙΤΙΟ.

184 1034 471 1087 Plurimum
501 1046 601 1085 nos
627 1029 825 1084 debere
853 1028 1076 1098 prolbssi
1107 1043 1290 1083 sumus
1318 1028 1372 1082 in
1397 1027 1711 1151 lpraefatione
1739 1030 2100 1084 eruditissimo
2127 1033 2244 1085 viro
2272 1030 2427 1086 Joan.
2475 1031 2725 1100 Baptistae
2753 1032 2959 1087 Branca
2985 1033 3231 1087 biblioth.
3260 1034 3390 1087 Am-

184 1105 368 1151 asiame
399 1100 613 1151 ιιι-εῡεὶἁί
643 1098 950 1151 substituto.
977 1099 1066 1151 qui
1091 1098 1294 1151 nrimus
1323 1113 1393 1151 no
1433 1098 1478 1151 is
1499 1097 1918 1151 huius'homiliaa
1941 1101 2148 1151 coniam
2173 1099 2315 1151 fecit.
2342 1101 2450 1151 Nos
2471 1101 2634 1151 etiam
2664 1101 2943 1151 admonuit
2969 1117 3084 1151 eam
3109 1117 3176 1151 ex
3204 1102 3388 1151 codice

119 1104 368 1156 brosiame
399 1100 613 1170 praesidi
643 1097 950 1170 substituto,
977 1099 1066 1164 qui
1091 1098 1294 1170 primus
1323 1097 1483 1170 nobis
1499 1097 1658 1170 h_ujus
1671 1099 2315 1170 homiliaecopiamfecit.
2332 1101 2450 1163 _Nos
2471 1097 2634 1170 etiam
2664 1101 2943 1156 admonuit
2969 1117 3084 1156 eam
3109 1117 3176 1156 ex
3204 1102 3388 1157 codice

119 1174 285 1226 δίνουιὶ
314 1189 365 1226 χι
394 1166 668 1239 quondam
699 1167 950 1239 Ecclesia;
977 1166 1341 1239 praepositum:
1383 1166 1486 1221 loci
1517 1166 1754 1239 Biascha;
1783 1167 1835 1220 in
1865 1166 2086 1239 ditecési
2123 1168 2506 1223 Mediolanensi
2533 1179 2781 1226 recenter
2810 1186 2838 1223 a
2867 1171 3111 1224 biblioth.
3158 1171 3388 1225 Ambro-

118 1243 256 1294 siana
286 1235 604 1307 comparato
634 1253 664 1290 a
693 1235 1101 1307 seyexscriptam’
1128 1235 1312 1307 luisse,
1341 1251 1500 1307 quam
1529 1237 1713 1290 nullibi
1737 1236 2049 1307 impressam
2075 1237 2296 1307 invenit,
2323 1239 2420 1292 nisi
2444 1240 2495 1291 in
2517 1247 2827 1307 pervetusto
2849 1239 3120 1293 Breviario
3148 1240 3213 1291 ad
3235 1254 3405 1293 usum-

122 1309 362 1362 Ecclesim
389 1304 805 1374 Mediolanensis
832 1320 920 1358 an.
952 1304 1107 1374 M90.
1143 1305 1275 1357 Dum
1303 1319 1433 1357 vero
1461 1306 1745 1359 Florentia:
1769 1304 1824 1358 in
1847 1305 2118 1359 codicibus
2147 1304 2541 1374 Laurentianis,
2563 1316 2618 1361 et
2640 1307 2932 1366 hicRomm
2955 1310 3006 1362 in
3027 1308 3391 1365 celeberrimis

122 1378 493 1446 manuscriptis
515 1375 725 1429 Sanctae
751 1373 938 1446 crucis
968 1374 1020 1426 in
1045 1373 1342 1446 Jerusalem
1372 1375 1711 1446 absconditas
1738 1375 1908 1446 sancti
1933 1374 2157 1446 Maximi
2187 1391 2316 1446 opes
2344 1373 2768 1446 exquireremus,
2798 1377 3025 1431 duorum
3061 1377 3389 1446 praestantis-

121 1449 365 1500 simorum
384 1443 642 1499 codicum
673 1443 976 1496 testimonia
1004 1443 1279 1512 consecuti
1307 1458 1509 1507 sumus,
1541 1443 1735 1512 quibus
1775 1444 1975 1497 codicis
2022 1443 2360 1512 Ambrosiani
2412 1443 2541 1498 lides
2571 1455 2796 1512 augetur
2824 1453 2878 1499 et
2908 1443 3220 1500 illustratur.
3253 1445 3394 1499 Sunt

123 1524 286 1569 autem
316 1515 369 1566 hi
405 1531 417 1564 :
452 1514 626 1581 codex
648 1528 828 1581 οιχχιι
855 1526 976 1581 pag.
1007 1511 1076 1565 69
1105 1519 1337 1581 a_tergo,
1370 1512 1496 1565 olim
1526 1511 1664 1565 mdil.
1696 1513 1829 1566 eccl.
1858 1522 2086 1581 metrop.
2121 1511 2464 1577 Florentium,
2489 1530 2629 1569 nunc
2655 1511 2708 1568 in
2731 1515 3110 1581 Laurentiana,
3138 1523 3193 1568 et
3219 1514 3394 1568 codex

123 1600 170 1661 Ix
191 1599 304 1661 pag:
332 1582 392 1661 51
420 1582 483 1661 SI:
504 1579 772 1661 C_rucis_in
791 1579 1112 1661 Jerusalem.
1137 1579 1245 1661 Sed
1273 1587 1408 1661 quot
1435 1582 1668 1661 codices,
1692 1589 1771 1661 tot
1792 1581 1930 1661 tituli
1959 1579 2574 1661 ad’homjliamnomnino
2601 1583 2817 1661 diversi.
2841 1584 2990 1661 Nam
3010 1579 3394 1661 Ambrosianus

122 1649 378 1708 sic'habet
401 1668 414 1704 .'
441 1650 674 1705 Sabbato
699 1651 752 1719 in
783 1649 1064 1719 traditione
1087 1649 1306 1717 symboli
1336 1649 1552 1719 homilia
1583 1649 1824 1704 Maximi.
1866 1649 2061 1714 Venite,
2093 1651 2209 1719 lilii,
2236 1652 2409 1705 audite
2436 1669 2547 1716 me;
2579 1655 2814 1706 timorem
2838 1652 3048 1708 Domini
3073 1651 3262 1706 docebo
3282 1669 3388 1706 vos.

123 1721 255 1776 Idem
282 1727 366 1774 est
395 1719 594 1789 titulus
616 1719 667 1771 in
697 1718 970 1789 Breviario
997 1718 1398 1789 Mediolanensi.
1432 1717 1620 1789 Codex
1647 1727 1826 1789 autem
1856 1720 1991 1789 eccl.
2023 1717 2251 1789 metrop.
2295 1719 2530 1775 Florent.
2561 1724 2835 1789 prmmisso
2859 1722 3013 1776 Luem
3042 1719 3238 1788 Evang.
3271 1722 3395 1775 loco

123 1805 233 1858 cap.
261 1789 293 1841 6
319 1790 535 1860 ς-Ιὶίπὶζ
563 1787 714 1860 Iesus
749 1786 1016 1860 discipulis
1053 1788 1160 1841 suis
1178 1803 1220 1860 _:_
1241 1785 1822 1860 Estote‘misericordes,
1854 1788 1984 1860 sicut
2005 1786 2182 1860 _Pater
2203 1785 2386 1842 'vester
2426 1785 2717 1844 misericors
2745 1800 2839 1854 est,
2870 1801 2918 1860 et
2947 1791 3160 1860 reliqua.
3193 1785 3395 1860 _Sernto

126 1855 281 1911 sancti
309 1857 536 1911 Maximi
563 1859 789 1925 episcOpi
815 1855 952 1925 unde
974 1873 1153 1924 supra.
1178 1855 1414 1909 Tandem
1437 1856 1608 1910 codex
1628 1855 1840 1910 Sanctae
1860 1856 2046 1911 Crucis
2073 1858 2124 1909 in
2152 1856 2445 1912 Jerusalem
2475 1861 2553 1913 sic
2583 1860 2819 1913 inscribit
2844 1879 2855 1912 :
2878 1855 3065 1914 Sermo
3083 1860 3250 1912 sancti
3277 1859 3396 1912 Ματ-

126 1927 242 1981 ximi
267 1926 499 1995 episcopi
526 1920 796 1996 de'timo're
831 1920 929 1996 Dei
962 1936 1014 1978 et
1025 1920 1350 1996 correctione
1377 1925 1691 1996 linguarum.
1721 1925 1837 1978 Non
1858 1927 2084 1996 primum
2107 1941 2207 1996 nec
2235 1928 2524 1981 secundum
2545 1929 2880 1996 probandum
2899 1928 3141 1987 ducimus
3161 1928 3394 1993 titulum,

96 1999 98 2001 ’
129 1997 246 2064 quia
276 1991 406 2049 nihil
439 1991 682 2063 profecto
711 1994 779 2048 de
806 2010 872 2048 eo
889 1991 1042 2062 ‘quod
1072 1994 1390 2048 annuntiant
1416 1991 1473 2046 in
1500 1994 1723 2064 homilia
1747 1991 2104 2064 contineatur.
2137 1995 2271 2050 Cum
2297 2011 2428 2050 vero
2458 1991 2649 2050 tertius
2681 1997 2862 2051 titulus
2890 1997 3088 2050 indicet
3113 1991 3396 2064 argumené

127 2063 249 2137 tum,
279 2064 425 2131 quod
455 2073 641 2137 orator
661 2072 770 2137 tota
797 2065 848 2116 in
869 2064 1130 2137 concione
1155 2064 1517 2137 prosequitur,
1547 2064 1688 2116 hunc
1714 2063 1949 2137 homilim
1971 2063 2310 2137 prmﬁximus,
2335 2079 2565 2137 eamque
2586 2065 2664 2137 De
2687 2067 2868 2137 timore
2885 2065 2986 2137 _Dei
3006 2076 3056 2118 et
3081 2063 3398 2137 correctione

129 2135 408 2212 linguarum
438 2131 812 2212 appellandam
840 2131 1591 2212 censuimusaDetraditione
1619 2132 1866 2212 symboli,
1897 2133 2040 2212 quod
2067 2133 2292 2212 sabbato
2317 2142 2442 2212 ante
2462 2131 3396 2212 dominicam_Pal_marum.catechu:

130 2191 289 2256 me'nis
317 2202 369 2254 in
399 2191 651 2270 proximo
691 2202 914 2255 sabbato
955 2200 1506 2270 sanctobaptizandis
1554 2191 1881 2262 tradebatur,
1916 2191 2031 2270 'jam
2067 2203 2196 2256 satis
2225 2203 2278 2256 in
2307 2204 2477 2270 prima
2507 2203 2944 2268 hujusce-classis
2972 2204 3189 2257 homilia
3232 2202 3398 2257 locuti

130 2285 328 2335 sumus;
357 2285 528 2338 quare
559 2270 689 2322 nihil
717 2286 748 2323 a
774 2270 928 2323 nobis
956 2270 1044 2324 hic
1070 2270 1370 2324 addendum
1400 2279 1662 2338 superest,
1694 2270 1790 2323 nisi
1824 2271 1992 2339 ipsam
2021 2272 2278 2326 orationis
2306 2273 2540 2342 phrasim
2570 2273 2858 2326 Maximum
2888 2273 3062 2342 palam
3090 2273 3288 2326 facere.

136 2384 513 2438 Ascnlsurnu.
536 2415 607 2424 —
635 2382 709 2434 De
739 2385 920 2436 timore
957 2383 1048 2434 Dei
1082 2398 1240 2451 agens
1274 2381 1536 2452 Maximus
1573 2398 1710 2448 prw-
1743 2384 1786 2442 B
1818 2397 1923 2434 non
1951 2382 2124 2436 solum
2155 2398 2372 2452 corpus,
2395 2384 2489 2438 sed
2508 2384 2741 2437 animam
2766 2384 3011 2437 vulnerat
3029 2382 3395 2435 innocentem.

196 2463 336 2522 cepta
361 2453 608 2522 castigati
647 2452 726 2505 clo
765 2453 836 2503 uii
871 2452 1028 2503 tradit
1071 2468 1135 2503 ea:
1181 2454 1319 2520 regio
1365 2451 1631 2519 prap/teta,
1664 2459 1711 2502 et

197 2531 313 2590 quot
341 2522 485 2575 mala
525 2538 615 2589 per
660 2469 888 2590 nefarios
929 2535 1188 2573 sermones
1231 2529 1585 2590 perpetrentur
1605 2519 1712 2578 elo-

1827 2471 2022 2539 Lingua
2050 2473 2189 2526 mala
2217 2451 2273 2527 et
2305 2472 2602 2526 inconsulta
2631 2471 2968 2526 contumeliis
2997 2468 3022 2506 ά
3052 2469 3281 2539 perculit
3307 2483 3401 2522 cor

1827 2560 2110 2590 Lana—nu...
2155 2570 2202 2590 ,ιι
2227 2577 2323 2590 πυ.-
2344 2571 2528 2590 ,ιηιηηη
2555 2561 2779 2590 ἓηινῖηηηη
2804 2568 3019 2590 ηηηοη-υι
3045 2556 3399 2590 ηο-ηἶηὶηεοιηι

197 2519 313 2591 quot
341 2519 615 2589 mala'per
660 2519 888 2590 nefarios
929 2535 1188 2573 sermones
1231 2519 1585 2590 perpetremur
1605 2519 1712 2578 elo-

197 2592 529 2644 auentissima
552 2590 789 2643 oratione
812 2591 1151 2644 prosequitur.

1827 2519 2022 2539 __--,,__
2050 2519 2189 2526 ___-_
2222 2519 2272 2527 ,,
2306 2519 2602 2526 __________-_
2635 2519 2966 2526 ---η-ηψπ,
3053 2519 3276 2539 τνηην
3314 2519 3353 2522 ,,
3378 2519 3390 2521 ἡ

1827 2560 2132 2638 fraternum,
2152 2570 2323 2630 eLper
2344 2571 2531 2630 pacata
2547 2550 2779 2615 invicem
2804 2568 3021 2630 pectora
3045 2556 3402 2628 perniciosam

196 2607 529 2662 attentissima
552 2607 789 2643 oratione
810 2607 1151 2659 prosequitur.
1820 2607 2132 2662 -ς-ηνυυ---ςτ
2155 2607 2311 2661 ννγςν-
2346 2607 2531 2630 rw"
2623 2607 2779 2660 ν---ςπ
2805 2607 3021 2660 τῖ--ν-ῖ
3046 2607 3072 2628 r
3088 2607 3401 2658 --π---ςνίςτ

1819 2649 1966 2703 litem
1995 2657 2183 2704 socnat.
2216 2649 2420 2715 Lingua
2449 2649 2588 2702 mala
2615 2649 2831 2703 adhibet
2853 2661 3138 2715 imaginem
3162 2652 3404 2701 veritatis

1818 2748 1874 2794 et
1893 2740 2175 2794 veritatem
2193 2738 2485 2793 mendaciis
2506 2737 2804 2791 decolorat.
2836 2735 3038 2804 Lingua
3069 2734 3206 2787 mala
3236 2733 3404 2786 inimi-

1819 2828 1898 2883 cis
1925 2828 2144 2883 auribus
2170 2826 2460 2881 commissa
2507 2826 2608 2880 sibi
2648 2825 2943 2880 amicorum
2978 2824 3158 2893 prodit
3184 2837 3403 2878 arcana.

1821 2918 2024 2986 Lingua
2044 2918 2184 2972 mala
2203 2934 2338 2988 quos
2357 2925 2546 2987 aperto
2569 2918 2765 2971 metuit
2789 2917 3114 2987 compellare
3132 2931 3421 2985 sermone,

1820 3008 2031 3063 occulta
2072 3007 2259 3061 nititur
2301 3007 2698 3062 obtrectatione
2743 3005 2966 3062 fmdare.
3012 3006 3218 3075 Lingua
3246 2995 3408 3062 dece-

1821 3099 2006 3168 ptione
2031 3099 2252 3166 laqueos
2280 3096 2611 3166 simplicibus
2651 3096 2841 3161 nectit,
2873 3097 3142 3151 bonorum
3168 3096 3407 3149 virorum

1822 3190 2138 3256 sanguinem
2161 3188 2313 3256 petit,
2342 3187 2644 3255 potentium
2675 3185 2971 3240 inﬂammat
2989 3186 3218 3248 animos,
3240 3193 3296 3238 et
3318 3185 3409 3238 hu-

1822 3278 2027 3332 milium
2064 3277 2226 3332 corda
2257 3276 2566 3346 perturbat;
2597 3284 2654 3330 et
2682 3284 2935 3345 tanquam
2963 3275 3012 3329 ei
3042 3290 3149 3328 non
3180 3262 3429 3329 subiciat

1820 3370 2050 3424 humana
2077 3367 2426 3437 confundere,
2455 3369 2651 3423 cmlum
2681 3368 2852 3437 ipsum
2881 3368 3228 3438 blasphemiis
3250 3375 3412 3437 atque

1821 3459 2201 3526 indignissimis
2227 3458 2404 3526 pulsat
2425 3458 2653 3527 injuriis,
2684 3470 2744 3512 ut
2771 3460 3324 3530 propheticussermo
3343 3459 3412 3513 dc

1823 3549 1998 3617 impiis
2033 3555 2394 3623 protestetur,
2436 3548 2621 3601 dicens
2671 3565 2683 3600 :
2723 3548 3019 3603 Posuerunt
3053 3551 3108 3602 in
3147 3549 3414 3602 calamos

198 2737 624 2794 Gloriosissimus
643 2739 1046 2808 prophetarum,
1071 2738 1322 2807 idemque
1344 2753 1436 2792 rex
1461 2737 1717 2793 dominici

139 2829 308 2899 φορυιί
329 2831 520 2884 beatus
541 2829 730 2892 David,
751 2828 844 2896 qui
869 2843 1060 2882 omnes
1085 2828 1332 2882 homines
1359 2827 1425 2882 ad
1455 2827 1716 2882 audienda

144 2921 254 2974 vitae
279 2920 604 2988 purgatioris
633 2918 872 2972 instituta
903 2933 1226 2973 concurrere
1251 2918 1488 2985 generali
1517 2917 1717 2972 adhor-

144 2993 335 3066 tatione
377 3011 674 3079 compellit,
716 3010 900 3064 dicens
940 3027 954 3062 :
1004 3009 1204 3072 Venite,
1251 3009 1370 3078 ﬁlii,
1402 3008 1575 3061 audite
1616 3024 1715 3072 me,

146 3102 364 3156 timorem
404 3100 616 3155 Domini
657 3100 846 3155 docebo
872 3117 962 3155 vos
994 3099 1163 3170 (Psal.
1197 3099 1407 3169 χχχιιι).
1448 3099 1587 3153 Vere
1615 3097 1718 3153 do-

144 3191 286 3245 cendi
307 3184 662 3260 peritissimus
689 3189 992 3258 patriarcha
1013 3189 1354 3252 venerabilis,
1383 3188 1498 3256 qui,
1532 3196 1590 3242 ut
1620 3188 1720 3241 hu-

148 3284 307 3337 manis
350 3282 621 3338 mentibus
671 3281 917 3336 timorem
956 3281 1052 3334 Dei
1084 3280 1366 3350 praaceptis
1393 3279 1720 3349 prophetiae

146 3373 469 3428 auctoritatis
497 3373 753 3436 insinuet,
779 3378 1017 3440 paterna:
1037 3369 1334 3425 aﬂ‘ectionis
1352 3367 1720 3423 blandimenta

146 3461 423 3528 prannittit.
455 3459 712 3514 Subditos
737 3470 968 3528 namque
995 3459 1212 3514 ditionis
1239 3474 1349 3513 sum
1376 3459 1511 3512 lilios
1531 3458 1717 3527 appel-

149 3550 233 3616 lat,
257 3561 313 3605 ut
340 3567 435 3606 eos
465 3567 576 3605 non
603 3563 710 3604 tam
741 3560 946 3604 terrore
984 3551 1145 3617 regia:
1191 3550 1474 3619 potestatis
1500 3555 1720 3603 revocet

151 3654 179 3693 λ
204 3644 453 3710 peccatis,
478 3657 641 3710 quam
669 3641 941 3709 diligentis
978 3641 1170 3694 aliectu
1201 3649 1514 3694 cunctorum
1542 3631 1718 3692 s'ensi-
1819 3654 1988 3704 suum,
2016 3647 2065 3690 et
2087 3637 2266 3708 lingua
2290 3654 2469 3692 eorum
2501 3641 2739 3694 transivit
2766 3642 2821 3693 in
2851 3649 2989 3693 terra
3017 3638 3187 3710 (Psal.
3221 3639 3408 3710 Lxxu).

151 3730 242 3786 bus
266 3743 568 3802 promptam
593 3732 731 3786 bene
756 3731 969 3785 vivendi
999 3731 1200 3784 inserat
1223 3729 1576 3784 voluntatem.
1599 3728 1724 3782 Fre-
1749 3726 1794 3789 C
1825 3727 1893 3780 Et
1916 3734 2039 3796 post
2065 3727 2266 3794 omnia,
2298 3727 2651 3793 dilectissimi,
2674 3743 2794 3784 cum
2825 3728 2895 3782 de
2923 3729 3187 3783 universis
3215 3729 3298 3783 his
3326 3731 3415 3783 ha.

150 3830 363 3888 quenter
380 3823 696 3889 euim.quos
722 3836 828 3874 non
851 3820 1072 3889 corrigit
1088 3819 1319 3874 durioris
1338 3818 1719 3887 increpationis
1820 3819 1948 3874 beat
1973 3827 2255 3888 peccatum
2281 3819 2600 3883 remedium,
2636 3836 2736 3891 per
2762 3821 3000 3888 linguam
3028 3820 3221 3873 malam
3250 3829 3304 3875 et
3333 3820 3416 3874 in-

152 3912 417 3979 asperitas,
449 3912 707 3966 saturitas
735 3912 884 3966 verbi
921 3911 1182 3968 mollioris
1213 3909 1472 3965 emendat
1501 3913 1515 3962 ὲ
1546 3908 1720 3964 Timo-
1821 3910 2193 3966 continentem
2237 3918 2510 3981 peccatur,
2549 3912 2693 3982 quod
2739 3912 2945 3966 homini
2982 3909 3171 3980 neque
3209 3912 3263 3965 in
3313 3913 3416 3966 hoc

152 4015 267 4064 rem,
297 4001 486 4071 inquit,
513 3999 725 4054 Domini
746 4001 935 4055 docebo
958 4017 1064 4055 vos.
1092 4000 1260 4055 Docet
1279 4015 1380 4054 nos
1407 4000 1488 4053 vir
1504 4006 1722 4054 sanctus
1823 4003 2020 4058 sacculo
2039 4004 2290 4071 praesenti
2319 4005 2547 4068 laxetur,
2575 4004 2788 4058 dicente
2815 4003 3042 4057 Domino
3076 4020 3089 4055 :
3115 3999 3217 4066 Qui
3245 4011 3418 4055 autem

153 4088 445 4156 religiosum
471 4091 738 4153 timorem,
769 4097 829 4143 ut
855 4103 1096 4143 amorem
1122 4088 1322 4142 terreni
1360 4087 1544 4156 judicii
1571 4094 1723 4157 post-
1823 4091 2252 4162 blasphemaverit
2272 4094 2325 4146 in
2353 4092 2608 4163 Spiritum
2637 4103 2890 4155 sanctum,
2920 4094 3024 4147 nan
3054 4093 3342 4146 remittetur
3368 4093 3431 4167 ei‘

153 4194 420 4249 ponamus.
472 4181 744 4236 Timorem
785 4181 999 4236 Domini
1041 4180 1218 4245 docet,
1260 4180 1353 4248 qui
1397 4195 1612 4249 semper
1639 4188 1726 4235 est
1825 4199 1985 4253 neque
2001 4184 2058 4237 in
2078 4183 2174 4238 hoc
2198 4184 2406 4247 saculo,
2426 4200 2586 4255 neque
2603 4185 2657 4237 in
2681 4187 2853 4255 futuro
2877 4183 3025 4255 (Luc.
3059 4182 3178 4253 xu).
3199 4183 3267 4237 Et
3285 4183 3416 4252 quid

157 4270 410 4335 salutaris,
441 4273 566 4340 quia
604 4287 746 4342 smpe
783 4272 945 4326 timor
971 4272 1205 4326 hominis
1231 4271 1326 4327 Dei
1356 4272 1524 4327 nutrit
1551 4271 1724 4326 oli'en-
1825 4274 2000 4344 plura,
2045 4273 2276 4328 fratres?
2319 4274 2587 4344 Quidquid
2631 4275 2867 4329 humano
2910 4274 3120 4345 pectori
3171 4274 3415 4328 diabolus

154 4371 277 4413 sam.
297 4361 387 4416 Sic
407 4361 520 4430 jam
561 4362 858 4424 videamus.
886 4378 1024 4430 quos
1061 4363 1253 4418 doctor
1291 4365 1535 4432 egregius
1560 4363 1725 4417 divini
1827 4365 2124 4432 iniquitatis
2148 4364 2400 4431 illexerit,
2432 4365 2610 4435 lingua
2637 4365 2778 4419 mala
2807 4365 3098 4420 famulante
3118 4363 3418 4436 perﬁcitur.

155 4449 349 4504 timoris
377 4450 542 4506 faciat
585 4451 804 4519 gradus,
832 4468 996 4522 quam
1036 4469 1148 4508 sua:
1174 4455 1413 4522 regulam
1442 4453 1727 4509 sanctioris
1826 4456 1934 4512 Sed
1961 4457 2028 4511 ad
2056 4457 2479 4533 destructionem
2502 4451 2873 4526 indiciumque
2901 4456 3018 4526 ejus
3050 4458 3310 4512 Dominus
3340 4458 3421 4512 in-

157 4537 372 4595 instituit
391 4542 707 4612 disciplinae.
731 4553 760 4582 ι
785 4543 1013 4600 Prohibe
1035 4545 1265 4617 linguam
1281 4555 1422 4601 tuam
1444 4564 1476 4600 a
1497 4547 1654 4613 malo,
1676 4557 1729 4602 et
1827 4556 2067 4614 vocatur,
2097 4549 2363 4604 clamante
2389 4547 2654 4620 propheta
2688 4567 2701 4602 :
2732 4549 3010 4619 Dispergat
3030 4548 3284 4603 Dominus
3305 4550 3423 4602 uni-

157 4627 282 4682 labia
307 4629 393 4685 tua
420 4649 485 4687 ne
511 4633 788 4704 loquantur
807 4634 1001 4689 dolum.
1033 4635 1305 4693 Perfectus
1325 4639 1587 4708 religiosa
1605 4640 1729 4694 vitm
1827 4656 1972 4694 versa
2021 4639 2163 4693 labia
2209 4639 2417 4704 dolosa,
2456 4649 2506 4693 et
2552 4639 2787 4710 linguam
2826 4641 2987 4711 352
3033 4640 3422 4711 magniloquam

157 4722 396 4791 magister
422 4725 657 4794 linguam
689 4741 796 4795 pra:
820 4728 1069 4782 omnibus
1096 4728 1332 4785 refrenet
1360 4745 1390 4783 a
1412 4731 1588 4801 culpa,
1610 4746 1729 4800 qum
1831 4730 2002 4800 (Psal.
2035 4731 2131 4799 χι).
2163 4730 2232 4784 Et
2269 4731 2398 4786 alibi
2431 4731 2669 4802 quidem,
2697 4731 2893 4785 Perdes
2924 4748 3010 4784 eos
3038 4733 3124 4802 qui
3149 4732 3422 4802 loquuntur

159 4809 220 4863 ab
243 4813 458 4869 exordio
500 4816 686 4869 mundi
732 4816 875 4886 apud
904 4819 1210 4887 paradisum
1248 4820 1344 4878 Dei
1382 4822 1436 4875 in
1477 4832 1729 4892 serpente
1829 4821 2173 4875 mendacium.
2218 4820 2449 4891 Propter
2485 4822 2603 4876 lucc
2638 4822 2877 4876 cavenda
2906 4822 3046 4875 mala
3081 4829 3138 4876 et
3174 4822 3423 4890 fugienda

161 4901 316 4967 prima
354 4907 616 4974 peccavit.
660 4906 792 4961 Nam
839 4909 1086 4976 malignae
1122 4910 1313 4978 lingua
1348 4910 1448 4965 fuit
1489 4914 1731 4969 ministe-

164 4987 309 5060 rium,
334 5000 393 5047 ut
409 4993 730 5049 suaderetnr
749 4996 876 5050 Δάαι
902 4999 954 5052 in
977 5000 1200 5055 exitium
1225 5005 1438 5070 generis
1466 5006 1547 5064 sui
1574 5007 1733 5062 inter—

1830 4913 2024 4966 beatus
2052 4911 2218 4965 David
2245 4926 2678 4980 unumquemque
2712 4920 2955 4965 nostrum
2994 4921 3312 4980 praemonet,
3345 4911 3428 4965 di-

1831 5017 1961 5056 cens
1994 5018 2006 5052 :
2039 4999 2232 5055 Cohibe
2272 5001 2502 5071 linguam
2537 5009 2678 5053 tuam
2716 5017 2749 5053 α
2787 5001 2944 5068 malo,
2976 5010 3026 5054 et
3068 5000 3211 5054 labia
3238 5011 3326 5053 tua
3360 5017 3424 5054 ne

164 5073 305 5132 dicta:
329 5083 537 5136 arboris
560 5098 720 5152 poma
748 5085 1057 5156 decerpere.
1091 5089 1275 5160 Neque
1300 5095 1440 5147 enim
1483 5096 1535 5149 in
1574 5105 1732 5152 mter-
1760 5081 1809 5140 D
1835 5093 2108 5160 loquantur
2138 5090 2312 5149 dolum
2334 5089 2509 5164 (Psal.
2535 5089 2742 5159 χχχιιι).
2777 5089 2843 5142 Ει
2871 5099 2994 5159 post
3020 5105 3191 5159 pauca
3212 5089 3428 5157 subjun-

166 5180 280 5220 num
307 5170 508 5240 lapsum
532 5172 560 5210 δ
584 5174 741 5244 351
765 5175 1063 5244 impulisset
1089 5180 1308 5249 invidia,
1332 5183 1376 5236 si
1399 5185 1731 5251 prudentiori

168 5259 375 5314 consilio
397 5260 504 5315 Eva
535 5261 770 5329 linguam
793 5279 945 5317 suam
965 5266 1219 5323 cohibere
1242 5269 1498 5325 voluisset
1517 5288 1547 5324 a
1568 5273 1729 5328 malo.

171 5342 354 5414 Lingua
381 5350 540 5418 igitur
562 5352 706 5406 mala
727 5353 965 5408 ministra
993 5355 1194 5421 diaboli
1215 5365 1315 5422 est,
1346 5375 1410 5414 ac
1437 5361 1597 5415 totius
1620 5378 1737 5430 pra-

172 5435 336 5492 vitatis
363 5440 571 5495 ancilla.
605 5439 808 5509 Lingua
845 5444 983 5497 mala
1022 5445 1316 5500 acutissimi
1351 5457 1374 5485 ε
1416 5449 1532 5503 vice
1572 5449 1735 5516 gladii

1839 5183 1951 5249 git:
1983 5181 2194 5251 Inquire
2231 5198 2428 5251 pacem,
2449 5189 2507 5234 et
2549 5190 2758 5251 sequere
2795 5196 2928 5233 eam.
2962 5178 3258 5233 Emendata
3282 5179 3426 5232 enim

1841 5271 2020 5338 lingua
2061 5279 2172 5336 tua,
2208 5280 2368 5338 atque
2395 5271 2464 5325 ab
2493 5270 2638 5326 omni
2675 5269 2970 5338 mahloquii
2998 5267 3161 5322 sorde
3189 5267 3427 5330 detersa,

1843 5377 2022 5416 veram
2043 5370 2407 5429 mternamque
2428 5375 2639 5430 pacem,
2668 5354 2824 5415 idest
2844 5358 3115 5413 Christum
3145 5358 3428 5412 Dominum

1843 5459 1897 5503 et
1927 5451 2186 5513 invenies,
2217 5460 2273 5504 et
2298 5452 2553 5519 sequeris.
2601 5451 2771 5505 Nemo
2812 5465 2870 5504 se
2900 5449 3120 5506 seducet
3147 5467 3158 5501 :
3185 5447 3283 5502 nisi
3313 5447 3433 5510 quis

1846 5583 1984 5635 (isset
2003 5582 2216 5635 invidia.

1922 5663 1941 5687 ο
1974 5651 2114 5702 Idem
2145 5652 2264 5705 cod.
2297 5653 2352 5705 S.
2387 5654 2572 5706 L‘rucis
2601 5654 2652 5706 in
2682 5652 2812 5715 Jcr.,
2838 5671 2973 5707 race.

1910 5721 1931 5756 α
1967 5719 2110 5774 Idem
2135 5720 2252 5775 cod.
2281 5722 2336 5777 S.
2371 5720 2556 5778 Crucis
2586 5724 2638 5778 in
2669 5722 2803 5786 Jer.,
2829 5726 3068 5786 percutit.

180 5566 515 5695 mgncogés.
557 5571 747 5626 Crucis
787 5573 836 5625 in
879 5572 1050 5629 Jerus.
1083 5575 1213 5642 legit
1242 5593 1254 5628 :
1288 5574 1476 5632 Cohibe
1512 5581 1742 5652 linguam

243 5704 265 5742 δ
294 5706 446 5762 Idem.
472 5711 591 5765 cod.
621 5710 676 5764 S.
700 5711 882 5764 Crucis
908 5713 956 5763 in
979 5710 1108 5779 Jcr.,
1139 5714 1391 5769 diabolica
1415 5733 1524 5770 cum
1549 5737 1740 5788 propn-
