3910 6238
563 411 658 465 199

1588 410 1644 464 8.
1690 407 1930 464 ΜΔΧΙΜΙ
1966 407 2263 465 EPISCOPI
2304 407 2750 465 TAURINENSIS

3694 411 3796 462 500

554 537 738 588 vagam
762 520 1117 590 lascivamque
1136 521 1370 590 linguam
1391 538 1543 576 suam
1573 522 1795 576 habenis
1815 521 2136 592 disciplinati
2166 529 2212 583 Α
2241 531 2406 593 optat,
2438 540 2504 579 ne
2534 539 2766 593 unquam
2786 523 2836 578 ei
2865 525 3116 591 magister
3143 523 3233 578 ille
3261 523 3522 578 mendacii
3551 538 3611 577 ac
3640 525 3798 577 totius

549 611 730 666 cordis
755 612 1072 677 cohibuerit,
1103 627 1205 667 nec
1240 613 1516 666 hominum
1546 627 1736 681 pacem
1764 614 1962 682 poterit
1987 615 2135 668 inve-

554 716 701 766 nire,
740 717 839 757 nec
881 702 1094 756 Christi.
1151 701 1442 772 Propterea
1477 703 1822 773 venerandus
1872 703 2132 773 propheta

549 790 727 844 sciens
759 792 810 844 in
845 806 952 859 quo
999 791 1173 858 lingua
1205 791 1437 845 hominis
1476 769 1559 847 sit‘
1585 791 1789 846 lubrico
1819 793 2126 858 constituta,

549 889 602 934 et
634 890 890 948 quantum
921 883 1139 950 periculi
1181 883 1342 936 animi
1384 884 1612 949 vitmque
1661 890 1856 936 nostra:
1902 883 2130 937 inconti-

549 960 730 1023 nentis
761 970 960 1036 lingua:
980 971 1146 1039 possit
1176 970 1405 1035 efficere,
1431 971 1597 1024 Deum
1629 985 1781 1024 suum
1805 970 2012 1032 orabat,
2042 971 2125 1024 di-

546 1073 677 1113 cens
709 1077 720 1110 :
754 1059 919 1124 Pons',
957 1059 1197 1122 Domine,
1242 1061 1527 1114 custodiam
1555 1061 1634 1114 ori
1668 1077 1779 1114 meo
1803 1059 1970 1130 (Psal.
2003 1075 2125 1125 ext,

548 1148 605 1216 ‘5)
639 1166 653 1202 :
686 1158 740 1203 et
767 1151 880 1204 θυι»
928 1169 939 1203 :
979 1150 1210 1216 Domine,
1245 1151 1380 1204 labia
1414 1168 1525 1204 mea
1555 1151 1772 1220 aperies,
1805 1159 1850 1203 et
1879 1167 1935 1204 os
1964 1166 2129 1203 meum

548 1241 878 1293 annuntiabit
910 1241 1110 1294 laudent
1142 1253 1278 1294 tuam
1302 1239 1473 1308 (Psal.
1503 1257 1554 1304 ι,
1583 1239 1691 1308 17).
1726 1240 1770 1292 Δ
1800 1240 2024 1295 Domino
2054 1240 2132 1292 vir

549 1327 890 1384 fidelissimus
919 1330 1176 1384 custodiri
1199 1346 1259 1385 os
1283 1347 1438 1383 suum
1468 1339 1628 1398 atque
1656 1331 1849 1399 aperiri
1875 1331 2012 1383 labia
2035 1345 2128 1383 sua

2235 614 2343 667 doli
2373 613 2565 668 artifex
2592 613 2836 668 diabolus
2865 613 3151 682 impietatis
3174 627 3284 666 suae
3309 614 3507 666 inserat
3528 613 3796 666 falsitatcs.

2235 705 2372 759 Vere
2392 706 2482 760 hic
2508 706 2740 773 linguam
2768 721 2917 759 suam
2943 705 3008 758 ab
3037 705 3182 758 omni
3219 705 3418 758 malitia
3447 719 3698 758 coercere
3719 719 3802 772 po-

2234 795 2375 858 terit,
2405 795 2496 864 qui
2524 795 2622 848 sub
2651 793 3050 863 dispensatione
3087 793 3179 846 Dei
3204 802 3260 846 et
3285 794 3430 862 loqui
3461 793 3728 846 desiderat
3753 803 3803 846 et

2233 893 2429 938 tacere.
2462 883 2685 947 idcirco,
2715 883 2923 947 fratres,
2959 883 3302 950 inspicientcs
3335 897 3495 949 quam
3516 883 3804 936 vehemens

2229 975 2492 1027 sententia
2519 973 2704 1027 dolosa
2733 973 2872 1026 labia
2908 981 3142 1035 maneat,
3184 980 3240 1026 et
3281 980 3479 1048 quanta
3509 972 3681 1040 gratia
3711 971 3780 1024 lin

2231 1077 2384 1131 gnam
2406 1063 2704 1132 simplicem
2725 1063 3096 1131 subsequatur,
3121 1075 3334 1115 oremus
3355 1069 3409 1114 et
3431 1075 3529 1114 nos
3547 1075 3672 1114 cum
3694 1075 3807 1128 pro-

2231 1151 2392 1220 pheta
2417 1151 2696 1206 Dominum
2726 1166 2789 1206 ac
2815 1151 2981 1204 Deum
3012 1150 3434 1218 omnipotentem
3461 1157 3519 1202 ut
3543 1148 3807 1203 custodiat

2232 1256 2295 1294 os
2321 1249 2585 1304 nostrum,
2614 1255 2678 1295 ac
2707 1243 2818 1308 ipse
2864 1254 3077 1308 semper
3119 1239 3257 1293 labia
3297 1247 3480 1293 nostra
3520 1238 3806 1307 aperirein

2233 1330 2393 1383 verba
2421 1330 2519 1384 sibi
2545 1329 2801 1398 placitura
2827 1329 3087 1396 dignetur.

1889 1439 2229 1499 HOMILIA
2274 1439 2458 1501 CVII.

863 1538 938 1592 De
966 1556 1023 1592 eo
1051 1540 1186 1610 quod
1217 1542 1459 1607 scriptum
1487 1549 1560 1592 est
1590 1541 1642 1592 in
1671 1540 1805 1609 psat.
1833 1554 1993 1594 cxvut
2027 1556 2038 1589 :
2079 1537 2382 1603 Bonitatem,
2414 1547 2462 1590 et
2486 1537 2834 1608 disciplinam,
2867 1548 2916 1591 et
2945 1539 3208 1594 scientiam
3237 1539 3361 1593 doce
3389 1555 3486 1592 me.

1993 1623 2386 1679 ADMONITIO.

615 1720 669 1790 ln
702 1719 885 1781 iisdem
914 1735 1074 1790 supra
1103 1719 1332 1775 laudatis
1355 1720 1628 1775 codicibus
1655 1719 1898 1790 biblioth.
1931 1717 2337 1790 _l_.aur_entian:e,
2371 1728 2426 1790 et
2453 1717 2511 1773 S.
2539 1717 2724 1790 Cruejs
2759 1719 2812 1790 in
2841 1717 3136 1774 Jerusalem
3177 1719 3509 1790 invenimus,
3527 1717 3690 1790 hujus
3717 1719 3810 1790 bo-

547 1787 726 1851 iniliaa,
748 1803 906 1856 quam
930 1785 1257 1844 Benedictini
1280 1789 1528 1843 monachi
1554 1800 1807 1855 congreg.
1839 1787 1898 1840 S.
1930 1787 2096 1840 Mauri
2128 1788 2178 1839 in
2207 1788 2436 1855 append.
2466 1802 2626 1841 serm.
2658 1786 2714 1841 S.
2741 1789 2963 1855 August.
2997 1804 3142 1842 num.
3175 1785 3264 1856 δεῇ,
3294 1802 3416 1856 pag.
3452 1787 3519 1840 70
3542 1785 3675 1840 edit.
3705 1787 3809 1840 An-

545 1863 722 1932 tuerp.
755 1858 965 1932 incerti,
997 1859 1089 1932 sed
1120 1873 1232 1932 non
1264 1857 1512 1932 ineruditi
1543 1858 1775 1932 auctoris
1803 1857 2005 1932 dixere.
2038 1857 2352 1932 scriptorem
2389 1865 2768 1932 parentemque
2797 1857 3171 1932 S.~Ma‘ximum
3203 1855 3592 1932 Taurinensem
3624 1856 3803 1932 fuisse.

546 1922 782 1993 Uterque
827 1922 1036 1990 codéx,’
1058 1926 1260 1979 scilicet
1290 1924 1413 1990 l72,
1443 1926 1571 1978 olim
1606 1925 1747 1978 tedii.
1791 1925 1922 1978 eccl.
1967 1922 2194 1993 metrop.
2226 1922 2403 1993 Flor;
2427 1937 2546 1993 pag.
2578 1924 2664 1988 70,
2683 1922 2750 1979 ‘et
2777 1941 2832 1979 ιι
2860 1925 2914 1978 8.
2941 1925 3128 1979 Crucis
3156 1923 3532 1993 iniiierusalem

541 1991 830 2063 hanc‘post
859 1994 1247 2063 praecedentem
1275 1993 1548 2047 homiliam
1570 1993 1871 2063 immediate
1893 1991 2195 2060 subjiciunt.
2225 1991 2280 2063 lu
2310 1991 2482 2063 primo
2514 1994 2601 2046 illa
2627 1993 2818 2063 usitata
2843 1994 3133 2062 epigraphe
3161 2011 3173 2045 :
3200 1992 3450 2061 Ejusdem
3473 2010 3544 2063 un

3636 1938 3690 1991 8-
3723 1923 3806 1986 δί.

3631 2009 3805 2061 ἔδρων

543 2059 1020 2142 designaturjdem
1049 2062 1330 2142 animus,
1353 2062 1622 2142 expressis
1649 2062 1824 2142 verbis
1933 2059 2119 2142 priore,
2139 2059 2396 2142 nominat.
2430 2061 2855 2142 Secundus'vero
2880 2059 3168 2142 ettitulum
3196 2059 3253 2142 et
3279 2077 3474 2142 nomen
3501 2060 3558 2114 8.
3586 2059 3806 2142 yaximi

541 2129 758 2200 praefert
790 2150 802 2184 τ
837 2131 1018 2186 Sermo
1052 2131 1110 2185 S.
1145 2131 1366 2183 Maximi
1395 2129 1621 2200 episcopi
1650 2131 1714 2182 de
1753 2129 1999 2196 bonitate,
2027 2129 2302 2198 disciplina
2329 2139 2380 2183 et
2407 2131 2638 2200 sdentia.
2671 2130 2778 2184 Nos
2806 2132 3205 2200 inscriptionem
3227 2131 3458 2200 humili-aa

3585 2130 3717 2182 itam
3744 2131 3806 2180 ab

543 2198 840 2253 editoribus
870 2200 1227 2254 Benedictinis
1255 2197 1531 2252 utonaChis
1560 2197 1893 2258 retinuimus.
1927 2214 2046 2252 cum
2077 2197 2262 2268 revera
2290 2206 2404 2251 tota
2431 2199 2649 2268 bomﬁilia
2688 2200 2758 2252 sit
2795 2197 3065 2268 perlucida
3092 2198 3233 2268 illius
3261 2199 3364 2251 loci
3393 2197 3692 2268 Psalmista:
3719 2213 3806 2268 ex-

541 2268 762 2336 positio,
793 2269 1151 2336 pmclaraque
1179 2268 1394 2322 moralis
1423 2268 1712 2336 disciplina:
1741 2268 2059 2320 documenta
2089 2266 2496 2334 mmplectatur.
2523 2267 2684 2320 Nobis
2710 2266 2870 2320 etiam
2903 2267 3133 2322 occurrit
3158 2269 3272 2321 haec
3291 2268 3478 2320 eadem
3507 2267 3729 2320 bomilia
3759 2267 3805 2317 in

541 2334 661 2406 cod.
689 2334 814 2406 _Vat_.
845 2334 1182 2403 Reginze’85,
1212 2338 1406 2406 nullius
1431 2334 1609 2406 tamen
1643 2337 1895 2403 inscripto
1925 2336 2165 2406 auctoris
2184 2337 2418 2390 nomine.
2447 2335 2754 2404 Lectionem
2783 2352 2942 2404 quam
2971 2337 3284 2391 exhibemus
3312 2336 3620 2406 accepimus
3648 2349 3680 2388 a
3708 2349 3798 2388 co-

540 2403 658 2458 dice
687 2404 1064 2470 Laurentiano,
1094 2414 1148 2460 et
1178 2405 1401 2458 aliorum
1428 2405 1673 2458 codicum
1701 2407 1972 2458 variantes
2000 2403 2308 2470 adjecimus.

539 2515 699 2588 353
743 2516 1129 2588 Aacuuenruu.
1167 2552 1238 2561 —
1267 2517 1485 2588 Copiose
1529 2521 1751 2588 explicat
1790 2519 2055 2572 Maximus
2093 2534 2124 2570 a
2158 2521 2202 2578 B
2229 2517 2491 2585 permittis
2531 2512 2706 2586 perire
2743 2525 3075 2586 peccantem,
3119 2531 3276 2585 quem
3318 2525 3571 2586 potueras
3603 2517 3806 2571 salvarc

612 2587 813 2656 Davide
845 2588 1090 2640 traditum
1129 2590 1314 2640 orandi
1342 2587 1507 2656 Deum
1536 2587 1912 2656 compendium,
1938 2604 2126 2656 nosque

611 2655 844 2708 hortatur
864 2665 917 2708 ut
945 2657 1083 2708 illius
1103 2655 1346 2724 exemplo
1371 2659 1485 2711 rita:
1511 2655 1786 2710 sanctioris
1821 2659 1928 2710 rius
1955 2675 1984 2708 a
2020 2655 2126 2708 Do-

611 2740 661 2776 nt
670 2727 755 2777 ino
777 2725 993 2778 docendi
1015 2741 1297 2794 precemur.

614 2870 756 2924 Inter
802 2880 994 2924 etetcra
1041 2873 1234 2940 quibus
1273 2874 1462 2926 beatus
1513 2873 1677 2926 David
1734 2873 2126 2928 infirmitatibus

541 2969 840 3014 nostrarum
869 2961 1112 3015 medetur
1139 2963 1456 3028 animarum,
1487 2965 1586 3018 sub
1613 2963 1847 3032 quadam
1873 2965 2125 3018 trinitatis

541 3049 722 3119 regula
754 3050 944 3104 orandi
973 3065 1070 3105 nos
1099 3051 1325 3106 formam
1353 3061 1558 3118 tenere,
1586 3063 1840 3123 tanquam
1873 3056 2127 3123 peritissi-

539 3155 659 3193 Inus
697 3141 948 3209 magister
987 3142 1180 3201 erudit,
1213 3143 1395 3196 dicens
1426 3162 1436 3195 :
1472 3143 1781 3208 Bonitalem,
1811 3155 1860 3198 et
1896 3145 2124 3215 discipli-

539 3245 679 3290 nam,
709 3238 755 3281 et
783 3231 1048 3282 scientiam
1089 3232 1214 3283 doce
1248 3249 1329 3284 me
1358 3242 1403 3284 ⁸.
1448 3230 1738 3287 Sollicitius
1778 3235 1976 3302 itaque,
2016 3234 2123 3286 fra-

539 3327 670 3381 tres,
716 3317 969 3371 intendite
1021 3334 1153 3386 quas
1199 3320 1298 3372 sibi
1345 3321 1680 3390 potissimum
1708 3323 1933 3377 virtutes
1962 3323 2122 3377 tribui

538 3420 634 3459 rex
665 3406 1010 3474 propheticus
1031 3408 1366 3477 deprecatur.
1403 3409 1715 3474 Bonitatem,
1746 3413 1934 3481 inquit,
1966 3422 2016 3466 et
2041 3414 2122 3466 di-

540 3495 834 3564 sciplinam,
857 3505 906 3549 et
935 3498 1201 3550 scientiam
1223 3497 1345 3552 doce
1370 3516 1451 3551 me
1478 3499 1524 3551 ι’.
1557 3499 1722 3554 Recte
1748 3502 1896 3555 novit
1919 3503 2116 3567 vivere,

540 3585 630 3654 qui
660 3593 808 3640 recte
838 3587 985 3640 norit
1011 3603 1186 3641 orare.
1215 3588 1333 3642 Non
1373 3590 1513 3642 enim
1553 3591 1707 3660 petiit
1735 3593 2119 3646 mundanarum

539 3678 847 3730 divitiarum
875 3681 1177 3744 thesauros,
1209 3697 1314 3733 non
1357 3695 1517 3747 regna
1557 3680 1799 3746 finitima,
1841 3698 1946 3736 non
1982 3690 2119 3743 tem-

539 3780 671 3833 pora
706 3765 998 3832 prolixiora
1027 3768 1266 3833 vivendi;
1298 3770 1390 3822 sed
1420 3770 1714 3822 bonitatem
1746 3784 1804 3823 se
1829 3769 2009 3823 doceri
2044 3770 2118 3823 si-

2227 2615 2545 2661 eorrectum.
2569 2606 2771 2661 Rursus
2797 2625 2808 2658 :
2833 2607 2875 2660 si
2905 2606 3069 2659 nimio
3089 2605 3379 2675 disciplina:
3398 2607 3582 2672 rigore
3613 2607 3807 2659 nullam

2226 2697 2465 2750 sanantis
2498 2696 2754 2751 bonitatis
2797 2695 3142 2764 prastenderis
3172 2695 3513 2759 medicinam,
3544 2695 3670 2748 dum
3701 2705 3806 2748 ter-

2226 2802 2402 2840 rorem
2436 2796 2582 2840 tuum
2613 2786 2806 2854 refugit
2843 2800 3089 2854 peccans,
3135 2786 3412 2854 peccantis
3436 2784 3804 2853 :egritudinem

2227 2893 2334 2932 non
2371 2878 2602 2932 curabis.
2630 2877 2702 2930 Et
2729 2892 2846 2945 qu:e
2876 2876 3087 2930 tandem
3117 2875 3329 2928 vivendi
3370 2876 3510 2928 ratio
3538 2876 3663 2937 erit,
3693 2888 3809 2941 qn:c

2221 2965 2451 3035 justitia,
2484 2966 2526 3019 si
2559 2973 2649 3018 aut
2678 2964 2902 3018 solutior
2936 2963 3128 3017 lenitas
3154 2963 3547 3017 conniventiam
3579 2962 3808 3030 praebeat

2225 3057 2518 3126 peccatori,
2553 3063 2647 3109 aut
2675 3053 3023 3108 immoderata
3055 3053 3313 3107 severitas
3345 3067 3374 3104 a
3405 3051 3555 3120 lapsu
3587 3067 3696 3104 non
3725 3066 3808 3104 re-

2224 3153 2381 3199 vocet
2407 3145 2842 3213 delinquentem?
2883 3141 2950 3196 Ut
2992 3151 3171 3196 autem
3214 3142 3426 3196 bonitas
3461 3142 3620 3208 hujus
3648 3141 3805 3194 disci-

2225 3233 2486 3302 plinaeque
2507 3233 2869 3299 magisterium
2897 3232 2951 3286 in
2970 3233 3168 3285 nostris
3191 3229 3355 3284 fuisse
3383 3230 3678 3298 majoribus
3696 3231 3807 3298 ple-

2224 3322 2343 3376 nius
2384 3321 2775 3391 perfcctiusqne
2815 3319 2977 3391 355
3020 3319 3305 3381 discamus,
3343 3317 3362 3356 ί
3394 3320 3479 3372 vel
3527 3335 3695 3388 pauca
3741 3320 3804 3374 de

2222 3410 2461 3480 pluribus
2489 3409 2868 3464 venerabiliqu
2893 3407 3109 3463 Patrum
3142 3422 3520 3462 recenseamus
3537 3409 3798 3477 exempla.

2225 3510 2249 3546 κ
2279 3499 2537 3569 lmplebat
2574 3500 2688 3553 sine
2732 3499 2895 3553 dubio
2939 3499 3198 3552 bonitatis
3237 3513 3301 3552 ac
3343 3497 3633 3566 disciplime
3671 3513 3802 3566 opus

2220 3589 2558 3644 beatissimus
2585 3587 2793 3652 Petrus,
2823 3602 2942 3641 cum
2971 3595 3026 3640 et
3055 3593 3304 3654 tanquam
3338 3601 3464 3638 vere
3494 3586 3662 3639 bonus
3690 3601 3799 3639 me—

2222 3679 2371 3736 dicus
2409 3679 2620 3733 oblatos
2666 3678 2765 3732 sibi
2809 3684 3024 3732 curaret
3052 3676 3315 3739 infirmos,
3345 3684 3401 3729 et
3430 3683 3489 3728 ut
3514 3675 3798 3742 disciplina

2222 3770 2457 3825 caelestis
2503 3769 2751 3823 fundator
2786 3768 2930 3836 justa
2986 3769 3199 3836 puniret
3246 3767 3451 3821 ultione
3498 3766 3794 3821 mendaces.

537 3853 649 3906 tnul
691 3864 746 3907 et
771 3853 1107 3922 disciplinam
1136 3857 1400 3924 poposcit.
1433 3857 1651 3912 Bonitas
1671 3859 1810 3912 enim
1838 3858 1962 3913 facit
1982 3874 2122 3913 ama-
2146 3864 2192 3928 ο
2225 3857 2475 3913 Probavit
2521 3859 2770 3912 nimirum
2798 3858 3053 3913 bonitatis
3078 3857 3193 3926 ejus
3221 3859 3446 3925 gratiam
3486 3856 3686 3911 Encas
3711 3858 3796 3912 ille

538 3941 700 3995 bilem
734 3941 1092 4011 disciplinam,
1123 3955 1178 3999 et
1221 3945 1495 4015 disciplina
1536 3947 1698 4002 efficit
1744 3948 2116 4018 ineulpabilem

536 4031 854 4086 bonitatem.
886 4032 994 4088 Nec
1019 4049 1340 4102 quemquam
1374 4036 1540 4092 latere
1594 4048 1725 4106 puto
1749 4040 1874 4107 quia
1911 4042 2118 4097 bonitas

537 4121 656 4174 sine
677 4121 954 4190 disciplina
981 4132 1152 4178 mater
1171 4123 1485 4179 delictorum
1511 4135 1614 4191 est,
1635 4136 1690 4182 et
1709 4128 1982 4197 disciplina
2004 4131 2120 4186 sine

537 4211 778 4266 bonitate
797 4213 964 4267 tristis
984 4213 1228 4282 quasdam
1251 4215 1548 4270 amaritudo
1570 4217 1798 4271 vivendi.
1831 4217 2117 4274 Scientiam

537 4299 699 4352 etiam
728 4303 970 4368 praestari
998 4301 1097 4356 sibi
1127 4303 1328 4371 pariter
1355 4303 1622 4373 implorat,
1643 4315 1701 4358 ut
1719 4308 1928 4361 noverit
1955 4309 2122 4363 scien-

538 4399 623 4440 ter
651 4390 1028 4458 sapienterque
1053 4391 1380 4460 distingucre
1421 4393 1513 4461 qui
1542 4395 1646 4447 sint
1676 4397 1885 4450 termini
1911 4398 2111 4452 bonita-

538 4477 628 4540 tis,
653 4487 708 4530 ct
735 4493 893 4545 quam
931 4479 1122 4533 debeat
1167 4481 1366 4536 habere
1395 4482 1675 4551 disciplina
1701 4500 2024 4554 mensuram,
2055 4505 2122 4544 ne

537 4565 678 4621 forte
704 4575 797 4620 aut
825 4568 1002 4624 nimia:
1027 4571 1356 4626 remissionis
1379 4573 1508 4626 vitio
1532 4584 1554 4610 ο
1580 4574 1843 4642 incognita
1873 4577 2118 4643 findetur,

539 4663 636 4708 aut
661 4655 938 4725 disciplina
968 4658 1152 4714 durior
1180 4660 1292 4728 ipsa
1331 4662 1413 4715 sui
1459 4664 1770 4717 austeritate
1815 4667 2135 4722 erubescat..

539 4744 652 4808 Vis,
686 4746 873 4814 frater,
921 4747 1094 4802 bonus
1141 4764 1257 4803 esse
1306 4751 1586 4818 pcecanti?
1628 4751 1859 4820 Benigne
1903 4756 2118 4823 quidem

537 4834 698 4896 facis;
727 4835 820 4888 sed
849 4847 907 4890 ut
933 4853 1057 4892 vere
1092 4839 1166 4893 sis
1211 4841 1402 4904 bonus,
1427 4840 1452 4876 ά
1483 4843 1714 4910 rigorem
1742 4845 1790 4899 ei
1816 4847 2007 4901 adhibe
2035 4847 2118 4901 di—

539 4923 794 4992 sciplimc,
845 4935 901 4979 ut
942 4935 1029 4980 tua
1070 4928 1143 4980 illi
1187 4939 1210 4966 ο
1251 4931 1496 4998 proliciat
1535 4931 1748 4987 bonitas
1784 4935 1838 4989 in
1870 4936 2114 5000 salutem,

539 5030 701 5083 quam
723 5018 905 5086 utique
932 5018 976 5072 si
1005 5020 1145 5072 nulla
1169 5023 1468 5076 coercentis
1487 5037 1710 5077 censura
1738 5025 2116 5096 increpationis

2223 3950 2414 4004 debilis
2442 3951 2577 4018 (Act.
2609 3950 2707 4017 Ill),
2737 3950 2828 4017 qui
2870 3948 3092 4003 claudus
3130 3949 3196 4002 ab
3243 3947 3466 4000 infantia
3514 3947 3700 4001 sedens
3745 3948 3793 4000 in

2223 4049 2375 4109 porta
2409 4039 2591 4108 templi
2620 4046 2780 4106 atque
2808 4037 3137 4100 mendicans,
3171 4037 3223 4090 in
3250 4037 3466 4090 nomine
3493 4035 3618 4090 Jesu
3647 4035 3795 4089 Chri-

2225 4132 2312 4196 sti,
2345 4131 2577 4200 apostoli
2605 4130 2842 4183 curantis
2880 4129 3125 4198 imperio,
3156 4129 3432 4197 antiquam
3479 4128 3676 4196 recepit
3707 4143 3788 4180 sa-

2228 4225 2469 4278 nitatem.
2499 4223 2869 4277 Probaverunt
2896 4221 3056 4276 etiam
3092 4220 3382 4288 disciplina:
3405 4218 3520 4287 ejus
3546 4218 3789 4273 severita-

2227 4320 2332 4366 tem
2381 4312 2616 4365 Ananias
2658 4319 2715 4364 et
2763 4310 2987 4378 Saphira
3030 4310 3166 4380 (Act.
3209 4308 3286 4376 v),
3316 4307 3408 4375 qui
3445 4307 3786 4361 distrahentes

2224 4412 2408 4466 agrum
2453 4414 2614 4468 quem
2646 4397 2874 4452 vendere
2913 4412 3069 4452 neuio
3098 4396 3346 4465 cogebat,
3375 4396 3502 4450 dum
3529 4397 3785 4464 quantita-

2224 4497 2329 4542 tem
2353 4489 2506 4557 pretii
2537 4489 2869 4543 mentiuntur
2897 4487 3163 4556 apostolo,
3194 4495 3424 4540 mortem
3450 4486 3549 4540 sibi
3572 4485 3785 4539 falsitate

2223 4580 2446 4635 mercati
2465 4588 2607 4634 sunt.
2632 4578 2748 4644 Quo
2777 4578 2918 4634 facto
2945 4578 3159 4633 edocuit
3182 4577 3594 4645 gloriosissimus
3611 4574 3785 4632 Petrus

2224 4670 2399 4724 inesse
2443 4669 2544 4723 sibi
2584 4669 2877 4723 bonitatem
2908 4682 2971 4722 ac
2998 4667 3353 4736 disciplinam,
3383 4666 3508 4719 dum
3541 4674 3595 4719 et
3621 4680 3781 4720 reme-

2219 4761 2368 4832 dium
2390 4767 2605 4828 prtestat
2630 4757 2858 4822 infirmo,
2880 4766 2935 4812 et
2953 4767 3349 4827 competentem
3376 4757 3538 4811 sumit
3564 4755 3629 4810 de
3647 4771 3781 4809 men-

2219 4849 2438 4902 dacibus
2460 4849 2737 4901 ultionem.
2772 4845 2928 4912 Quod
2957 4861 3080 4900 eum
3117 4853 3265 4900 recte
3297 4855 3582 4914 sancteque
3609 4845 3780 4900 fecisse

2219 4938 2452 4992 ccelcstis
2476 4937 2659 5005 judicii
2688 4951 2980 4990 consensus
3007 4935 3262 4990 ostendit.
3303 4933 3381 4988 De
3419 4934 3650 4988 scientize
3674 4935 3778 5003 ejus

2219 5027 2546 5095 perfectione
2569 5027 2688 5095 quis
2708 5026 2937 5093 ambigat
2970 5025 3062 5093 qui
3095 5024 3367 5078 Christum
3390 5023 3662 5078 Dominum
3683 5027 3776 5078 vivi

542 5106 818 5171 terrueris,
858 5108 1158 5174 perniciosa
1200 5109 1303 5161 erit
1345 5111 1393 5162 ei
1435 5110 1548 5166 ham
1591 5113 1804 5168 bonitas
1849 5122 1958 5183 tua,
1989 5118 2113 5185 quia
2141 5109 2190 5168 l)
2219 5117 2312 5173 Dei
2341 5131 2460 5174 esse
2491 5115 2681 5170 Filium
2709 5117 2776 5169 de
2805 5116 2944 5170 caelo
2971 5114 3070 5170 sibi
3107 5113 3267 5167 Patre
3296 5112 3569 5166 revelante
3593 5128 3775 5181 cogno-

613 5263 639 5293 ⁸
667 5254 724 5309 ln
755 5256 886 5310 edit.
916 5257 1154 5310 Maurina
1181 5259 1418 5312 additum
1447 5269 1528 5313 est
1557 5260 1792 5316 Domine.

614 5324 641 5363 δ
664 5324 719 5395 l_n
750 5326 902 5390 cdit.,
923 5334 984 5381 ut
1003 5342 1182 5395 supra,
1211 5327 1448 5381 Domine.

617 5392 812 5474 ﬁEdit.
845 5396 895 5447 in
924 5392 1150 5514 appet-id.
1171 5392 1429 5460 Mauriu.,
1460 5407 1513 5451 et
1544 5400 1661 5452 cod.
1698 5401 1813 5454 Vat.
1858 5402 1988 5470 Reg.
2022 5403 2112 5470 83,

617 5473 744 5514 mtas
769 5479 980 5514 mconsu
1006 5471 1073 5514 ta.

545 5468 744 5517 bonitas
769 5468 1073 5515 inconsulta.

613 5530 638 5568 ἀ
671 5529 803 5602 god.
837 5532 953 5602 Vat.
987 5532 1138 5598 Reg.,
1163 5535 1385 5602 vigorem
1407 5535 1609 5588 adhibe.

619 5610 644 5638 ε
675 5599 816 5653 Edit.
848 5598 1072 5653 Maurin.
1104 5610 1158 5654 et
1186 5598 1303 5655 cod.
1331 5602 1447 5656 Vat.
1475 5603 1605 5670 Reg.
1635 5607 1719 5670 33,
1743 5617 1796 5660 ut
1823 5619 1906 5661 tua
1925 5609 2002 5662 illi
2026 5609 2115 5663 bo-

545 5671 680 5747 nitas
710 5670 944 5737 proﬁciat
972 5671 1041 5747 ad
1067 5672 1303 5747 salutem,
1333 5689 1477 5741 quem
1505 5676 1675 5747 utique
1712 5677 1754 5729 si
1794 5680 1934 5731 nulla
1972 5695 2111 5732 coer-

547 5740 704 5791 centis
733 5753 960 5792 censura:
987 5740 1615 5807 increpationeterrueris.

2299 5265 2316 5302 τ
2349 5264 2489 5318 Edit.
2516 5263 2742 5318 Maurin.
2771 5263 2969 5318 omittit
2992 5262 3088 5314 uel.

2293 5345 2316 5380 κ
2349 5333 2489 5387 Edit.
2521 5333 2747 5387 Maurin.
2773 5331 2964 5387 et‘cod.
2995 5330 3116 5383 Vat.
3149 5327 3279 5394 Reg.
3312 5326 3400 5389 8'5,
3433 5325 3659 5394 Implevit
3677 5333 3776 5385 sine

2219 5404 2371 5457 dubio
2397 5403 2638 5456 bonitatis
2663 5419 2725 5456 ac
2756 5403 3042 5470 disciplina
3058 5400 3220 5470 istius
3250 5399 3471 5470 formam
3495 5396 3662 5450 beatus
3685 5398 3773 5454 Pe-

2220 5484 2345 5529 trus.
2380 5488 2490 5525 cum
2520 5473 2650 5523 sicut
2687 5488 2801 5524 uere
2829 5464 2987 5524 bonus
3015 5468 3212 5522 oblatos
3237 5464 3334 5518 sibi
3371 5464 3557 5517 dicitur
3592 5482 3775 5522 curasse

2217 5544 2266 5595 in
2275 5544 2484 5611 ﬁrmos;
2506 5551 2554 5593 et
2580 5551 2635 5611 ut
2659 5541 2944 5611 discipliniz
2963 5537 3181 5611 caelestis
3199 5543 3428 5611 amator.
3444 5535 3588 5611 justo
3605 5535 3775 5611 ultione

2217 5601 2425 5680 punisse
2462 5601 2732 5662 mendaces
2739 5601 3082 5682 ferltibetura
3105 5605 3369 5682 {Viritin
3409 5601 3643 5682 bonitatis
3676 5609 3772 5676 ejus

2219 5671 2438 5749 gratiam
2469 5689 2679 5733 testatur
2708 5671 2780 5731 xE
2787 5695 2908 5732 neas
2936 5678 3022 5732 ille
3048 5675 3246 5743 debitis,
3273 5672 3357 5741 qui
3389 5671 3620 5739 claudus,
3647 5671 3738 5731 etc.
