3910 6238
528 359 633 414 503

1574 355 1629 410 S.
1673 356 1913 411 MAXIM]
1951 355 2253 412 EPISCOPI
2291 352 2737 408 TAURINENSIS

3688 361 3785 414 5M

527 470 687 524 steria
709 510 724 535 ,
772 477 827 522 et
865 469 917 521 in
964 468 1125 523 rebus
1171 466 1465 522 visibilibus
1493 468 1774 526 invisibilia
1799 465 2106 524 exercuisse
2133 475 2186 532 Δ
2210 468 2499 522 naviculam
2517 507 2532 532 ,
2566 479 2616 521 et
2650 470 3018 539 transfretat-it,
3044 480 3094 523 et
3113 473 3243 525 venit
3262 472 3315 526 in
3337 473 3596 527 civitatem
3619 491 3774 528 suam

526 559 764 628 negotia,
796 557 958 613 lectio
979 556 1236 612 hodierna
1258 558 1597 612 monstravit.
1627 558 1887 624 Ascendit,
1912 560 2104 629 inquit,

526 652 583 704 in
622 647 935 713 nauiculam,
977 656 1026 701 et
1066 649 1450 718 transfretavit,
1496 657 1547 701 et
1593 650 1728 702 venit
1764 649 1818 702 in
1851 650 2107 708 civitatem

527 756 695 793 suam.
723 739 910 793 Nonne
937 739 1051 807 ipse
1079 746 1161 791 est
1185 739 1277 806 qui
1298 738 1491 807 fugatis
1519 737 1764 794 fluctibus
1795 741 1955 795 maris
1983 756 2108 810 pro-

526 827 690 882 funda
720 827 945 881 nudavit
969 846 981 878 :
1039 837 1098 881 ut
1121 828 1441 883 lsraeliticus
1462 830 1694 898 populus
1721 830 1862 884 inter
1886 838 2107 901 stupen-

526 928 610 973 tes
639 919 808 973 undas
839 919 983 973 sicco
1006 919 1261 987 vestigio,
1293 920 1382 974 vel
1408 911 1670 975 montium
1713 935 1950 977 concava
1978 937 2105 992 per-

528 1011 784 1069 transiret
816 1008 1010 1081 (Exod.
1043 1010 1195 1080 xxv)?
1223 1011 1412 1066 Nonne
1441 1013 1528 1067 hic
1556 1019 1640 1066 est
1667 1013 1758 1081 qui
1787 1012 1929 1067 Petri
1959 1013 2107 1082 pedi-

508 1089 629 1154 bus
674 1100 910 1154 marinos
961 1101 1191 1155 vertices
1241 1101 1550 1165 inclinavit,
1607 1109 1667 1156 ut
1704 1103 1806 1156 iter
1849 1102 2106 1171 liquidum

525 1191 776 1246 humanis
831 1191 1102 1259 gressibus
1165 1189 1396 1244 solidum
1462 1192 1726 1259 prmberet
1792 1193 2106 1262 obsequium

527 1281 743 1353 (Matth.
774 1281 888 1352 xx)?
926 1280 995 1334 Et
1021 1281 1148 1350 quid
1171 1288 1255 1335 est
1281 1280 1428 1349 quod
1461 1289 1486 1319 α
1514 1282 1616 1336 sibi
1644 1284 1806 1336 maris
1834 1283 1914 1338 sic
1937 1283 2106 1339 dene-

524 1381 616 1440 gat
654 1372 965 1426 servitutem
989 1412 1004 1437 ,
1055 1379 1114 1425 ut
1148 1371 1450 1425 brevissimi
1495 1372 1642 1427 lacus
1679 1375 1962 1429 transitum
2009 1377 2109 1430 sub

523 1463 775 1518 mercede
822 1464 1034 1517 nautica
1081 1462 1475 1517 transfretaret.
1525 1463 1798 1530 Ascendit,
1829 1465 2020 1536 inquit,
2052 1468 2107 1521 in

526 1553 845 1618 nauiculam,
883 1561 933 1606 et
963 1555 1334 1624 transfretavit.
1375 1552 1444 1608 Et
1471 1554 1600 1623 quid
1627 1555 1850 1620 mirum,
1881 1556 2110 1612 fratres?

524 1641 771 1697 Christus
810 1643 959 1697 venit
1005 1643 1277 1712 suscipere
1317 1643 1665 1700 inﬁrmitates
1703 1655 1917 1702 nostras
1940 1689 1957 1715 ,
1997 1646 2025 1686 ιι
2053 1656 2112 1703 et

524 1749 652 1788 suas
673 1733 826 1788 nobis
854 1732 1101 1788 conferre
1127 1734 1387 1798 virtutes;
1416 1735 1648 1790 humana
1675 1751 1934 1806 quaerere,
1966 1755 2106 1808 pra:-

2210 555 2438 611 Creator
2475 571 2653 610 rerum
2691 557 2836 612 orbis
2878 559 3160 627 Dominus,
3190 571 3542 632 posteaquam
3574 581 3631 617 se
3661 581 3783 632 pro-

2208 655 2330 715 pter
2357 661 2456 700 nos
2480 655 2662 703 nostra
2691 647 3014 714 angustiavit
3040 649 3093 702 in
3124 665 3306 718 carne,
3334 652 3499 720 cmpit
3533 662 3558 688 ε
3592 652 3784 706 habere

2208 736 2494 788 humanam
2541 736 2766 805 patriam
2785 777 2802 803 ,
2837 746 3118 805 parentum
3146 742 3384 794 omnium
3427 742 3542 810 ipse
3571 757 3779 810 parens,

2209 832 2269 876 ut
2297 823 2547 878 invitaret
2582 840 2755 890 amor,
2792 828 3088 882 attraheret
3127 829 3353 894 caritas,
3386 830 3632 884 vinceret
3659 830 3782 883 ειπε-

2208 915 2353 979 ctio,
2403 915 2654 970 suaderet
2699 916 3029 982 humanitas,
3069 934 3205 988 quos
3231 921 3442 988 fugarat
3468 921 3784 980 dominatio,

2208 1014 2384 1061 metus
2419 1007 2776 1076 disperserat,
2815 1008 2832 1046 ί
2865 1008 3066 1075 fecerat
3103 1012 3185 1066 vis
3212 1014 3494 1082 potestatis
3521 1023 3784 1066 extorres.

2217 1099 2369 1155 Venit
2388 1102 2442 1155 in
2474 1102 2730 1156 civitatem
2755 1119 2923 1169 suam,
2949 1115 2972 1152 ε
2994 1114 3043 1158 et
3063 1122 3176 1158 ecce
3193 1105 3480 1172 offerebant
3500 1106 3547 1158 ei
3577 1106 3786 1174 paraly-

2209 1193 2366 1245 ticum
2399 1193 2659 1262 jacentem
2702 1194 2755 1246 in
2795 1193 2944 1255 lecto,
2994 1204 3043 1246 et
3080 1196 3380 1263 respiciens,
3415 1193 3612 1262 inquit,
3639 1192 3786 1245 Iesus

2209 1282 2368 1351 ﬁdem
2392 1283 2629 1349 illorum,
2671 1285 2804 1338 dixit
2841 1283 3164 1353 paralytico:
3196 1285 3441 1353 Conﬁde,
3465 1285 3579 1353 ﬁli,
3611 1285 3785 1336 dimit-

2209 1379 2386 1426 tuntur
2415 1372 2504 1426 tibi
2532 1383 2742 1444 peccata
2773 1382 2879 1426 tua.
2913 1373 3078 1427 Audit
3105 1375 3344 1437 veniam,
3377 1382 3431 1428 et
3463 1383 3608 1429 tacet
3633 1389 3786 1442 para-

2208 1459 2528 1531 lyticus,nec
2549 1462 2710 1516 ullam
2727 1460 2750 1497 δ
2768 1463 3060 1530 respondet
3085 1463 3310 1530 gratiam
3325 1502 3342 1527 ,
3372 1463 3496 1531 quia
3518 1463 3644 1532 plus
3666 1477 3785 1516 cor-

2209 1550 2357 1618 poris
2374 1565 2534 1619 quam
2555 1552 2746 1605 anima:
2765 1550 3018 1605 tendebat
3037 1550 3105 1604 ad
3133 1567 3312 1606 curam
3340 1571 3354 1605 :
3387 1561 3443 1606 et
3465 1551 3789 1621 temporales

2208 1655 2400 1711 ptenas
2425 1642 2647 1696 resoluti
2677 1642 2917 1711 corporis
2939 1643 3017 1698 sic
3053 1640 3285 1697 deﬂebat
3302 1682 3317 1707 ,
3341 1652 3403 1697 ut
3419 1653 3652 1698 :eternas
3677 1659 3786 1711 pce-

2211 1743 2309 1783 nas
2368 1731 2714 1785 resolutionis
2770 1732 2960 1785 animae
3006 1747 3112 1786 non
3160 1730 3385 1786 deﬁeret
3431 1751 3444 1784 :
3494 1733 3785 1800 gratiorem

465 1884 468 1887 ,
524 1831 670 1878 stare
695 1823 908 1888 divina;
956 1822 1218 1892 accipere-
1244 1822 1496 1892 injurias,
1535 1825 1762 1881 reddere
1795 1827 2110 1895 dignitates;
2144 1837 2190 1896 B
2223 1818 2236 1857 ί
2265 1820 2364 1875 sibi
2382 1830 2698 1890 praesentem
2720 1822 2881 1876 vitam
2894 1821 3158 1890 judicans,
3173 1838 3282 1876 non
3313 1822 3569 1877 futuram.
3604 1823 3789 1877 Merito

524 1915 667 1970 ferre
696 1915 849 1968 ttedia
867 1954 881 1977 ,
922 1913 1126 1968 referre
1154 1915 1440 1981 sanitates;
1472 1918 1596 1984 quia
1619 1918 1860 1974 medicus
1887 1921 1976 1988 qui
2005 1937 2112 1976 non

524 2005 630 2060 fert
676 2003 1044 2072 inﬁrmitates,
1094 2003 1432 2059 infirmitates
1471 2021 1661 2061 curare
1700 2010 1901 2072 nescit,
1945 2016 2001 2063 et
2023 2010 2114 2079 qui

524 2111 636 2151 non
674 2095 834 2150 fuerit
869 2110 991 2150 cum
1032 2092 1243 2150 infirmo
1273 2093 1603 2166 infirmatus,
1633 2098 1846 2154 infirmo
1876 2115 1982 2154 non
2013 2115 2114 2170 po—

523 2193 634 2241 test
677 2184 924 2240 conferee
966 2185 1289 2240 sanitatem.-
1323 2185 1568 2242 Christus
1613 2203 1776 2258 ergo,
1817 2191 1862 2244 si
1903 2191 1957 2245 in
2004 2191 2116 2245 suis

522 2275 813 2330 mansisset
860 2275 1174 2341 virtutibus,
1225 2291 1508 2332 commune
1543 2293 1666 2332 cum
1706 2279 2012 2334 hominibus
2039 2280 2114 2334 nil

527 2368 784 2434 haberet;
825 2377 877 2422 et
905 2367 1009 2422 nisi
1038 2367 1316 2437 implesset
1343 2370 1522 2424 carnis
1550 2369 1794 2424 ordinem
1816 2412 1830 2433 ,
1861 2371 2038 2426 carnis
2060 2372 2114 2425 in

525 2461 621 2516 illo
645 2469 790 2515 esset
817 2461 991 2515 otiosa
1018 2460 1311 2530 susceptio.
1354 2460 1774 2529 Sustinuitergo
1803 2463 1901 2516 has
1928 2477 2115 2518 neces-

524 2550 718 2604 sitates
739 2589 756 2614 ,
792 2556 853 2603 ut
891 2548 1057 2604 homo
1081 2563 1246 2603 verus
1273 2548 1522 2604 humanis
1541 2550 1954 2605 necessitatibus
1983 2565 2112 2620 pro-

525 2639 763 2693 baretur.
812 2648 834 2676 ο
875 2637 1156 2704 Ascendit,
1203 2638 1400 2706 inquit,
1446 2639 1502 2693 in
1531 2625 1841 2704 naviculam,
1869 2638 2114 2694 Christus

525 2726 780 2801 Ecclesia:
808 2741 918 2782 sua:
938 2741 1153 2794 navem,
1175 2727 1356 2781 saeculi
1385 2726 1577 2783 ﬂuctus
1604 2743 1818 2798 semper
1844 2729 2113 2796 mitigatu-

525 2832 620 2871 rus
648 2816 913 2884 ascendit,
944 2824 1004 2870 ut
1032 2816 1317 2872 credentes
1340 2817 1394 2870 in
1415 2832 1474 2872 se
1499 2817 1566 2872 ad
1586 2818 1859 2873 cmlestem
1886 2820 2112 2888 patriam

527 2907 816 2976 tranquilla
863 2907 1208 2975 navigatione
1255 2907 1543 2976 perducat,
1577 2916 1634 2962 et
1660 2908 1955 2978 municipes
1983 2909 2112 2963 civi-

528 2997 658 3052 tatis
701 3011 812 3052 sute
859 2996 1020 3052 faciat
1072 3012 1209 3065 quos
1257 2998 1605 3053 humanitatis
1670 3013 1780 3053 sua:
1825 2998 1953 3054 fecit
1992 3013 2113 3075 esse

528 3094 828 3144 consortes.
859 3086 977 3142 Non
1007 3100 1137 3155 ergo
1164 3085 1408 3142 Christus
1432 3086 1637 3155 indiget
1664 3089 1806 3152 navi,
1838 3088 1932 3142 sed
1964 3089 2112 3142 navis

2215 1911 2458 1968 Christus
2504 1911 2842 1967 offerentium
2893 1914 3048 1968 fidem
3097 1930 3204 1968 non
3234 1915 3483 1984 respicit,
3515 1925 3571 1968 et
3599 1930 3788 1970 vecor-

2213 2002 2354 2056 diam
2394 2003 2614 2072 respicit
2651 2004 2730 2058 sic
2770 2003 3029 2072 jacentis,
3059 2012 3120 2058 ut
3161 2004 3282 2059 fidei
3323 2006 3512 2059 aliena:
3538 2005 3791 2073 suffragio

2216 2093 2496 2162 paralytici
2535 2094 2710 2146 anima
2743 2103 2868 2147 ante
2908 2103 3189 2149 curaretur
3224 2111 3384 2165 quam
3420 2112 3640 2165 corpus.
3695 2095 3792 2148 Re.

2213 2184 2454 2252 spiciens,
2483 2184 2672 2252 inquit,
2696 2183 2854 2252 ﬁdem
2875 2185 3081 2238 illorum
3103 2187 3156 2249 ;l
3189 2186 3408 2240 cernitis
3437 2187 3489 2239 in
3519 2187 3626 2240 hoc
3653 2186 3790 2251 loco,

2214 2273 2406 2327 fratres
2424 2315 2441 2340 ,
2469 2273 2637 2327 Deum
2669 2289 2775 2326 non
2801 2288 3045 2341 quaerere
3075 2274 3440 2343 insipientium
3468 2274 3787 2335 voluntates,

2213 2378 2320 2416 non
2364 2371 2610 2431 spectare
2658 2364 3016 2430 ignorantium
3066 2363 3223 2418 [idem
3249 2403 3265 2428 ,
3313 2379 3420 2418 non
3462 2365 3791 2420 infirmorum

2212 2451 2374 2506 stulta
2417 2450 2688 2505 desideria
2717 2451 3043 2520 perscrutari
3069 2493 3083 2520 ,
3117 2452 3214 2507 sed
3243 2451 3268 2489 ¹ι
3293 2453 3362 2507 ad
3390 2454 3614 2508 alterius
3639 2453 3791 2508 ﬁdem

2211 2543 2494 2598 subvenire
2511 2581 2526 2604 ,
2557 2542 2702 2610 quod
2730 2557 2827 2612 per
2850 2543 3022 2598 solam
3049 2543 3276 2612 gratiam
3302 2544 3642 2609 conferebat,
3673 2561 3792 2600 cum

2212 2633 2472 2702 quidquid
2501 2633 2694 2688 divina:
2730 2635 3024 2690 voluntatis
3059 2641 3144 2690 est
3192 2651 3301 2690 non
3329 2644 3572 2703 negaret.
3621 2635 3688 2690 Et
3715 2651 3792 2691 re-

2211 2738 2360 2784 vera,
2394 2723 2608 2789 fratres,
2639 2723 2856 2791 quando
2881 2725 3121 2779 medicus
3143 2725 3508 2792 languentium
3538 2735 3635 2780 aut
3659 2741 3794 2794 qna:-

2213 2813 2304 2879 rit,
2337 2819 2428 2866 aut
2456 2813 2678 2881 respicit
2720 2814 3060 2877 voluntates,
3110 2829 3233 2868 cum
3276 2829 3491 2883 semper
3527 2814 3794 2869 contraria

2212 2901 2479 2956 desideret
2527 2910 2583 2956 et
2628 2903 2867 2969 requirat
2906 2900 3175 2968 inﬁmus;
3207 2904 3333 2958 hinc
3369 2904 3618 2972 estquod
3657 2920 3796 2957 nunc

2214 2990 2434 3055 ferrum,
2469 3006 2609 3046 nunc
2637 2992 2812 3059 ignem
2832 3032 2847 3056 ,
2882 3008 3024 3048 nunc
3051 3007 3232 3046 amara
3262 2993 3455 3062 pocula
3486 2995 3712 3060 ingerit,
3745 3001 3796 3047 et

2219 3085 2439 3152 apponit
2474 3084 2687 3151 invitis,
2729 3093 2788 3138 ut
2829 3099 3011 3139 curam
3056 3085 3174 3139 sani
3207 3087 3446 3140 sentiant
3488 3101 3652 3155 quam
3690 3102 3797 3141 non

531 3178 737 3245 indiget
763 3177 1010 3246 Christo,
1058 3178 1183 3246 quia
1221 3178 1337 3232 sine
1376 3178 1582 3232 ccclesti
1609 3179 1998 3245 gubernatione
2020 3193 2115 3232 na—
2144 3180 2186 3241 C
2220 3184 2470 3244 poterant
2497 3177 2698 3231 sentire
2725 3186 3068 3247 mgrotantes.
3091 3178 3159 3233 Et
3189 3180 3234 3234 si
3263 3181 3427 3236 homo
3452 3181 3675 3249 injurias
3699 3181 3796 3236 de-

531 3269 613 3323 vis
642 3266 896 3323 Ecclesiae
931 3280 1030 3335 per
1056 3265 1383 3320 mundanum
1428 3266 1679 3336 pelagus,
1703 3264 1726 3303 ἀ
1751 3266 1845 3319 tali
1883 3274 1939 3320 et
1966 3274 2117 3322 tanto

534 3359 856 3428 discrimine
869 3357 938 3412 ad
962 3357 1238 3413 caelestem
1266 3365 1480 3426 portum
1510 3373 1619 3412 non
1643 3357 1786 3411 valet
1813 3356 2113 3432 pervenire.

533 3447 662 3504 Haec
705 3448 976 3515 diximus,
1023 3445 1248 3511 fratres,
1296 3453 1553 3516 quantum
1598 3445 1665 3500 ad
1713 3444 2118 3514 intelligentiam

534 3539 772 3608 pertinet
817 3537 1189 3606 spiritualem:
1231 3538 1395 3608 358
1430 3552 1616 3590 verum
1657 3553 1800 3592 nunc
1842 3539 2009 3606 ipsius
2036 3538 2120 3592 hi-

535 3619 716 3687 storia:
763 3631 1007 3685 ordinem
1051 3643 1459 3698 prosequamur.
1525 3628 1802 3694 Ascendit,
1833 3624 2033 3698 inquit,
2064 3630 2119 3682 in

608 3776 634 3804 ι
673 3764 808 3820 Cod.
839 3764 1045 3827 Casin.,
1076 3763 1212 3832 quod
1234 3764 1340 3832 ipse
1368 3763 1487 3816 sibi.

609 3836 636 3873 δ
675 3834 812 3889 Cod.
843 3834 1046 3894 Casin.,
1071 3829 1306 3902 conferre
1325 3834 1593 3885 sanitates.
1621 3831 1675 3884 In
1697 3829 1820 3885 cod.
1852 3830 2112 3902 Yat.6451

536 3906 732 3960 desunt
757 3911 804 3957 et
831 3919 922 3956 sua
960 3902 1106 3956 nobis
1146 3900 1381 3970 conferre
1415 3902 1640 3955 remedia
1680 3901 1954 3964 sanitatis;
1996 3900 2118 3970 quia

537 3975 784 4043 medicus,
814 3973 898 4043 qui
927 3973 1175 4043 nonfeft,
1200 3979 1304 4043 etc.

612 4054 635 4082 ⁸³
675 4035 962 4097 ϐοᾶᾞῩειι.
989 4035 1157 4102 6451,
1185 4039 1430 4092 Ascendit
1455 4040 1510 4092 in
1539 4037 1831 4092 nariculam
1860 4035 2117 4100 Christus,

537 4112 788 4168 Ecclesia
826 4125 1006 4164 navem
1030 4149 1044 4172 ,
1087 4108 1262 4161 surculi
1307 4109 1492 4176 ﬂuctus
1529 4124 1731 4176 semper
1768 4108 2116 4177 mitigatur-us.

538 4180 802 4245 Ascendit,
828 4188 884 4232 ut
906 4177 1186 4241 credentes,
1211 4186 1319 4234 etc.
1637 4181 1645 4183 ’

610 4247 639 4316 ἢ
674 4244 819 4303 Idem
842 4248 963 4303 cod.
997 4246 1146 4316 Y_at.,
1179 4263 1268 4315 per
1290 4247 1417 4299 talia
1438 4254 1486 4298 et
1509 4253 1651 4316 tanta
1671 4244 2016 4316 discrimina..

614 4314 639 4357 ά
677 4319 824 4372 Idem
855 4317 975 4371 cod.
1009 4314 1153 4379 Vat.,
1178 4314 1324 4383 capit
1343 4314 1562 4368 civitatis
1579 4314 1815 4367 Judaicte
1841 4329 1951 4367 esse
1978 4316 2120 4376 civis,

538 4397 775 4466 parentes
799 4387 986 4466 habere
1013 4385 1184 4466 saepit,
1217 4393 1495 4466 parentum.
1513 4385 1742 4466 omnium
1769 4383 1881 4465 ipse
1909 4399 2121 4466 parens.

618 4457 638 4496 ί
679 4456 830 4511 Idem
858 4454 982 4511 cod.
1015 4453 1160 4520 vas,
1191 4453 1241 4507 et
1262 4456 1453 4525 fecerat
1466 4455 1556 4525 jus
1577 4453 1864 4523 potestatis,
1897 4459 2003 4507 etc.

2216 3267 2395 3335 spicit,
2409 3267 2689 3322 maledicta
2712 3269 3033 3336 contemnit,
3057 3276 3112 3324 et
3130 3269 3382 3324 sauciatis
3396 3271 3588 3326 morbo
3607 3281 3797 3340 sponte

2217 3357 2382 3423 vitam
2411 3357 2659 3411 conferat
2713 3365 2769 3412 et
2803 3358 3060 3426 salutem;
3115 3368 3320 3430 quanto
3360 3361 3533 3430 magis
3558 3361 3797 3418 Christus

2219 3446 2460 3514 medicus
2486 3447 2728 3501 bonitate
2757 3447 2934 3501 divina
2965 3450 3166 3504 morbis
3207 3451 3418 3505 saucios
3458 3460 3795 3519 peccatorum

2220 3545 2275 3591 et
2294 3538 2542 3606 phrenesi
2581 3539 2863 3591 crimimnn
2894 3539 3229 3605 laborantes,
3271 3541 3340 3595 ad
3380 3541 3608 3597 salutem
3636 3543 3795 3597 etiam

2221 3629 2417 3683 invitos
2445 3629 2669 3682 attrahit
2700 3637 2756 3684 et
2793 3629 3074 3685 nolentes?
3101 3631 3117 3662 ⁸
3147 3628 3192 3684 Ο
3218 3631 3263 3686 si
3293 3631 3553 3696 velimus,
3583 3630 3792 3695 fratres,

2294 3770 2319 3835 β
2357 3761 2522 3835 fidem
2545 3761 2712 3835 codd.
2749 3761 2868 3835 Vat.
2887 3770 2944 3835 et
2971 3762 3174 3825 Casin.,
3214 3773 3265 3835 et
3301 3763 3592 3835 obtulerunt
3618 3767 3664 3835 ei
3694 3783 3790 3835 pa-

2221 3831 2496 3901 ralyticum
2526 3831 2787 3901 jacentem
2824 3833 2877 3884 in
2921 3832 3050 3886 lecto
3069 3871 3083 3897 ,
3114 3844 3162 3886 et
3181 3834 3378 3897 videns,
3410 3834 3599 3904 inquit,
3620 3831 3788 3898 Iesus,

2222 3909 2334 3954 etc.

2292 3969 2318 4043 ι)
2358 3967 2502 4043 idem
2532 3969 2652 4043 cod_.
2676 3968 2823 4043 V_a_t.,
2847 3970 3127 4043 necullam
3158 3971 3429 4040 respondit
3450 3972 3688 4043 gratiam.

2300 4037 2315 4075 ί
2359 4037 2508 4110 Idem
2545 4038 2665 4093 cod.
2712 4037 2833 4090 Vat.
2877 4038 3038 4110 6451,
3069 4056 3222 4110 quam
3245 4037 3506 4110 futuram.
3541 4040 3670 4094 Cod.
3698 4041 3789 4096 Ca-

2225 4107 2351 4180 sin.,
2365 4107 2482 4180 _s_ibi
2509 4117 2811 4180 praesentem
2839 4109 2994 4180 vitam
3007 4107 3227 4180 judicat,
3246 4107 3410 4180 quam,
3426 4111 3668 4180 futuram.

2301 4177 2316 4226 ι
2365 4175 2659 4247 Ιάθιῐιροιι.
2693 4175 2843 4247 Yat.,
2870 4175 3338 4247 digit’paralytico.
3371 4175 3592 4232 cernitis
3619 4180 3672 4232 in
3696 4179 3788 4233 hoc

2226 4246 2357 4311 loco,
2382 4252 2488 4299 etc.
2514 4244 2649 4299 Cod.
2680 4243 2886 4306 Casin.,
2912 4243 3133 4298 Cernitis
3153 4243 3206 4299 in
3237 4247 3372 4300 hunc
3399 4248 3584 4301 locum.

2299 4314 2325 4351 ι
2362 4313 2509 4368 Idem
2534 4313 2658 4369 cod.
2693 4313 2961 4384 Vat.,_se_d
2985 4315 3198 4368 alterius
3217 4315 3340 4384 ﬁdei
3361 4317 3626 4370 subvenire
3642 4327 3687 4369 et
3707 4333 3786 4370 re-

2226 4400 2375 4506 versi,
2426 4384 2644 4455 fratres,
2687 4391 2793 4437 etc.
2836 4382 3061 4451 Reliqua
3102 4382 3463 4453 prtecedentia
3510 4384 3698 4441 desunt
3739 4388 3784 4440 in

2228 4468 2294 4506 co
2336 4466 2438 4506 tce.

2228 4466 2438 4508 conice.

612 4573 631 4603 ⁸
673 4567 718 4623 0
739 4572 784 4624 si
813 4569 1053 4631 velimus,
1088 4569 1279 4638 fratres
1297 4608 1311 4631 ,
1335 4583 1366 4620 ο
1388 4567 1432 4619 si
1458 4567 1670 4638 velimus
1700 4583 1901 4632 omnem
1930 4568 2120 4638 mentis
2153 4571 2189 4628 Β
2223 4567 2472 4621 xiliorum
2506 4565 2827 4638 (cujusmodi
2852 4577 2979 4622 sunt
3003 4568 3387 4624 illustrationes
3404 4571 3616 4635 mentis,
3645 4586 3782 4626 eom-

537 4648 731 4696 nostrae
759 4640 1043 4709 paralysim
1065 4637 1327 4709 pervidere
1344 4676 1364 4709 ,ν
1392 4637 1621 4689 animam
1654 4644 1881 4709 nostram
1913 4637 2116 4689 virtuti-

540 4710 632 4764 bus
652 4706 951 4763 destitutam
980 4708 1160 4777 jacere
1181 4706 1254 4777 in
1280 4708 1519 4777 uitiorum
1547 4707 1724 4759 stratis
1759 4720 2115 4777 certteremus:

537 4781 729 4834 luceret
774 4779 921 4832 nobis
967 4773 1219 4848 quomodo
1268 4773 1531 4848 Christus,
1557 4783 1621 4848 _et
1649 4783 1853 4848 nostras
1893 4774 2120 4848 quotidie

537 4851 727 4904 noxias
748 4849 954 4918 respicit
980 4844 1370 4918 uoluntates,_et
1396 4845 1464 4897 ad
1485 4844 1741 4918 salutaria
1769 4860 1862 4896 nos
1893 4844 2119 4918 remedia

537 4919 792 4991 pertrahit
831 4912 899 4971 'et
931 4924 1169 4991 perurget
1204 4916 1506 4991 invitos._-_——
1526 4912 1662 4978 Quid
1715 4914 1818 4966 hoc
1874 4919 1994 4991 est;
2037 4914 2118 4991 Ad

535 4983 792 5043 salutaria
834 4983 939 5041 nos
969 4983 1198 5039 remedia
1231 4984 1482 5054 perungit
1515 4991 1854 5054 ietjperurget
1888 4983 2120 5054 invitos?

537 5058 758 5125 Scilicet
779 5071 845 5110 eo
873 5051 1245 5125 pertinetque
1280 5053 1369 5125 illa
1403 5051 1655 5125 Ecclesia:
1685 5051 1892 5125 spectat
1921 5052 2114 5125 oratio,

537 5120 926 5196 qua'sacerdos
958 5120 1247 5194 (dominica
1281 5122 1316 5196 εξ
1343 5132 1457 5192 post
1489 5121 1850 5196 Pentecosten)
1894 5135 2008 5173 rem
2036 5120 2116 5173 di-

536 5191 716 5251 vinam
746 5191 980 5250 facturus
1008 5201 1260 5263 precatur
1290 5191 1483 5263 Deum,
1517 5199 1575 5244 ut
1603 5191 1672 5242 ad
1710 5206 1772 5242 se.
1800 5200 2009 5263 nostras
2038 5205 2118 5241 re-

541 5265 693 5320 belles
717 5258 1294 5337 compellat'pmpitius
1323 5262 1649 5324 voluntates;
1698 5275 1803 5312 non
1837 5273 1948 5337 quo
1979 5258 2119 5337 Deus

536 5335 789 5406 praesidio
817 5327 998 5406 gratiae
1020 5327 1148 5397 suae,
1182 5332 1246 5386 iis
1273 5346 1410 5398 quos
1439 5339 1758 5406 convertere
1787 5327 1940 5406 ad_§c
1973 5327 2114 5406 velit,

538 5397 735 5460 inferat
776 5397 1147 5459 nécessitatem
1174 5442 1188 5464 ,
1246 5397 1366 5454 cum
1407 5409 1462 5453 et
1504 5398 1749 5453 Ecclesia
1774 5405 1829 5450 et
1856 5397 2120 5450 Maximus

537 5475 770 5530 doceant
809 5472 1209 5543 prmdicentque
1255 5469 1558 5543 libertatem
1608 5468 1848 5543 arbitrii;
1891 5468 1983 5543 sed
2012 5481 2120 5533 quo

539 5544 683 5598 Deus
712 5535 1079 5597 misericordia
1107 5535 1314 5593 summa
1345 5554 1441 5591 sua
1470 5541 1523 5590 in
1546 5537 1692 5590 nobis
1722 5537 1834 5589 sine
1861 5535 2027 5599 nobis,
2063 5543 2121 5588 ut

537 5613 597 5668 S.
629 5614 954 5682 Augustinus
983 5607 1363 5682 animadvertit
1387 5649 1400 5672 ,
1451 5606 1692 5676 quaedam
1716 5614 1973 5673 operetur
1990 5605 2121 5682 _qui-

537 5683 638 5738 bus
666 5675 826 5737 veluti
867 5680 1096 5736 stimulis
1125 5679 1410 5732 incitemur
1436 5675 1597 5743 atque
1626 5690 1910 5745 urgeamur
1939 5675 2004 5727 ad
2031 5690 2118 5728 re-

540 5763 624 5807 cte
654 5753 935 5821 agendum.
981 5749 1138 5803 lliscc
1167 5749 1424 5810 stimulis,
1473 5760 1589 5813 qua:
1619 5759 1842 5800 numero
1872 5754 1996 5798 sunt
2025 5759 2122 5796 au-

2226 4638 2552 4709 minationes
2584 4645 2926 4709 terroresque
2944 4642 3222 4709 pinnarum
3241 4679 3256 4704 ,
3283 4640 3415 4709 etc.)
3444 4642 3586 4695 inviti
3621 4641 3779 4706 initio,

2227 4722 2326 4779 seu
2350 4722 2457 4779 non
2487 4706 2717 4779 libentes
2742 4706 3023 4779 interdum
3051 4708 3312 4779 sentimus
3334 4706 3539 4763 meveri
3560 4725 3782 4779 nosper-

2229 4775 2478 4846 trahique
2505 4776 2568 4828 ad
2593 4776 3034 4846 resipiscendum.
3069 4776 3201 4830 Nam
3228 4777 3292 4831 iis
3312 4779 3608 4832 resistimus
3636 4775 3780 4846 atque

2227 4845 2584 4916 obluctamur.
2631 4843 2762 4916 Quis
2788 4843 2967 4900 autem
2994 4846 3288 4900 reluctetur
3314 4856 3477 4916 atque
3501 4843 3717 4902 obsistat
3739 4848 3778 4902 ei

2226 4914 2303 4981 rei
2348 4929 2510 4981 quam
2549 4914 2602 4966 in
2643 4930 2702 4968 se
2749 4914 3040 4969 immissam
3086 4916 3286 4969 sentiat
3323 4914 3429 4970 non
3474 4917 3666 4970 invitus
3697 4933 3777 4971 seu

2226 4975 2403 5036 libens.
2457 4984 2632 5051 Atque
2672 4984 2824 5037 inviti
2860 4985 3117 5046 vocabulo
3154 4984 3209 5038 S.
3249 4984 3536 5040 Maximum
3561 5001 3662 5039 non
3689 4986 3776 5042 Ιιοο

2226 5054 2423 5124 minem
2457 5067 2713 5124 pressum
2736 5054 3086 5124 necessitate,
3117 5053 3211 5124 sed
3241 5053 3456 5108 liberum
3481 5055 3772 5124 intelligere,

2225 5123 2316 5188 qui
2346 5130 2523 5193 tamen
2557 5137 2657 5173 non
2696 5121 2855 5193 libens
2884 5130 3038 5191 agat,
3066 5138 3135 5176 ex
3161 5122 3276 5189 ejus
3302 5124 3612 5192 prmfatione
3637 5121 3774 5193 plane

2226 5191 2579 5261 perspicitur,
2608 5206 2766 5258 quam
2808 5192 2859 5244 in
2896 5191 3432 5247 annotationem’col.
3477 5192 3580 5246 564
3606 5191 3773 5261 ι-ἐέεεὶο

2228 5258 2515 5332 mus._Jam
2547 5275 2674 5313 vero
2703 5261 2803 5313 etsi
2834 5262 3144 5332 resistamus
3174 5261 3327 5332 initio
3354 5263 3501 5330 hisce
3531 5258 3772 5332 adiumen-

2229 5328 2324 5390 tis,
2377 5329 2516 5381 Deus
2564 5338 2742 5382 tamen
2793 5330 2994 5382 auxilio
3036 5329 3160 5384 inde
3204 5329 3404 5391 emeaci
3452 5328 3569 5393 suo,
3598 5328 3667 5385 ita
3693 5346 3772 5386 nos

2233 5400 2481 5465 (quorum
2506 5398 2752 5451 misereri
2773 5397 3062 5453 eﬂicaciter
3083 5399 3232 5467 velit)
3255 5401 3462 5454 emollit
3490 5400 3768 5461 obduratos.

2227 5467 2556 5519 reluctantes
2586 5467 2776 5530 sedat,
2809 5469 3044 5535 graviter
3068 5467 3301 5522 ferentes
3330 5470 3522 5532 allicit,
3561 5477 3615 5523 ut
3639 5472 3769 5530 mire,

2227 5535 2387 5588 illaesa
2419 5536 2666 5608 libertate
2689 5544 2889 5608 nostra,
2917 5552 3014 5591 nos
3035 5537 3374 5608 determinet,
3399 5540 3639 5607 viresque
3659 5555 3770 5608 pne-

2222 5613 2328 5674 stet
2374 5606 2566 5674 quibus
2612 5607 2974 5674 nosmetipsos
3019 5622 3124 5659 una
3170 5607 3330 5660 simul
3385 5606 3769 5662 determinémus

2227 5673 2293 5746 ad
2323 5673 2577 5746 salutaria
2601 5674 2836 5746 remedia
2865 5675 3020 5746 nobis
3043 5678 3300 5746 paranda,
3333 5678 3495 5746 atque
3522 5678 3585 5732 ad
3613 5694 3666 5730 se
3702 5694 3769 5731 cs-

2227 5743 2385 5796 ritate
2415 5743 2559 5798 ducti
2589 5744 2889 5811 aspiremus
2913 5743 3133 5812 justitizn
3161 5743 3767 5816 fontemfscrvandzrque
