3910 6238
99 360 195 413 505

1476 361 1754 418 llOMlLlA
1792 365 1922 420 CIX.
3246 380 3347 434 506

3246 402 3348 434 (tU'J

100 477 134 527 si
161 475 382 527 velimus
405 490 623 527 onmem
667 477 859 530 mentis
883 485 1080 534 nostra:
1107 477 1388 547 paralysim
1421 477 1666 546 pervide-
1699 486 1741 543 Α
1773 479 1951 546 aspice
1987 479 2053 532 ad
2079 481 2463 547 cogitationum
2493 493 2703 540 tuarum
2731 487 2965 542 latebras
2995 491 3345 557 pervenisse;

100 580 183 624 rc,
215 565 452 617 animam
497 574 732 618 nostram
772 568 1054 621 virtutibus
1074 567 1383 620 destitutam
1408 565 1588 634 jacere
1615 567 1668 619 in

103 655 347 707 vitiorum
377 655 564 707 stratis
589 669 956 719 cerneremus;
988 656 1186 708 luceret
1222 655 1374 708 nobis
1413 654 1672 724 quemad-

100 744 312 796 modum
357 743 604 798 Christus
644 752 699 797 et
740 753 949 798 nostras
978 745 1218 812 quotidie
1243 745 1431 798 noxias
1460 745 1676 813 respicit

99 835 419 896 voluntates,
451 835 615 905 359
641 844 696 888 et
741 836 805 888 ad
852 836 1106 889 salutaria
1151 851 1251 889 nos
1293 836 1527 890 remedia
1555 852 1674 905 pcr-

97 923 258 976 tmhit
295 932 353 977 et
391 934 645 992 perurgct
682 925 897 978 invitos.
939 923 1085 989 Fili,
1109 925 1312 994 inquit,
1345 927 1675 977 remittuntur

100 1015 185 1066 ubi
210 1024 429 1083 peccata
453 1025 558 1067 tua.
595 1014 716 1068 llmc
738 1015 940 1079 dicens,
961 1014 1088 1068 dum
1118 1029 1176 1068 se
1197 1016 1412 1069 volebat
1427 1015 1673 1082 intelligi,

99 1103 182 1170 qui
213 1119 310 1171 per
339 1104 616 1158 hominem
645 1105 814 1158 oculis
844 1103 1021 1160 adhuc
1041 1104 1243 1158 latebat
1269 1106 1541 1171 humanis;
1566 1106 1674 1159 vir-

101 1193 298 1246 tatibus
327 1194 476 1247 enim
507 1201 560 1247 et
593 1194 756 1260 signis
784 1194 1199 1262 comparabatur
1245 1195 1553 1263 prophetis,
1584 1195 1675 1263 qui

99 1298 190 1350 per
228 1284 412 1352 ipsum
438 1284 674 1338 fecerant
721 1293 778 1338 et
812 1286 910 1353 ipsi
945 1286 1208 1342 virtutes:
1236 1287 1469 1354 peccatis
1495 1294 1676 1340 autem

101 1372 223 1426 dare
262 1373 482 1426 veniam
519 1382 545 1410 ι
579 1375 702 1444 quia
731 1390 896 1443 penes
932 1375 1205 1429 hominem
1244 1391 1351 1429 non
1377 1385 1486 1439 est,
1517 1385 1571 1430 et
1596 1385 1678 1431 est

102 1462 368 1530 singulare
420 1463 644 1518 Deitatis
685 1465 929 1533 insigne,
979 1465 1144 1520 Deum
1181 1466 1330 1520 illum
1370 1467 1678 1535 pectoribus

104 1554 379 1621 ingerebat
431 1555 693 1608 humanis.
764 1555 961 1609 Probat
1009 1557 1112 1610 hoc
1155 1554 1454 1611 Pharis‘eus
1503 1557 1676 1611 livor:

102 1659 218 1698 nam
247 1660 374 1698 cum
398 1645 661 1699 dixisset:
698 1646 1044 1699 "emittuntur
1073 1647 1162 1699 tibi
1189 1656 1400 1715 peccata
1431 1657 1537 1700 tua.
1573 1646 1677 1700 Re-

102 1735 414 1801 sponderunt
440 1735 700 1789 Pharisa’i
722 1753 738 1788 :
773 1736 872 1788 llic
895 1735 1246 1805 blasphemat;
1280 1738 1392 1807 quis
1419 1739 1555 1790 enim
1581 1755 1677 1808 po-

1776 566 2009 634 intcllige
2040 584 2160 622 eum
2191 571 2365 625 cordis
2397 573 2470 626 tui
2501 574 2657 628 tacita
2688 577 2888 630 nudare
2914 579 3078 647 360
3103 579 3347 632 consilia.

1777 657 1978 711 Etcum
1998 660 2235 725 vidisset,
2274 661 2480 729 inquit,
2503 663 2655 718 Jesus
2676 668 3016 736 cogitationes
3035 685 3233 732 eorum,
3263 669 3349 721 di-

1772 749 1850 800 xit
1874 759 1895 786 ο
1925 764 1941 800 :
1970 745 2106 812 Quid
2138 752 2373 820 cogitatis
2409 754 2547 806 mala
2588 755 2641 806 in
2671 755 2909 809 cordibus
2948 759 3165 810 vestris?
3213 755 3350 820 Quid

1773 838 1909 889 enim
1931 847 2005 890 est
2034 839 2237 908 facilius
2275 841 2444 894 dicere
2465 882 2480 906 ,
2526 841 2872 897 Remittuntur
2894 846 2982 898 tibi
3005 857 3212 915 peccata
3241 858 3349 912 tua,

1776 925 1800 964 ά
1832 945 1901 981 an
1946 929 2135 996 dicere,
2161 929 2326 1001 Surge
2351 942 2399 986 et
2426 934 2666 986 ambula?
2693 934 2760 987 Ut
2785 945 2954 990 autem
2981 938 3157 990 sciatis
3176 977 3191 1001 ,
3228 939 3352 1006 quia

1774 1019 1943 1074 Filius
1985 1021 2206 1076 hominis
2251 1023 2398 1076 habet
2439 1034 2741 1095 potestatem
2779 1028 3072 1082 dimittendi
3115 1037 3347 1098 peccata.

1776 1111 1908 1164 dixit
1935 1113 2220 1182 paralytico
2241 1131 2258 1166 :
2283 1113 2450 1186 Surge
2474 1125 2494 1152 ε
2511 1154 2526 1178 ,
2561 1117 2681 1170 tolle
2720 1116 2905 1170 lectum
2927 1127 3068 1170 tuum
3091 1157 3106 1183 ,
3147 1129 3196 1172 et
3216 1119 3351 1172 vade

1777 1201 1830 1254 in
1857 1202 2062 1256 domum
2086 1213 2254 1268 tuam;
2282 1214 2332 1258 et
2357 1207 2581 1259 surrexit
2601 1245 2616 1270 ,
2645 1214 2696 1260 et
2725 1206 2850 1260 abiit
2868 1209 2923 1261 in
2945 1207 3150 1262 domum
3178 1225 3344 1262 suam.

1777 1289 2056 1345 Scrutator
2084 1292 2379 1345 animarum
2402 1294 2658 1362 przevenit
2682 1295 2936 1348 mentium
2965 1296 3194 1363 maligna
3216 1310 3350 1350 con-

1777 1379 1925 1444 silia,
1957 1390 2013 1434 et
2041 1379 2262 1434 Deitatis
2291 1396 2400 1435 sum
2437 1383 2735 1450 potentiam
2784 1383 2964 1452 oneris
3009 1384 3355 1438 attestatione

1784 1469 1803 1508 ί
1834 1472 2190 1538 monstravit,
2230 1472 2356 1526 dum
2397 1472 2641 1542 dissipati
2669 1476 2914 1542 corporis
2939 1477 3176 1529 membra
3206 1491 3354 1528 com-

1780 1561 1952 1629 ponit,
1983 1576 2180 1615 nervos
2208 1563 2455 1629 stringit,
2482 1562 2657 1629 jtuigit
2688 1579 2830 1624 ossa.
2862 1565 3100 1632 complet
3125 1563 3355 1628 viscera,

1784 1649 1962 1704 ﬁrmat
2008 1661 2185 1715 artus,
2217 1660 2272 1706 et
2297 1666 2510 1718 gressus
2537 1653 2602 1705 ad
2633 1668 2846 1706 cursum
2874 1654 3097 1706 suscitat
3145 1655 3197 1706 in
3235 1653 3359 1706 vivo

1785 1751 1808 1787 Β
1836 1740 2099 1795 cadavere
2115 1741 2224 1808 jam
2253 1742 2512 1809 sepultos.
2540 1741 2682 1795 Tolle
2706 1743 2890 1795 lectum
2919 1750 3090 1806 tuum;
3120 1742 3222 1795 hoc
3249 1749 3356 1803 est,

103 1836 194 1879 test
213 1837 428 1895 peccata
452 1829 727 1889 remittere,
753 1829 854 1880 nisi
880 1828 1018 1880 solus
1049 1827 1226 1882 Deus?
1247 1828 1543 1892 Phariszee,
1591 1831 1682 1897 qui
1716 1827 1758 1885 Β
1790 1838 1946 1900 porta
1976 1839 2311 1899 portantem,
2335 1828 2360 1867 δ
2383 1846 2573 1884 omnes
2611 1839 2756 1884 muta
2795 1830 2942 1884 vices
2965 1871 2979 1894 ,
3013 1838 3072 1883 ut
3098 1828 3242 1898 quod
3273 1836 3361 1882 est

104 1918 316 1972 sciendo
367 1919 576 1980 nescis,
624 1916 932 1973 conﬁtendo
961 1931 1150 1984 negas,
1190 1934 1312 1972 cum
1342 1919 1554 1972 testaris
1579 1919 1678 1972 im-

105 2021 302 2074 pugnas
329 2026 342 2059 :
396 2009 443 2061 si
488 2007 625 2062 Deus
671 2015 780 2070 est,
813 2010 905 2076 qui
935 2008 1162 2061 remittit
1184 2017 1433 2077 peccata,
1461 2025 1558 2063 cur
1585 2009 1678 2062 tibi

105 2099 344 2155 Christus
381 2099 528 2154 Deus
553 2116 658 2154 non
689 2107 793 2165 est,
845 2101 936 2170 qui
963 2099 990 2138 ι’
1017 2101 1176 2154 unius
1203 2100 1547 2168 indulgentia:
1573 2115 1682 2154 sua:

107 2206 321 2244 munere
361 2193 529 2244 totius
576 2191 759 2244 mundi
810 2191 1067 2259 probatur
1101 2189 1383 2244 abstulisse
1419 2190 1684 2258 peccata?

108 2277 250 2344 Ecce,
284 2281 478 2348 inquit,
511 2282 686 2352 Agnus
710 2281 826 2345 Dei,
850 2298 966 2334 ecce
986 2283 1072 2351 qui
1093 2281 1227 2334 tollit
1248 2289 1456 2348 peccata
1482 2280 1680 2333 mundi.

110 2367 172 2422 Ut
197 2379 376 2424 autem
401 2373 578 2440 possis
612 2373 818 2440 majora
860 2388 1056 2440 capere
1085 2372 1204 2439 ejus
1237 2373 1531 2428 divinitatis
1561 2373 1683 2426 insi-

106 2460 248 2526 gnia,
294 2461 426 2516 audi
471 2478 591 2516 eum
629 2463 866 2531 pectoris
904 2463 1328 2542 tubpenetrasse
1367 2470 1675 2524 secretum;

1783 1920 2104 1974 inﬁrmitatis
2147 1921 2520 1989 testimonium,
2565 1921 2636 1974 sit
2665 1921 2914 1989 probatio
2954 1919 3203 1973 sanitatis
3230 1959 3245 1983 ,
3299 1928 3359 1972 ut

1786 2013 1956 2067 lectus
2001 2011 2204 2065 doloris
2247 2012 2324 2064 tui
2371 2013 2442 2066 sit
2480 2026 2642 2065 mene
2674 2011 2967 2065 curationis
2996 2009 3271 2075 indicium,
3300 2017 3358 2061 ut

1787 2109 2017 2170 recepta:
2051 2100 2372 2155 fortitudinis
2408 2099 2834 2168 magnitudinem
2861 2099 3116 2169 ponderis
3153 2105 3360 2150 asserat

1791 2193 2119 2260 magnitudo.
2159 2192 2333 2258 Vade,
2367 2193 2558 2261 inquit,
2579 2194 2635 2246 in
2664 2192 2871 2246 domum
2901 2202 3039 2245 tuam
3062 2206 3078 2243 :
3105 2206 3173 2243 ne
3201 2189 3357 2242 Chri-

1790 2284 1963 2337 stiana
1999 2283 2104 2338 ﬁde
2137 2287 2354 2339 curatus
2383 2285 2436 2339 in
2464 2285 2566 2338 viis
2591 2283 2825 2338 Iudaica:
2847 2282 3080 2353 perﬁdiae
3103 2282 3214 2351 jam
3247 2295 3360 2334 mo~

1788 2389 1942 2429 reris.

1462 2553 1800 2614 HOMILIA
1848 2558 2008 2619 CIX.

1438 2649 1518 2704 De
1544 2669 1711 2722 grano
1741 2653 1944 2722 sinapis
1974 2653 2022 2708 1.

1531 2741 1921 2798 ADMONITIO.

172 2833 323 2903 361
365 2832 438 2904 lxi
465 2832 696 2904 alteram
729 2831 973 2904 codicum
1003 2846 1131 2904 mss.
1161 2839 1218 2885 et
1244 2831 1511 2904 editorum
1541 2831 2021 2904 quamdamiveluti
2051 2831 2506 2888 conﬂictationem
2534 2833 2815 2904 incidimus
2842 2833 3173 2904 dehomilia:
3202 2834 3360 2904 hujus

111 2900 336 2956 auctore.
399 2902 585 2955 Fuisse
630 2901 757 2954 olim
807 2900 1100 2970 Augustino
1151 2901 1464 2954 attributam
1505 2914 1572 2952 ex
1615 2901 1913 2969 appendice
1955 2916 2264 2956 sermonum
2304 2904 2420 2970 ejus
2466 2911 2710 2968 constat;
2755 2903 3085 2963 Benedictini
3111 2900 3359 2958 Monachi

108 2985 278 3039 congr.
311 2970 368 3024 S.
403 2969 572 3040 Mauri
610 2969 945 3038 suppositum
976 2985 1114 3040 opus
1136 2970 1438 3040 judicantcs
1470 2969 1520 3020 in
1552 2984 1669 3040 eam
1699 2986 1844 3023 num.
1878 2971 1949 3023 87
1991 2971 2312 3024 retulerunt.
2337 2969 2612 3025 ’Gillotius
2653 2971 3066 3040 Ambrosianum
3091 2987 3209 3025 esse
3237 2989 3385 3040 εον-ο

109 3037 308 3093 nionem
338 3039 569 3094 credidit
591 3077 605 3102 ,
637 3037 692 3092 et
715 3037 788 3091 ’in
823 3054 914 3090 sua
944 3039 1180 3108 editione
1209 3038 1514 3098 Parisiensi,
1547 3037 1616 3092 de
1643 3053 1747 3108 qua
1777 3055 1919 3108 saepe
1953 3040 2282 3094 mentionem
2311 3041 2610 3108 habuimus,
2639 3041 2876 3093 secundo
2905 3039 3024 3092 loco
3049 3040 3355 3101 collocavit,

108 3122 218 3186 cum
245 3110 400 3163 titulo
416 3127 438 3190 ξ
475 3108 551 3160 De
579 3124 741 3178 grano
760 3107 986 3189 sinapis.
1013 3106 1162 3186 .Cum
1191 3123 1257 3160 eo
1286 3115 1550 3190 consonat
1589 3107 1762 3190 codex
1783 3106 2196 3190 lianrentianus
2232 3125 2264 3161 ι
2294 3108 2572 3190 ΡΙιιιριν,
2599 3106 2828 3163 similem
2860 3109 3144 3190 praeferens
3170 3109 3359 3190 inseri-

107 3177 352 3242 ptionem.
401 3179 475 3230 At
519 3175 616 3231 nos
663 3177 885 3242 potioris
919 3177 1056 3242 juris
1101 3191 1220 3229 esse
1248 3176 1585 3238 arbitramur,
1619 3184 1676 3228 ut
1698 3175 1753 3229 S.
1783 3176 2014 3230 Maximo
2043 3177 2286 3232 eamdem
2310 3175 2656 3238 ascribamus.
2684 3175 3056 3231 vetustissimis
3085 3177 3360 3232 codicibus

110 3243 255 3314 ﬁdem
284 3247 620 3301 facientibus.
664 3243 742 3298 Ex
771 3245 854 3298 his
881 3246 1112 3313 primum
1140 3244 1408 3314 aﬂ‘erimus
1435 3245 1648 3298 codices
1675 3245 2080 3314 Sangallensem
2120 3255 2176 3298 et
2208 3246 2262 3300 S.
2298 3246 2487 3302 Crucis
2516 3248 2568 3300 in
2595 3245 2704 3300 Jer.
2738 3246 2828 3312 90,
2857 3260 2994 3312 quos
3022 3245 3360 3314 Mabillonius

109 3313 234 3383 dixit
269 3315 632 3370 venerabilem
676 3315 881 3383 spirare
928 3313 1554 3383 antiquitatemerstea
1598 3313 2001 3372 Vallicellanum
2048 3318 2094 3368 Λ
2139 3314 2173 3366 9
2215 3331 2733 3378 commemoramus,
2765 3315 3079 3368 Vaticanum
3109 3313 3268 3379 645i,
3300 3313 3357 3366 S.

107 3380 281 3453 grecis
309 3385 361 3438 in
390 3384 688 3453 Jerusalem
707 3380 810 3453 ‘95_,
837 3380 1254 3453 Laurentinum
1284 3382 1354 3435 59
1395 3382 1533 3453 Plut.
1568 3399 1676 3436 xvu
1705 3398 1827 3452 pag.
1863 3383 1972 3436 172
1996 3398 2026 3436 a
2057 3392 2230 3453 tergo,
2254 3392 2308 3437 et
2329 3385 2450 3438 cod.
2485 3384 2606 3448 176,
2636 3384 2762 3437 olim
2787 3383 2924 3453 mdil.
2959 3384 3090 3453 ec_cl.
3124 3390 3354 3449 metrop.

110 3449 242 3523 Flor.
270 3468 392 3523 pag.
427 3451 534 3506 248
555 3469 583 3505 a
613 3461 763 3522 tergo
778 3451 845 3505 in
875 3451 1251 3523 Laurentiana.
1295 3453 1371 3506 De
1399 3449 1720 3523 hisduobus
1751 3449 2165 3523 posterioribus
2185 3449 2460 3523 codicibus
2505 3454 2611 3507 hoc
2639 3461 2729 3523 est
2751 3451 3138 3523 adnotandum,
3166 3466 3359 3523 nempe

111 3519 294 3601 titulo—3
344 3519 422 3601 De
451 3539 615 3601 grano
653 3519 898 3601 sinapi_s,_
920 3521 1154 3601 additum
1201 3523 1305 3590 legi
1321 3539 1345 3601 _:
1361 3531 1428 3601 _et
1461 3522 1731 3601 desaltato
1753 3519 2216 3601 :Daiirenti9.,qu.ia
2343 3519 3361 3601 "Masim'us‘aliqua‘in'ﬁneeoncionis

108 3587 168 3670 de
194 3589 248 3643 S.
279 3590 440 3670 levita
452 3587 1003 3670 'et_martyre_hab_et;
1031 3587 1336 3670 fertequod
1361 3590 1634 3670 Inomiliam
1662 3591 1832 3670 indic
1861 3590 1975 3657 ejus
2005 3587 2308 3670 festivitatis
2327 3591 2543 3670 digerit.
2703 3606 2807 3670 non
2839 3590 2972 3669 levis
3001 3588 3110 3670 alia
3123 3590 3358 3670 occurrit

109 3656 462 3728 discrepantia
492 3661 630 3714 circa
653 3656 892 3727 ejusdem
919 3659 1150 3713 homilim
1179 3656 1407 3712 initium.
1443 3659 1617 3728 Aliqui
1646 3660 1787 3713 enim
1817 3656 2118 3728 prienotato
2148 3659 2418 3728 Evangelii
2443 3660 2585 3728 loco,
2629 3659 2696 3711 ab
2723 3658 2826 3728 illis
2855 3658 3155 3728 incipiunt;
3187 3656 3359 3728 Mouet

111 3724 315 3792 fortasse
353 3745 532 3782 sensus
561 3724 772 3789 vestros,
803 3738 933 3797 etc.,
964 3729 1054 3797 qui
1083 3736 1209 3781 sunt
1233 3728 1444 3781 codices
1462 3724 1852 3797 §angallensis,
1903 3736 1958 3782 et
2003 3728 2087 3797 90'
2114 3724 2401 3797 S.‘.7Cruciis
2429 3729 2480 3781 in
2527 3724 2856 3797 Jerusal_em;
2888 3734 2945 3780 et
2967 3724 3248 3797 homiliam
3279 3724 3358 3797 De

110 3811 261 3868 grano
276 3799 486 3868 _sinapis
517 3798 831 3868 inscribunt.
860 3791 1224 3868 Eiordiuntur
1240 3797 1332 3868 alii
1363 3797 1429 3868 ab
1461 3791 1776 3868 Evangelio,
1808 3798 1892 3850 his
1921 3796 2115 3868 additis
2141 3815 2153 3849 :
2187 3796 2326 3849 Dicit
2353 3796 2603 3868 Domjuus
2631 3797 2686 3848 in
2711 3794 3012 3868 Evangelia,
3048 3803 3103 3848 ut
3125 3795 3176 3868 i_n
3205 3792 3358 3847 codi-

109 3864 248 3919 cibus
275 3864 676 3929 Laurentianis;
715 3865 1011 3933 eademque
1053 3867 1212 3934 lectio
1239 3866 1471 3918 homilire
1501 3864 1677 3918 exstat
1711 3867 1761 3919 in
1793 3866 2086 3934 appendice
2123 3879 2430 3920 sermonum
2469 3864 2526 3934 Sf.
2560 3864 2874 3932 Augustini;
2902 3864 3074 3934 Aliam,
3098 3864 3240 3915 viam
3271 3870 3348 3934 te-

111 3942 231 4003 nent
271 3937 395 3998 alii,
445 3945 660 3990 servato
706 3934 899 3988 eodem
927 3931 1100 3988 titulo
1148 3933 1228 3986 De
1261 3950 1424 4003 grano
1469 3935 1688 4002 sinapis,
1731 3931 2017 4003 quamdam
2063 3934 2452 4003 praemittentes
2492 3931 2780 4001 Evangelio
2801 3932 3276 4003 przel‘atiOIiem,A_ut
3305 3931 3359 4003 in

111 3949 231 3987 nent
271 3949 395 3998 am,
445 3949 660 3990 servato
706 3949 899 3988 eoaem
945 3949 1100 3988 tuqu
1148 3949 1228 3986 ue
1295 3950 1424 3988 rana
1469 3951 1688 4002 sinapis,
1771 3949 2017 3987 namnam
2063 3949 2452 4003 praemittentes
2493 3949 2780 4001 evangelio
2801 3949 3184 4002 przeianonem,
3219 3949 3276 3982 ιιι
3306 3949 3358 3984 ιη

109 4001 371 4060 codicibus
394 4003 465 4059 99
491 4006 550 4060 S.
579 4004 764 4060 Crucis
809 4004 861 4057 in
888 4003 1214 4068 Jerusalem,
1261 3951 1611 4058 itallicellano
1640 4010 1695 4057 et
1731 3949 2079 4060 (Drbevetano
2146 4014 2308 4058 atoue
2353 4002 2604 4058 Gillotius
2637 4003 2924 4070 czcterimie
2959 4001 3223 4055 Ambrosii
3253 3999 3358 4051 edi-

1853 4195 1878 4234 ἀ
1919 4197 2051 4252 Cod.
2085 4198 2220 4252 Vall.
2255 4199 2413 4264 6451,
2446 4211 2533 4253 aut
2555 4200 2739 4252 dicere.

1855 4277 1878 4338 ξ
1921 4266 2069 4338 [dem
2091 4269 2217 4338 cod.
2251 4268 2404 4329 νει..
2425 4286 2596 4338 surge,
2619 4280 2667 4320 et
2688 4268 2829 4321 tolle.

1857 4333 1878 4373 ί
1919 4334 2056 4405 Cod.
2090 4336 2232 4405 ναι,
2260 4338 2510 4405 probavit.

1858 4415 1883 4474 β
1922 4404 2055 4474 Cod.
2086 4404 2234 4474 γει,
2263 4404 2319 4457 in
2343 4408 2451 4458 viro
2468 4406 2586 4474 jam
2607 4404 2874 4458 cadavere.

1857 4473 1884 4510 δ
1923 4472 2055 4544 Cod.
2084 4473 2230 4544 Vat,
2259 4475 2427 4527 oneris
2456 4472 2597 4527 muta
2625 4475 2785 4526 uicem
2804 4512 2819 4536 ,
2842 4482 2898 4525 ut
2927 4473 3060 4544 quod
3087 4475 3183 4544 fuit
3203 4475 3354 4543 inﬁr-

177 4209 202 4239 ⁸
235 4202 371 4257 Cod.
406 4204 577 4258 Vatic.
617 4202 784 4266 6451,
827 4204 1050 4272 peccatis
1086 4209 1274 4272 autem
1300 4186 1427 4272 dare
1453 4202 1672 4272 veniam,

111 4288 250 4337 penes
278 4272 510 4327 homines
556 4289 659 4327 non
695 4283 773 4327 est
812 4269 862 4326 et
904 4272 1167 4343 singulare
1207 4269 1506 4323 Diviuitatis
1549 4270 1679 4322 insi-

175 4356 217 4402 ε.
240 4350 344 4395 etc.

176 4408 201 4446 ι’
236 4409 370 4480 Cod.
403 4410 610 4480 Casin.,
641 4411 726 4480 qui
744 4427 878 4480 uno.

179 4490 198 4516 ε
239 4479 381 4533 Idem
411 4480 534 4534 cod.
565 4473 682 4532 Vai.
731 4477 862 4533 6451
897 4486 953 4533 et
979 4475 1160 4532 Casin.
1182 4516 1198 4542 ,
1231 4475 1362 4529 dixit
1387 4476 1464 4529 eis
1491 4491 1510 4529 :
1542 4473 1680 4539 Quid

112 4549 354 4616 cogitatis,
384 4559 491 4604 etc.

1783 4543 1980 4597 mitatis
2002 4543 2369 4606 testimonium,
2397 4550 2503 4596 etc.

114 4673 208 4745 legi
233 4676 422 4732 divina:
450 4694 562 4733 sua:
589 4678 830 4740 sedulam
861 4692 1080 4745 operam
1116 4692 1180 4738 ac
1230 4677 1439 4731 ﬁdelem
1462 4675 1670 4745 demus.
1703 4676 1747 4738 ρ
1778 4674 2198 4727 inclinandorum
2252 4674 2610 4745 humanorum
2645 4673 2876 4745 cordium
2923 4675 3356 4745 omnipotentissi-

113 4740 548 4816 “lustrationibus
591 4763 754 4816 porro
784 4740 1008 4815 aliisque
1052 4747 1266 4800 auxiliis
1302 4746 1502 4816 quibus
1521 4743 1675 4813 quasi

115 4813 328 4886 stimulis
358 4832 550 4886 urgere
578 4813 642 4870 ad
667 4818 887 4881 bonum,
919 4813 1181 4870 obluctari
1210 4824 1372 4882 atque
1401 4814 1672 4877 resistere,

115 4881 232 4948 quid
261 4893 368 4950 est,
402 4881 504 4939 nisi
536 4885 771 4939 rebellem
793 4897 839 4938 te
864 4901 975 4938 esse
995 4886 1195 4946 lumini,
1219 4881 1547 4952 invitumque,
1580 4896 1674 4952 seu

117 4964 213 5002 non
239 4953 474 5008 libentem
509 4956 577 5006 ad
589 4957 846 5008 salutaria
878 4954 1123 5008 incitari?
1161 4953 1392 5006 Rursum
1423 4950 1677 5005 reluctari

117 5019 427 5085 adjumentis
490 5024 593 5077 illis
641 5024 735 5076 Dei
795 5025 965 5092 iisque
1013 5023 1275 5092 obsistere
1309 5021 1676 5092 bominis_est

119 5102 215 5140 non
243 5093 408 5157 pressi
457 5095 804 5152 necessitate,
849 5088 941 5146 sed
975 5091 1165 5145 liberi:
1198 5105 1428 5158 cumque
1460 5088 1672 5142 tandem

131 5168 385 5232 gerinotus
405 5160 608 5232 efﬁcaci
636 5161 835 5214 auxilio
865 5163 1006 5232 ultro
1038 5162 1317 5232 resipiscas
1336 5200 1350 5224 ,
1375 5174 1467 5232 _ac‘
1489 5158 1674 5212 volens

142 5225 381 5295 ibcnsque
432 5231 685 5283 indurare
707 5271 721 5289 .
758 5238 915 5297 teque
942 5230 1054 5297 ipse
1082 5225 1302 5282 inducas
1328 5227 1392 5280 ad
1421 5228 1672 5280 virtutem

120 5297 566 5371 amplectendam,
619 5301 862 5352 conscius
903 5299 997 5371 tibi
1063 5306 1117 5371 te
1166 5312 1324 5371 posse
1353 5311 1670 5371 repugnare,

120 5365 160 5412 si
180 5365 334 5428 velis;
364 5370 494 5421 satis
521 5375 669 5422 certe
699 5369 971 5432 pernoscis
1013 5375 1065 5419 te
1096 5369 1169 5420 ita
1202 5366 1430 5428 incitari,
1474 5365 1670 5432 urgeri,

123 5435 341 5503 pertrahi
389 5437 455 5489 ad
507 5436 932 5503 amplectendam
982 5437 1368 5503 colendamque
1400 5435 1670 5500 virtutem,

123 5506 172 5573 at
201 5499 434 5573 libertate
466 5515 553 5558 tua
586 5499 637 5557 in
670 5505 1122 5573 caramplectenda
1146 5499 1476 5569 colendaque
1500 5513 1668 5573 utare.

126 5565 235 5647 Ilua:
261 5570 316 5624 S.
348 5573 563 5647 Maximi
585 5573 668 5647 _(si_
699 5572 810 5647 ejus
837 5565 996 5643 opera
1027 5575 1262 5628 studiose
1279 5565 1550 5647 legantur)
1575 5571 1672 5624 du-

124 5643 274 5690 ctrina
303 5650 399 5693 est.
445 5643 602 5708 Quod
627 5643 672 5693 si
694 5643 819 5711 quis
846 5654 1029 5697 contra
1061 5652 1243 5711 putet;
1276 5644 1317 5695 is
1343 5649 1560 5711 caveat,
1607 5655 1672 5693 ne

125 5720 219 5760 non
246 5711 591 5779 Augustinum
622 5709 824 5773 solum,
872 5714 962 5780 qui
1012 5709 1237 5766 aﬁirmat
1286 5710 1469 5763 habere
1515 5709 1672 5761 Deum

1779 4759 1919 4796 mam
1965 4751 2300 4810 potestatem;
2349 4743 2446 4795 sed
2487 4741 2705 4795 Paulum
2757 4743 2918 4796 etiam
2965 4741 3269 4811 apostolum
3303 4744 3355 4797 iu

1779 4811 2034 4865 invidiam
2078 4812 2299 4864 sublata:
2341 4813 2603 4865 libertatis
2649 4819 2845 4877 vocet,
2887 4827 2917 4864 a
2952 4827 3061 4880 quo
3100 4813 3357 4879 scriptum

1778 4880 1941 4934 fuisse
1967 4882 2200 4951 scitnus_:
2235 4880 2376 4938 Deus
2406 4882 2554 4950 cujus
2578 4882 2681 4934 vult
2705 4881 2993 4940 miseretur,
3018 4891 3064 4951 et
3087 4898 3232 4951 quem
3253 4883 3358 4932 vult

1777 4951 2029 5002 indurat:
2076 4959 2126 5000 et
2155 4949 2292 5002 Deus
2334 4961 2407 5002 est
2445 4949 2530 5018 qui
2576 4959 2819 5013 operatur
2848 4951 2912 5004 in,
2941 4949 3277 5012 nobis—velle,
3310 4959 3359 5000 et

1778 5019 2044 5087 perﬁcere,
2074 5027 2171 5070 etc.
2197 5035 2214 5070 :
2246 5026 2294 5070 et
2333 5035 2445 5076 non,
2472 5028 2549 5071 est
2589 5020 2800 5072 volentis
2821 5061 2835 5085 ,
2881 5034 3041 5087 neque
3081 5020 3353 5077 currentis,

1776 5090 1864 5140 sed
1900 5089 2186 5140 miserentis
2219 5087 2354 5140 Dei:
2384 5097 2433 5140 et
2467 5087 2716 5140 voluntati
2751 5089 2861 5156 ejua
2894 5088 3006 5156 quis
3039 5089 3276 5140 resistit?
3309 5088 3354 5138 υ

1781 5158 1930 5209 homo
1978 5167 2028 5208 tu
2070 5159 2178 5219 quis
2219 5173 2292 5219 es,
2339 5159 2424 5278 qui
2474 5155 2787 5225 respondeas
2820 5155 2962 5208 Deo?
2996 5158 3184 5210 Annon
3210 5156 3361 5208 habet

1781 5235 2081 5278 potestatem
2114 5226 2301 5278 ﬁaulus
2363 5228 2437 5278 uti
2481 5243 2545 5278 ea:
2581 5227 2762 5278 eadem
2799 5243 2972 5278 massa
3020 5229 3191 5278 facere
3219 5227 3359 5278 alim;

1780 5235 2081 5296 potestatem
2111 5226 2301 5296 ﬁgulus
2342 5226 2437 5278 luti
2481 5243 2545 5278 ea:
2581 5227 2762 5279 eadem
2799 5243 2972 5278 massa
3019 5229 3191 5296 facere
3219 5227 3359 5278 alim;

1781 5295 1984 5364 quidem
2015 5310 2103 5347 vas
2142 5297 2196 5364 in
2233 5295 2512 5364 honorem,
2551 5296 2695 5347 aliud
2731 5313 2846 5348 vero
2878 5297 2931 5347 in
2962 5296 3362 5349 contumeliam?

1783 5363 2288 5431 Augustinum’vero
2321 5363 2647 5430 Paulumque
2669 5366 2787 5431 quis
2818 5380 2924 5417 non
2951 5366 3142 5432 impius
3169 5365 3360 5417 audeat
3411 5375 3420 5382 ·

1781 5434 1917 5485 laesae
1965 5433 2253 5485 sublata-ve
2303 5433 2563 5484 libertatis
2611 5449 2834 5500 arguere
2853 5438 2875 5486 *ἰ
2914 5433 3052 5497 Quid
3090 5449 3216 5500 ergo
3256 5441 3356 5493 est,

1780 5501 1922 5568 quod
1954 5517 2060 5554 non
2109 5502 2274 5553 libere
2310 5503 2579 5553 hominem
2613 5505 2680 5554 ad
2721 5503 2974 5555 salutaria
3003 5503 3236 5554 remedia
3267 5517 3359 5552 ur.

1778 5572 1890 5639 geri
1935 5586 1964 5621 a
2014 5570 2244 5623 Maximo
2292 5570 2572 5639 quisquam
2621 5573 2968 5639 constitutum
3017 5571 3189 5630 dicat,
3239 5585 3358 5621 cum

1779 5638 2044 5691 Maximus
2095 5639 2231 5691 idem
2284 5638 2637 5705 Augustinum
2677 5654 2738 5690 ac
2776 5638 2996 5691 Paulum
3018 5639 3096 5692 .sit
3123 5646 3357 5698 secutus,

1785 5718 1839 5760 ut
1870 5725 1932 5759 ex
1966 5707 2082 5773 ejus
2111 5708 2346 5761 homiliis
2374 5707 2531 5774 plane
2559 5709 2814 5759 constat?
