3910 6238
548 392 652 448 507

1606 384 1662 441 S.
1709 384 1947 440 ΜΛΧΙΜΙ
1986 381 2279 439 El’lSCOl‘l
2326 379 2769 437 T.\l'-RINENSIS

3710 387 3812 440 503

549 520 715 564 tores.
756 504 865 561 Nos
910 503 1277 575 prtefation‘em
1324 502 1487 575 illam
1514 501 1903 575 posterioribus
1950 497 2287 575 temporibus
2323 495 2880 575 additam;_censentcs
2918 497 3057 551 inter
3084 497 3354 552 variantes
3378 496 3728 556 ccllocamus.
3758 508 3811 550 et

549 577 844 640 bomiliam,
876 566 943 630 eo
971 573 1134 629 modo
1159 588 1270 642 quo
1295 566 1619 626 vetustiores
1641 570 1860 624 codices
1878 569 2160 631 exhibent,
2194 566 2244 619 in
2274 566 2447 620 lucem
2476 566 2771 621 emittimus

551 684 1204 753 Auouusuruu.——Sancti
1222 680 1709 753 Euangeliisensum
1726 682 1781 753 in
1793 680 2129 753 similitudine
2155 688 2201 743 Α
2236 685 2345 730 tate
2370 677 2695 746 percipiunt,
2724 687 2992 745 quatenus
3014 677 3281 746 repellant
3308 677 3525 746 frigora,
3554 679 3811 733 humores

617 758 770 829 grani
793 755 991 825 sinapis
1014 752 1333 829 reconditum
1353 751 1570 829 miriﬁce
1591 753 1722 829 eruit
1747 751 1809 805 S.
1843 751 2121 829 Maximus,

617 820 882 905 Explicans
912 820 1181 905 gnomon
1191 822 1505 905 seminitam
1529 822 1714 905 exiguo
1743 836 1953 905 regnum
1972 820 2126 905 cwlo-

617 888 733 950 runt
760 888 1089 948 assimiletur.
1139 890 1374 945 Plurima
1426 888 1631 960 profert
1648 889 1712 960 de
1744 890 1849 959 ﬁde
1875 898 1923 960 et
1950 888 2014 942 de
2038 904 2128 956 spe

618 966 947 1025 Christiana,
979 958 1623 1033 sanctumquemartgrem
1650 958 1985 1013 Laurentium
2005 974 2127 1029 gra-

620 1057 689 1094 no
717 1037 913 1105 sinapis
942 1040 1229 1101 comparat.

623 1142 650 1170 ι
680 1130 818 1184 Dicit
845 1126 1103 1185 Dominus
1142 1123 1200 1178 in
1236 1129 1425 1177 sancto
1445 1120 1771 1189 Evangelio,
1802 1118 1945 1174 sicut
1965 1117 2126 1173 lectio

550 1225 777 1279 decursa
816 1224 1085 1274 testatur:
1127 1214 1221 1269 Cui
1258 1213 1428 1269 simile
1467 1222 1545 1267 est
1578 1228 1793 1281 regnum
1820 1210 1938 1276 Dei,
1969 1218 2018 1265 et
2046 1210 2128 1263 cui

549 1311 719 1367 simile
744 1308 874 1362 illud
893 1302 1235 1361 eaistimabo?
1255 1302 1439 1358 Simile
1464 1311 1542 1357 est
1562 1317 1727 1373 grano
1753 1301 1971 1369 sinapis,
1993 1298 2129 1370 quod

550 1408 817 1469 acceptum
846 1397 996 1450 homo
1029 1394 1169 1447 misit
1192 1393 1246 1447 in
1274 1392 1479 1446 hortum
1498 1407 1666 1451 utam,
1694 1398 1744 1443 et
1768 1389 1940 1453 cret-il,
1969 1398 2021 1441 et
2042 1390 2127 1457 [a-

552 1500 634 1543 cta
664 1496 739 1542 est
767 1486 942 1551 arbor,
978 1492 1028 1537 et
1059 1483 1286 1538 volucres
1329 1481 1443 1539 coeli
1485 1480 1834 1549 requieoemnt
1872 1479 1927 1531 in
1966 1477 2127 1531 ramis

549 1584 662 1653 ejus
690 1578 842 1649 (Luc.
875 1576 1010 1647 xm).

622 1671 651 1709 δ
674 1669 854 1724 Movet
898 1664 1127 1721 fortasse
1161 1674 1351 1716 sensus
1387 1664 1626 1723 vestros,
1662 1672 1762 1712 cur
1781 1667 2003 1723 regnum
2034 1656 2128 1711 Dei

553 1772 663 1817 tam
695 1758 1010 1830 praeclarum
1042 1762 1204 1823 atque
1249 1759 1359 1805 tam
1401 1747 1743 1816 magnificum
1784 1760 1952 1815 grano
1980 1747 2127 1801 gina-

553 1851 637 1921 pis
664 1849 859 1918 exiguo
900 1848 1265 1912 comparetur.
1306 1846 1365 1892 et
1393 1837 1509 1908 spei
1554 1844 1753 1891 nasum
1787 1843 1899 1889 tam
1925 1836 2130 1904 grande

551 1940 801 1995 solatium
830 1936 907 1990 rei
936 1932 1204 1987 vilissima:
1228 1928 1401 1983 simile
1440 1940 1563 1983 esse
1592 1937 1614 1964 ο
1644 1926 1873 1991 dicatur,
1904 1942 2130 1995 mf.

555 2031 649 2083 tim
675 2043 798 2083 cum
842 2024 969 2078 alibi
1017 2022 1158 2076 idem
1203 2019 1459 2075 Dominus
1503 2017 1779 2086 discipulis
1800 2018 1914 2071 suis
1941 2019 2123 2073 dicat:

555 2120 615 2175 Si
635 2116 914 2171 habueritis
940 2113 1095 2184 fidem
1122 2112 1255 2166 sicut
1282 2125 1501 2180 granum
1528 2110 1728 2179 sinapis
1745 2149 1761 2172 ,
1784 2105 1811 2145 δ
1837 2109 1991 2162 dicite
2012 2111 2129 2162 huic

554 2210 755 2263 monti:
802 2205 1026 2267 Tollere,
1072 2211 1121 2256 et
1161 2201 1365 2271 jactare
1404 2200 1460 2253 in
1502 2215 1677 2265 mare;
1717 2207 1767 2252 et
1802 2199 1892 2267 [iet
1916 2198 2128 2269 (Matth.

554 2298 705 2365 xvu).
737 2296 902 2363 Igitur
924 2294 971 2346 si
992 2291 1123 2346 ﬁdes
1147 2300 1172 2328 ⁸
1201 2291 1337 2344 mira
1377 2296 1491 2349 est,
1522 2304 1642 2358 qua:
1688 2296 1868 2356 potest
1901 2290 1970 2342 ab
2006 2288 2134 2357 ipsis

552 2388 772 2443 sedibus
806 2384 1070 2439 montium
1113 2379 1464 2435 fundamenta
1508 2378 1819 2439 transferre,
1852 2379 2011 2447 362
2042 2392 2136 2431 nc-

552 2478 789 2534 cessario
824 2474 842 2514 τ
878 2488 1007 2541 ergo
1049 2481 1106 2527 et
1143 2484 1367 2540 granum
1409 2468 1613 2536 sinapis
1650 2481 1907 2535 magnum
1932 2475 2035 2532 est,
2067 2466 2135 2521 ad

553 2569 708 2636 cujus
776 2563 1181 2621 similitudinem
1248 2558 1411 2613 fidem
1472 2558 1674 2612 habere
1740 2557 2129 2627 compellimus.

556 2670 581 2704 ις
607 2657 856 2724 Magnum
876 2662 1058 2708 autem
1079 2651 1329 2716 dixerim,
1348 2665 1456 2704 non
1476 2650 1679 2719 specie,
1696 2649 1790 2702 sed
1814 2649 2027 2713 virtute,
2043 2648 2067 2684 ιι
2081 2657 2137 2703 et

552 2747 680 2806 fidei
706 2745 976 2816 qualitate
1007 2758 1115 2797 non
1154 2740 1319 2796 soleri
1347 2737 1800 2809 comparandum;
1830 2738 1925 2792 sed
1951 2738 2136 2807 vigore

555 2834 861 2891 acrimonia:
886 2829 1291 2900 comquandum.
1341 2828 1477 2884 Nam
1504 2829 1551 2882 si
1576 2827 1861 2897 diligenter
1885 2827 2135 2882 intenda-

554 2942 700 2995 mus,
730 2926 743 2963 ί
772 2924 1073 2981 invenimus
1118 2928 1268 2977 recte
1313 2936 1346 2974 a
1389 2919 1619 2974 Domino
1660 2920 1796 2974 hanc
1830 2920 2135 2974 similitudi-

555 3033 680 3072 nem
708 3021 1095 3085 comparatam.
1136 3011 1287 3067 Sicut
1312 3011 1460 3066 enim
1489 3024 1714 3077 granum
1734 3010 1938 3078 sinapis
1967 3011 2137 3079 prima

555 3107 735 3163 fronte
755 3105 939 3177 specie
968 3103 982 3154 i
1021 3103 1106 3157 sui
1126 3108 1211 3156 est
1228 3115 1475 3171 parvum,
1504 3100 1630 3163 vile,
1661 3099 1997 3168 despectum.
2030 3116 2137 3155 non

554 3212 807 3269 saporem
846 3202 1138 3266 przestans,
1179 3208 1287 3247 non
1309 3191 1535 3246 odorem
1564 3191 1981 3256 circumferens,
2030 3208 2136 3245 non

557 3288 803 3345 indicans
831 3286 1156 3342 suavitatem
1180 3301 1195 3337 :
1218 3292 1275 3336 at
1300 3282 1392 3337 ubi
1420 3282 1521 3336 teri
1541 3282 1788 3348 anperit,
1808 3282 1985 3334 statim
2007 3281 2141 3335 odo-

557 3396 673 3437 rem
701 3376 905 3435 suumk
936 3374 1230 3431 acrimonia
1275 3372 1526 3434 exhibet,
1566 3372 1741 3425 cibum
1785 3371 2014 3426 ﬂammei
2051 3389 2138 3427 sa-

557 3472 709 3543 poris
730 3470 986 3535 exhalat,
1016 3475 1073 3521 et
1102 3473 1253 3519 tanto
1297 3463 1523 3519 fervoris
1561 3463 1741 3517 calore
1778 3464 2135 3529 succenditur,

558 3573 619 3618 ut
655 3564 851 3617 mirum
896 3562 967 3616 sit
1001 3562 1053 3613 in
1090 3568 1199 3613 tam
1241 3557 1444 3611 frivolis
1481 3556 1661 3625 granis
1708 3564 1917 3609 tantum
1962 3555 2139 3623 ignem

559 3653 727 3708 fuisse
754 3651 1103 3706 conclusum:
1136 3647 1289 3716 cujus
1325 3647 1487 3701 etiam
1530 3645 1751 3700 seminis
1779 3642 1797 3681 ι
1830 3645 2009 3699 cibum
2039 3646 2140 3700 ho-

560 3743 736 3797 mines
776 3740 969 3795 biemis
1017 3737 1283 3807 precipue
1330 3744 1573 3803 tempore
1611 3747 1801 3802 magna
1829 3749 1929 3803 pro
1958 3738 2139 3789 suavi-

634 3853 653 3872 ⁶
683 3850 991 3905 PMan-no.
1033 3844 1273 3900 Libenter
1316 3859 1411 3897 nos
1461 3840 1745 3912 praedicare
1789 3851 1838 3894 et
1878 3850 2145 3912 gratanter

561 3937 691 3991 opus
720 3918 819 3991 Dei
841 3920 1011 3991 facere
1030 3916 1361 3991 manifestum
1388 3910 1482 3991 est.
1510 3910 1623 3991 ﬁed
1641 3926 1755 3963 cum
1783 3910 2007 3991 videmus
2026 3913 2143 3991 plu-

561 3981 645 4071 res
672 4007 704 4071 ς
729 3981 977 4072 fratribus
1012 3981 1219 4072 pigrius
1240 3981 1309 4035 ad
1338 3981 1610 4062 ecclesiam
1653 3982 1938 4072 conuenire,
1960 3981 2143 4072 ‘et'do-

562 4048 768 4114 minicis
816 4048 1087 4126 ιιι-(ινσξριιέ
1107 4051 1284 4126 diebus
1321 4052 1539 4126 minime
1575 4048 1858 4126 caelestibus
1896 4051 2143 4126 interesse

562 4118 841 4199 mysteriis,
865 4118 1206 4199 prte'dicamus
1228 4121 1394 4199 inviti.
1421 4118 1545 4172 Non
1563 4118 1701 4199 gnod
1719 4135 1814 4172 nos
1859 4120 2031 4190 pigeat
2064 4122 2142 4199 (of

563 4188 649 4269 qui
668 4237 684 4261 ,
722 4195 816 4249 sed
853 4188 973 4264 guia
1004 4192 1408 4269 negligentior“.
1429 4188 1728 4269 prmdicatio
1758 4188 1936 4241 nostra
1968 4197 2144 4259 gravet

564 4257 734 4337 potius
758 4306 772 4328 ,
810 4257 914 4316 non
942 4257 1362 4337 emended-Ideo
1390 4257 1537 4337 inviti
1578 4257 1852 4337 loqitimur,
1888 4266 1937 4337 et
1974 4257 2146 4337 tacere

565 4321 672 4389 non
709 4321 1000 4404 possumus.
1057 4329 1373 4383 Prtedicatio
1413 4328 1552 4380 enim
1585 4321 1762 4378 nostra
1799 4326 2026 4404 in_p_lebe
2054 4336 2143 4379 aut

566 4395 777 4473 regnum
804 4409 1063 4473 operatur,
1103 4409 1195 4473 aut
1218 4413 1437 4473 pinnam
1459 4412 1477 4449 :
1505 4411 1716 4473 regnum
1744 4395 2003 4473 credulis,
2028 4413 2144 4465 per-

514 4498 515 4501 η
566 4465 692 4553 (iiiis
730 4465 955 4548 poenam.
1014 4465 1255 4548 Quisquis
1288 4467 1424 4519 enim
1443 4505 1465 4545 _,
1508 4465 2002 4553 fratc;r,ndominicis
2040 4481 2140 4519 non

566 4533 778 4597 interest
802 4533 1165 4599 sacramentis,
1193 4536 1485 4588 necessario
1508 4533 1653 4602 apud
1676 4533 1838 4586 Deum
1858 4540 2143 4587 castrorum

569 4612 802 4664 desertor
823 4618 896 4663 est
923 4609 1227 4661 divinorum.
1260 4604 1395 4657 Nam
1417 4603 1668 4674 quomodo
1697 4620 1752 4674 se
1777 4618 2026 4674 excusare
2053 4620 2146 4671 po-

2231 776 2457 835 cgerant
2478 805 2493 827 ,
2540 767 2808 821 viscerum
2845 768 3054 821 interna
3092 766 3436 831 calefaciant;
3468 784 3613 837 saepe
3643 770 3807 823 etiam

2227 872 2296 910 ex
2325 856 2426 910 hoc
2448 857 2609 924 capiti
2639 855 2900 910 adhibent
2924 855 3268 919 medicinam,
3301 865 3361 911 ut
3388 859 3433 912 si
3462 858 3591 927 quid
3618 860 3810 913 invali-

2227 948 2353 1002 dum
2372 988 2387 1009 ,
2431 948 2477 1002 si
2512 948 2639 1015 quid
2668 956 2927 1015 :egrotnm
2958 948 3151 1016 fuerit,
3180 949 3383 1017 sinapis
3411 949 3531 1015 igne
3566 958 3807 1004 curetur.

2227 1037 2303 1091 ita
2333 1052 2461 1106 ergo
2490 1046 2549 1092 et
2574 1036 2705 1092 ﬁdes
2724 1037 3027 1092 Christiana
3048 1038 3217 1108 prima
3249 1037 3425 1093 fronte
3448 1038 3663 1092 videtur
3692 1053 3812 1092 esse

2226 1142 2422 1196 parva,
2454 1127 2578 1181 vilis
2617 1137 2674 1181 ct
2717 1128 2921 1193 tenuis;
2968 1144 3078 1183 non
3119 1130 3419 1198 potentiam
3451 1129 3612 1199 363
3655 1144 3810 1183 suam

2228 1214 2551 1279 ostendens,
2605 1231 2710 1269 non
2753 1218 3057 1285 superbiam
3085 1217 3405 1287 prmfcrens,
3444 1234 3552 1273 non
3580 1218 3812 1287 gratiam

2228 1303 2659 1359 subministrans.
2700 1305 2771 1358 At
2800 1305 2889 1359 ubi
2916 1306 3145 1362 diversis
3169 1309 3561 1363 tentationibus
3587 1308 3690 1361 teri
3712 1322 3813 1361 cm-

2228 1401 2407 1471 perit,
2439 1403 2620 1456 statim
2647 1404 2888 1472 vigorem
2922 1420 3077 1459 suum
3103 1406 3314 1475 prodit,
3345 1405 3705 1461 acrimoniam
3737 1406 3814 1459 iu-

2229 1492 2413 1556 dicat,
2472 1494 2711 1548 calorem
2757 1493 3041 1549 dominica:
3083 1495 3417 1550 credulitatis
3464 1497 3715 1565 aspirat,
3764 1505 3815 1548 et

2229 1591 2381 1637 tanto
2404 1584 2568 1638 divini
2599 1586 2734 1652 ignis
2768 1585 2963 1640 ardore
2987 1586 3252 1653 jactatur,
3276 1594 3334 1639 ut
3371 1595 3427 1640 et
3457 1586 3569 1655 ipsa
3599 1585 3809 1640 ferveat

2230 1674 2777 1743 ct’nparticipantem
2806 1675 2905 1728 sibi
2954 1674 3142 1729 ardere
3181 1675 3505 1742 compellat:
3556 1676 3706 1729 sicut
3751 1673 3806 1726 in

2229 1770 2418 1817 sancto
2466 1762 2756 1831 Evangelio
2794 1772 2819 1799 ιι
2860 1764 3066 1817 Amaon
3102 1772 3159 1817 et
3201 1762 3468 1832 CleOpbas
3518 1762 3800 1826 dixerunt,

2229 1852 2354 1907 dum
2381 1870 2503 1908 cum
2533 1854 2662 1922 ipsis
2683 1864 2804 1923 post
2834 1855 3135 1923 passionem
3165 1854 3423 1908 Dominus
3448 1854 3800 1921 loqueretur:

2236 1942 2286 1996 Ν
2290 1960 2423 1997 oune
2452 1960 2539 1997 cor
2566 1952 2797 1997 nostrum
2829 1944 3018 1996 ardens
3051 1951 3163 1995 erat
3191 1945 3244 1996 in
3280 1943 3426 1996 nobis
3462 1942 3515 1994 in
3546 1943 3662 2004 ria,
3690 1942 3813 1992 dum

2236 2035 2454 2101 aperiret
2499 2042 2524 2068 ο
2573 2032 2825 2085 Dominus
2862 2031 3016 2085 Jesus
3076 2030 3374 2100 Scripturas
3415 2029 3569 2100 (Luc.
3621 2028 3813 2093 xxiv)?

2236 2122 2375 2189 Ergo
2418 2137 2641 2190 granum
2685 2122 2885 2189 sinapis
2924 2122 3286 2174 membrorum
3312 2122 3521 2175 viscera
3543 2118 3811 2179 calefacit,

2239 2213 2358 2266 fidei
2390 2222 2566 2265 autem
2599 2212 2749 2279 vigor
2767 2211 3008 2265 cordium
3029 2220 3250 2280 peccata
3270 2211 3542 2266 comburit
3559 2250 3576 2274 ,
3600 2220 3629 2258 ι’
3659 2224 3815 2276 aspe-

2235 2317 2356 2355 rum
2393 2303 2627 2367 algorcm
2667 2300 2878 2367 frigoris
2918 2309 3191 2365 removet;
3243 2301 3357 2354 hzec
3384 2308 3567 2353 autem
3589 2299 3814 2351 delicto-

2237 2406 2353 2444 rum
2401 2390 2727 2445 diabolicum
2772 2389 2938 2458 frigus
2977 2390 3219 2458 expellit.
3271 2400 3298 2439 σι
3342 2388 3557 2458 Sinapis
3604 2388 3813 2455 iniquos

2238 2483 2490 2535 humores
2518 2481 2771 2549 decoquit
2804 2496 3122 2550 corporum,
3151 2479 3285 2535 fides
3325 2488 3504 2534 autem
3532 2479 3813 2534 libidinum

2238 2571 2438 2623 ﬂuenta
2466 2571 2754 2623 consumit.
2786 2568 2855 2622 Et
2881 2585 2979 2637 per
3000 2568 3127 2623 illud
3155 2568 3422 2635 medicina
3449 2571 3472 2598 ’
3499 2568 3664 2637 capiti
3696 2582 3813 2634 pm-

2237 2667 2475 2720 curatur,
2507 2673 2605 2726 per
2633 2657 2793 2711 ﬁdem
2831 2666 3009 2711 autem
3046 2656 3323 2727 spiritualc
3351 2665 3514 2726 caput
3551 2666 3810 2713 nostrum.

2237 2745 2384 2813 quod
2412 2752 2495 2800 cst
2523 2746 2769 2799 Christus
2806 2739 3095 2811 Dominus,
3129 2746 3324 2815 smpius
3358 2745 3650 2800 refovetur.
3709 2743 3811 2799 Sed

2239 2842 2295 2889 ct
2330 2835 2448 2888 tidci
2494 2835 2647 2903 juxta
2690 2836 3146 2904 comparationem
3182 2836 3385 2905 sinapis
3422 2844 3615 2890 sancto
3652 2835 3813 2889 odore

2238 2924 2593 2993 perfruimur,
2642 2926 2785 2980 sicut
2835 2927 2911 2979 ait
2954 2926 3146 2979 beatus
3189 2926 3511 2994 Apostolus:
3562 2923 3812 2990 Quoniam

2240 3014 2430 3076 Christi
2454 3014 2614 3070 bonus
2642 3016 2773 3070 odor
2798 3032 2972 3070 sumus
3006 3016 3111 3070 Deo
3134 3015 3192 3085 (Ι
3224 3013 3343 3070 Cor.
3378 3016 3468 3085 ιι).

2310 3106 2475 3173 lgitur
2519 3114 2765 3159 sanctum
2814 3116 3099 3175 martyrem
3147 3104 3496 3159 Laurentium
3541 3118 3711 3172 grano
3746 3103 3813 3156 si-

2242 3197 2394 3265 napis
2422 3211 2707 3264 possumus
2735 3206 3073 3264 comparare,
3098 3196 3190 3263 qui
3211 3194 3438 3247 diversis
3468 3193 3688 3247 attritus
3706 3208 3815 3260 pas-

2242 3289 2482 3345 sionibus
2510 3302 2608 3355 per
2638 3294 2807 3341 totum
2838 3288 3025 3339 orbem
3057 3294 3078 3319 ⁸
3104 3285 3333 3353 gratiam
3371 3284 3568 3338 meruit
3608 3283 3690 3336 sui
3716 3280 3814 3334 fra-

2242 3392 2398 3446 gr'tl‘e
2440 3376 2723 3446 martyrii,
2772 3375 2866 3443 qui
2917 3384 3079 3429 antea
3126 3376 3460 3429 constitutus
3496 3374 3549 3426 in
3592 3386 3815 3441 corpore

2244 3478 2362 3523 erat
2389 3470 2634 3535 humilis,
2670 3469 2885 3536 ignotus
2914 3475 2971 3522 et
3004 3467 3150 3531 vilis;
3178 3474 3531 3534 posteaquam
3574 3472 3810 3523 vexatus,

2246 3562 2543 3624 laceratus,
2571 3567 2794 3615 exustus
2827 3559 2846 3595 ί
2880 3566 2965 3613 est
2986 3597 3002 3623 ,
3041 3557 3304 3611 universis
3336 3570 3435 3625 per
3468 3564 3640 3609 totum
3662 3548 3813 3622 εει

2246 3649 2502 3703 mttndum
2539 3649 2796 3703 Ecclesiis
2831 3648 3055 3702 odorem
3090 3661 3200 3700 sua:
3230 3645 3527 3699 nobilitatis
3553 3652 3581 3679 ⁸
3605 3642 3804 3697 infudit.

2247 3740 2411 3795 Recte
2440 3741 2599 3808 igitur
2622 3739 2746 3794 huic
2768 3748 2792 3775 ν
2824 3737 3162 3807 comparatio
3190 3735 3496 3806 copulatur.
3541 3732 3806 3801 Siquidem

2243 3850 2521 3918 querulum.

2318 3916 2340 3952 δ
2380 3917 2514 3970 Cod.
2548 3916 2668 3969 Vat.
2704 3914 2830 3968 6451
2845 3956 2860 3978 ,
2875 3924 2935 3967 ἐι
2954 3914 3098 3983 ﬁdei,
3122 3929 3226 3966 non
3246 3912 3498 3983 qualitate
3515 3902 3668 3965 oleris
3687 3924 3814 3961 cont—

2245 3987 2554 4067 puran‘dum,
2580 3986 2861 4067 sedvigore
2880 3981 3185 4067 agimur-ria:
3199 3981 3587 4067 fomqug'ndum.
3687 4046 3701 4058 .

2289 4054 2335 4135 .i
2380 4054 2549 4107 Codd.
2587 4054 2685 4105 I72
2716 4048 2879 4107 Flor.,
2916 4052 3038 4106 Vat.
3085 4051 3243 4117 7451,
3282 4048 3339 4106 et
3377 4048 3652 4112 Urbevet.,
3682 4048 3812 4100 ὶπιιε-

2245 4140 2461 4176 ntemus.

2321 4193 2334 4241 i
2383 4190 2666 4245 Coll.'V.;L
2706 4188 2866 4253 645i,
2898 4191 3084 4253 speciei
3105 4206 3233 4243 suta.

2321 4261 2344 4297 ¹ι
2388 4259 2624 4326 Uterque
2655 4260 2777 4311 cod.
2820 4259 2877 4312 ὃ.
2916 4253 3104 4312 Crucis
3142 4259 3200 4311 in
3230 4256 3367 4319 Jer.,
3401 4256 3519 4317 ΓΒ.
3549 4253 3810 4326 etrcliqui

2248 4330 2431 4410 legunt
2457 4347 2468 4380 :
2500 4324 2673 4381 statim
2695 4328 2905 4381 odorem
2939 4343 3087 4380 suum
3116 4327 3289 4397 {utidit
3312 4365 3329 4391 ,
3368 4324 3704 4379 acrimoniam
3724 4339 3809 4375 e1-

2249 4400 2552 4521 mblelilodd.
2578 4465 2836 4521 Vallicell.
2869 4464 2914 4517 A
2940 4464 2991 4526 9,
3024 4472 3077 4517 et
3099 4462 3379 4528 Urbevet.,
3409 4465 3462 4516 in
3485 4462 3670 4516 cibum.

2317 4547 2367 4573 ἠ
2396 4536 2563 4591 Codd.
2598 4535 2717 4597 172,
2745 4534 2917 4603 Vatic.
2950 4542 3003 4603 ct
3034 4531 3313 4603 Urbevctq
3339 4533 3722 4603 participantcs.

2321 4617 2345 4642 η
2388 4605 2621 4673 Uterque
2663 4604 2785 4658 eod.
2837 4602 2893 4656 S.
2940 4602 3127 4655 Crucis
3165 4603 3215 4654 in
3244 4598 3377 4663 Je‘rl,
3420 4598 3627 4673 Amans.
3676 4598 3800 4673 (30d.

569 4652 1232 4749 ᾱῑςῑζιιιῖειῑξηῖάιέῆῑδξιλίλ
1254 4652 1630 4749 διξιξιῖάηξιέωι
1648 4652 1752 4724 ’.ιιι
1773 4652 2147 4749 ἀριιιῖῥιξυῆίι-
2177 4652 2220 4708 ο
2249 4692 2376 4749 γρςο
2394 4652 3647 4749 ‘vg'tLj‘sistjz...m;g_tantaniaximum...
3679 4652 3808 4723 Cod.

570 4743 715 4811 rans,
744 4749 1019 4819 prandium
1046 4747 1243 4819 carleste
1264 4745 1542 4819 coiitcmnit
1562 4750 1628 4803 et,
1650 4744 1844 4819 peruris
1865 4756 2042 4794 curam
2062 4743 2147 4811 fa-

570 4820 730 4881 ciens,
744 4811 941 4870 ἀηίιηαε
962 4831 1070 4868 sua:
1091 4811 1672 4884 negligit_medicinam?

645 4897 672 4924 ⁸
709 4880 841 4940 Cod.
877 4884 1135 4939 Vallicell.
1158 4880 1274 4935 'A'S)
1302 4882 1428 4935 hinc
1459 4880 1665 4948 incipit.

641 4956 671 4994 δ
709 4955 786 5008 Ita
829 4957 991 5016 etiam
1039 4953 1211 5015 codex
1249 4969 1280 5005 x
1324 4949 1463 5003 Plut.
1498 4945 1587 5003 xiv
1624 4962 1749 5018 pag.
1781 4945 1967 5012 22l,a
1995 4956 2148 5017 tergo

572 5025 704 5082 bibl.
736 5023 990 5078 Laurent.

646 5104 672 5156 ς
710 5093 843 5149 Cod.
875 5092 1153 5156 Urbevet.,
1180 5091 1347 5145 simile
1373 5105 1486 5143 esse
1504 5087 1756 5141 dicamus.

647 5154 677 5195 ⁸
711 5162 879 5218 Codd.
906 5154 1027 5215 Vat.
1059 5159 1217 5221 6451,
1251 5158 1490 5213 Vallicel.
1515 5157 1621 5220 A9,
1654 5166 1897 5225 uterque,
1930 5154 1986 5209 S.
2015 5154 2149 5209 Cru-

574 5234 654 5292 cis
680 5234 734 5287 in
755 5231 888 5296 Jer.,
934 5230 1003 5284 59
1050 5228 1326 5293 Laurent.,
1358 5237 1413 5282 et
1454 5225 1556 5280 {04
1594 5226 1723 5280 bibl.
1768 5226 1908 5280 aedil.
1950 5226 2146 5279 eccles.

575 5304 745 5364 Flor.,
776 5302 973 5354 dicetis.

652 5383 676 5410 ε
716 5371 880 5426 Codd.
916 5368 1036 5427 172,
1068 5376 1123 5421 et
1151 5366 1217 5420 10
1243 5366 1371 5419 bibl.
1406 5365 1682 5429 Laurent.,
1713 5365 1757 5417 si
1780 5364 1909 5433 ﬁdes
1935 5375 2009 5416 est
2032 5372 2151 5415 tan-

580 5452 654 5495 ta.
685 5441 853 5496 Codd.
884 5438 1003 5493 Vat.
1041 5436 1199 5501 64H,
1231 5444 1286 5490 et
1320 5435 1577 5489 Vallicell.
1608 5435 1652 5487 Α
1680 5434 1732 5497 9,
1763 5437 1806 5488 si
1840 5435 1970 5503 ﬁdes
2003 5440 2149 5484 tanta

578 5522 675 5565 est.

657 5579 677 5619 ί
717 5577 853 5633 Cod.
886 5576 1144 5630 Vallicell.
1176 5573 1378 5627 omittit
1401 5588 1593 5628 vocem
1614 5590 1755 5643 ergo.

654 5660 678 5696 κ
717 5647 849 5703 Cod.
885 5646 1157 5700 Urbevet..
1190 5643 1439 5713 Magnum
1468 5652 1640 5697 autem
1674 5642 1891 5694 dixerim
1915 5657 2015 5693 non
2042 5656 2153 5705 spe-

586 5721 679 5781 cie,
720 5718 812 5771 sed
831 5718 1013 5769 virtute
1038 5724 1089 5768 et
1115 5715 1247 5782 nde,
1279 5730 1380 5766 non
1400 5714 1662 5785 qualitatis
1684 5713 1820 5785 olere
1840 5725 2149 5778 comparan-

585 5780 739 5864 dunt,
779 5787 869 5839 sed
900 5780 1121 5855 vigorem
1150 5785 1449 5836 acrimonia:
1486 5780 1887 5852 comparandum
1928 5792 1975 5831 et
2017 5793 2152 5831 raw-

2250 4745 2503 4799 Urbevct.
2537 4744 2668 4812 legit
2689 4743 2789 4794 duo
2806 4757 2883 4812 on
2897 4742 3191 4812 discipulis
3210 4742 3471 4812 dixerunt.

2322 4824 2346 4850 ο
2390 4806 2623 4881 Uterque
2646 4812 2767 4881 cod.
2798 4806 3069 4881 S._Crucis
3091 4809 3295 4881 in_.lcr.,
3322 4810 3442 4881 Vat.
3467 4818 3518 4861 et
3544 4806 3805 4881 Urbevet..

2249 4885 2371 4937 dum
2398 4874 2618 4951 aperiret
2654 4879 2796 4935 nobis
2841 4878 3089 4951 Dominus
3120 4878 3277 4951 Δ,Ιιξιιιιε
3316 4879 3631 4951 Scriptura;
3663 4874 3807 4929 Uter-

2250 4970 2353 5022 que
2383 4946 2503 5007 cod.
2540 4950 2815 5012 Laurent.,
2848 4948 2967 5022 dum
2987 4948 3207 5022 aperiret
3239 4946 3389 5022 nobis
3413 4946 3726 5022 Scripturas.

2324 5033 2350 5071 Ρ
2389 5023 2446 5075 ln
2494 5029 2721 5087 utroque
2764 5018 2887 5072 cod.
2932 5017 2990 5070 S.
3022 5015 3227 5071 'Crucis
3269 5018 3319 5069 in
3361 5016 3497 5080 Jcr.,
3526 5023 3580 5087 et
3606 5015 3809 5087 reliquis

2251 5093 2445 5160 legitur
2484 5099 2535 5142 et
2568 5086 2697 5143 illud
2736 5087 2937 5158 quidem
2972 5102 3213 5156 asperum
3240 5087 3470 5157 algorem
3508 5086 3712 5156 {rigoris
3739 5101 3807 5136 re-

2252 5169 2559 5283 ἠοίιυεὲοᾶᾱ.
2577 5238 2808 5296 quatuor
2828 5226 3107 5280 memorati
3127 5225 3311 5293 legunt
3340 5223 3572 5294 Siuapis,
3596 5223 3807 5293 inquam,

2250 5306 2357 5405 ac;
2390 5366 2521 5421 Cod.
2553 5364 2811 5419 Vallicell.
2844 5362 2890 5417 Α
2916 5364 2969 5429 9,
3000 5364 3479 5431 mediciuatcapitis.

2327 5447 2348 5473 ⁸
2391 5436 2557 5518 codd.
2592 5436 2707 5489 Vat.
2741 5443 2798 5488 et
2827 5434 3019 5488 Urbev.
3042 5476 3054 5494 ,
3086 5434 3255 5502 gratia
3285 5434 3364 5484 sui
3401 5431 3582 5485 meruit
3602 5431 3809 5501 ﬂagrare

2251 5515 2506 5575 martyrii.

2329 5578 2346 5610 ⁸
2390 5574 2523 5628 Cod.
2558 5573 2674 5626 Vat.
2706 5573 2807 5626 hoc
2837 5573 2967 5627 loco.
2990 5571 3186 5624 omittit
3210 5579 3306 5622 est.

2324 5653 2350 5678 υ
2390 5644 2523 5697 Cod.
2550 5642 2825 5704 Urbevet.,
2856 5640 3100 5710 infundit.

2332 5724 2352 5749 "
2392 5712 2525 5767 Cod.
2558 5712 2816 5765 Valliccll.
2851 5711 2891 5764 A
2918 5709 2971 5775 ll,
3007 5710 3119 5762 huic
3149 5709 3549 5777 comparationi.
