3910 6238
103 427 201 480 509

1545 414 1821 468 ιιωιιιιΑ
1858 413 1965 468 CX.

3278 410 3384 463 5l0

102 547 324 602 granum
345 530 583 600 sinapis,
610 543 736 583 cum
765 527 970 592 teritur,
993 523 1299 580 accenditur
1324 541 1335 576 :
1367 523 1702 586 Laurentius,
1737 533 1776 586 Α
1812 528 1948 575 terat
1976 520 2269 575 visceribus
2297 519 2492 589 ignium
2520 527 2784 574 tormenta
2813 519 3048 586 sentire,
3073 522 3165 588 qui
3187 529 3244 574 et
3271 535 3390 574 seu.

101 641 218 678 eum
247 624 486 693 patitur,
520 621 916 683 inﬂammatur;
973 616 1099 669 illud
1127 615 1388 669 fervorem
1417 612 1704 666 attritionis

101 728 208 767 sua:
237 722 262 749 ι
296 712 551 774 evomit;
595 709 689 763 hic
728 709 902 777 ignem
940 704 1169 774 plurima
1206 703 1492 757 vexatione
1531 702 1705 770 suspiv

101 814 199 856 rat.
232 803 484 869 Sinapis,
520 801 759 868 inquam,
789 799 842 850 in
871 797 1087 850 vasculo
1113 795 1284 849 calido
1313 808 1513 862 vapore
1544 793 1705 847 deco-

101 894 315 960 quitur;
361 890 702 944 Laurentius
756 888 810 940 in
875 885 1132 940 craticula
1183 882 1520 936 ﬂammarum
1583 883 1704 950 igne

103 983 126 1017 ι’
152 989 414 1034 torretur.
455 977 699 1031 Ardebat
729 978 910 1043 itaque
931 974 1266 1028 extrinsecus
1287 973 1474 1024 beatus
1497 979 1699 1040 martyr

104 1071 312 1138 tyranni
357 1069 646 1122 smvientis
694 1066 978 1126 incendiis,
1021 1063 1116 1118 sed
1144 1063 1317 1130 major
1346 1062 1494 1114 illum
1519 1061 1700 1113 intrin-

103 1175 256 1212 secus
285 1159 503 1211 Christi
532 1157 733 1211 amoris
770 1155 982 1208 ﬂamma
1015 1165 1035 1192 ε
1062 1153 1320 1206 torrebat.
1360 1151 1426 1203 Et
1459 1151 1701 1220 quamvis

103 1265 193 1301 rex
247 1249 546 1316 improbus
587 1248 727 1317 ligna
772 1245 1097 1311 subjiceret,
1143 1241 1167 1279 ἀ
1214 1241 1455 1296 incendia
1497 1240 1719 1307 majora.

103 1346 470 1407 supponeret;
509 1345 690 1391 tamen
725 1336 781 1389 S.
821 1335 1141 1388 Laurentius
1180 1335 1276 1386 has
1311 1332 1552 1385 ﬂammas
1583 1331 1702 1384 ﬁdei

103 1429 282 1482 calore
313 1445 427 1481 non
459 1429 660 1488 sentit,
700 1433 755 1480 et
783 1425 913 1479 dum
945 1423 1144 1479 Christi
1173 1430 1437 1491 prmoepta
1479 1421 1700 1490 cogitat,

104 1518 346 1587 frigidum
372 1526 465 1572 est
509 1517 586 1570 illi
614 1530 773 1571 omne
800 1515 942 1574 quod
971 1513 1189 1584 patitur.
1240 1512 1350 1567 Nec
1375 1512 1520 1566 enim
1552 1521 1574 1547 ο
1603 1526 1704 1580 po-

1806 612 1952 666 sibus
1994 600 2224 680 paradisi
2267 608 2540 678 refrigeria
2579 610 2909 678 possidebat.
2969 597 3185 672 Jaceat,
3235 611 3382 674 licet,

1806 710 1932 755 ante
1968 700 2134 770 pedes
2175 699 2386 769 tyranni
2426 706 2615 752 exusta
2661 714 2821 762 caro,
2860 714 3057 767 corpus
3102 698 3385 758 exanime,

1813 791 1830 828 ί
1857 792 1987 844 nihil
2031 799 2209 843 tamen
2239 787 2547 842 detrimenti
2575 788 2779 855 patitur
2805 788 2857 840 in
2889 788 3061 852 terris,
3089 788 3238 856 cujus
3266 788 3354 840 ani
3373 817 3386 827 -

1806 897 1923 934 mus
1951 881 2264 933 demoratur
2291 879 2343 931 in
2369 877 2536 932 cmlis.
2572 877 2893 930 Extenditur
2913 892 3040 945 ergo
3057 889 3221 944 snper
3236 875 3381 930 ﬂam-

1806 985 2010 1022 marum
2035 967 2230 1036 ignitos
2257 967 2462 1036 globos,
2491 974 2546 1019 et
2573 966 2770 1032 s:epius
2791 975 2814 1008 κ
2839 973 3082 1018 versatur
3108 965 3159 1017 in
3183 964 3375 1026 latera;

1804 1060 1896 1114 sed
1941 1067 2142 1126 quanto
2191 1059 2308 1126 plus
2347 1073 2626 1126 pmnarum
2666 1057 2902 1126 patitur,
2956 1064 3106 1110 tanto
3155 1057 3387 1124 amplius

1802 1152 2068 1204 Christum
2088 1149 2368 1202 Dominum
2382 1147 2712 1216 pertimescit
2739 1164 2750 1197 :
2784 1155 2837 1198 et
2853 1162 2992 1199 novo
3009 1145 3382 1199 admirationis

1803 1255 1999 1308 genere
2023 1278 2037 1302 ,
2063 1239 2196 1291 alius
2225 1239 2369 1290 illum
2397 1245 2641 1306 torquet,
2683 1244 2739 1289 et
2785 1236 2902 1287 aliis
2957 1235 3224 1288 smvientis
3271 1243 3384 1287 tor‘

1805 1333 1983 1382 menta
2010 1327 2295 1396 proliciunt
2313 1344 2326 1390 ;
2345 1323 2719 1379 hdevotiorem
2759 1324 3100 1378 Laurentium
3127 1324 3383 1393 supplicia

1806 1418 2072 1473 atrociora
2102 1416 2359 1472 fecerunt.

1497 1601 1838 1663 HOMILIA
1886 1599 2016 1660 CX.

1374 1701 1508 1754 Item
1533 1702 1594 1753 de
1621 1715 1784 1769 grano
1814 1699 2014 1767 sinapis
2043 1696 2129 1751 11.

1563 1787 1952 1843 ADMONITIO.

370 1887 457 1942 Ex
507 1888 920 1958 probatissimisi
947 1886 1288 1958 documentis
1317 1893 1590 1958 ostensum
1638 1888 1722 1934 est
1749 1877 2386 1958 superiorem‘homiliam
2440 1877 2675 1957 nemini,
2710 1876 2903 1958 nisis.
2926 1875 3156 1958 Maximo
3195 1876 3384 1956 Tauri-

107 1945 408 2013 nensi'esse
438 1945 860 2012 atii-ibuendatn.
891 1957 1024 2012 Cum
1053 1964 1232 2010 autem
1262 1955 1379 2007 h:ec
1407 1953 1684 2007 evidenter
1730 1945 1986 2002 ad'illain
2019 1945 2302 2012 referatur,
2334 1948 2768 2013 mentionemque
2793 1947 2861 2000 de
2889 1946 3003 2014 ipsa
3033 1945 3219 2011 faciat,
3249 1947 3382 1999 satis

106 2027 372 2080 evincitur
400 2029 476 2081 ab
505 2027 697 2081 eodem
727 2026 888 2080 fuisse
915 2027 1298 2094 excogitatam,
1329 2024 1637 2094 scriptoque
1685 2018 1954 2094 traditam.
1981 2014 2207 2094 omnem
2228 2015 2434 2094 deinde
2471 2015 2719 2094 auferunt
2739 2015 3125 2094 hazsitationem
3155 2015 3261 2067 duo
3289 2030 3382 2067 co—

107 2094 255 2164 dices,
275 2112 442 2164 supra
475 2098 761 2151 memorati
789 2095 846 2150 S.
877 2083 1146 2150 Crucisvin
1189 2083 1326 2164 Jer.,
1349 2092 1410 2164 _i_n
1439 2083 1971 2164 quibus‘enuntiatur
1997 2085 2095 2164 sub
2125 2085 2279 2138 titulo
2303 2103 2314 2136 :
2348 2083 2627 2164 Sequentia
2655 2085 2729 2164 de.
2750 2101 2912 2164 grano
2940 2085 3138 2152 sinapis
3158 2125 3174 2147 ,
3195 2093 3257 2164 ‘et
3287 2097 3383 2164 c2-

109 2162 208 2232 glex
235 2151 634 2232 Sangallensis,
659 2165 946 2218 Maximum
975 2173 1247 2218 auctorem
1279 2151 1592 2232 indicantes.
1627 2156 1990 2232 Admonemus
2037 2163 2218 2232 tamen
2243 2151 2449 2232 partem
2498 2151 2767 2232 sermonis
2799 2152 2957 2232 hujus
2996 2152 3294 2232 monachos

110 2229 272 2302 Hanri
295 2220 734 2302 inuappendicem
765 2250 926 2287 serm.
959 2233 1016 2286 S.
1041 2233 1264 2300 August.
1296 2229 1341 2302 l_
1355 2229 1512 2302 class.
1545 2242 1692 2302 num.
1724 2223 1792 2276 88
1823 2224 2098 2302 retulisse;
2132 2223 2220 2276 ubi
2247 2220 2561 2302 docuerunt
2589 2222 2728 2302 inter
2757 2220 3094 2302 v'ulglatOsS.‘
3113 2220 3382 2302 Ambrosii

111 2299 300 2372 editam
333 2286 716 2372 fuisse,iquvant
738 2286 1035 2372 consultius
1065 2286 1282 2372 abvalbo
1311 2298 1372 2372 S;
1399 2295 1988 2372 doctoriiexpunxere.
2022 2292 2400 2372 l‘iam,_pr:;pt_er
2419 2291 2556 2372 duos
2582 2291 2741 2344 codd.
2765 2286 3044 2372 .SA—Ct'ucis
3081 2289 3136 2342 in
3160 2286 3380 2370 Ierusa-

113 2366 233 2433 letn,
257 2373 424 2423 etiam
455 2357 589 2425 eod:
615 2371 788 2426 Vatic.
821 2371 954 2424 6451
991 2371 1221 2424 Maximo
1249 2368 1587 2433 suffragatur.
1620 2357 1806 2416 Exstat
1829 2362 1990 2433 etiam
2023 2362 2075 2412 in
2104 2357 2222 2433 eod'.
2255 2359 2579 2433 Urbevetan.
2606 2373 2728 2433 pag.
2749 2357 2882 2433 _l69,
2913 2359 2966 2433 in
2994 2373 3102 2427 quo
3119 2357 3376 2433 pacatis-

110 2435 180 2508 sis
200 2427 378 2508 verbis
403 2459 416 2493 :
455 2440 607 2494 Unde
635 2457 811 2508 supra,
842 2441 1028 2508 incipit
1055 2456 1068 2493 :
1100 2439 1196 2492 Cui
1222 2438 1390 2491 simile
1415 2427 1504 2503 est
1533 2450 1748 2492 regnum
1774 2431 2015 2484 caelorum
2043 2440 2090 2482 et
2117 2432 2198 2483 cui
2229 2430 2354 2482 illud
2395 2427 2683 2496 (estimabo,
2707 2430 2782 2481 ait
2805 2427 3086 2491 Dominus;
3117 2428 3190 2480 ita
3215 2428 3380 2481 etiam

116 2503 394 2561 inchoatur
416 2510 475 2562 in
506 2509 629 2564 cod.
663 2503 924 2564 Vallicell.
953 2503 1002 2562 Ἀ
1039 2508 1091 2562 9.

118 2619 506 2673 Ancuusn'ruu.
552 2652 624 2661 —
655 2619 875 2673 Rursum
902 2620 1249 2672 Christianam
1285 2618 1440 2688 fidem
1470 2629 1694 2688 esse_re-
1726 2615 1773 2675 B
1798 2611 2195 2674 consequimur.
2245 2605 2372 2658 Inde
2399 2613 2427 2639 ι·
2456 2605 2618 2658 etiam
2659 2603 2862 2672 jejunia
2891 2616 2990 2655 nos
3027 2609 3376 2668 exasperant,

184 2703 335 2754 gnum
369 2688 470 2741 Dei
517 2689 741 2742 ostendit
784 2689 844 2742 S.
896 2689 1176 2752 Maximus,
1207 2685 1536 2754 eamdemque
1555 2685 1699 2752 vigo-

186 2773 289 2807 rem
314 2775 466 2824 quem
488 2760 684 2826 sinnpts
715 2765 899 2826 natura
924 2759 1174 2825 depromit
1200 2758 1444 2809 obtinere.
1476 2755 1703 2826 Ρναζιετ-

184 2840 262 2895 ea_
291 2822 440 2878 docet
495 2822 749 2895 quomodo
817 2822 1050 2879 Christus
1095 2827 1162 2878 sit
1201 2842 1416 2894 granum
1461 2822 1596 2891 quod
1647 2823 1701 2872 in

187 2892 416 2964 arborem
464 2892 650 2957 crevit;
671 2897 784 2964 quis
810 2905 950 2949 ortus
989 2897 1043 2947 in
1064 2892 1214 2964 quem
1245 2896 1456 2947 missum
1484 2906 1701 2961 granum

185 2961 312 3014 illud
339 2965 476 3033 fuit;
506 2965 592 3034 qui
623 2961 776 3035 hujus
797 2965 997 3016 arboris
1023 2961 1176 3016 rami.

187 3049 475 3119 Superiore
496 3052 765 3106 dominica
793 3051 1098 3120 parabolam
1124 3050 1333 3103 Domini
1353 3047 1700 3113 disserentes,

130 3138 176 3189 in
203 3153 302 3206 qua
333 3142 408 3193 ait
444 3159 456 3192 :
490 3141 586 3194 Cui
633 3142 799 3194 simile
825 3151 901 3194 est
927 3157 1142 3210 regnum
1163 3139 1423 3204 caelorum,
1447 3147 1498 3190 et
1523 3138 1606 3190 cui
1630 3138 1703 3189 si-

128 3230 240 3282 mile
286 3232 417 3284 illud
446 3232 716 3286 astimabo
737 3233 761 3285 ?
785 3232 969 3286 Simile
1008 3241 1082 3285 est
1103 3247 1269 3301 grano
1309 3231 1535 3298 sinapis,
1567 3234 1699 3294 etc.,

128 3318 335 3372 multai
386 3321 801 3390 perstrinximus
851 3321 1043 3388 quibus
1085 3320 1435 3390 probaremus
1481 3331 1701 3384 regnum

130 3408 215 3462 Dei
258 3425 426 3479 grano
465 3413 668 3481 sinapis
695 3428 804 3466 non
833 3413 1100 3466 immerito
1151 3411 1469 3479 comparari,
1501 3417 1557 3463 et
1593 3409 1702 3462 dis-

133 3500 342 3553 tantiam
373 3501 426 3554 in
451 3502 567 3555 sola
597 3516 714 3555 esse
735 3501 1132 3555 existimatione
1157 3501 1440 3553 verborum
1460 3537 1475 3562 ,
1508 3513 1616 3552 non
1647 3497 1700 3550 in

143 3585 156 3632 ἱ
192 3588 478 3644 collatione
507 3591 784 3643 virtutum.
823 3589 1101 3657 Siquidem
1127 3587 1263 3643 ﬁdes
1285 3587 1582 3642 Christiana
1609 3602 1701 3640 re~

135 3688 284 3740 gnum
312 3677 405 3732 Dei
435 3688 519 3733 est
544 3677 564 3714 ¹ι
596 3679 843 3732 eumdem
874 3680 1112 3746 vigorem
1140 3678 1342 3731 obtinet
1377 3691 1536 3744 quem
1565 3675 1702 3728 sina-

134 3766 206 3832 pis
230 3777 409 3822 natura
440 3770 729 3838 depromit.
759 3769 890 3822 Nam
921 3770 1077 3835 sicut,
1106 3785 1228 3824 cum
1255 3769 1456 3836 sinapis
1481 3781 1698 3821 succum

133 3856 391 3923 sumimus,
422 3859 494 3913 ad
540 3859 802 3929 lacrymas
830 3861 1092 3928 cogimur,
1115 3859 1265 3913 vultu
1291 3859 1692 3921 contristamur,

1807 2694 1954 2752 illinc
1974 2704 2314 2766 peccatorum
2339 2693 2670 2748 conscientia
2696 2695 2955 2754 macerat,
2981 2690 3106 2744 hinc
3128 2688 3384 2757 patrimo-

1806 2787 1878 2840 nii
1896 2786 2119 2854 jactura,
2133 2777 2436 2846 co'nturbat,
2468 2791 2525 2837 et
2547 2791 2660 2837 toto
2675 2780 2978 2836 contristati
3005 2780 3170 2850 366
3195 2777 3382 2832 habitu

1805 2879 1974 2944 magis
2019 2875 2245 2929 salutem
2294 2873 2693 2940 consequimur,
2724 2872 2771 2926 si
2798 2870 3028 2938 amplius
3066 2867 3382 2931 deﬂeamus,

1803 2967 2094 3024 secundum
2125 2965 2268 3033 quod
2297 2965 2370 3016 ait
2400 2964 2688 3017 Dominus:
2732 2961 2833 3015 Vos
2855 2958 3122 3031 plorabitis
3159 2966 3209 3010 et
3235 2957 3386 3025 plan-

1803 3061 1953 3129 getis,
1976 3058 2221 3111 steculum
2243 3065 2415 3107 autem
2441 3054 2679 3124 gaudebit
2711 3052 2902 3122 (Joan.
2935 3050 3077 3120 xvt').
3109 3048 3260 3102 Sicut
3287 3064 3386 3101 au-

1806 3157 1912 3200 tem
1935 3163 2056 3200 cum
2086 3147 2258 3213 sinapi
2288 3155 2448 3211 caput
2475 3143 2612 3195 forte
2659 3141 2958 3195 curandum
2999 3147 3102 3204 est,
3129 3137 3382 3209 jnbemur

1803 3238 2024 3291 abrasos
2047 3236 2270 3304 capillos
2291 3234 2529 3299 demere,
2561 3232 2944 3300 impedimenta
2971 3229 3110 3282 cutis
3137 3228 3386 3280 universa

1802 3327 2094 3395 deponere,
2125 3333 2184 3377 ut
2213 3324 2355 3376 nudo
2384 3324 2599 3389 corpori
2629 3319 2920 3389 perfectius
2962 3317 3226 3371 medicina
3257 3331 3385 3384 pro-

1803 3416 2021 3480 veniat;
2051 3415 2122 3467 ita
2152 3421 2355 3467 etcum
2412 3411 2587 3463 anima
2636 3425 2735 3478 per
2780 3408 2940 3462 ﬁdem
2994 3405 3230 3460 curanda
3281 3415 3385 3471 est,

1802 3506 2140 3574 praecipimur
2165 3502 2520 3558 substantiam
2565 3515 2596 3553 a
2625 3500 2782 3553 nobis
2809 3499 2987 3554 sseculi
3017 3496 3247 3562 auferre,
3280 3498 3385 3551 im-

1801 3595 2105 3664 pedimenta
2145 3592 2259 3646 auri
2307 3591 2625 3659 argentique
2671 3588 2963 3658 deponere,
3005 3594 3064 3641 ut
3093 3595 3118 3622 °
3151 3598 3304 3640 num:
3330 3592 3388 3639 et

1801 3683 1902 3737 soli
1931 3683 2121 3735 anima:
2151 3679 2536 3746 congruentius
2565 3677 2859 3747 spiritualis
2911 3675 3176 3732 medicina
3208 3685 3235 3723 P
3263 3689 3389 3743 pro-

1800 3775 2001 3827 veniat.
2035 3771 2282 3838 Quisquis
2310 3771 2452 3824 enim
2483 3770 2643 3824 rebus
2683 3768 2871 3823 mundi
2892 3777 2948 3822 et
2974 3769 3175 3822 divitiis
3207 3767 3388 3822 saaculi

1802 3863 2090 3917 obvolutus
2111 3869 2212 3926 est,
2240 3862 2366 3916 huic
2396 3861 2520 3916 ﬁdei
2547 3861 2813 3916 medicina
2836 3876 2944 3915 non
2962 3860 3219 3929 proderit.
3245 3858 3388 3926 Ergo

139 3940 300 4000 fronte
321 3948 690 4002 contrahimur
715 3957 772 4002 et
811 3963 1113 4015 movemur,
1142 3957 1196 4002 et
1221 3949 1389 4018 ipsam
1413 3947 1698 4001 salubriw
1725 3950 1770 4011 C
1801 3952 1945 4022 quod
1973 3967 2165 4006 succus
2192 3952 2396 4020 sinapis
2425 3953 2476 4005 in
2503 3965 2756 4020 corpore,
2786 3949 2892 4004 hoc
2919 3946 3050 4004 ﬁdes
3076 3947 3384 4002 Christiana

144 4039 242 4084 tem
290 4039 532 4105 corporis
579 4037 752 4091 nostri
779 4053 904 4092 cum
950 4038 1180 4106 quodam
1212 4036 1340 4091 ﬂetu
1369 4037 1696 4090 austeritatis

136 4121 425 4190 accipimus.
452 4126 606 4181 Illinc
626 4128 768 4181 enim
790 4141 889 4180 nos
914 4126 1216 4180 amaritudo
1237 4134 1543 4195 exasperat,
1565 4126 1696 4179 aeri-

136 4210 296 4265 monia
325 4224 591 4282 penetrat,
619 4215 747 4271 hinc
767 4217 918 4270 calor
955 4217 1096 4284 ignei
1119 4217 1328 4285 saporis
1360 4214 1378 4254 ι
1405 4217 1651 4271 accendit
1675 4258 1692 4285 ,

138 4303 186 4348 et
204 4304 308 4355 toto
328 4305 627 4370 perturbati
667 4319 895 4374 corpore
936 4313 1049 4358 tum
1075 4306 1244 4373 magis
1263 4307 1381 4360 sani
1407 4303 1689 4372 efﬁcimur,

139 4400 243 4441 cum
292 4396 518 4462 amplius
562 4395 928 4463 deploramus.
977 4394 1056 4449 Ita
1107 4409 1240 4463 ergo
1291 4405 1347 4451 et
1393 4411 1515 4450 cum
1572 4395 1696 4450 ﬁdei

139 4475 427 4539 Christiana:
447 4485 701 4542 mandata
725 4487 1067 4556 percipimus,
1093 4485 1476 4539 contristamur
1495 4486 1698 4551 animo,

139 4563 396 4638 afﬂigimur
409 4590 658 4644 corpore,
687 4574 753 4628 ad
775 4575 1038 4645 lacrymas
1056 4584 1093 4610 ἰι
1123 4589 1524 4643 promovemur,
1551 4582 1606 4628 et
1626 4574 1703 4643 ip-

143 4669 242 4711 sam
269 4675 496 4720 nostram
525 4666 750 4720 salutem
781 4681 902 4720 cum
940 4665 1174 4734 quodam
1205 4664 1334 4720 ﬂetu
1374 4680 1440 4720 ac
1463 4679 1699 4721 mmrore

208 4795 231 4825 ι
262 4789 478 4865 lta‘cod.
511 4793 580 4865 99
618 4794 676 4848 S.
719 4793 906 4848 Crucis
932 4794 983 4848 in
1025 4794 1157 4856 Jer.,
1189 4801 1244 4848 et
1275 4794 1377 4846 ΗΞ
1407 4794 1690 4865 Laurent.,

148 4869 306 4932 meret.
330 4861 456 4917 Cod.
492 4864 635 4925 Vat.,
667 4865 916 4932 fervorem
937 4866 1204 4932 attritione
1232 4880 1325 4916 sua
1346 4876 1527 4919 mat-et.

209 4924 232 4962 δ
264 4924 696 5005 Cod._Urbevet._',
729 4931 1113 5005 to_rquetur._l_£t
1132 4935 1362 5005 quamvis
1381 4951 1474 4987 rea:
1501 4936 1694 5005 impro-

151 4989 244 5055 διο.
269 5007 367 5070 etc.
394 4989 712 5064 Interntedia
740 4989 982 5070 phéterit
1015 5001 1103 5064 hic
1131 4989 1252 5056 cod.

213 5074 232 5143 ξ
273 5063 956 5143 ριεξιηῃθ-ῥοίὶλδίῧωοίε
983 5063 1196 5143 itidem,
1231 5072 1512 5143 torquebat.

209 5132 232 5212 ἦ
267 5132 710 5212 ςοᾲηὛρΙιὶςθιιτ,
734 5149 790 5212 ut
809 5139 1049 5212 incendia
1077 5132 1280 5212 majora
1305 5132 1691 5212 superponeret.

1802 4050 1992 4108 agatttr
2017 4042 2068 4094 in
2119 4041 2317 4095 anima.
2366 4040 2472 4095 Sed
2500 4041 2756 4108 quoniam
2802 4040 2856 4093 in
2903 4043 3090 4094 eadem
3119 4038 3388 4093 dominica

1803 4131 2072 4185 sententia
2100 4131 2360 4199 scriptum
2391 4139 2474 4184 est
2499 4130 2527 4168 ι’
2567 4129 2848 4184 assimilari
2875 4142 3102 4196 regnum
3129 4128 3390 4182 caelorum

1802 4231 1970 4286 grano
2015 4219 2234 4287 sinapis,
2267 4219 2412 4288 quod
2433 4227 2717 4288 acceptum
2737 4220 2900 4272 homo
2921 4217 3068 4271 misit
3095 4217 3148 4270 in
3171 4217 3389 4270 hortum

1801 4323 1977 4374 suum,
2009 4315 2065 4363 et
2091 4309 2282 4374 crevit,
2314 4317 2370 4362 et
2400 4308 2538 4363 facta
2567 4317 2652 4362 est
2678 4309 2874 4372 arbor,
2909 4315 2966 4361 et
3011 4306 3264 4361 volucres
3292 4321 3385 4360 re-

1801 4401 2121 4470 quieverunt
2149 4402 2201 4455 in
2248 4401 2414 4454 ramis
2456 4401 2596 4470 ejus,
2629 4410 2651 4437 τ
2699 4399 3010 4467 diligentius
3058 4397 3389 4465 inquiramus

1799 4491 1920 4560 quis
1948 4491 2051 4544 iste
2079 4491 2150 4545 sit
2177 4491 2264 4546 cui
2292 4491 2405 4544 hinc
2433 4498 2625 4544 cuncta
2650 4489 2994 4542 conveniant.
3026 4485 3270 4539 Diximus
3297 4501 3388 4539 su-

1797 4581 1983 4650 perius
2012 4580 2110 4636 SS.
2134 4581 2482 4651 martyribus,
2512 4579 2602 4648 qui
2625 4595 2656 4632 a
2685 4577 2911 4632 diversis
2931 4576 3100 4630 attriti
3120 4583 3244 4630 sunt
3263 4573 3386 4644 pas-

1797 4669 2060 4734 sionibus,
2096 4678 2342 4726 naturam
2371 4669 2572 4739 sinapis
2599 4683 2758 4737 posse
2780 4680 3097 4735 congruere.
3133 4663 3240 4720 Sed
3259 4678 3387 4733 quo-

1798 4794 1990 4874 Codul
2001 4797 2070 4874 7_2
2092 4797 2337 4874 Laurent
2356 4797 2484 4868 legit
2503 4798 2813 4874 Saluatoris.

1877 4866 1890 4937 ἦ
1924 4866 2060 4922 Cod.
2092 4869 2382 4936 Vallicell.,
2411 4866 2578 4937 multa
2603 4867 3001 4937 parui-uarium-

1876 4936 1891 4986 ἱ
1929 4937 2064 4992 Cod.
2091 4937 2355 4991 Vallieell.
2388 4939 2433 4990 A
2455 4936 2508 5002 9,
2534 4936 2636 4990 non
2663 4938 2716 4989 in
2740 4937 3094 4990 consolatione
3119 4937 3380 4989 virtutum.

1872 5003 1896 5042 ι
1914 5006 2046 5061 Cod.
2070 5007 2350 5070 Vallicell.,
2363 5007 2595 5060 eamdem
2609 5008 2844 5058 virtutem
2855 5004 3064 5067 obtinet,
3081 5020 3253 5070 quam.
3271 5015 3378 5058 etc.

1873 5073 1891 5112 ¹
1916 5075 2052 5131 Cod.
2083 5075 2359 5142 Urbevet.,
2382 5077 2700 5137 accenditur,
2730 5085 2781 5128 et
2807 5083 2916 5136 toto,
2939 5074 3237 5144 perturbato
3274 5091 3384 5128 cor

1798 5160 1939 5216 pore.

214 5211 236 5282 ξ
269 5202 429 5262 Codd.
456 5207 516 5262 S.
540 5202 727 5264 Crucis
755 5210 808 5262 in
834 5202 1175 5272 Jerusalem;
1195 5209 1314 5264 Vat.
1329 5202 1385 5265 et
1407 5202 1692 5278 VéllicelL,
1721 5206 1774 5266 D
1799 5202 1810 5216 ’
1869 5224 1908 5251 ω
1930 5215 2062 5269 Cod.
2093 5216 2149 5269 S.
2177 5213 2364 5269 Crucis
2388 5215 2442 5268 in
2460 5211 2606 5282 ,ιρι-η
2630 5229 3000 5282 permoventur.

155 5278 312 5334 potest.

219 5336 236 5374 ί
271 5340 392 5417 C_0_d_.
423 5345 576 5410 Vat.,
605 5347 694 5417 qui
720 5347 850 5417 nihil
883 5358 1080 5410 tamen,
1107 5357 1214 5403 etc.
1246 5347 1379 5403 Cod.
1414 5347 1690 5412 Urbevet.,

158 5414 773 5533 πτίῗιεῗίὲἱξπιξιηιεηίῦοᾱ.
802 5416 1062 5472 Vallicell.
1080 5459 1094 5483 ,
1122 5436 1235 5490 qua:
1257 5420 1386 5472 nihil
1412 5430 1580 5472 tamen
1604 5420 1696 5472 de-

183 5610 191 5619 ,
221 5546 496 5623 "__Ulerque
523 5552 644 5607 cod.
674 5553 731 5608 S.
757 5555 944 5610 Crucis
971 5557 1023 5609 in
1051 5555 1184 5620 Jer.,
1220 5556 1472 5611 Urbevet.
1506 5568 1562 5613 ct
1581 5559 1702 5613 Val-

166 5609 321 5701 ¹ίοιε¹¹λν
346 5609 570 5701 ξεὲαξιιν;

223 5681 246 5720 ⁵
275 5685 429 5760 Codd.
458 5691 514 5744 S.
547 5692 733 5746 Crucis
762 5693 812 5745 in
838 5691 946 5746 Jer.
977 5701 1031 5746 et
1060 5695 1229 5748 Vatic.
1261 5697 1442 5760 legunt
1469 5698 1700 5750 devotio-

167 5764 255 5805 mn
279 5755 590 5816 Laurentium
614 5761 874 5816 Saluatori
895 5761 1146 5832 supplicia
1168 5755 1425 5820 atrociora
1450 5769 1697 5832 fecerunt.

1871 5293 1899 5320 ’³
1935 5283 2171 5352 Uterque
2195 5284 2340 5350 cod.,
2360 5284 2417 5337 S.
2441 5281 2635 5337 Crucis
2658 5283 2709 5335 in
2740 5281 2880 5346 Jcr.,
2902 5285 3058 5336 enim.

1877 5364 1901 5388 υ
1933 5354 2065 5407 Cod.
2096 5370 2129 5406 ι
2159 5351 2435 5416 Laurent.,
2467 5362 2521 5404 ut
2549 5352 2669 5405 inde
2692 5362 2740 5406 et
2767 5353 2865 5404 soli
2887 5354 3096 5406 animat.

1877 5433 1904 5470 ι)
1931 5422 2100 5475 Codd.
2129 5421 2388 5476 Vallicell.
2420 5431 2475 5476 et
2505 5419 2782 5479 Urbevet.,
2809 5423 3098 5474 conveniat.

1871 5494 1903 5540 τι
1933 5491 2101 5544 Codd.
2133 5490 2189 5544 S.
2223 5491 2410 5545 Crucis
2461 5489 2684 5552 in‘Jerq
2734 5488 2987 5543 Urbevet.
3030 5499 3086 5543 et
3135 5489 3374 5540 Vallitel.

1805 5577 1909 5642 non
1937 5562 2200 5639 habentur
2221 5563 2381 5615 verba
2408 5561 2689 5613 assimilari
2711 5575 2919 5628 regnum
2951 5562 3190 5613 ccelorum
3212 5575 3378 5627 grano

1807 5647 2155 5751 8mracod.
2198 5695 2588 5766 Sangallen.-——
2619 5695 2855 5766 Uterque
2883 5695 3004 5748 cod.
3036 5696 3094 5751 S.
3116 5693 3301 5748 Crucis
3330 5695 3384 5747 in

1805 5767 1940 5832 Jcr.,
1971 5786 2002 5821 x
2035 5766 2288 5820 Laurent.
2321 5765 2374 5821 et
2399 5765 2653 5820 Urbcvct.
2685 5765 2768 5819 bis
2797 5775 3002 5818 carent.
