3910 6238
570 326 665 379 Sil

570 524 815 580 volucres
835 529 1216 596 requieverunt
1243 533 1296 586 in
1325 536 1488 590 ramis
1508 537 1643 605 ejus,
1670 541 1900 595 arbitror
1921 543 2023 597 hoc
2043 544 2142 613 ipsi

566 614 783 670 Christo
832 617 1062 673 Domino
1095 623 1290 676 rectius
1316 628 1638 694 comparari,
1667 629 1757 696 qui
1787 633 2057 687 nascendo
2087 634 2141 688 in

567 702 839 759 [nominem
885 707 1194 764 humiliatus
1229 719 1284 764 ut
1313 726 1533 780 granum
1562 725 1665 784 est,
1704 721 2042 776 ascendendo
2071 724 2140 778 ad

565 794 762 849 malum
781 798 1048 854 exaltatus
1072 808 1129 854 ut
1148 802 1310 856 arbor
1335 812 1434 858 est.
1458 804 1694 861 Granum
1718 809 1877 878 plane
1897 812 2141 868 Christus

563 890 649 936 est
671 883 795 938 dum
819 887 1038 955 patitur,
1070 892 1233 945 arbor
1260 902 1342 946 est
1371 909 1492 948 cum
1515 899 1763 965 resurgit.
1796 898 2031 954 Granum
2058 903 2141 956 in-

564 987 725 1041 quam
753 982 856 1039 est,
887 991 1007 1030 cum
1037 977 1231 1034 famem
1260 984 1501 1039 esuriens
1531 996 1554 1022 ε·
1586 989 1830 1043 sustinet.
1861 990 2035 1045 Arbor
2055 1002 2138 1048 est

563 1074 685 1113 cum
714 1063 872 1134 367
901 1066 1137 1135 quinque
1192 1071 1421 1138 panibus
1464 1083 1673 1129 saturat
1708 1079 1942 1149 quinque
1970 1082 2135 1137 millia

565 1148 821 1204 virorum.
853 1152 931 1207 lbi
952 1156 1288 1212 sterilitatem
1314 1160 1548 1217 humana
1578 1148 1885 1223 conditione
1911 1172 2131 1239 patitur,

564 1238 649 1292 hic
667 1241 981 1296 satietatem
1033 1248 1248 1314 propria
1303 1249 1582 1324 divipitate
1629 1255 1869 1324 largitur.
1900 1238 2135 1316 Granum

561 1338 739 1385 autem
767 1331 795 1370 δ
815 1334 1040 1390 dixerim
1071 1338 1375 1409 Dominum,
1399 1358 1527 1397 eum
1548 1345 1806 1414 eseditur,
1833 1353 2134 1407 contemni-

561 1427 668 1487 tur,
700 1421 1032 1491 increpatur;
1068 1437 1090 1465 ε
1116 1429 1362 1485 arborem
1386 1442 1564 1489 autem
1593 1453 1714 1490 eum
1743 1454 1914 1494 caseos
1943 1442 2136 1496 illumi-

562 1520 676 1578 nat,
705 1522 945 1569 mortuos
968 1521 1268 1586 resuscitat,
1300 1533 1518 1590 peccata
1546 1529 1833 1585 eondonat.
1863 1531 2014 1598 Quod
2041 1551 2137 1589 au—

562 1607 670 1652 tem
701 1614 924 1667 granum
966 1607 1057 1673 sit,
1089 1608 1204 1676 ipse
1250 1611 1434 1666 dicens
1464 1615 1516 1668 in
1548 1615 1836 1684 Evangelia
1866 1623 1978 1675 ait:
2011 1622 2134 1679 Nisi

561 1704 780 1756 granum
817 1692 972 1746 tritici
1000 1697 1188 1757 cadens
1216 1700 1269 1752 in
1300 1711 1490 1756 terram
1518 1717 1775 1762 mortuum
1803 1713 1975 1780 fuerit,
2003 1712 2029 1751 ἀ
2061 1717 2135 1785 ip-

557 1791 669 1868 sum
695 1779 863 1832 solum
888 1792 1062 1868 manet
1091 1786 1282 1856 (Joan.
1315 1806 1351 1844 ιι
1369 1792 1411 1860 ).
1451 1792 1617 1862 Hujus
1646 1779 1809 1863 igitur
1824 1779 2002 1868 grani,
2033 1779 2136 1861 hoc
2165 1802 2213 1861 B

555 1863 639 1919 est
661 1866 871 1925 Domini
899 1866 1210 1943 Salvatoris,
1244 1880 1405 1935 veluti
1436 1871 1635 1954 sinapis
1674 1890 2019 1946 acrimoniam
2049 1905 2135 1949 at-

554 1967 660 2021 que
687 1958 1095 2016 amaritudinem
1141 1963 1310 2020 Judaei
1359 1970 1575 2026 minime
1627 1977 1967 2042 sustinentes,
1999 1997 2134 2037 con-

554 2052 888 2114 tempserunt
909 2051 1130 2108 succum
1153 2058 1388 2114 cmlestis
1415 2061 1710 2132 disciplina:
1749 2072 2016 2139 accipere,
2047 2074 2133 2128 di-

553 2144 741 2191 centes
762 2138 1057 2198 illuminato
1079 2145 1154 2198 illi
1176 2162 1318 2203 czeco
1341 2168 1352 2202 :
1382 2150 1455 2204 Tu
1484 2155 1556 2206 sis
1577 2157 1853 2228 discipulus
1873 2138 2017 2231 ejus;
2039 2182 2132 2220 nos

553 2233 728 2280 autent
756 2226 1204 2301 Moysidiscipuli
1230 2253 1404 2292 sumus
1435 2240 1604 2309 (Ibid.
1649 2226 1753 2314 lxi).
1785 2226 2133 2321 Ipsivquoque

553 2312 724 2400 M‘oysi
748 2319 1241 2390 mandata’penitus
1271 2327 1598 2399 ignorantes,
1627 2312 1720 2402 qui
1749 2312 2001 2408 prmeepit
2030 2312 2133 2397 illis

1027 2386 1043 2390 -
1289 2386 1317 2395 ν
1583 2386 1597 2399 ,
1643 2386 1660 2402 ,
1705 2386 1716 2387 κ
1749 2386 2001 2408 Γηητ--
2030 2386 2132 2397 ......

553 2386 692 2459 hanc
719 2409 1130 2466 amaritudinem
1159 2417 1539 2473 eomedendam
1557 2419 1588 2474 ἐ
1621 2440 1740 2478 cum
1781 2425 1999 2485 Pascha:
2028 2433 2132 2490 illis

549 2493 882 2564 celebrandae
909 2514 1248 2557 sacramenta
1277 2505 1605 2578 disponeret,
1637 2515 1714 2568 ait
1741 2533 1753 2567 :
1789 2517 2132 2574 Manducabi-

550 2581 616 2633 tis
667 2582 798 2636 illud
825 2601 941 2638 cum
976 2592 1356 2658 amaritudine;
1387 2595 1596 2652 Pascha
1632 2605 1768 2658 enim
1796 2605 2007 2664 Domini
2055 2624 2132 2666 est

550 2667 761 2737 (Exod.
791 2673 918 2741 xn).
948 2674 1064 2729 Non
1093 2680 1238 2733 enim
1288 2681 1451 2751 (sicut
1495 2687 1569 2740 illi
1594 2692 1806 2764 putant)
1822 2694 1980 2763 jussit
2007 2699 2129 2754 her-

548 2759 738 2815 barum
767 2763 952 2819 vilium
982 2770 1279 2826 acerrimos
1305 2789 1496 2831 succos
1523 2794 1647 2834 cum
1679 2785 1815 2838 assis
1859 2790 1981 2856 agni
2007 2805 2129 2846 car-

541 2849 704 2923 nibus
748 2857 1081 2927 manducari,
1111 2861 1205 2915 sed
1254 2866 1629 2924 mandatorum
1684 2849 2130 2936 Christi'utililer

546 2955 761 2998 amaros
781 2959 1061 3003 sermones
1084 2955 1338 3023 pnecepit
1359 2973 1481 3013 cum
1503 2959 1620 3029 ipso
1645 2977 1985 3026 sacramento
2005 2989 2129 3042 pas-

540 3032 710 3089 sionis
747 3036 1027 3097 dominica
1072 3044 1341 3103 devorari.
1375 3051 1562 3109 Nonne
1595 3066 1617 3094 °
1648 3059 1794 3114 enim
1848 3071 2016 3122 amari
2049 3074 2129 3127 vi-

1595 338 1652 393 S.
1696 339 1934 392 ΜΑΧΙΜΙ
1968 340 2276 399 EPISCOPI
2318 348 2773 413 TAURINENSIS

569 438 710 489 niam
753 436 884 493 dicit
911 439 1208 510 Scriptura,
1238 453 1286 496 et
1315 448 1508 511 crevit,
1541 459 1589 500 et
1618 451 1757 519 facta
1784 461 1858 504 est
1888 454 2061 521 arbor,
2091 462 2144 506 et
2176 461 2217 513 Α
2249 456 2442 514 dentur
2467 478 2679 520 sermon

3719 379 3806 432 5|?

2685 483 2744 524 es
2773 471 2981 529 Domini
3011 491 3130 532 cum
3161 479 3288 534 dicit
3331 501 3343 535 :
3379 484 3438 538 Si
3477 488 3550 538 vis
3571 493 3805 556 perfectus

2245 565 2372 610 esse,
2398 553 2625 626 relinque
2647 561 2820 613 omnia
2861 571 2966 626 tua,
2999 575 3049 618 et
3077 571 3214 634 veni,
3249 588 3460 641 sequere
3486 553 3612 645 me(
3633 553 3802 634 blatta.

2243 654 2332 692 xix
2349 640 2409 710 )?
2433 642 2641 700 Etcum
2661 649 2793 704 dicit
2815 669 2919 705 non
2949 655 3220 712 habendas
3239 640 3372 714 duas
3394 640 3620 727 tunicas,
3646 683 3803 734 neque

2241 746 2448 802 peram,
2498 753 2672 806 neque
2722 743 3087 801 calceamenta
3114 791 3127 813 ,
3183 752 3342 822 368
3363 756 3668 810 amaritudo
3722 758 3805 811 ista

2240 837 2550 882 sermonum
2597 832 2863 888 medicina
2893 845 2976 890 est
3004 839 3319 895 animarum.
3353 843 3508 908 Quod
3539 855 3718 901 autem
3745 851 3810 901 ait

2241 911 2626 983 Evangelium:
2662 919 2815 984 Quod
2859 937 3123 995 acceptum
3159 930 3309 985 homo
3336 935 3493 986 misit-
3518 938 3573 988 in
3619 937 3806 991 hortm

2240 1017 2389 1056 suum
2436 1006 2657 1073 (Matth.
2689 1013 2787 1079 x);
2820 1028 2978 1080 quem
3024 1031 3143 1072 esse
3191 1019 3461 1076 hominem
3495 1027 3637 1080 hunc
3666 1038 3806 1096 puta-

2242 1107 2382 1160 mus,
2407 1096 2499 1164 qui
2527 1107 2807 1169 acceptum
2835 1116 3059 1169 granum
3106 1108 3252 1161 velut
3280 1110 3485 1179 sinapis
3511 1127 3734 1180 granum
3762 1116 3806 1169 in

2237 1197 2336 1237 suo
2380 1185 2595 1253 hortulo
2644 1191 2965 1246 seminavit?
2993 1193 3106 1263 Ego
3155 1197 3300 1250 illum
3331 1216 3452 1254 esse
3497 1203 3728 1256 arbitror
3752 1206 3808 1257 de

2236 1284 2344 1338 quo
2373 1276 2696 1341 evangelista
2726 1279 2891 1334 refert
2918 1299 2930 1334 :
2964 1282 3101 1336 Ecce
3130 1295 3300 1340 autem
3326 1286 3541 1358 Ioseph,
3586 1295 3675 1361 qui
3711 1305 3808 1345 erat

2237 1361 2443 1416 decurio
2469 1365 2533 1417 ab
2580 1366 2902 1435 Arimathea,
2930 1376 3146 1428 accessit
3168 1376 3236 1428 ad
3277 1376 3531 1444 Pilatum,
3563 1392 3736 1449 petens
3760 1395 3806 1436 ut

2237 1450 2522 1532 depositum
2544 1473 2731 1527 corpus
2757 1458 2973 1515 Domini
2992 1466 3227 1533 sepeliret
3259 1467 3420 1537 (Luc.
3448 1472 3598 1539 xxm)
3635 1491 3648 1524 :
3679 1475 3809 1540 quod

2236 1527 2519 1611 acceptum
2569 1547 2786 1602 tradidit
2836 1527 3156 1620 sepulturae,
3191 1527 3310 1624 quie
3339 1558 3394 1611 in
3440 1527 3600 1614 horto
3649 1527 3810 1616 fuerat

2237 1642 2554 1700 praeparata,
2585 1647 2745 1705 atque
2774 1641 2896 1695 ideo
2925 1643 3001 1696 ait
3028 1642 3305 1714 Scriptura
3333 1665 3345 1700 :
3381 1647 3532 1712 Quod
3559 1663 3810 1721 acceptum

2235 1722 2385 1777 homo
2408 1727 2545 1780 misit
2573 1728 2628 1781 in
2661 1730 2864 1784 hortum
2887 1750 3052 1786 suum.
3086 1735 3228 1803 Ergo
3255 1736 3457 1808 Joseph
3480 1740 3674 1796 hortus
3698 1742 3808 1798 llos-

2238 1815 2478 1869 culorum
2502 1827 2620 1872 erat
2639 1819 2865 1876 diversis
2894 1821 3113 1879 floribus
3132 1827 3346 1895 plenus,
3373 1831 3468 1884 sed
3501 1832 3734 1887 necdum
3764 1835 3808 1887 in

2238 1919 2304 1958 eo
2333 1907 2438 1962 tale
2465 1922 2682 1975 germen
2724 1911 3011 1967 inseverat.
3061 1915 3356 1984 Fragrabat
3401 1921 3619 1988 quidem
3657 1923 3676 1960 τ
3701 1939 3810 1993 spe-

2237 1993 2388 2051 cialis
2415 1999 2609 2052 animae
2637 2000 2752 2068 ejus
2770 2001 2962 2059 hortus
3005 2007 3154 2059 varia
3209 2009 3479 2064 suavitate
3527 2012 3809 2076 virtutum,

2235 2087 2328 2140 sed
2359 2103 2458 2141 nec
2497 2089 2624 2142 dum
2672 2089 2943 2144 Christum
2993 2108 3114 2146 cum
3170 2098 3502 2152 aromatibns
3542 2099 3600 2152 in
3650 2102 3810 2155 cordis

2234 2177 2316 2230 sui
2351 2186 2563 2232 secreto
2589 2189 2864 2248 posuerat.
2896 2181 2974 2235 lta
2999 2183 3128 2238 dum
3155 2183 3499 2240 Salvatorem
3529 2189 3586 2242 iu
3618 2190 3808 2243 hortuli

2235 2269 2316 2321 sui
2345 2270 2536 2346 sepelit
2581 2281 2962 2337 monumento,
2993 2275 3163 2344 magis
3208 2277 3355 2330 illum
3385 2278 3438 2331 in
3468 2280 3667 2334 animm
3713 2296 3810 2335 sua:

2235 2357 2436 2411 intimis
2461 2359 2765 2414 collocavit.
2799 2371 2826 2408 ε
2879 2361 3078 2416 Ramos
3108 2372 3286 2418 autem
3318 2365 3478 2434 hujus
3525 2370 3740 2425 arboris
3772 2372 3810 2425 si

2231 2447 2479 2516 requiris,
2512 2449 2773 2515 invenies,
2796 2451 2922 2519 quia
2945 2468 3127 2507 ramus
3155 2462 3238 2508 est
3268 2453 3459 2511 Petrus
3477 2499 3492 2524 ,
3522 2474 3713 2514 ramus
3739 2469 3810 2534 est

2235 2535 2452 2603 Paulus,
2483 2540 2620 2592 rami
2646 2547 2772 2594 sunt
2799 2557 2988 2595 omnes
3015 2545 3247 2612 apostoli
3268 2546 3353 2598 vel
3384 2557 3656 2618 martyres
3679 2549 3727 2610 ",
3754 2551 3809 2604 ad

2231 2642 2386 2696 quos,
2418 2629 2462 2681 si
2483 2629 2605 2696 quis
2630 2643 2690 2683 se
2719 2629 2931 2684 fortiter
2955 2639 3138 2686 tenere
3163 2634 3417 2703 voluerit,
3448 2637 3704 2693 fluctibus
3724 2654 3809 2692 sa:-

2232 2719 2337 2773 euli
2358 2719 2580 2774 minime
2607 2721 3015 2790 submergetur;
3045 2723 3176 2791 quin
3199 2725 3378 2793 potius
3404 2727 3503 2781 sub
3531 2730 3723 2783 umbra
3748 2730 3806 2782 il-

2231 2808 2406 2862 lorum
2429 2809 2643 2864 latitans
2663 2810 2922 2879 gehennte
2959 2827 3068 2866 non
3094 2814 3329 2881 patietur
3364 2817 3644 2882 ardorem,
3677 2834 3807 2872 secu-

2229 2913 2321 2951 rus
2369 2914 2399 2950 a
2428 2898 2707 2953 diabolica:
2757 2901 3088 2970 tempestatis
3118 2904 3352 2972 procella
3371 2946 3387 2971 ,
3416 2903 3431 2942 ί
3464 2913 3522 2960 et
3541 2907 3614 2962 de
3637 2894 3807 2976 judicii

2230 2989 2511 3042 exurentis
2533 2989 2803 3044 incendio.

1903 3159 2248 3230 HOMILIA
2294 3171 2459 3233 CXI.

1619 3245 1772 3311 Quod
1798 3255 1968 3313 simile
1993 3264 2060 3316 sit
2088 3284 2303 3338 regnum
2329 3268 2426 3323 Dei
2457 3270 2728 3340 fermento.

1968 3353 2365 3412 ADMONITIO.

557 3479 573 3498 ~
611 3406 1099 3498 [tatemur‘quidem
1129 3422 1450 3498 descriptam
1481 3429 1756 3488 homiliam
1786 3438 1863 3492 int

538 3546 608 3602 90
630 3550 842 3632 scilicet
853 3562 912 3632 et
939 3554 1028 3632 99,
1051 3557 1284 3632 Maximo
1310 3546 1801 3632 suéiai'ééiuﬁ'i

544 3633 762 3708 [ςιιιειιιςξ
791 3621 1313 3708 utilem-uiatoribus
1326 3621 1552 3690 futuram

537 3683 802 3741 Maxiiniai
831 3691 845 3743 i
873 3693 1184 3764 similitudo,

541 3799 927 3882 ‘Ittill‘I‘IFNTUII.
950 3835 1022 3882 τ-
1041 3808 1310 3882 Plerisque
1332 3830 1387 3868 se

603 3871 760 3964 nullis
931 3875 1121 3964 durum
1136 3871 1442 3964 magistrum
1463 3871 1969 3964 inc’fe'pMATat—siie

445 4001 450 4007 .
495 4018 497 4021 Ι
603 3937 1304 4035 ,ἔαῇρςιξίμςὶξάε
1331 3951 1401 4035 de
1425 3937 2120 4035 ni'g's'inB'IEEsif'er'nm}

495 4018 497 4021 '
589 4060 592 4061 ν
601 4010 853 4076 praeclare
870 4015 1174 4082 copioseque
1192 4019 1421 4077 disserit.

602 4158 670 4214 Et
713 4162 814 4231 ipsi
834 4165 1003 4231 scitis,
1051 4166 1263 4236 fratres,
1303 4176 1448 4241 quod
1495 4193 1564 4233 ex
1591 4195 1696 4249 qua
1723 4183 1811 4240 die
1838 4189 2113 4252 vobiscum

527 4263 647 4304 esse
667 4253 824 4320 cmpi,
859 4270 963 4309 non
993 4259 1196 4314 cessavi
1222 4265 1472 4322 omnibus
1500 4285 1597 4326 vos
1614 4272 1896 4335 dominicis
1919 4282 2111 4340 admo-

524 4354 657 4416 nere
677 4342 968 4409 mandatis,
992 4353 1048 4400 et
1073 4350 1267 4417 partim
1287 4353 1572 4425 hortando,
1601 4365 1796 4431 partim
1827 4368 2109 4443 increpan-

526 4429 617 4493 do,
649 4436 915 4505 preeepta
945 4437 1135 4493 vobis!
1173 4439 1474 4503 Divinitatis
1500 4429 1774 4524 ingerere;
1807 4460 1880 4516 ita
1908 4429 2108 4533 unple-

525 4518 705 4613 risque
733 4521 853 4589 plus
881 4521 907 4561 ιι
954 4534 1110 4594 pater
1161 4529 1370 4602 fuerim,
1422 4518 1695 4599 nonnullis
1736 4518 1915 4607 autem

593 4935 619 5029 Σ
641 4926 1059 5029 (Ζοίίἕιῖίιηέςξιι.
1085 4933 1214 5003 legit
1239 4942 1544 4999 sustinebat.
1591 4949 1775 5019 Arbor,
1805 4972 1920 5010 cum
1946 4961 2100 5029 quin-

523 5011 619 5067 que
643 4998 884 5066 panibus,
912 5006 1017 5055 etc.
1141 4998 1164 5003 ’
1535 4998 1540 4999 ί
1591 4998 1650 5003 ’ἡ
1667 4998 1742 5006 η’
1759 4998 1775 5019 ’
1805 4998 1920 5010 ""-

591 5063 618 5160 ξ
811 5066 1087 5160 Hﬁbgvelt‘?
1121 5072 1353 5160 Granum
1381 5093 1549 5138 autem
1564 5088 1795 5160 sinapis,
1826 5102 1932 5150 etc.

591 5133 803 5222 :Cto'd,
920 5133 1198 5222 S..Crucis
1242 5147 1294 5200 in
1324 5133 2092 5222 Jer.,—dut'¢:ni.wCodex

517 5219 655 5275 vero
675 5205 744 5258 99
764 5206 892 5275 legit
912 5211 1069 5264 arbor
1092 5222 1169 5266 est
1211 5226 1402 5272 autem.

583 5273 608 5310 ἀ
635 5272 692 5326 In
730 5263 958 5360 utroque
1002 5263 1445 5360 codiSiwCruve'is
1467 5292 1517 5345 in
1546 5292 1653 5348 Jer.
1701 5297 1895 5356 desunt
1923 5307 2085 5360 verba
2125 5263 2169 5320 Β

516 5343 883 5425 nisus-iiscum—
905 5359 1095 5425 manet.
1125 5351 1202 5425 lt_a
1231 5363 1286 5408 et
1319 5357 1372 5410 in
1402 5343 1520 5414 eod.

585 5422 609 5450 ⁸
635 5410 872 5498 Uterque
901 5418 1024 5472 eod.
1051 5418 1107 5474 S.
1141 5419 1329 5482 Crticis
1897 5459 1931 5496 x
1953 5442 2080 5498 bibl.

513 5483 766 5538 Laurent.

585 5549 604 5588 ί
631 5549 868 5642 Ηξιίιηιιξ
891 5555 1010 5642 cod.
1044 5556 1311 5642 S._Cr_uci_s
1335 5568 1387 5642 in
1410 5567 1544 5633 ἔοι-η
1575 5576 1878 5642 spiritualis.

632 5619 764 5701 Cod.
782 5619 864 5676 ’10
891 5640 1051 5706 supra
1074 5632 1165 5711 cit.
1194 5634 1319 5718 legit
1338 5619 1544 5694 fliam-os
1941 5651 2084 5706 arbo-

498 5691 570 5740 ris
603 5691 1207 5758 requiramusfinvenies
1231 5691 1349 5773 ἤηία
1384 5691 1575 5776 ramus,
1611 5725 1711 5769 etc.

1373 3450 1450 3530 Erl-‘1':
1482 3450 2226 3530 pqmiliamjpter(sermones
2346 3452 2613 3506 Ambrosii
2651 3452 2842 3530 haberi
2884 3470 3032 3530 num.
3063 3453 3277 3530 5._ed_it.
3309 3457 3511 3530 Paris,
3535 3463 3806 3530 eidemque

1949 3494 2020 3497 _-_
2036 3494 2226 3504 ---ε-,νυ
2254 3494 2310 3504 ν.
2346 3494 2499 3506 ...ι-ν.
2515 3494 2613 3506 νυ..
2653 3494 2842 3507 uua-vva-
2884 3494 3032 3508 "Ia-uo
3063 3494 3116 3510 vo
3147 3494 3277 3510 ιΙ-ιιῠ·
3310 3494 3332 3510 ι
3353 3494 3480 3514 «ιιιδ-
3535 3494 3727 3516 τιυσιιιι
3751 3494 3803 3517 uc

1333 3494 1461 3548 bibl.
1491 3498 1648 3592 μιαν.
1682 3508 1876 3574 saepius
1891 3527 2223 3592 memorato.
2262 3519 2459 3592 Verum
2491 3529 2869 3592 cumrute_rque
2909 3523 3077 3578 codex
3109 3525 3167 3578 8.
3194 3526 3383 3581 Crucis
3411 3530 3466 3582 in
3492 3494 3803 3592 :lerusalelm,

1803 3581 2101 3666 estimonio'
2122 3588 2306 3679 innixi,
2340 3588 2398 3643 S.
2445 3591 2661 3658 praesuli
2684 3581 3039 3679 LTa'urilnensi.
3059 3593 3802 3679 adjudicinnlam‘censemus,

1855 3688 1870 3710 ,
1883 3666 1972 3739 lex
1990 3657 2322 3739 variantibus
2343 3657 2654 3739 correctam
2684 3659 2829 3715 hanc
2857 3657 3140 3716 homiliam
3158 3664 3422 3732 proferre.
3450 3669 3678 3724 Accedit
3695 3657 3803 3739 styli

1879 3717 2154 3792 Evangelii
2179 3727 2454 3795 ingeniosa
2475 3728 2721 3782 facilitas.

1413 3828 1612 3899 patrem
1657 3823 1933 3910 hortando,
1983 3847 2116 3910 non_-
2145 3837 2191 3898 C
2224 3835 2604 3903 prmdicatiohe
2632 3851 2752 3891 mea
2781 3852 3091 3906 percussam
3139 3855 3260 3896 esse
3307 3842 3613 3910 condoluit.
3661 3848 3802 3902 dum—

2220 3925 2382 3981 modo
2403 3926 2516 3980 sive
2539 3926 2759 3996 pietate,
2782 3929 2896 3984 sive
2916 3945 3140 3984 censura
3169 3929 3414 3989 Christus
3452 3933 3462 3971 '
3521 3940 3800 3993 annuntia-

2222 4024 2307 4068 tur
2332 4016 2385 4069 in
2415 4016 2569 4071 vobis
2600 4034 2613 4069 :
2639 4019 2883 4086 quamvis
2910 4027 2966 4074 et
2990 4021 3104 4088 ipsa
3133 4035 3362 4076 censura
3382 4024 3453 4077 sit
3478 4026 3678 4094 pietas,
3693 4043 3801 4096 qum

2218 4106 2343 4161 ideo
2402 4108 2545 4164 circa
2598 4109 3012 4178 negligentiores
3039 4108 3176 4167 ﬁlios
3197 4113 3501 4181 adhibetur,
3529 4127 3594 4172 ut
3622 4121 3802 4174 timore

2213 4195 2448 4263 discant,
2473 4196 2618 4264 quod
2637 4212 2824 4254 amore
2852 4199 3216 4268 neglexerant.
3237 4212 3278 4240 ω
3299 4203 3432 4258 Nam
3457 4208 3610 4275 quod
3623 4225 3800 4265 omnes

2219 4287 2357 4341 lilios
2381 4303 2491 4342 non
2517 4289 2796 4357 :equaliter
2822 4291 3008 4360 diligat
3032 4302 3206 4363 pater,
3235 4296 3330 4351 sed
3349 4298 3496 4365 quod
3525 4300 3798 4369 indulgen-

2219 4381 2289 4460 tia
2315 4384 2490 4452 patris
2517 4384 2589 4438 sit
2613 4399 2712 4453 pro
2739 4386 3051 4448 diversitate
3075 4403 3285 4444 morum
3305 4392 3562 4448 exhibere
3589 4405 3615 4431 ιι
3643 4396 3798 4465 patris

2214 4454 2487 4539 affectum,
2520 4482 2581 4528 ut
2607 4475 2860 4530 blandum
2908 4477 3074 4532 lilium
3101 4479 3480 4538 exhortatione
3518 4454 3791 4554 provocet.

2211 4566 2583 4618 contumacem
2602 4578 2736 4619 vero
2755 4567 3070 4620 austeritate
3093 4571 3412 4637 conveniat;
3434 4571 3504 4627 de
3524 4575 3793 4641 utriusque

2211 4657 2391 4704 tamen
2443 4653 2779 4708 correctione
2827 4669 3067 4720 securus,
3125 4659 3378 4726 quoniam
3425 4661 3572 4718 hunc
3618 4679 3792 4718 amore

2169 4743 2478 4809 .verberat,
2511 4731 2660 4799 illum
2684 4747 2972 4802 severitate
3000 4749 3254 4818 castigat;
3285 4751 3425 4806 sicut
3457 4753 3537 4807 ait
3564 4755 3790 4824 Apostoo

2209 4833 2294 4890 lus
2326 4853 2338 4888 :
2372 4833 2554 4891 Omnis
2574 4838 2778 4907 quidem
2799 4840 3075 4909 disciplina
3095 4843 3150 4896 in
3178 4847 3421 4912 praesenti
3466 4864 3574 4902 non
3602 4850 3784 4903 videtur

2204 5033 2244 5089 s
2277 4964 2302 5088 1;
2336 4966 2569 5051 Uterque
2595 4972 2716 5026 cod.
2749 4971 2805 5027 S.
2855 4973 3040 5029 Crucis
3070 4976 3123 5030 in
3164 4973 3483 5042 Jerusalem,
3532 4992 3781 5051 martyres

2249 5052 2280 5087 a
2306 5047 2518 5089 valens.

2249 5047 2518 5092 ateatoris.

2278 5105 2293 5141 ί
2329 5106 2455 5227 {huc
2475 5109 2679 5165 addunt
2706 5119 2933 5182 uterque
2953 5113 3125 5169 codex
3155 5114 3367 5172 Sanctte
3393 5116 3583 5175 Crucis
3613 5121 3663 5174 in
3693 5119 3775 5174 ιε.

2278 5189 2324 5226 sa
2350 5192 2456 5227 em.

2199 5187 2456 5229 rusalem.

2271 5245 2286 5313 ψ
2323 5242 2559 5313 Uterque
2587 5249 2706 5302 cod.
2741 5249 2798 5304 S.
2828 5251 3016 5305 Crucis
3042 5253 3095 5306 in
3115 5253 3226 5308 Jer.

2266 5309 2291 5392 ξι
2315 5312 2456 5392 90d.
2662 5316 2847 5374 Crucis
2874 5321 2929 5374 in
2949 5321 3082 5384 Jer.,
3108 5325 3292 5392 frater.

2269 5379 2283 5419 ¹
2311 5381 2442 5454 Cod.
2480 5386 2564 5438 10.
2599 5385 2875 5453 Laurent.,
2908 5379 3245 5446 annuntietur
3269 5397 3323 5454 in
3353 5395 3520 5449 nobis.

2261 5461 2298 5486 π’
2329 5450 2563 5521 Uterque
2618 5457 2737 5510 cod.
2788 5450 3062 5516 S.'Crueis
3107 5463 3160 5516 in
3201 5450 3310 5518 Jer.
3342 5474 3396 5517 et
3423 5465 3491 5517 l0
3522 5466 3764 5520 Laurent.

2189 5519 2337 5594 legit_
2346 5539 2363 5594 _:
2400 5519 2522 5576 Non
2549 5525 2706 5594 quod.

2261 5599 2284 5624 υ
2319 5589 2703 5678 [interque/30d.
2818 5594 3004 5678 Crucis
3034 5599 3086 5678 i_n
3116 5598 3248 5678 lor...
3272 5603 3501 5678 pietatis.
3529 5605 3659 5659 Cod.
3682 5616 3764 5678 mt-

2189 5659 2296 5711 t'em
2332 5659 2416 5742 I‘IIO
2472 5661 2718 5741 Laurent.
2758 5665 2883 5730 legit
2912 5666 3066 5742 :__Sed
3093 5659 3570 5742 quadriiugis-gentia
3610 5675 3758 5741 put-i5

2187 5745 2278 5789 pro
2310 5730 2600 5783 diversitate
2625 5748 2820 5787 morum
2849 5737 3089 5791 exhibere
3106 5730 3599 5808 'pietatis'afectum.
