3910 6238
111 315 205 368 Si?»

1534 291 1815 345 llOMlLlA
1852 291 1983 347 CXI.

3270 290 3373 344 5H

106 438 208 476 esse
240 420 436 492 gaudii,
465 417 558 471 sed
587 414 851 476 ηιωνονὶδ;
881 416 1057 479 postea
1078 422 1194 459 vero
1226 406 1447 475 fructum
1492 402 1679 471 paci/i-
1713 410 1756 461 Λ
1790 401 2058 470 faciatque
2086 404 2464 471 conjunctione
2491 405 2571 458 sui
2600 404 2781 458 utilem
2811 418 3063 466 massam,
3096 402 3239 472 quod
3260 420 3379 473 pr0<

107 527 218 564 cum
244 490 566 562 exercitatis
612 519 703 572 per
730 518 844 554 eam
867 509 890 536 α
922 496 1098 551 reddet
1113 495 1332 565 justitia:
1357 491 1544 560 (Hebr.
1569 490 1686 556 xu).

112 600 268 666 Igitur
306 597 566 665 quoniam
616 600 698 645 tot
753 588 1069 644 tractatibus
1116 585 1252 637 meis
1279 579 1567 651 profecisse
1594 592 1693 631 vos

112 686 287 751 credo,
328 686 459 739 libet
508 682 751 751 quaedam
805 678 957 732 vobis
980 676 1278 729 divinarum
1307 671 1574 725 disserere
1599 668 1692 721 lit-

118 787 366 838 terarum,
392 782 452 827 ut
482 772 773 837 intelligam
804 769 828 806 δ
851 766 994 836 quod
1028 766 1078 820 id
1105 763 1249 833 quod
1274 761 1521 825 dixerim,
1571 758 1694 812 ﬁdei

116 866 395 917 vivacitate
422 861 667 929 capiatis.
692 859 780 911 Ait
801 857 1054 911 Dominus
1078 854 1131 907 in
1154 858 1343 907 sancto
1366 847 1691 932 Evangelio:

118 953 206 1007 Cui
226 954 391 1007 simile
421 949 685 1005 testimabo
707 963 919 1017 regnum
949 944 1084 996 Dei?
1112 942 1295 996 Simile
1325 948 1401 993 est
1424 930 1695 1009 fermento,

120 1043 249 1112 quod
294 1051 561 1109 acceptum
588 1038 770 1090 mulier
807 1032 1078 1087 abscondit
1102 1033 1157 1084 in
1192 1030 1386 1101 fmina,
1410 1028 1567 1081 donec
1591 1028 1698 1096 fer—

122 1140 398 1184 mentatum
437 1138 514 1182 est
550 1137 710 1181 totum
742 1124 892 1196 (Luc.
925 1122 1059 1190 xm).
1094 1120 1361 1174 Fermenti
1404 1118 1511 1171 vim
1540 1125 1701 1185 atque

125 1222 369 1274 virtutem
418 1217 665 1271 omnibus
709 1226 891 1268 notam
921 1226 1041 1267 esse
1072 1226 1176 1264 non
1205 1209 1421 1264 dubium
1443 1217 1542 1263 est.
1567 1207 1703 1265 Nam

127 1325 241 1365 cum
267 1310 335 1362 sit
356 1306 721 1375 magnitudine
743 1318 983 1373 parvum,
1017 1300 1197 1369 specie
1225 1299 1471 1367 simplex,
1510 1305 1699 1350 natura

128 1412 403 1453 commune
435 1405 636 1449 tantam
680 1391 1047 1448 fortitudinem
1096 1389 1420 1442 intrinsecus
1459 1387 1613 1453 gerit,
1644 1392 1705 1438 ut

128 1502 241 1541 cum
260 1486 598 1540 reconditum
628 1483 806 1541 fuerit,
836 1491 859 1519 ο
887 1494 1078 1535 succus
1094 1478 1211 1555 ejus
1235 1478 1338 1531 hoc
1368 1485 1537 1529 totum
1559 1490 1703 1529 mas-

126 1592 236 1630 sam
264 1575 426 1630 faciat
453 1590 575 1629 esse
594 1574 737 1642 quod
758 1574 871 1642 ipse
897 1577 997 1635 est,
1026 1578 1080 1623 et
1111 1571 1182 1623 ita
1212 1574 1425 1637 semper
1443 1565 1469 1603 ά
1497 1567 1705 1620 univer-

128 1682 235 1720 sum
265 1666 535 1719 cumulum
561 1664 895 1732 aspersionis
919 1662 1078 1732 370
1105 1675 1212 1715 sua:
1240 1660 1421 1727 vigore
1435 1658 1701 1722 dill'uudit,

1796 492 1912 559 pria
1941 491 2292 545 dissolutione
2321 492 2599 546 videbatur
2620 493 2825 546 inutile.
2856 492 2947 547 Sic
2973 505 3102 560 ergo
3122 498 3177 545 et
3202 492 3383 545 Domi-

1796 595 1896 633 nus
1922 578 2075 633 Jesus
2104 580 2365 645 Christus,
2397 595 2521 635 cum
2551 589 2696 635 esset
2744 581 2904 635 totius
2932 581 3112 635 mundi
3144 580 3378 635 femen-

1797 674 1949 734 tum,
1993 668 2217 723 diversis
2265 670 2600 737 passiouibus
2644 669 2975 731 confractus,
3023 670 3289 724 laceratus
3328 678 3381 723 et

1797 759 2088 814 dissolutus
2115 768 2214 824 est,
2247 768 2301 814 et
2343 776 2531 815 succus
2573 760 2688 828 ejus
2730 776 2828 829 pro
2853 760 3026 813 salute
3057 767 3259 824 nostra,
3287 758 3377 827 qui

1798 857 1881 904 est
1908 850 2177 919 pretiosus
2202 850 2439 917 sanguis,
2484 848 2681 904 ell‘usus
2710 860 2812 913 est,
2844 857 2903 903 ut
2931 848 3260 903 admixtione
3298 849 3381 901 sui

1800 955 1961 995 omne
1990 955 2158 1010 genus
2197 943 2486 995 humanum
2528 942 2802 1006 solidaret,
2841 942 2984 1011 quod
3028 957 3127 1011 per
3176 940 3384 995 diversa

1802 1041 1927 1086 ante
1953 1033 2247 1087 resolutum
2263 1032 2498 1100 jacebat.
2524 1034 2678 1104 371
2704 1031 2794 1087 Sic
2815 1033 2958 1086 enim
2979 1032 3127 1086 velut
3153 1030 3383 1085 fermen-

1806 1130 1915 1177 tum
1937 1123 2202 1192 quoddam
2232 1139 2350 1188 nos,
2374 1124 2463 1193 qui
2507 1125 2673 1197 farina
2705 1139 2771 1177 ex
2800 1124 3047 1191 gentibus
3074 1122 3387 1177 videbamur

1804 1229 1942 1277 esse,
1968 1214 2304 1269 adlnesimus.
2334 1214 2461 1276 Nos,
2488 1214 2724 1282 inquam,
2755 1215 2847 1283 qui
2877 1229 2973 1283 per
3004 1221 3172 1267 totum
3200 1212 3385 1267 orbem

1804 1303 2029 1371 dspersi
2056 1311 2112 1357 et
2152 1304 2396 1357 diminuti
2445 1304 2655 1372 penitus
2691 1291 3016 1370 jacobamus,
3048 1303 3232 1370 vigore
3258 1317 3384 1371 pas-

1806 1393 1972 1446 sionis
2017 1390 2215 1445 Christi
2272 1392 2322 1445 in
2368 1382 2745 1461 ipsius'eorpus
2772 1391 2973 1446 redacti
2994 1406 3214 1455 sumus;
3247 1392 3387 1444 sicut

1806 1482 1995 1535 beatus
2023 1481 2311 1551 Apostolus
2340 1483 2414 1536 ait
2443 1500 2455 1534 :
2503 1480 2760 1546 Quoniam
2786 1499 2963 1537 sumus
2992 1498 3174 1552 corpus
3200 1480 3391 1535 Christi

1807 1581 1856 1625 et
1882 1573 2108 1625 membra
2131 1571 2343 1643 (Ephes.
2374 1572 2450 1642 v).
2480 1572 2588 1627 Nos
2611 1574 2789 1641 igitur,
2832 1574 2925 1641 qui
2969 1588 3039 1628 ex
3085 1573 3392 1627 nationibus

1808 1662 1862 1715 in
1910 1662 2145 1730 pulveris
2185 1662 2405 1716 modum
2454 1678 2483 1717 e
2538 1662 2672 1717 facie
2695 1663 3050 1731 jactabamur,
3083 1664 3394 1731 aspersione

129 1767 183 1827 ut
210 1773 420 1811 omnem
474 1758 647 1824 ipsam
693 1754 1114 1822 magnitudinem
1142 1751 1358 1821 pollinis
1406 1748 1566 1803 iaciat
1593 1748 1701 1802 fer-
1738 1761 1779 1818 Β
1807 1753 2081 1821 sanguinis
2106 1752 2314 1807 Domini
2338 1754 2391 1810 in
2413 1769 2645 1808 massam
2677 1753 2961 1808 soliditatis
2990 1753 3107 1822 ejus
3127 1768 3386 1821 aggrega-

128 1857 378 1911 mentum,
412 1862 475 1899 ac
527 1846 605 1899 sic
642 1860 727 1897 res
776 1845 887 1912 ipsa
931 1841 1240 1895 fortitudine
1260 1856 1353 1895 sua
1383 1841 1578 1893 molem
1605 1839 1706 1892 sibi

130 1938 324 2004 proprii
348 1937 547 2004 vigoris
575 1936 823 2004 acquirit.
852 1933 967 1987 lloc
995 1942 1171 1987 autem
1205 1932 1405 1986 faciunt
1433 1932 1703 1995 mulieres,

133 2033 184 2076 ut
213 2025 335 2078 viris
364 2025 477 2079 suis
507 2024 859 2078 salubriorem
882 2037 1077 2091 panem
1112 2029 1168 2075 et
1202 2022 1381 2076 cibum
1411 2021 1595 2073 utilem
1624 2020 1706 2072 di-

132 2114 342 2179 ligenter
370 2114 693 2167 exhibeant.“
714 2111 822 2165 Sed
872 2112 1125 2179 quoniam
1153 2111 1238 2166 lex
1279 2109 1571 2179 spiritualis
1599 2116 1701 2173 est,

130 2211 180 2254 et
223 2202 570 2271 Evangelium
615 2213 637 2239 ο
670 2202 1021 2271 spiritualiter
1068 2203 1443 2270 parabolarum
1500 2200 1710 2254 ratione

134 2292 382 2356 subsistit,
418 2293 691 2346 videamus
713 2292 843 2360 quid
866 2293 936 2345 sit
961 2290 1302 2355 fermentum,
1333 2307 1450 2359 qua:
1497 2291 1708 2354 mulier,

134 2384 253 2451 quid
281 2383 471 2437 farina.
505 2383 756 2451 Legimus
778 2383 829 2436 in
852 2382 1143 2450 Evangelio
1178 2400 1189 2435 :
1222 2381 1343 2435 Nisi
1366 2398 1585 2453 granum
1619 2383 1712 2433 tri-

134 2475 213 2526 tici
234 2477 419 2527 cadens
450 2476 504 2526 in
531 2485 721 2527 terram
747 2483 1003 2528 mortuum
1032 2474 1204 2543 fuerit,
1228 2474 1398 2541 ipsum
1419 2472 1585 2524 solum
1605 2489 1715 2524 ma—

134 2574 243 2627 net;
274 2567 315 2617 si
349 2575 521 2617 autem
542 2574 797 2617 mortuum
827 2565 1001 2634 fuerit,
1027 2563 1241 2615 multum
1284 2564 1507 2632 fructum
1554 2562 1708 2629 aﬂ‘ert

136 2650 301 2719 (Joan.
345 2654 463 2723 xu).
514 2652 655 2720 Ergo
691 2653 736 2706 si
784 2653 1019 2705 triticum
1062 2652 1333 2715 Dominus,
1367 2660 1422 2705 et
1448 2650 1711 2705 Dominus

135 2752 209 2795 est
254 2742 593 2806 fermentum,
655 2742 778 2810 quia
828 2741 1149 2796 fermentum
1181 2741 1392 2795 nonnisi
1433 2741 1500 2795 de
1528 2742 1709 2795 tritico

138 2832 243 2887 fieri
288 2836 444 2899 solet,
476 2843 622 2888 recte
650 2848 780 2902 ergo
817 2832 835 2870 ί
870 2832 1132 2887 fermento
1160 2831 1405 2885 Christus
1433 2847 1712 2901 compara-

137 2929 234 2985 tur,
280 2923 368 2990 qui
419 2938 544 2976 cum
576 2930 716 2975 esset
745 2921 925 2989 specie
953 2922 1134 2985 homo,
1164 2919 1462 2979 humilitate
1492 2935 1709 2988 parvus,

138 3011 487 3067 imbecillitate
510 3011 769 3080 deiectus,
804 3019 950 3064 tanta
972 3011 1294 3064 intrinsecus
1317 3009 1594 3078 sapientia:
1614 3009 1715 3062 vir-

1808 1859 1945 1896 mur.
1980 1842 2174 1896 Mulier
2202 1852 2380 1897 autem
2411 1844 2519 1908 illa,
2552 1858 2672 1911 quze
2722 1843 2916 1897 dicitur
2964 1844 3293 1899 abscondere
3340 1844 3392 1896 in

1806 1935 1975 1988 farina
2003 1934 2339 1995 fermentum,
2366 1950 2483 2002 qua:
2506 1942 2607 2002 est,
2632 1935 2730 1988 nisi
2752 1934 2809 1988 S.
2833 1934 3092 1995 Ecclesia,
3117 1949 3236 2001 qua:
3260 1950 3396 2001 qun-

1808 2024 1937 2077 tidie
1986 2023 2285 2077 doctrinam
2315 2025 2509 2079 Christi
2560 2026 2610 2077 in
2661 2024 2911 2078 cordibus
2943 2024 3138 2077 nostris
3168 2031 3397 2077 conatur

1809 2114 2343 2185 abscondere‘ilpsa,
2377 2117 2614 2184 inquam,
2664 2124 2741 2170 est
2792 2116 2984 2169 mulier
3034 2130 3152 2183 qua:
3200 2116 3306 2169 alio
3339 2116 3391 2169 in

1813 2203 1931 2258 loco
1954 2204 2115 2257 etiam
2138 2203 2342 2259 molere
2364 2205 2577 2269 dicitur,
2609 2206 2747 2259 sicut
2774 2205 2849 2258 ait
2881 2205 3137 2259 Dominus
3162 2222 3192 2257 ε-
3224 2204 3395 2258 Erunt

1810 2294 1927 2347 dum
1973 2295 2246 2359 molentes,
2296 2311 2401 2347 una
2448 2306 2763 2358 assumetur,
2821 2303 2870 2347 et
2922 2311 3026 2347 una
3077 2295 3395 2365 relinquetur

1815 2382 2028 2452 (Matth.
2054 2384 2221 2454 XXIV).
2247 2383 2397 2437 Molit
2425 2385 2565 2438 enim
2590 2383 2645 2437 S.
2673 2383 2911 2438 Ecclesia
2954 2399 3051 2451 per
3080 2384 3269 2450 legem,
3295 2399 3395 2451 per

1812 2474 2107 2542 apostolos,
2158 2490 2256 2543 per
2300 2476 2611 2543 prophetas,
2642 2490 2761 2529 cum
2793 2476 3211 2529 catechumenos
3241 2472 3386 2536 facit,

1813 2572 1868 2617 et
1887 2566 2228 2632 asperitatem
2256 2565 2567 2631 gentilitatis
2593 2564 2819 2632 dissipat
2848 2574 3009 2631 atque
3051 2563 3392 2643 comminuit,

1814 2661 1873 2707 ut
1894 2655 2140 2708 emolitos
2169 2669 2263 2708 eos
2292 2655 2343 2707 in
2383 2654 2567 2707 farinm
2598 2654 2835 2716 modum,
2869 2662 3023 2721 aptos
3057 2649 3075 2689 ι
3110 2651 3269 2707 faciat
3297 2652 3399 2707 do-

1812 2745 1995 2797 minici
2022 2745 2295 2810 sanguinis
2336 2744 2630 2798 adhaerere.
2662 2743 3006 2797 Fermentum
3035 2743 3175 2797 enim
3206 2742 3400 2798 dixerit

1813 2832 1934 2887 ﬁdei
1950 2840 2116 2887 totam
2139 2832 2346 2887 Domini
2369 2833 3053 2902 passionem.Fermentum
3075 2833 3216 2885 enim
3239 2834 3400 2904 372

1812 2924 2000 2979 salutis
2023 2932 2218 2977 nostra:
2246 2930 2328 2977 est
2355 2924 2626 2994 symbolus
2656 2926 2789 2993 ipse,
2816 2924 2852 2959 ἀι
2882 2924 2975 2992 qui
3002 2924 3248 2987 traditur,
3281 2924 3398 2977 sine

1814 3030 1920 3083 quo
1943 3014 2205 3068 fermento
2225 3015 2308 3067 vel
2336 3014 2581 3083 symbolo
2611 3030 2769 3068 nemo
2806 3021 2987 3083 potest
3026 3014 3148 3067 vita:
3186 3022 3401 3067 aeterna:

138 3108 241 3155 tute
267 3104 521 3170 pollebat,
551 3111 610 3156 ut
638 3103 879 3157 doctrina
911 3102 1077 3170 ipsius
1105 3101 1335 3155 mundus
1364 3101 1480 3169 ipse
1505 3100 1591 3152 vix
1620 3114 1707 3153 ca-
1735 3104 1780 3163 C
1813 3102 2167 3156 substantiam
2220 3102 2537 3169 promereri.
2598 3101 2664 3155 Et
2710 3102 2835 3170 quia
2891 3101 3024 3155 duas
3054 3101 3400 3169 Evangelimn

139 3203 291 3258 pcret,
330 3196 419 3261 qui
449 3209 573 3247 cum
602 3208 662 3247 se
699 3194 861 3261 erepit
884 3208 980 3261 per
1007 3199 1177 3246 totum
1205 3191 1391 3245 orbem
1417 3189 1711 3242 divinitatis

140 3285 305 3349 vigore
331 3284 651 3347 diffundere,
684 3286 867 3338 statim
897 3294 923 3332 ε
961 3299 1122 3339 omne
1146 3284 1423 3338 hominum
1450 3296 1619 3351 genus
1657 3283 1711 3335 in

139 3372 473 3427 substantiam
507 3390 658 3427 suam
688 3374 768 3427 sui
799 3382 1070 3443 potestate
1090 3375 1377 3442 protraxit,
1408 3381 1469 3427 ut
1496 3382 1553 3427 et
1576 3371 1604 3409 ιι
1633 3373 1715 3440 ju-

142 3476 253 3527 gum
299 3463 531 3533 Spiritus
556 3466 635 3518 sui
664 3467 837 3519 sancti
875 3464 1178 3518 infunderet
1207 3466 1472 3530 omnibus,
1504 3466 1605 3519 hoc
1633 3476 1716 3520 est

140 3550 457 3610 Christianos
501 3565 725 3611 cunctos
780 3555 981 3611 faceret
1009 3560 1125 3609 esse
1154 3557 1296 3623 quod
1338 3556 1582 3610 Christus
1610 3565 1711 3611 est.

144 3642 265 3698 Nam
300 3645 313 3681 ί
348 3647 492 3713 quod
550 3647 712 3700 homo
743 3647 1001 3701 Dominus
1045 3646 1200 3702 Iesus
1240 3656 1295 3701 et
1328 3647 1473 3701 solus
1497 3656 1640 3701 esset
1663 3648 1713 3700 in

146 3734 350 3796 mundo,
411 3744 665 3803 tanquam
713 3734 1030 3789 fermentum
1075 3736 1125 3789 in
1157 3752 1329 3790 massa
1360 3735 1712 3799 reconditum,

146 3823 406 3878 universos
436 3826 682 3878 homines
708 3826 954 3893 praestitit
976 3840 1095 3878 esse
1118 3826 1259 3893 quod
1292 3826 1405 3893 ipse
1429 3834 1526 3879 est.
1562 3823 1717 3889 Quis-

146 3912 256 3976 quis
285 3913 441 3979 igitur
475 3917 487 3964 ἐ
532 3914 608 3966 illi
641 3914 900 3968 fermento
929 3913 1126 3968 Christi
1156 3914 1455 3978 adhazserit,
1490 3913 1718 3968 efficitur

148 4006 197 4051 et
222 3999 333 4068 ipse
364 4001 685 4054 fermentum
712 4010 817 4054 tam
848 4001 947 4055 sibi
971 4002 1114 4054 utilis
1141 4017 1302 4069 quam
1330 4001 1553 4055 idoneus
1602 4001 1719 4053 uni-

152 4090 336 4153 versis;
368 4101 419 4143 et
438 4091 506 4144 de
534 4106 632 4145 sua
656 4099 833 4144 certus
861 4091 1055 4154 salute,
1081 4100 1136 4143 et
1159 4091 1226 4144 de
1247 4092 1471 4144 aliorum
1498 4091 1722 4158 acquisi-

152 4177 283 4232 tione
306 4196 542 4235 securus.
576 4179 726 4234 Sicut
753 4181 911 4248 igitur
941 4181 1283 4243 fermentum,
1314 4196 1433 4235 cum
1459 4183 1510 4235 in
1541 4198 1723 4235 cumu-

153 4266 249 4319 lum
278 4270 737 4339 conspergendum
763 4278 844 4324 est
866 4269 1177 4334 farinarum,
1195 4270 1565 4337 confringitur,
1582 4287 1724 4324 com-

155 4356 413 4423 minuitur,
441 4360 839 4432 dissipatur,_et
885 4360 1057 4428 ipsum
1104 4374 1264 4413 omne
1293 4358 1631 4422 dissolvitur;
1666 4368 1723 4413 nt

1814 3191 2389 3254 describit’molentes,
2442 3200 2605 3258 atque
2652 3207 2813 3245 unam
2844 3187 3140 3245 Ecclesium
3166 3193 3401 3246 diximus

1812 3280 2094 3334 salubriter
2116 3280 2347 3344 molere;
2373 3281 2617 3345 alteram,
2640 3296 2799 3349 quam
2829 3282 3042 3334 nonnisi
3062 3282 3401 3351 Synagogam

1817 3372 2063 3439 accipere
2090 3371 2379 3425 debemus?
2408 3371 2557 3424 Mnlit
2586 3373 2727 3425 enim
2752 3373 2941 3441 etipsa
2966 3388 3062 3441 per
3102 3373 3321 3443 Moysen
3348 3382 3403 3427 et

1815 3463 2125 3531 prophetas,
2158 3462 2252 3516 sed
2283 3462 2543 3517 inutiliter
2568 3465 2739 3529 molit,
2772 3466 2912 3519 sicut
2942 3464 3071 3519 dicit
3114 3464 3406 3533 Apostolus

1816 3551 1884 3605 de
1919 3550 2115 3605 Judteis
2148 3569 2160 3603 :
2218 3552 2613 3606 :emulationem
2659 3554 2757 3608 Dei
2801 3554 3020 3617 habent,
3053 3554 3146 3608 sed
3176 3570 3284 3607 non
3313 3569 3403 3609 se-

1818 3641 2051 3694 cundum
2102 3642 2403 3694 scientiam.
2448 3643 2733 3707 lnutililer,
2779 3645 3195 3712 inquam,molit
3229 3645 3403 3714 Syna-

1817 3744 1973 3800 goga,
2003 3732 2127 3800 quia
2174 3747 2403 3786 massam
2434 3750 2583 3787 suam
2632 3734 2827 3791 Christi
2857 3736 3099 3789 doctrina
3129 3752 3235 3789 non
3259 3745 3395 3788 tem-

1818 3830 1992 3891 perat.
2016 3821 2190 3889 Atque
2212 3822 2332 3876 ideo
2362 3824 2667 3878 evitandum
2695 3826 2934 3893 pran-ipit
2974 3824 3270 3895 Synagoga:
3300 3825 3408 3879 Do-

1819 3913 1996 3965 minus
2024 3927 2143 3966 esse
2172 3912 2493 3967 fermentum
2526 3914 2709 3971 dicens
2738 3934 2749 3967 :
2783 3914 2967 3968 Cavete
2989 3932 3075 3969 vos
3102 3932 3133 3967 a
3157 3917 3408 3986 {erumna

1822 3998 2208 4058 Plzarisreorum
2233 4004 2447 4075 (Matth.
2482 4006 2557 4075 ι).
2591 4006 2967 4075 Temperatum
2997 4014 3081 4060 est
3108 4007 3252 4060 enim
3282 4021 3407 4059 san-

1822 4096 2071 4163 guinibus
2109 4104 2165 4150 et
2193 4097 2601 4151 crudelitatibus
2642 4097 2950 4165 Judmorum
3004 4098 3294 4152 dicentium
3344 4100 3412 4151 de

1824 4184 2052 4238 Domino
2079 4204 2092 4238 :
2136 4186 2363 4257 Sanguis
2392 4196 2419 4223 η
2444 4189 2555 4258 ejus
2583 4205 2734 4255 super
2769 4206 2861 4242 nos
2890 4198 2937 4242 et
2960 4204 3115 4257 super
3144 4187 3281 4257 ﬁlios
3312 4205 3412 4241 no-

1824 4285 1977 4330 stros.
2009 4276 2159 4331 Unde
2181 4278 2255 4330 ait
2276 4277 2619 4347 Evangelium
2642 4298 2653 4330 :
2682 4278 2848 4331 Erunt
2870 4279 2986 4332 duce
3006 4281 3256 4331 motentes
3274 4296 3288 4339 ;
3306 4294 3415 4330 uua

1826 4374 2132 4433 assumetur,
2154 4374 2203 4419 et
2227 4384 2331 4420 una
2358 4368 2700 4437 relinquetur.
2734 4368 3051 4423 Assumetur
3072 4369 3214 4421 enim
3238 4368 3297 4421 in
3321 4384 3408 4420 re-

154 4446 434 4516 dispersam
467 4450 616 4503 illam
645 4448 827 4502 farinae
856 4450 1249 4503 multitudinem
1306 4452 1358 4504 in
1388 4465 1551 4502 unum
1584 4448 1607 4485 ¹ί
1640 4450 1721 4502 vi-
1750 4462 1803 4521 ι)
1826 4457 2003 4525 quiem
2024 4464 2279 4510 aeternam
2303 4456 2359 4511 S;
2392 4457 2649 4522 Ecclesia,
2677 4473 2797 4528 qua;
2826 4458 3052 4511 Domino
3082 4458 3261 4511 cibum
3287 4472 3413 4510 san-

154 4548 321 4602 gorem
341 4541 694 4607 constringat,
727 4548 889 4609 atque
916 4540 971 4593 in
998 4541 1225 4595 solidum
1272 4557 1469 4610 corpus
1495 4541 1717 4609 redigat,

154 4632 285 4698 quod
308 4634 358 4687 in
383 4634 623 4703 pulveris
646 4632 861 4686 modum
886 4632 1000 4702 ipsa
1025 4633 1394 4689 deminutione
1416 4634 1728 4703 languebat;

220 4896 243 4957 ξι
270 4889 397 4945 Cod.
432 4892 499 4945 10
528 4891 805 4957 Laurent,
836 4893 1023 4946 reddit.

220 4955 402 5033 {Tres
429 4961 573 5033 eod.-
596 4975 768 5033 supra,
786 4955 876 5016 cit.
919 4963 1101 5030 legunt
1127 4978 1246 5033 qua,
1278 4962 1334 5016 id
1357 4964 1494 5032 quod
1520 4965 1723 5033 dixero,

160 5025 269 5092 ﬁdei
284 5025 815 5097 pivacitate'cap'iatis.

226 5093 404 5173 ‘_Cod.
432 5098 503 5173 μθ
535 5093 733 5173 Laur.1
749 5100 1355 5173 succus,_ut_hocrtotum
1396 5105 1553 5173 faciat
1593 5120 1721 5167 esse,

161 5165 411 5296 res!
426 5169 541 5232 ipsa
562 5178 659 5222 est.
693 5167 826 5223 Cod.
858 5166 925 5223 90
945 5168 1003 5224 S.
1028 5168 1215 5225 Crucis
1240 5172 1293 5224 in
1311 5165 1419 5225 Jer.
1453 5165 1726 5243 legitquod

335 5252 389 5287 es
416 5276 430 5290 .

335 5252 430 5290 εει.

170 5300 260 5421 Im:
276 5300 404 5358 Cod.
435 5306 503 5359 90
530 5321 661 5361 mox
704 5307 821 5373 cit.,
862 5324 1065 5377 semper
1096 5326 1187 5379 per
1233 5312 1523 5365 universum
1550 5328 1727 5365 cumn-

234 5441 399 5515 fgod.
434 5442 499 5515 QQ
519 5442 578 5515 SA.
607 5442 796 5515 Crucis
822 5446 874 5499 in
904 5446 1037 5511 Jer.,
1069 5448 1379 5515 specialiter.

239 5505 253 5542 τ
284 5508 409 5590 (ξριι.
431 5510 510 5590 ’90
538 5512 597 5567 S.
627 5513 814 5571 Crucis
835 5516 885 5569 in
914 5505 1176 5585 Jerilc'git
1194 5530 1484 5590 rectetergo
1513 5522 1732 5590 fermen-

174 5587 268 5626 mm
294 5578 510 5653 Domino
538 5596 887 5653 comparatur.

236 5655 259 5691 σ
286 5646 411 5704 Cod.
444 5650 511 5705 10
540 5646 819 5719 Laurent.,
848 5657 1021 5710 statim
1041 5659 1267 5712 omnium
1289 5659 1549 5712 hominum
1573 5676 1731 5729 genus

1831 4545 2031 4599 ctitatis
2075 4546 2329 4610 emoluit;
2360 4547 2694 4614 relinquetur
2723 4547 2788 4599 ad
2817 4547 2986 4599 molas
3032 4554 3055 4581 ο
3086 4546 3288 4615 perlida
3314 4545 3410 4615 Sy-

1832 4647 2060 4704 nagoga,
2091 4647 2279 4705 gyrum
2301 4650 2512 4705 semper
2542 4651 2764 4705 passura
2792 4650 2904 4689 sum
2924 4633 3180 4703 perfidiae.

1828 4895 1883 4949 in
1904 4896 2253 4965 substantiam
2280 4911 2429 4949 suam
2457 4896 2537 4948 sui
2564 4904 2817 4965 potestate
2844 4897 3125 4965 pertraxit.

1902 4963 1929 5001 ³³
1950 4964 2081 5019 Cod.
2118 4964 2185 5017 90
2214 4966 2269 5018 S.
2295 4966 2483 5020 Crucis
2506 4963 2692 5019 tn'ier.
2725 4963 2853 5031 legit
2880 4982 3108 5019 succum.

1910 5035 1924 5071 ί
1953 5034 2085 5089 Cod.
2110 5032 2178 5086 90
2206 5050 2366 5101 supra
2390 5036 2515 5098 cit.,
2543 5032 2685 5086 Nam
2709 5050 2843 5087 cum.

1904 5104 1919 5153 i
1959 5104 2091 5158 Cod.
2116 5104 2185 5156 90
2205 5104 2409 5157 omittit
2438 5104 2535 5155 i!li.

1904 5171 1929 5209 ¹ι
1966 5172 2200 5239 Uterque
2251 5176 2370 5226 cod.
2395 5172 2451 5227 S.
2480 5172 2669 5228 Crucis
2696 5172 2749 5227 in
2777 5171 2888 5227 Jer.
2925 5172 3055 5239 legit
3081 5174 3133 5225 in
3157 5189 3314 5225 unum
3344 5175 3423 5226 sui

1830 5244 2002 5312 vigore
2025 5244 2369 5312 constringat.

1916 5311 1931 5349 ι
1966 5310 2042 5364 ita
2085 5309 2310 5379 uterque
2353 5311 2487 5368 ‘cod.
2533 5310 2589 5367 S.
2618 5310 2804 5367 Crucis
2831 5312 2884 5365 in
2931 5310 3065 5374 Jer.,
3100 5327 3132 5364 ι
3163 5309 3303 5364 Plut.
3339 5326 3423 5363 XIV

1835 5371 1965 5436 bibl.
1997 5371 2252 5435 Laurent.

1910 5461 1947 5487 ω
1970 5449 2315 5505 Concordant
2345 5459 2455 5504 tres
2482 5450 2573 5505 cit.
2603 5451 2838 5515 codices.

1910 5528 1936 5556 ο
1969 5518 2205 5590 Uterque
2225 5520 2345 5574 cod.
2370 5519 2427 5590 S.
2461 5519 2656 5590 Grucis‘
2674 5521 2731 5579 in
2761 5519 2899 5590 Jer.,
2923 5521 3097 5590 hujus.

1913 5597 1937 5623 θ
1969 5587 2205 5658 Uterque
2232 5590 2355 5644 cod.
2404 5588 2461 5643 S.
2510 5589 2696 5644 Crucis
2727 5590 2780 5643 in
2809 5589 2943 5654 Jer.,
2973 5587 3190 5643 cruenta
3246 5591 3423 5660 Syna-

1840 5676 1993 5730 goga.
