3910 6238
532 258 635 315 515

1549 266 1605 320 S.
1649 262 1885 317 MAXIM]
1926 250 2224 315 EPISCOPI
2268 260 2714 319 TAURINENSIS
3691 268 3773 322 5|6

1874 374 2209 434 llOMlHA
2261 376 2453 435 CXII.

1395 496 1689 568 Increpatio
1716 495 1786 548 ad
1818 493 2060 563 populum
2090 493 2154 544 de
2183 492 2431 546 abscutia-
2446 510 2543 547 sua
2586 494 2649 546 ab
2680 496 2912 551 ecclesia.

1997 599 2394 655 ADMONITIO.

1997 601 2047 653 A
2377 641 2394 655 .

598 689 711 745 Etsi
738 689 966 745 Maurici
986 691 1193 747 nullum
1220 706 1281 746 se
1304 692 1407 747 hac
1428 691 1483 745 in
1512 690 1732 745 hemilia
1760 668 2005 759 reperire
2423 691 2708 759 vestigium
2729 694 2993 758 scribant,
3023 710 3145 750 eam
3176 709 3359 753 tamen
3391 700 3551 755 num.’
3568 703 3639 754 45
3665 703 3777 756 inter

526 774 806 814 sermones
828 760 1091 827 ejusdem,
1122 762 1251 816 edit.
1286 760 1454 827 Paris.
1480 761 1636 822 1690,
1659 760 1960 827 collocant;
1985 768 2150 826 quam
2192 774 2289 811 nos
2309 768 2501 813 sancto

2584 760 2767 816 aximo
2793 765 3135 831 ascribimns,
3186 769 3512 824 auctoritate
3554 770 3774 826 codicum

522 824 886 910 Sangallensis
914 845 1060 910 num.
1080 824 1258 910 Binet
1277 824 1586 910 ilQSancta:
1606 826 1794 909 crucis
1820 828 1874 881 in
1902 824 2206 910 Jerusalem
2233 843 2381 910 num.
2537 845 2659 884 cum
2687 832 2842 885 titulo
2867 850 2879 862 ·
2914 824 3216 903 Increpatio
3236 837 3310 889 ad
3618 824 3781 910 Setini-

525 913 647 951 mur
666 906 845 955 autem
868 899 1156 954 lectionem
1188 900 1418 954 laudata:
1440 899 1690 955 editionis
1714 911 1940 967 operum
1969 897 2145 951 sancti
2175 896 2469 952 Ambrosii.

527 1009 917 1087 ANEUIEN'I'QI‘.
934 1009 1210 1087 —Apibus
1336 1008 1598 1087 Maxumus
1646 1015 1911 1087 comparat
1954 1022 2122 1059 sacer-
2148 1015 2197 1067 Α
2224 1006 2444 1061 obnoxii
2462 1007 2531 1063 de
2554 1018 2882 1080 contemptu.
2911 1010 3064 1067 Unde
3084 1021 3140 1067 ct
3158 1027 3258 1082 ego
3285 1014 3550 1070 interdum
3578 1031 3777 1087 parcens

592 1078 774 1157 σέσιεεὶ
805 1079 1055 1157 ,ᾴοιειᾳιις
1239 1081 1479 1149 frequens
1508 1080 1622 1147 ejus
1638 1077 1944 1157 prcedican'o
1982 1092 2137 1157 oram

603 1150 740 1217 fectu
761 1147 935 1217 aliqua
961 1144 1144 1217 salutis
1162 1144 1363 1217 fratres
1390 1164 1492 1200 non
1517 1144 1761 1217 corrigat,
1802 1153 1851 1198 et
1886 1144 2019 1214 quod
2050 1159 2110 1197 eo

594 1216 803 1270 absente
826 1216 938 1270 rari
967 1216 1035 1269 ad
1060 1216 1336 1271 ecclesiam
1357 1217 1584 1269 veniant.

601 1368 881 1432 Deberem,
914 1364 1128 1431 fratres,
1156 1374 1282 1435 post
1308 1359 1407 1421 bos
1434 1366 1737 1435 complures
1764 1365 1879 1420 dies
1914 1363 2115 1434 aliquid

525 1460 745 1515 uberius
768 1458 1081 1529 praedicare,
1112 1466 1169 1519 et
1188 1465 1465 1518 revertens
1491 1473 1523 1511 a
1570 1465 1724 1512 tanto
1752 1457 1999 1511 examine
2024 1469 2113 1510 sa-

524 1548 824 1609 cerdotum,
847 1544 992 1601 dulci
1011 1561 1112 1601 nos
1137 1560 1389 1601 sermone
1412 1545 1662 1601 reticere:
1682 1546 1829 1600 Bene
1855 1545 1964 1600 dixi
1992 1560 2117 1599 exa-

524 1638 672 1693 mine
697 1637 1071 1701 sacerdotum;
1095 1637 1219 1707 quia
1245 1637 1386 1692 sicut
1411 1653 1542 1707 apes
1560 1638 1629 1692 de
1648 1637 1948 1693 divinarum
1975 1636 2113 1692 Scri-

524 1737 798 1798 pturarum
845 1724 1083 1781 ﬂosculis
1126 1726 1312 1781 suavia
1353 1727 1513 1781 mella
1538 1726 1848 1792 coniiciunt,
1879 1734 1934 1781 et
1957 1726 2113 1795 quid-

526 1817 658 1887 quid
705 1816 775 1871 ad
816 1817 1142 1871 medicinam
1172 1818 1407 1887 pertinet
1433 1818 1732 1872 animarum
1756 1817 1973 1872 orissui
1997 1825 2113 1872 arte

522 1915 894 1978 componunt;
943 1915 1103 1965 recte
1141 1916 1522 1978 comparantur
1559 1908 1749 1977 apibus
1771 1908 2109 1974 sacerdotes;

522 1998 648 2067 quia
676 1998 817 2054 sicut
840 2012 973 2067 apes
997 1997 1300 2052 castitatem
1323 1996 1571 2066 corporis
1598 1994 1912 2065 praeferunt,
1933 1996 2110 2049 cilmm

526 2088 655 2142 vita
679 2087 917 2142 unlestis
938 2088 1215 2151 exhibent,
1247 2088 1489 2142 aculeum
1520 2086 1652 2155 legis
1680 2094 1964 2148 exercent;
1992 2087 2111 2156 puri

522 2179 666 2233 enim
686 2178 755 2233 ad
780 2176 1282 2242 sanctificationem,
1313 2191 1507 2231 suaves
1536 2176 1603 2230 ad
1631 2175 1998 2242 refectionem,
2022 2192 2111 2230 sc-

522 2269 634 2325 veri
660 2276 787 2323 sunt
810 2268 879 2323 ad
907 2268 1188 2322 ultionem.
1223 2266 1427 2335 Apibus
1452 2266 1609 2335 plane
1634 2272 1761 2319 sunt
1788 2279 2107 2334 comparan-

2213 1098 2366 1152 vobis
2387 1106 2567 1153 tacere
2594 1100 2757 1155 velim
2785 1118 2798 1153 :
2822 1102 2919 1156 sed
2946 1103 3086 1157 malo
3107 1119 3205 1159 vos
3235 1106 3590 1159 contumaciae
3612 1121 3779 1161 causas

2212 1188 2455 1253 reddere,
2469 1204 2629 1259 quam
2646 1206 2730 1245 me
2742 1194 3238 1264 373negligentizn
3250 1197 3514 1250 sustinere
3519 1196 3776 1264 judicium.

2214 1278 2465 1349 Comperi
2486 1282 2648 1349 enim,
2678 1283 2886 1345 fratres,
2909 1285 3053 1352 quod
3083 1300 3178 1354 per
3196 1287 3497 1341 absentiam
3526 1304 3697 1353 meam
3717 1290 3776 1342 ita

2212 1371 2320 1424 rari
2356 1372 2556 1441 quique
2584 1373 2652 1426 ad
2694 1375 2975 1429 ecclesiam
3023 1376 3270 1441 veniatis,
3323 1378 3397 1431 ita
3427 1380 3584 1447 pauci
3610 1379 3777 1434 admo-

2212 1458 2338 1513 dum
2367 1460 2691 1528 procedatis,
2722 1463 2875 1529 quasi
2898 1478 2984 1517 me
3009 1464 3404 1534 proficiscente,
3429 1483 3638 1522 mecum
3655 1469 3776 1539 pari-

2216 1559 2297 1607 ter
2321 1552 2598 1619 veneritis,
2644 1560 2701 1608 et
2738 1555 2892 1623 quasi
2938 1569 3059 1609 cum
3110 1558 3517 1614 necessitatibus
3541 1574 3642 1629 ego
3667 1574 3775 1628 per-

2212 1641 2418 1704 trahor,
2449 1656 2549 1697 vos
2575 1657 2784 1697 mecum
2815 1644 3040 1698 traxerit
3068 1645 3182 1713 ipsa
3222 1647 3537 1701 necessitas.
3595 1647 3778 1701 Pariter

2214 1743 2245 1781 a
2270 1728 2431 1784 domo
2460 1730 2554 1785 Dei
2583 1731 2835 1787 absentes
2878 1747 3094 1799 sumus;
3124 1733 3222 1788 sed
3248 1734 3353 1789 hoc
3377 1734 3621 1801 interest,
3653 1734 3778 1804 quod

2212 1832 2300 1871 me
2323 1818 2599 1873 absentem
2621 1820 2914 1875 necessitas
2936 1820 3119 1886 efﬁcit,
3149 1837 3247 1877 vos
3274 1822 3549 1878 voluntas.
3572 1822 3780 1878 Nescitis

2213 1907 2336 1973 quia
2364 1907 2465 1961 etsi
2491 1922 2591 1977 ego
2612 1909 2681 1963 ab
2700 1910 2928 1964 ecclesia
2958 1910 3166 1974 desum,
3196 1909 3445 1967 Christus
3471 1913 3541 1965 ab
3565 1910 3775 1968 Ecclesia

2210 2007 2327 2059 sua,
2350 1995 2443 2063 qui
2472 2004 2561 2050 est
2580 1997 2797 2067 ubique,
2828 2013 2934 2052 nou
2956 1998 3145 2054 deest?
3172 1998 3355 2065 Venis,
3394 1998 3583 2068 frater,
3611 2002 3674 2056 ad
3699 2017 3774 2055 ec-

2211 2085 2449 2150 clesiam,
2502 2102 2611 2140 non
2668 2088 2878 2142 invenis
2928 2074 3001 2141 ibi
3048 2090 3424 2159 episcoporum
3476 2090 3774 2160 Episcopal

2211 2171 2583 2228 Salvatoretu?
2612 2174 2746 2229 Nam
2772 2174 3111 2231 Christianus
3160 2179 3251 2247 qui
3284 2187 3411 2234 tunc
3441 2190 3649 2235 tantum
3666 2196 3776 2252 pro-

2210 2264 2352 2319 cedit
2369 2266 2436 2320 ad
2456 2265 2741 2321 ecclesiam
2764 2268 2979 2337 quando
3004 2270 3290 2340 episcopus
3310 2287 3551 2340 pncsens
3569 2281 3668 2337 est,
3686 2288 3775 2327 non

524 2360 601 2426 di,
622 2360 716 2430 qui
737 2359 882 2413 velut
908 2358 1144 2413 alvcario
1164 2358 1396 2426 quodam
1425 2359 1595 2425 gratia
1619 2358 1805 2410 matris
1856 2356 2108 2411 Ecclesia:
2140 2368 2184 2425 Β
2211 2357 2373 2428 375
2396 2368 2505 2412 tam
2536 2358 2631 2413 Dei
2660 2376 2823 2415 causa
2843 2363 3053 2417 videtur
3085 2365 3412 2432 processisse
3430 2380 3594 2433 quam
3622 2366 3775 2419 homi-

526 2449 894 2514 coutinentur,
937 2448 991 2502 in
1020 2462 1127 2517 qua
1155 2448 1489 2501 diversorum
1527 2446 1841 2500 meritorum
1890 2446 2110 2501 cellulas

512 2536 854 2594 dulcissimis
905 2537 1382 2608 praedicationibus
1424 2546 1830 2607 componentes,
1886 2538 1953 2592 de
2003 2554 2112 2593 uno

522 2626 823 2683 Salvatoris
870 2626 1120 2682 examine
1166 2626 1594 2681 Christianorum
1642 2627 1890 2683 examina
1943 2629 2110 2681 multa

522 2716 848 2787 producunt.
871 2716 1008 2769 Cum
1030 2727 1263 2785 semper,
1291 2716 1501 2782 fratres,
1524 2732 1630 2771 non
1661 2716 1984 2771 cessaverim
2012 2732 2111 2772 vos

523 2817 749 2880 paterna
770 2807 971 2876 pietate
999 2808 1292 2876 corripere,
1324 2806 1489 2860 miror
1516 2806 1646 2860 nihil
1669 2822 1769 2861 vos
1797 2809 1930 2861 meis
1955 2822 2107 2861 com-

523 2897 911 2953 mouitionibus
940 2896 1255 2967 profecisse,
1284 2906 1339 2951 et
1365 2897 1524 2951 doleo
1544 2897 1686 2965 quod
1718 2897 1967 2965 frequens
1979 2900 2113 2967 prai-

523 2990 728 3046 dicatio
756 3004 877 3043 mea
897 3004 1007 3042 non
1039 3004 1136 3042 vos
1164 2987 1409 3058 profectu
1436 2986 1616 3054 aliquo
1646 2987 1833 3041 salutis
1855 2986 2109 3054 corrigat,

522 3080 618 3137 sed
638 3079 872 3149 quadam
896 3078 1310 3134 contestationis
1348 3092 1505 3145 paena
1528 3077 1877 3145 constringat.
1910 3075 2102 3129 Prsidi-

521 3172 669 3237 catio
688 3172 831 3227 enim
855 3171 1150 3226 sacerdotis
1173 3172 1225 3223 in
1250 3170 1405 3238 plebe
1434 3169 1703 3224 salvandis
1724 3177 1806 3223 est
1826 3169 2107 3234 correctio,

520 3270 578 3317 et
603 3262 929 3317 contestatio
952 3259 1281 3329 judicandis;
1306 3265 1671 3313 contestamur
1690 3259 1833 3312 enim
1855 3258 1957 3313 illis
1984 3266 2110 3313 ante

462 3386 465 3387 ν
518 3353 803 3422 judicium,
832 3352 978 3423 quod
1024 3352 1144 3405 illos
1171 3358 1387 3405 maneat
1428 3349 1481 3403 in
1510 3349 1627 3419 ipso
1644 3349 1874 3417 judicio;
1899 3357 1957 3403 ut
1983 3357 2110 3406 tunc

2210 2445 2321 2508 nis;
2370 2460 2470 2499 nec
2516 2446 2769 2516 implesse
2816 2447 3106 2504 Christiani
3157 2451 3394 2506 timentis
3421 2450 3777 2517 ofﬁcinm,sed

2212 2534 2371 2589 amici
2421 2535 2715 2592 deferentis
2760 2539 3097 2607 obsequium.
3152 2539 3291 2607 Quid
3319 2556 3448 2609 ergo
3488 2557 3586 2598 vos
3612 2556 3776 2610 arguo,

2210 2638 2331 2678 cum
2354 2626 2569 2694 possitis
2596 2642 2683 2682 me
2710 2642 2820 2683 uno
2847 2642 3095 2685 somnone
3115 2633 3477 2686 convincere?
3498 2632 3778 2686 Conviucor

2210 2714 2373 2779 enim,
2422 2730 2545 2770 cum
2594 2716 2649 2770 in
2697 2718 2801 2772 hac
2825 2726 2983 2787 parte
3010 2719 3241 2775 clericos
3268 2721 3423 2775 vobis
3448 2722 3622 2788 magis
3645 2721 3777 2775 video

2211 2805 2560 2875 negligentes.
2592 2806 2878 2873 Quomodo
2905 2809 3047 2862 enim
3076 2823 3295 2878 possum
3325 2812 3603 2879 corrigere
3632 2811 3770 2872 ﬁlios,

2211 2912 2331 2951 cum
2379 2896 2571 2953 fratres
2616 2898 2907 2953 emendare
2932 2914 3038 2952 non
3068 2901 3309 2968 possim?
3334 2900 3441 2954 Aut
3479 2916 3589 2970 qua
3612 2899 3777 2955 fiducia

2209 3000 2560 3039 succenseam
2591 2986 2763 3051 laicis,
2805 3002 2924 3041 cum
2953 3002 2984 3040 a
3031 2988 3373 3043 consortibus
3401 2990 3626 3058 pudoris
3648 3003 3778 3043 vere-

2211 3076 2403 3131 cundia
2432 3079 2830 3132 conticescam?
2852 3077 2966 3147 Ego
2988 3087 3191 3143 autem,
3224 3078 3436 3144 fratres,
3471 3096 3584 3136 non
3612 3079 3778 3134 deum-

2211 3169 2369 3223 nibns
2396 3170 2606 3236 loquor.
2635 3170 2772 3224 Sunt
2798 3178 2947 3225 certe
2975 3170 3194 3238 quidam
3215 3172 3417 3237 devoti,
3465 3180 3591 3226 sunt
3620 3181 3671 3226 et
3706 3171 3777 3223 alii

2210 3260 2579 3329 negligentes:
2612 3274 2714 3329 ego
2743 3261 3010 3318 neminem
3040 3261 3284 3328 nomino,
3333 3263 3665 3317 conscientia
3698 3273 3776 3315 sua

2214 3363 2652 3419 unumquemque
2681 3350 2985 3404 conveniat.

518 3445 667 3501 omni
694 3445 1045 3500 excusatione
1071 3442 1345 3509 submota,
1367 3448 1423 3497 et
1449 3442 1527 3497 rei
1548 3441 1658 3496 sint
1681 3441 1748 3496 de
1770 3443 2021 3511 peccatis,
2054 3451 2111 3495 et

1851 3532 2196 3594 HOMILIA
2245 3533 2471 3595 CXIII.

1720 3633 1846 3689 Post
1873 3635 2285 3705 increpationcm
2308 3634 2574 3689 allocutio.

1946 3724 2341 3782 ADMONITIO.

590 3822 741 3878 lianc
774 3837 992 3905 quoque
1032 3820 1309 3902 homiliam
1350 3826 1541 3875 sancto
1571 3816 1985 3905 Taurinensium
2027 3816 2291 3905 episcopi:
2314 3813 2583 3905 Maximo:
2614 3829 2723 3895 non
2753 3821 2934 3905 aluntegn
2965 3814 3774 3905 rAmbrusioIllediolanensimu,

517 3902 640 3949 esse
678 3882 1046 3947 ascribendam
1076 3891 1476 3953 existimamus;
1505 3887 1649 3957 quod
1680 3886 1821 3957 illius
1849 3901 1971 3939 cum
2147 3882 2523 3957 Ambrosiam,
2553 3891 2664 3936 tum
2696 3882 2931 3957 in_99_S.
2964 3882 3153 3957 Crucis
3180 3886 3234 3939 in
3263 3885 3564 3957 Jerusalem
3600 3900 3703 3957 pne
3725 3898 3775 3937 se

518 3962 657 4017 {erat
685 3975 902 4025 nomen,
933 3976 997 4015 ac
1022 3959 1269 4020 Manrini,
1302 3958 1421 4012 loco
1451 3959 1503 4011 in
1523 3952 1798 4025 superiori
1821 3954 2188 4025 admonitione
2214 3952 2470 4025 indicato,
2504 3953 2961 4025 nega‘n_t_similcm
2980 3952 3105 4025 ejus
3132 3970 3235 4022 qua
3268 3954 3583 4025 Ambrosius
3603 3952 3773 4025 'utitnr

516 4045 641 4086 esse
676 4021 946 4085 scribendi
976 4029 1262 4083 rationem.
1297 4025 1517 4093 Legitur
1569 4021 1761 4079 eadem
1808 4023 2111 4095 homiliain
2140 4022 2557 4095 cod.7Vatican_o
2592 4021 2748 4095 i277,
2777 4036 2900 4095 pag.
2933 4022 3023 4095 6_|,
3053 4021 3307 4095 inscrin
3343 4042 3356 4076 :
3404 4024 3541 4079 Item
3564 4023 3771 4095 ejusdem

520 4102 588 4154 de
613 4101 824 4163 eodem;
852 4099 904 4152 in
933 4098 1053 4153 cod.
1085 4096 1144 4150 S.
1168 4096 1355 4150 Crucis
1380 4091 1547 4149 habet
1584 4095 1791 4147 titulum
1825 4111 1839 4146 :
1870 4092 2000 4147 Post
2038 4094 2444 4161 increpationem
2473 4092 2753 4156 allocutio;
2788 4099 2844 4146 et
2871 4092 2928 4145 in
2960 4091 3389 4147 LaurentIPlut.
3426 4111 3512 4148 xiv
3539 4091 3635 4148 sub
3659 4092 3770 4144 Am-

518 4169 687 4224 brosii
712 4169 927 4223 nomine
950 4185 963 4220 :
996 4166 1125 4221 Post
1144 4166 1547 4229 increpatiouem
1577 4164 1801 4217 allectio.

519 4279 916 4334 Anconsnvmt.
960 4309 1033 4320 —-
1078 4276 1279 4330 Gaudet
1332 4275 1597 4331 Maximus
1646 4276 1813 4328 sciens
1866 4274 2103 4342 discipuli
2130 4275 2176 4336 Ο
2210 4271 2426 4342 quando
2450 4271 2750 4326 austeriora
2777 4270 3477 4341 cannuntiatpt-aadicator;
3503 4278 3630 4324 tunc
3646 4268 3771 4323 enim

591 4350 857 4433 tristitiam
876 4348 1250 4433 nt‘agistri‘esse
1268 4346 1523 4399 laetitiam.
1806 4344 1937 4398 illud
1966 4342 2105 4396 Mat-

2212 4367 2256 4420 ei
2278 4366 2423 4420 salus
2446 4364 2701 4433 gignitur,
2731 4364 2945 4433 quando
2974 4364 3191 4418 tristitia
3221 4361 3613 4418 emendationis
3640 4361 3770 4427 inge-

590 4419 713 4473 ’ἀτί
745 4433 833 4472 ινι
866 4436 879 4471 ⁵
917 4417 1021 4471 ν⁰³
1049 4427 1219 4470 "um"
1238 4431 1385 4485 quem
1403 4430 1515 4467 ⁸⁸⁸⁸
1537 4406 1756 4467 ’ω’ίωῖ
2204 4456 2362 4509 ritur.
2394 4406 2533 4509 Dici:
2559 4406 2701 4507 enini
2721 4406 2911 4507 beatus
2937 4453 3227 4521 Apostolus
3252 4474 3266 4505 :
3295 4451 3438 4505 Nam
3460 4467 3579 4519 qua
3604 4406 3768 4503 826:!-

590 4551 839 4605 Amarior
883 4548 1113 4605 fortasse
1157 4547 1340 4615 fuerit,
1384 4547 1603 4612 fratres,
1634 4547 1943 4617 prmdicatio
1978 4562 2099 4601 mea
2204 4546 2327 4599 dum
2354 4545 2522 4599 Deum
2549 4555 2625 4599 est
2648 4545 2858 4598 tristitia
2888 4545 3193 4615 paenitentia
3224 4542 3251 4580 ἀ
3285 4545 3340 4597 in
3369 4543 3589 4596 salutent
3624 4538 3769 4593 statio

520 4642 804 4713 superiore
866 4641 1136 4696 dominica
1158 4681 1175 4706 ,
1235 4639 1378 4710 quod
1439 4640 1725 4709 plerosque
1785 4639 1851 4694 de
1914 4639 2101 4693 vestris
2203 4639 2302 4692 lem
2343 4646 2585 4707 operatur
2616 4635 2705 4706 (II
2744 4634 2864 4690 Cor.
2896 4636 3015 4706 vn).
3046 4635 3214 4690 Recte
3245 4644 3269 4671 ο
3298 4648 3431 4702 ergo
3458 4632 3634 4699 laetor,
3657 4628 3765 4698 quia

519 4740 547 4769 ι
580 4731 757 4785 acrius
784 4730 1105 4798 magisteriis
1144 4737 1201 4783 et
1228 4730 1454 4783 veritate
1481 4729 1823 4785 convenerim
1845 4769 1859 4794 ,
1902 4740 1957 4784 et
1996 4730 2098 4783 sim
2207 4727 2435 4781 salutem
2464 4740 2664 4795 operor
2692 4741 2813 4780 cum
2852 4726 3100 4794 objurgo.
3145 4723 3165 4762 ι
3198 4724 3352 4779 Licet
3389 4730 3619 4779 maereat
3646 4719 3766 4773 tilias

520 4828 841 4892 prosecutus
867 4834 987 4888 quae
1023 4818 1310 4888 aliquantis
1334 4817 1363 4855 ι’
1391 4818 1751 4873 blandimenta
1789 4834 1893 4871 non
1922 4817 2097 4872 defer-

520 4920 665 4977 rent,
696 4910 791 4965 sed
821 4909 1088 4963 tristitiam
1119 4909 1439 4975 irrogarent.
1469 4908 1668 4962 Verum
1697 4908 1826 4962 nihil
1856 4924 1975 4983 mea
2010 4908 2097 4962 in-

2206 4817 2311 4871 mei
2339 4816 2627 4886 asperitate
2654 4815 2919 4871 sermonis
2936 4856 2951 4881 ,
3002 4824 3028 4862 8
3058 4814 3151 4883 qui
3180 4828 3303 4868 eum
3331 4811 3597 4882 proﬁcere
3624 4806 3764 4863 intel-

2201 4908 2306 4975 ligo
2334 4922 2432 4977 per
2458 4921 2772 4962 interorem.
2803 4904 2890 4959 Ait
2917 4913 3137 4959 sanctus
3167 4902 3459 4973 Apostolus
3492 4920 3506 4955 :
3542 4899 3664 4964 Quis
3700 4902 3763 4949 est

520 5008 720 5066 terest;
768 5013 869 5068 ego
896 5001 1041 5054 enim
1087 4999 1295 5067 gaudeo
1325 5000 1502 5053 sciens
1541 4998 1788 5066 discipuli
1820 4999 2095 5052 tristitiam
2196 4996 2335 5051 enim
2360 4996 2501 5065 filius
2527 5013 2673 5067 quem
2714 5012 2818 5049 non
2850 4994 3082 5050 verberat
3109 5002 3258 5063 pater
3278 4991 3471 5064 (Hebr.
3507 4987 3760 5059 xn)?N0n

516 5090 758 5160 magistri
785 5104 905 5145 esse
950 5089 1209 5143 lmtitiam.
1240 5088 1392 5144 Tunc
1418 5088 1563 5143 enim
1603 5088 1817 5142 auditor
1860 5086 2091 5156 proiicit,

590 5302 615 5328 ³
644 5290 777 5346 Cod.
819 5289 1094 5357 Ambros.,
1120 5290 1185 5344 de
1210 5291 1390 5345 vestris
1412 5291 1547 5344 acris
1569 5289 1899 5359 magisteriis,
1931 5296 1981 5341 et
2009 5304 2091 5341 ve—

520 5363 721 5432 ritates.
749 5359 884 5414 Cod.
918 5361 1259 5432 x_Laurent.,
1287 5360 1572 5432 magisteiji
1602 5360 1885 5432 severitate.

593 5431 623 5470 δ
649 5430 811 5485 Iidem
840 5428 997 5483 codd.
1028 5425 1281 5487 Laurent.
1313 5425 1464 5483 et'99
1513 5427 1571 5482 S.
1603 5427 1788 5481 Crucis
1812 5428 1865 5479 in
1890 5425 2088 5492 Jerus.,

2198 5087 2343 5141 cnim
2368 5101 2581 5156 semper
2606 5095 2759 5156 pater
2781 5086 3057 5141 osculatur
3079 5083 3267 5151 tilium,
3289 5083 3384 5139 sed
3408 5091 3467 5137 et
3492 5074 3760 5150 aliquamlc

2271 5287 2297 5325 ἀ
2327 5287 2462 5341 Cod.
2492 5287 2739 5341 Ambros.
2765 5285 2966 5339 omittit
2992 5285 3067 5338 in.

2272 5367 2296 5394 ⁸
2323 5355 2456 5411 Cod.
2488 5357 2543 5412 S.
2576 5356 2762 5410 Cruc'is
2790 5356 2840 5407 in
2871 5352 3003 5424 ξεῖ-η
3031 5370 3143 5424 ego.

2278 5425 2294 5463 τ
2330 5426 2463 5481 Cod.
2512 5425 2633 5479 Vat.
2678 5433 2733 5479 et
2773 5426 2831 5479 S.
2862 5416 3137 5476 Crucis’in
3166 5420 3337 5476 Jerus.
3361 5465 3375 5493 ,
3427 5421 3621 5475 Nerea:
3654 5416 3754 5469 licet

520 5518 622 5556 non
658 5500 1012 5554 blandimenta
1048 5497 1339 5567 ili/ferrent.
1384 5497 1517 5553 Cod.
1550 5497 1670 5552 Vat.
1723 5494 1879 5561 i277,
1920 5496 2093 5567 defer-
2125 5509 2173 5569 ι)
2200 5497 2363 5569 ﬁlius:

521 5579 781 5690 "method.
812 5636 881 5689 99
901 5634 957 5693 S.
991 5634 1177 5694 Crucis
1213 5636 1264 5691 in
1294 5636 1428 5705 «ἴθι-η
1457 5637 1783 5704 pronuntiat.

2276 5575 2299 5613 ε
2330 5563 2462 5622 Cod.
2494 5563 2765 5628 Ambros,
2805 5562 2888 5632 qui
2909 5561 3197 5630 proﬁceret,
3230 5569 3339 5614 etc.
