3910 6238
533 285 637 341 519

1563 281 1619 332 8,
1663 279 1905 334 ΜΛΧΙΜΙ
1947 276 2246 333 EPISCOPI
2288 277 2733 335 TAURINENSIS

3676 289 3800 344 5%

525 398 784 452 miliarcm
833 395 1008 466 potius
1064 406 1289 462 augeas,
1342 393 1552 447 videtur
1603 408 1723 447 esse
1777 392 2095 468 damnabile.
2128 393 2173 451 Α
2204 387 2228 424 ¹·
2252 392 2627 458 exagitaturut
2657 392 2837 453 nubat,
2864 396 2959 443 aut
2984 392 3029 446 si
3052 394 3280 448 voluerit
3304 396 3356 449 in
3379 399 3642 454 castitatis
3659 418 3799 471 per-

528 489 685 559 377
736 485 1025 556 Propterea
1078 485 1221 538 enim
1280 483 1522 553 qumdam
1582 483 1932 536 militantibus
1981 489 2107 535 sunt

525 574 791 644 stipendia
836 574 1156 638 constituta;
1213 588 1282 627 ne
1340 573 1468 627 dum
1521 581 1767 641 sumptus
1811 572 2104 641 qumritur,

526 664 705 734 praeda
750 672 1041 733 grassetur.
1084 662 1216 717 Illud
1237 670 1416 716 autem
1454 662 1614 732 quale
1658 669 1762 726 est,
1804 661 1949 731 quod
1985 675 2108 715 cum

524 757 597 813 ob
641 770 879 811 errorem
937 763 963 791 ι
1002 754 1233 822 aliquem
1279 768 1311 807 a
1351 753 1655 807 senioribis
1699 762 2013 819 arguuntur,
2054 758 2110 805 et

526 848 823 916 imputatur
840 845 1105 913 aliquibus
1130 844 1196 898 de
1225 845 1346 907 illis,
1369 859 1465 898 cur
1488 844 1668 898 ebrius
1697 842 1871 905 fuerit,
1904 858 2003 896 cur
2024 856 2109 895 res

527 939 730 992 alienas
756 935 1073 1005 pervaserit,
1102 935 1301 989 caedem
1325 950 1423 987 cur
1450 933 1788 987 turbulentus
1814 922 2106 994 admiserit,

525 1029 708 1083 statim
737 1024 1057 1095 respondeat
1090 1045 1103 1077 :
1134 1023 1273 1090 Quid
1297 1023 1560 1077 habebam
1599 1021 1779 1077 facere
1818 1023 1981 1076 homo
2008 1036 2109 1074 μειξ-

527 1118 724 1171 cularis
762 1115 790 1154 ι»
826 1124 880 1169 et
910 1114 1100 1167 miles?
1144 1124 1164 1152 ο
1198 1113 1795 1185 Nunquidmonaebum
1841 1125 1960 1165 sum
1988 1124 2113 1180 pro—

526 1205 699 1261 fessus
727 1214 818 1258 aut
845 1206 1118 1259 clericum.
1144 1203 1305 1269 Quasi
1327 1204 1502 1260 omnis
1523 1202 1613 1270 qui
1641 1202 1869 1256 clericus
1896 1216 2002 1253 non
2030 1207 2113 1252 est

528 1305 623 1350 aut
660 1296 971 1357 monachus,
999 1295 1169 1362 possit
1196 1295 1244 1347 ei
1275 1294 1441 1347 licere
1467 1292 1611 1361 quod
1650 1307 1756 1345 non
1784 1292 1927 1345 licet.
1967 1288 2112 1343 Cun-

527 1386 628 1440 ctis
658 1385 814 1452 igitur
842 1382 1031 1437 ciliciis
1059 1381 1085 1420 ἀ
1123 1384 1486 1451 praescribitur
1526 1397 1712 1436 norma
1738 1380 1969 1445 vivendi,
2002 1394 2113 1434 om-

528 1476 613 1528 nis
639 1459 719 1527 ad-
734 1474 872 1527 bene
920 1474 1183 1539 agendum
1216 1480 1539 1540 provocatur
1578 1486 1758 1535 sexus,
1789 1479 1939 1524 artas‘
1958 1479 2012 1524 et
2041 1470 2115 1523 di-

528 1564 725 1632 gnitas.
748 1562 913 1630 Igitur
939 1574 1096 1615 nemo
1116 1576 1175 1614 se
1200 1561 1424 1628 publicis
1452 1567 1673 1616 excuset
1701 1560 1927 1624 actibus,
1954 1575 2113 1614 nemo

529 1654 599 1708 de
643 1652 995 1720 occupatione
1052 1651 1250 1703 militiae
1295 1658 1673 1717 conqueratur.
1706 1650 1859 1718 Apud
1899 1665 2110 1704 omnem

2208 495 2424 534 manere
2444 482 2741 550 proposito,
2775 484 2786 518 ί
2816 481 2995 535 dando
3009 498 3230 537 munera
3246 487 3408 539 suain
3429 484 3680 545 facultate
3703 493 3799 545 vix

2206 578 2503 639 permanet.
2527 570 2658 625 Cum
2687 571 2772 626 his
2798 584 2926 638 ergo
2956 570 3231 629 fraudibus
3256 576 3580 643 repleverint
3598 595 3803 634 samu-

2208 659 2289 713 los
2308 661 2483 724 suo's,t
2514 658 2719 715 videbis
2740 661 2888 716 laetos
2910 661 3028 717 illos
3050 672 3105 717 et
3123 676 3403 721 accuratos
3424 668 3491 721 ad
3505 671 3800 725 eccltsiam

2208 766 2521 821 properare,
2549 760 2606 804 et
2635 750 2745 804 Deo
2782 753 2982 818 gratias
3027 768 3205 821 agere,
3236 758 3388 825 quasi
3443 758 3512 812 ab
3542 761 3656 829 ipso
3689 764 3805 815 illis

2209 840 2325 894 haec
2379 840 2603 909 pecunia
2657 840 2994 908 conferatur;
3052 844 3185 898 illud
3234 859 3451 914 quoque
3502 862 3813 917 peccantes

2208 930 2353 999 quod
2398 931 2705 998 rapinarum
2756 946 2973 986 suarum
3010 932 3179 988 Deum
3206 936 3396 991 volunt
3431 953 3554 993 esse
3582 942 3811 1009 partici.

2210 1034 2352 1088 pem.
2386 1019 2523 1073 Dicit
2547 1028 2725 1074 autem
2754 1030 2998 1075 sanctum
3050 1022 3394 1093 Evangelium
3428 1044 3440 1078 :
3489 1027 3813 1100 Interroga-

2210 1120 2387 1164 uerunt
2412 1110 2561 1163 illum
2589 1121 2638 1163 et
2664 1111 2884 1175 milites;
2913 1112 3034 1182 quid
3060 1115 3303 1183 faciemus
3328 1126 3375 1168 et
3398 1118 3530 1170 nos?
3558 1120 3642 1171 Ait
3691 1120 3809 1173 illis

2210 1200 2480 1254 Joannes:
2512 1198 2784 1254 Neminem
2814 1204 3136 1266 concutiatis,
3168 1221 3326 1275 mque
3353 1210 3664 1262 calumniam
3720 1213 3812 1279 fa-

2212 1292 2390 1353 ciatis;
2414 1290 2507 1344 sed
2534 1293 2761 1345 contenti
2806 1301 2966 1345 estote
2994 1295 3263 1363 stipendiis
3292 1300 3472 1350 vestris
3495 1297 3645 1367 (Luc.
3692 1304 3805 1365 ut).

2212 1381 2309 1436 llic
2333 1382 2444 1451 jam
2473 1396 2766 1449 agnoscere
2792 1397 2851 1437 se
2891 1383 3050 1438 debet
3076 1386 3249 1441 omnis
3273 1387 3437 1441 homo
3459 1391 3548 1457 qui
3579 1392 3808 1443 militat.

2212 1471 2326 1526 Non
2349 1474 2493 1527 enim
2518 1483 2727 1527 tantum
2754 1472 2820 1528 de
2850 1473 2914 1527 iis
2941 1475 3291 1532 militantibus
3311 1477 3588 1547 Scriptura
3618 1480 3813 1549 loqui-

2213 1572 2299 1617 tur
2326 1564 2416 1631 qui
2446 1571 2651 1617 armata
2678 1562 2864 1616 militia
2893 1563 3218 1629 detinentur,
3259 1565 3355 1620 sed
3381 1567 3621 1635 quisquis
3651 1570 3803 1623 mili.

2215 1656 2303 1708 tiae
2329 1670 2440 1710 sua:
2468 1654 2680 1722 cingulo
2726 1655 2912 1721 utitur,
2948 1654 3222 1722 dignitatis
3252 1671 3362 1709 suae
3391 1658 3543 1711 miles
3570 1660 3811 1712 ascribi-

528 1742 888 1818 Christianum
948 1740 1117 1808 prima
1170 1739 1467 1793 honestatis
1517 1738 1678 1793 debet
1740 1753 1859 1793 esse
1901 1740 2089 1793 militia
2148 1746 2188 1803 B
2219 1751 2322 1798 tur.
2354 1743 2530 1810 Atque
2552 1743 2673 1797 ideo
2703 1742 2818 1797 haec
2842 1745 3105 1798 sententia
3135 1753 3315 1812 potest
3341 1746 3464 1810 diei,
3496 1764 3549 1802 v.
3580 1761 3629 1814 ε.
3657 1749 3811 1801 mili-

533 1839 556 1868 ε
569 1830 713 1899 Nam
738 1840 795 1884 ut
821 1830 872 1883 id
896 1829 1039 1897 quod
1059 1828 1284 1899 dicimus
1303 1830 1625 1882 auctoritate
1644 1830 1950 1896 evangelica
1965 1845 2112 1883 com-

528 1920 833 1989 probemus,
862 1919 1139 1971 videamus
1178 1917 1464 1971 lectionem
1514 1933 1634 1985 qua:
1683 1919 1841 1986 paulo
1869 1928 1994 1972 ante
2021 1920 2114 1973 de-

529 2026 681 2065 cursa
723 2018 825 2065 est.
860 2010 949 2062 Ait
977 2011 1119 2064 enim
1155 2008 1501 2076 Evangelium
1529 2027 1542 2061 :
1584 2009 1841 2062 Venerunt
1867 2017 2038 2062 autem
2065 2018 2115 2062 et

530 2098 806 2153 Publiceni
837 2100 906 2153 ad
921 2099 1177 2153 Joannem
1200 2110 1256 2152 ut
1284 2100 1671 2169 baptizarentur
1691 2100 1756 2153 ab
1781 2116 1870 2164 eo;
1894 2108 1944 2153 et
1962 2100 2112 2153 dixe-

528 2198 647 2243 runt
693 2191 761 2243 ad
804 2208 949 2244 eum:
982 2189 1255 2261 Magister,
1289 2191 1412 2259 quid
1438 2191 1721 2261 faciemus?
1737 2192 1804 2243 At
1826 2191 1916 2244 ille
1936 2192 2111 2244 dixit:

530 2278 659 2331 nihil
688 2280 904 2346 amplius
953 2282 1172 2347 exigatis
1199 2297 1351 2350 quam
1392 2280 1527 2349 quod
1556 2282 1885 2333 constitutum
1911 2291 1987 2335 est
2027 2298 2117 2335 vo-

530 2367 607 2421 bis
638 2368 786 2439 (Luc.
820 2370 918 2437 in).
944 2363 1177 2423 llonesta
1199 2370 1356 2438 plane
1385 2369 1795 2425 Publicanorum
1819 2373 2115 2442 interroga-

530 2458 630 2522 tio,
659 2472 723 2511 ac
751 2458 922 2513 sancti
944 2460 1218 2526 prophetae
1243 2459 1391 2527 justa
1413 2460 1711 2528 responsio.
1735 2458 1812 2513 llli
1834 2462 1978 2515 enim
2007 2464 2115 2517 sol-

530 2547 659 2602 liciti
689 2549 1037 2616 interrogant,
1068 2565 1135 2602 ne
1165 2558 1257 2603 aut
1286 2550 1591 2617 ignorantes
1617 2551 1739 2619 plus
1766 2553 2032 2619 exigendo
2062 2554 2114 2607 in

531 2648 813 2707 peccatum
842 2640 1097 2703 incidant,
1138 2648 1230 2693 aut
1250 2649 1522 2695 cessantes
1559 2642 1823 2710 publicam
1851 2644 2119 2715 decipiant

531 2728 879 2782 iunctionem.
910 2728 1006 2783 Hic
1036 2738 1216 2783 autem
1256 2729 1533 2784 moderate
1562 2732 1802 2801 prmcipit
1834 2742 1894 2787 ut
1922 2743 1976 2787 et
2012 2736 2115 2788 ini-

530 2817 708 2886 quitas
739 2819 912 2872 locum
943 2834 1048 2870 non
1094 2818 1305 2883 habeat,
1331 2827 1387 2873 et
1415 2822 1763 2875 constitutum
1808 2824 2115 2879 habeatve-

533 2909 695 2976 ctigal
726 2908 997 2962 elTectum.
1028 2908 1145 2962 Non
1174 2910 1315 2962 enim
1346 2909 1478 2963 dixit
1508 2928 1520 2961 :
1552 2910 1700 2964 Nihil
1737 2914 1979 2981 exigatis,
2026 2915 2119 2969 sed

532 2998 666 3052 nihil
694 2998 922 3066 amplius
950 2997 1194 3066 exigatis.
1227 2997 1379 3053 Unde
1427 3000 1773 3067 intelligimus
1800 3005 1941 3070 quod
1980 3005 2120 3073 apud

2215 1833 2379 1899 tibus,
2427 1832 2846 1900 protectoribus,
2892 1834 3203 1900 cunctisque
3233 1836 3553 1901 rectoribus,
3584 1845 3638 1890 et
3680 1840 3809 1891 cui-

2215 1937 2425 1989 cunque
2452 1920 2543 1988 qui
2571 1919 2835 1989 stipendia
2865 1920 2963 1973 sibi
2986 1918 3010 1956 ¹ί
3043 1923 3253 1989 publice
3279 1924 3495 1978 decreta
3514 1928 3813 1994 consequi-

2218 2020 2333 2074 tur;
2366 2011 2410 2064 si
2436 2009 2665 2077 amplius
2693 2010 2900 2076 quazrit,
2933 2017 3186 2077 tanquam
3212 2012 3568 2066 calumniator
3593 2023 3651 2066 et
3676 2030 3813 2067 con-

2216 2115 2402 2154 cussor
2427 2098 2649 2153 Joannis
2687 2099 2953 2152 sententia
2981 2099 3388 2153 condemnatur.
3434 2100 3612 2169 Usque
3662 2103 3812 2156 adeo

2216 2199 2394 2244 autem
2425 2191 2527 2243 hoc
2569 2189 2790 2243 inolevit
2827 2190 3046 2252 malum,
3078 2198 3136 2243 ut
3159 2189 3269 2257 jam
3297 2192 3449 2259 quasi
3470 2207 3536 2244 ex
3566 2208 3809 2246 consue-

2217 2284 2400 2337 tudine
2436 2281 2734 2337 vendantur
2778 2282 2957 2349 leges,
2984 2292 3396 2351 corrumpantur
3412 2284 3557 2352 jura,
3580 2295 3809 2337 senten-

2221 2374 2291 2425 tia
2321 2374 2435 2441 ipsa
2460 2372 2666 2425 venalis
2693 2371 2782 2435 sit,
2816 2379 2871 2425 et
2890 2371 3035 2424 nulla
3059 2371 3171 2440 jam
3201 2388 3359 2427 causa
3383 2376 3549 2443 possit
3572 2391 3699 2430 esse
3730 2377 3808 2428 si-

2217 2476 2285 2515 ne
2313 2459 2621 2516 causa.Hac
2649 2471 2827 2513 autem
2857 2460 3033 2512 divina
3059 2463 3348 2536 sententia,
3371 2479 3488 2531 qua:
3516 2464 3581 2516 ad
3603 2465 3810 2518 milites

2218 2553 2471 2621 loquitur,
2502 2559 2681 2619 potest
2726 2552 2887 2604 etiam
2931 2551 2996 2603 ad
3043 2552 3268 2607 clericos
3314 2556 3647 2623 retorqueri;
3677 2557 3807 2623 quia

2218 2644 2424 2697 etiamsi
2454 2658 2560 2697 non
2589 2642 2820 2695 militare
2846 2641 3128 2695 videantur
3154 2644 3374 2711 smculo,
3402 2650 3581 2697 tamen
3611 2644 3809 2698 Domi-

2218 2750 2288 2789 no
2312 2742 2365 2789 et
2394 2734 2502 2787 Deo
2531 2734 2840 2796 militamus,
2873 2732 3012 2785 sicut
3040 2733 3115 2785 ait
3142 2732 3430 2800 Apostolus
3460 2752 3474 2785 :
3507 2733 3680 2788 Nemo
3704 2735 3811 2786 mi-

2214 2827 2377 2890 litans
2403 2825 2513 2878 Deo
2537 2824 2766 2892 implicat
2786 2839 2841 2876 se
2860 2822 3076 2891 negotiis
3097 2822 3426 2875 stecularibus
3446 2822 3528 2887 (Il
3552 2822 3810 2880 Timoth.,

2218 2915 2305 2983 ιι).
2339 2913 2354 2953 ι
2387 2914 2660 2977 Videmur,
2717 2913 2959 2980 inquam,
3002 2927 3109 2965 non
3163 2913 3396 2966 militare
3450 2914 3695 2967 remissis
3748 2928 3810 2965 ac

2219 3004 2505 3058 ﬂuentibus
2527 3002 2739 3068 tunicis,
2768 3001 2863 3056 sed
2891 3001 3150 3056 habemus
3170 3002 3371 3055 militia:
3400 3013 3597 3056 nostra:
3614 3004 3809 3071 cingu-

541 3091 708 3146 Deuin
739 3105 845 3144 non
878 3098 985 3144 tam
1012 3090 1224 3144 exactio
1262 3106 1425 3159 quam
1461 3090 1480 3128 τ
1509 3094 1723 3147 exactio
1752 3094 1931 3162 iniqua
1972 3096 2123 3149 dam-
2146 3098 2192 3159 C
2225 3098 2357 3159 lum,
2386 3110 2492 3163 quo
2538 3094 2869 3149 castimoniae
2915 3094 3171 3147 interiora
3210 3092 3648 3163 constringuntur
3682 3114 3694 3146 :
3742 3095 3807 3148 de

530 3189 707 3235 natur.
744 3180 880 3235 Dicit
926 3179 1071 3233 enim
1116 3179 1231 3248 ipse
1261 3179 1516 3235 Dominus
1548 3198 1562 3232 :
1596 3180 1815 3234 Reddite
1855 3200 1968 3253 qua:
2016 3183 2115 3237 Dei

529 3282 649 3324 sunt
674 3271 800 3335 Deo,
826 3280 875 3324 et
900 3286 1013 3341 quae
1036 3269 1263 3325 Cwsaris
1298 3269 1496 3325 Caesari
1516 3270 1730 3342 (Matth.
1771 3275 1924 3345 xxn).
1951 3274 2116 3343 igitur

529 3364 675 3430 quod
712 3362 893 3417 Caesar
920 3362 1162 3431 pnecipit
1192 3363 1467 3416 ferendum
1499 3372 1611 3427 est;
1640 3364 1785 3433 quod
1826 3365 2116 3434 imperator

531 3454 713 3507 indicit
744 3452 1075 3508 tolerandum
1103 3461 1203 3506 est.
1233 3451 1338 3506 Sed
1365 3453 1421 3505 lit
1444 3454 1803 3519 intolerabile,
1827 3456 1951 3508 dum
1980 3457 2111 3510 illud

530 3545 713 3614 prmda
768 3546 1065 3599 exactionis
1114 3544 1433 3599 accumulat.
1464 3544 1580 3599 Hoc
1623 3553 1802 3599 autem
1843 3547 2001 3615 quale
2047 3548 2117 3601 sit

531 3638 676 3706 quod
698 3637 854 3692 iidem
886 3637 988 3706 ipsi
1008 3637 1101 3706 qui
1119 3636 1418 3704 huiusmodi
1440 3636 1782 3691 necessitates
1803 3646 2113 3707 procurant,

532 3728 767 3799 peccatis
786 3728 894 3781 suis
922 3736 1144 3796 peccata
1161 3728 1556 3795 congeminant,
1580 3727 1685 3782 hoc
1709 3738 1790 3782 est
1811 3729 1953 3798 quod
1973 3729 2116 3784 frau-

532 3818 629 3873 des
673 3833 737 3872 ac
780 3819 993 3887 rapinas
1034 3833 1158 3871 suas
1207 3819 1543 3872 commodum
1586 3828 1800 3883 vocant,
1834 3836 1955 3874 cum
2001 3822 2114 3890 ipsa

533 3906 711 3975 pra-da
740 3907 901 3975 378
925 3904 1234 3961 conferatur
1274 3908 1327 3962 in
1373 3909 1748 3963 commodum?
1778 3909 1908 3964 lllud
1936 3920 2113 3965 autem

534 3995 737 4049 addunt
764 3995 1056 4050 sceleribus
1099 3998 1238 4059 suis,
1278 4005 1337 4051 ut
1373 4011 1509 4065 quos
1548 3997 1853 4055 indefensos
1888 4000 2117 4054 viderint

535 4084 679 4154 ipsos
700 4084 881 4153 potius
909 4092 1319 4153 persequantur,
1344 4095 1398 4140 et
1420 4096 1611 4155 putent
1640 4099 1664 4135 κ
1684 4104 1744 4142 se
1766 4091 2117 4145 necessitates

532 4174 809 4245 decepisse
829 4177 1072 4245 publicas
1090 4220 1104 4243 ,
1131 4178 1233 4231 nisi
1281 4178 1470 4233 domos
1500 4180 1810 4248 deceperint
1851 4182 2118 4250 orphano—

530 4280 653 4319 rum
686 4284 700 4320 :
732 4268 805 4320 ita
833 4274 891 4323 ut
916 4283 1145 4335 quorum
1168 4276 1323 4337 pater
1353 4276 1479 4323 ante
1522 4270 1739 4324 biduum
1764 4271 1983 4326 forsitan
2013 4274 2121 4327 fue-

535 4364 619 4410 rat
648 4358 869 4421 amicus,
902 4358 1130 4426 collega,
1163 4358 1253 4412 vel
1282 4360 1465 4423 irater,
1497 4361 1886 4417 interveniente
1921 4374 2116 4431 morte,

2220 3203 2329 3257 quo
2357 3186 2572 3253 cingulo
2613 3186 2773 3254 379
2818 3183 3073 3238 Dominus
3101 3184 3173 3237 ait
3200 3182 3266 3237 ad
3310 3184 3597 3253 Apostolos
3623 3200 3762 3239 suos
3794 3202 3805 3235 ε

2219 3279 2339 3333 Sint
2361 3275 2515 3330 lumbi
2534 3277 2689 3329 vestri
2716 3276 3000 3344 praecincti,
3030 3284 3079 3327 et
3107 3276 3328 3327 lucerna:
3350 3276 3586 3327 ardentes
3611 3277 3666 3327 in
3702 3292 3807 3328 ma-

2217 3372 2363 3425 nibus
2391 3368 2573 3423 vestris
2602 3366 2751 3438 (Luc.
2796 3367 2909 3435 xu).
2944 3366 3140 3419 Milites
3168 3367 3328 3433 igitur
3356 3364 3551 3420 Christi
3592 3382 3807 3429 sumus,

2217 3469 2271 3515 et
2308 3458 2633 3529 stipendium
2661 3458 2727 3511 ab
2759 3457 2875 3525 ipso
2917 3456 3613 3525 donumque'percipimus,
3662 3459 3805 3509 sicut

2215 3551 2344 3606 dicit
2370 3552 2559 3604 beatus
2598 3548 2883 3616 Apostolus
2914 3564 2925 3598 :
2959 3544 3060 3607 Qui
3087 3546 3229 3597 dedit
3258 3544 3401 3598 nobis
3433 3548 3616 3615 pignus
3644 3548 3807 3615 spirio

2219 3651 2296 3694 tus
2320 3638 2405 3712 (Il
2430 3639 2551 3693 Cor.
2585 3636 2656 3705 l);
2688 3637 2797 3691 hoc
2824 3643 2927 3701 est,
2953 3633 3044 3703 qui
3063 3632 3293 3704 Spiritus
3306 3636 3475 3689 sancti
3498 3650 3595 3689 nos
3617 3651 3803 3689 remu-

2217 3730 2497 3785 neratione
2514 3728 2723 3784 ditavit.
2746 3724 2942 3794 Siquis
2967 3738 3095 3793 ergo
3122 3725 3546 3779 Christianorum
3577 3726 3682 3779 hoc
3717 3727 3811 3779 do-

2214 3823 2708 3877 nativocontentus
2735 3816 2872 3871 forte
2897 3833 3005 3871 non
3027 3814 3185 3869 fuerit
3202 3856 3216 3876 .
3248 3823 3303 3869 et
3325 3815 3515 3883 qumrit
3542 3816 3797 3882 amplius,

2215 3915 2401 3983 incipit
2428 3914 2533 3966 hoc
2558 3912 2676 3980 ipso
2696 3922 2884 3964 carere
2904 3908 3049 3976 quod
3076 3907 3293 3961 meruit.
3316 3916 3354 3942 ω
3380 3904 3533 3971 Quod
3559 3907 3807 3974 speciali-

2215 4012 2300 4060 ter
2351 4002 2613 4071 contingit
2658 3998 2926 4054 haereticis
2968 3996 3179 4051 Arianis
3208 4014 3220 4048 :
3254 3996 3379 4050 dum
3425 3996 3567 4049 enim
3617 3997 3805 4048 nescio

2216 4095 2343 4165 quid
2373 4093 2601 4161 amplius
2628 4096 2898 4159 qumrunt,
2924 4088 3257 4142 invenientes
3295 4086 3493 4141 erroris
3533 4086 3806 4154 spiritum,

2216 4197 2244 4224 η
2275 4187 2499 4254 gratiam
2532 4184 2763 4252 Spiritus
2783 4180 2952 4235 sancti
2982 4179 3343 4248 perdiderunt.
3376 4177 3505 4230 Nam
3536 4186 3590 4231 et
3612 4177 3807 4230 catho-

2220 4280 2351 4332 licus
2378 4276 2605 4330 clericus
2634 4274 2733 4326 hac
2759 4270 3021 4325 sententia
3049 4272 3215 4339 380
3251 4271 3533 4343 retinetur.
3563 4266 3620 4319 Si
3662 4270 3806 4320 cnim

2220 4384 2327 4423 non
2364 4372 2647 4421 contentus
2667 4360 2946 4431 stipendiis
2964 4359 3123 4415 fuerit
3150 4375 3270 4428 qum
3294 4368 3317 4395 ο
3342 4358 3408 4412 de
3435 4358 3587 4411 altari
3617 4357 3806 4410 Domi-

534 4448 774 4517 ejusdem
824 4450 977 4503 liberi
1024 4450 1321 4505 habeantur
1370 4461 1621 4520 tanquam
1664 4454 1852 4522 ignoti,
1892 4457 2024 4511 viles
2070 4468 2127 4512 et
2158 4445 2203 4502 ο
2230 4472 2299 4512 no
2322 4455 2543 4524 jubeute
2568 4451 2932 4519 consequitur,
2962 4449 3055 4503 sed
3084 4455 3299 4503 exercet
3326 4448 3701 4512 mercimcnia,
3732 4449 3805 4500 in-

536 4539 737 4593 miseri.
771 4537 941 4593 Vidua
970 4548 1148 4594 autem
1188 4542 1233 4594 si
1284 4556 1388 4609 qua
1437 4540 1616 4609 fuerit,
1656 4552 1748 4597 aut
1797 4546 1876 4600 sic
1920 4546 2125 4615 injuriis

606 4682 632 4710 ι
651 4670 789 4727 Cod.
822 4672 888 4725 l0
912 4671 1191 4738 Laurent.,
1222 4652 1398 4741 aliqui.

604 4740 634 4781 δ
675 4741 808 4797 Tres
836 4743 943 4811 cite
958 4742 1116 4795 codd.
1151 4740 1338 4811 proiet
1368 4744 1567 4796 habent
1598 4754 1706 4795 aut.

610 4822 633 4851 ε
660 4811 810 4886 Cod._
828 4810 895 4886 10
927 4810 1202 4886 Laurent.,
1228 4810 1479 4879 Nunquid
1498 4814 1777 4867 monachus
1797 4830 1908 4867 sum
1925 4818 2125 4886 profes-

539 4898 628 4937 sus
652 4891 741 4933 aut
763 4881 1021 4934 clericus?

606 4950 633 4987 ἀ
664 4947 797 5023 Cod.
910 4946 1095 5023 Crucis
1122 4949 1177 5023 in
1204 4949 1337 5004 Jer..
1366 4952 1526 5023 sacris
1548 4951 1729 5003 lilteris
1750 4954 2123 5023 prwscribitur,

536 5027 643 5074 etc.
669 5016 801 5092 Item
828 5016 994 5072 Codd.
1028 5018 1301 5083 Casiuen.,
1334 5020 1592 5074 addentes
1630 5016 1773 5088 quod
1807 5024 1861 5077 in
1904 5016 2121 5092 vulgato

538 5090 988 5212 mttlégﬁgrsti‘dat.
1021 5173 1141 5211 cum
1172 5159 1291 5215 cod.
1328 5157 1394 5211 10
1421 5157 1700 5226 Laurent.,
1732 5168 1787 5213 et
1815 5176 1935 5215 cum
1966 5170 2116 5216 utro-

538 5242 643 5279 nue
671 5226 728 5279 S.
758 5225 947 5279 Crucis
973 5228 1022 5278 in
1050 5226 1157 5279 Jer.
1775 5263 1779 5267 -

537 5242 643 5297 que
671 5226 728 5279 S.
758 5225 947 5280 Crucis
973 5228 1022 5278 in
1050 5226 1157 5280 Jer.
1775 5263 1779 5267 -

559 5367 570 5372 _
611 5296 629 5334 ί
661 5296 795 5349 Cod.
822 5296 887 5348 10
918 5295 1189 5361 Laurent,
1214 5314 1318 5352 non
1341 5306 1447 5351 tam
1461 5300 1682 5362 exactio,
1701 5317 1850 5372 quam
1877 5301 2120 5372 iniquitas

535 5367 835 5420 damnatur.

608 5446 632 5483 ε
667 5434 902 5503 Uterque
926 5434 1043 5489 cod.
1075 5434 1131 5491 S.
1157 5434 1364 5493 Crucis.
1393 5437 1445 5491 in
1475 5437 1591 5493 Jer.

608 5503 632 5539 δ
659 5503 895 5572 Uterque
921 5506 1041 5559 cod.
1074 5506 1130 5560 8.
1166 5507 1350 5561 Crucis
1373 5508 1425 5561 in
1452 5506 1585 5572 Jer.,
1616 5509 1891 5563 excitatur.

545 5572 627 5697 ,εἰ
661 5573 735 5628 Ita
759 5575 914 5629 codJ.
948 5573 1004 5629 S.
1033 5575 1218 5631 Crucis
1249 5577 1299 5632 in
1329 5575 1437 5633 Jer.
1499 5577 1751 5633 Laurent.
1778 5579 1862 5644 10,
1889 5588 1944 5634 et
1972 5577 2124 5633 Casi-

564 5662 577 5695 ι
617 5661 670 5697 n.

564 5661 670 5698 ten.

2230 4547 2585 4604 tercessiones
2610 4544 2824 4606 vendit,
2849 4541 3124 4595 viduarum
3168 4554 3391 4595 munera
3437 4539 3666 4593 libenter
3694 4556 3805 4592 am-

2303 4678 2316 4729 i
2356 4676 2488 4731 Cod.
2528 4672 2585 4729 S.
2625 4672 2811 4729 Crucis
2854 4672 2909 4727 in
2935 4670 3069 4735 Jer.,
3100 4670 3308 4735 videas;
3340 4670 3461 4726 cod.
3493 4686 3624 4726 vero
3674 4671 3803 4726 Lau-

2228 4758 2391 4806 rent..
2424 4744 2650 4799 uidebas.

2301 4819 2325 4856 ιι
2366 4817 2442 4869 Ita
2473 4824 2699 4880 uterque
2724 4811 2845 4865 cod.
2869 4811 2923 4864 S.
2958 4810 3145 4865 Crucis
3172 4810 3223 4862 in
3247 4807 3355 4863 Jer.

2305 4886 2322 4925 ι
2356 4885 2489 4939 Cod.
2521 4881 2588 4934 99
2618 4882 2743 4948 legit
2780 4899 2791 4932 :
2837 4880 3076 4933 Videntur
3103 4882 3307 4950 itaque,
3312 4880 3425 4947 jam
3457 4894 3557 4931 non
3586 4880 3805 4931 militare

2229 4955 2457 5010 remissis
2484 4969 2545 5005 ac
2570 4950 2842 5019 [inmitibus
2871 4950 3077 5013 tunicis,
3102 4950 3193 5001 sed
3223 4949 3466 5000 habemus
3496 4950 3697 5001 militiw
3717 4967 3803 5000 ηυ-

2227 5036 2349 5079 stra:
2370 5018 2648 5091 cingulum,
2670 5037 2767 5090 quo
2788 5020 3105 5091 castimonia!
3124 5018 3370 5091 interiora
3391 5018 3804 5091 constringimnr.

2224 5094 2357 5148 Cod.
2388 5087 2719 5145 lO'Lauren't
2746 5092 2817 5141 ita
2858 5105 2869 5138 :
2913 5088 3174 5148 Videntur,
3201 5087 3429 5154 inquam,
3459 5102 3562 5137 non
3586 5088 3806 5138 militare

2224 5163 2451 5216 remissis
2509 5176 2569 5211 ac
2609 5157 2881 5226 ﬂuentibus
2922 5156 3128 5215 tunicis,
3160 5155 3249 5226 sed
3291 5155 3567 5226 habeamus
3616 5156 3807 5206 militia

2225 5241 2417 5286 nostra:
2445 5223 2724 5299 cingulum,
2755 5243 2852 5299 quo
2875 5226 3196 5299 castimonia:
3222 5223 3473 5299 interiora
3500 5227 3805 5293 constringi-

2226 5319 2358 5365 mus,
2374 5309 2427 5373 _e_t
2455 5293 2933 5373 stipendiaabhipsp
2960 5295 3248 5373 donumque
3274 5293 3596 5373 permittimus:

2299 5358 2355 5407 ω’
2374 5358 2606 5437 Uterque
2633 5366 2758 5437 cod,
2782 5358 2851 5418 8.’
2878 5362 3067 5418 Crucis
3092 5362 3144 5414 in
3165 5358 3309 5427 'Jer.,
3339 5358 3519 5414 Casin.
3551 5359 3638 5425 12,
3670 5370 3722 5415 et
3753 5361 3807 5411 16

2231 5442 2486 5495 Laurent.
2520 5434 2634 5490 lucc
2662 5434 2880 5488 addunt.

2302 5519 2329 5546 ¹³
2359 5507 2493 5563 Cod.
2526 5507 2590 5558 10
2619 5503 2895 5565 Laurent,
2925 5502 3117 5557 erroris
3146 5501 3401 5571 spiritum,
3424 5500 3605 5570 gratia!
3628 5496 3809 5551 Christi

2235 5580 2491 5649 Spiritum
2516 5575 2898 5649 prodiderunt;
3004 5642 3014 5649 _
3076 5642 3087 5649 _
3161 5639 3179 5649 _
3344 5641 3354 5649 D
3432 5639 3475 5649 η
3568 5642 3576 5649 ,

2310 5659 2333 5686 ο
2366 5639 2599 5715 Uterque
2620 5654 2739 5699 eod.
2774 5642 2831 5696 8.
2860 5641 3046 5695 Crucis
3076 5642 3126 5694 in
3154 5639 3285 5704 ἔρνη
3320 5641 3384 5693 de
3411 5639 3630 5693 Altario.
