3910 6238
583 310 684 363 i323

1814 306 1868 361 S.
1910 303 2154 360 MAXIM!
2194 300 2642 362 TAURINENSIS

3729 306 3824 363 52‘

584 427 735 481 sione
754 424 949 479 Christi
978 436 1080 477 nec
1108 429 1282 479 morte
1308 421 1515 491 divelli,
1551 422 1618 476 ab
1649 420 1808 491 382
1835 420 1949 488 ejus
1978 420 2149 473 socie-
2176 422 2227 482 Α
2253 433 2405 473 more
2424 418 2621 488 pullos,
2643 415 2738 473 sed
2764 416 3013 487 luporum
3043 430 3195 473 more
3224 431 3416 489 rapere
3444 432 3636 488 porcos
3670 438 3684 472 :
3716 423 3819 490 qui,

583 527 696 573 tate
722 517 1141 585 interrogatione
1162 516 1423 570 ancillulm
1444 521 1754 584 separatur;
1776 520 1833 565 et
1855 511 1954 566 nisi
1986 510 2147 564 veluti

583 606 800 662 modum
828 605 1111 675 quemdam
1139 613 1411 667 statuens,
1445 604 1606 657 tertio
1630 616 1754 657 eum
1794 600 2018 655 dixisset
2046 600 2150 653 Do-

583 701 785 754 minum
815 705 1152 767 negaturum,
1181 696 1403 751 forsitan
1433 696 1623 765 saepius
1651 694 2027 761 interrogatus,
2053 690 2152 745 fre-

582 798 812 859 quenter
838 789 1167 856 denegasset.
1201 786 1337 851 Quid
1358 800 1486 854 ergo
1517 783 1871 854 respondetur
1897 782 1969 836 illi
1996 790 2151 850 petu-

585 880 746 932 lanti?
784 876 971 947 Vulpes
993 878 1166 948 foveas
1196 876 1401 939 habent,
1430 886 1476 929 et
1500 876 1723 929 volucres
1753 875 1865 927 cali
1907 872 2078 939 nidos,
2101 882 2151 927 et

584 968 629 1020 F
636 970 751 1022 ilius
765 968 984 1022 hominis
1005 983 1108 1020 non
1129 964 1374 1018 habetubi
1396 974 1544 1034 caput
1564 962 1998 1035 reclinetUIatth.
2012 963 2144 1033 vni).

586 1059 773 1113 Videte
802 1058 887 1113 cui
926 1058 1005 1111 rei
1053 1056 1316 1110 subtiliter
1343 1064 1703 1124 comparetur.
1742 1052 1834 1107 Est
1877 1054 2021 1108 enim
2047 1052 2150 1106 hoc

581 1161 749 1216 genus
776 1148 1020 1201 animalis
1075 1145 1233 1199 fallax
1255 1188 1270 1213 ,
1301 1154 1356 1199 et
1384 1146 1585 1214 rapinis
1628 1159 1838 1213 semper
1866 1144 2148 1207 intentum,

584 1248 608 1272 ⁸·
637 1238 883 1307 rapinam
907 1235 1092 1290 fraude
1135 1250 1414 1302 exercens,
1444 1235 1587 1302 quod
1636 1234 1765 1287 nihil
1796 1242 1987 1298 tutum,
2018 1232 2149 1289 nihil

579 1327 842 1392 otiosum,
869 1327 998 1381 nihil
1027 1326 1260 1396 patiatur
1284 1340 1402 1379 esse
1427 1340 1694 1391 securum,
1711 1322 1854 1392 quod
1882 1324 2021 1377 inter
2036 1324 2148 1392 ipsa

571 1430 795 1486 quoque
818 1416 1094 1470 hominum
1122 1414 1388 1469 domicilia
1424 1414 1660 1485 praedam
1686 1413 1946 1484 requirat.
1979 1412 2149 1479 Quam

578 1513 1040 1577 comparationem
1087 1521 1194 1560 non
1245 1506 1419 1560 solum
1460 1516 1679 1577 propter
1705 1504 1849 1560 illam
1898 1504 2151 1575 scriptam

578 1604 733 1665 puto.
764 1596 862 1650 sed
888 1603 1111 1666 pr0pter
1154 1596 1438 1665 plerosque
1484 1596 1646 1650 etiam
1674 1594 2029 1661 Christianos,
2058 1596 2149 1665 qui

579 1701 676 1741 ore
712 1686 930 1754 quidem
976 1684 1256 1739 Dominum
1304 1680 1644 1752 confitentur,
1688 1685 1929 1740 moribus
1970 1693 2147 1740 autem

2249 509 2375 563 dum
2401 524 2497 564 suo
2528 508 2713 563 labore
2740 508 2907 577 possit
2930 508 3129 570 vivere,
3154 506 3392 563 ferarum
3418 509 3569 563 rabie
3591 512 3822 579 ιιι-πόλει

2248 606 2427 668 captat
2455 598 2701 651 alienam.
2735 596 3029 652 limreticos
3048 597 3210 651 etiam
3238 612 3428 653 omnes
3456 598 3696 654 arbitror
3711 602 3817 653 vul-

2248 690 2405 759 pibus
2432 689 2840 759 comparandos,
2872 688 2965 757 qui
3002 704 3123 743 cum
3152 690 3206 743 in
3234 690 3398 746 domo
3440 691 3653 745 Domini
3685 693 3824 746 habi-

2251 790 2366 835 tare
2414 796 2523 835 non
2573 780 2819 850 possint,
2865 781 3240 835 conventicula
3279 781 3655 851 sibqu
3684 783 3822 836 velut

2254 871 2438 927 foveas
2466 879 2769 942 praeparant
2792 872 3123 937 tenebrosas,
3157 872 3212 925 in
3257 872 3451 941 quibus
3479 873 3825 941 pertinaciter

2251 962 2481 1016 latentes
2528 960 2844 1015 insidiantur
2888 960 3177 1025 Ecclesiae,
3227 968 3287 1015 ut
3325 960 3371 1014 si
3418 974 3524 1030 qua
3574 966 3825 1016 innocens

2250 1050 2426 1104 anima
2454 1048 2594 1105 forte
2617 1050 2961 1118 processerit,
2994 1049 3144 1105 velut
3171 1050 3375 1120 pullum
3403 1050 3615 1117 gallinae
3642 1051 3826 1104 matris

2250 1143 2598 1197 absorbeant.
2646 1139 2991 1207 lnsidiantur,
3038 1141 3254 1209 inquam
3276 1182 3292 1208 ,
3328 1140 3519 1211 vulpes
3554 1139 3822 1203 Ecclesia.

2250 1234 2354 1288 hoc
2374 1240 2477 1300 est,
2506 1233 2829 1301 evangelica:
2853 1232 2927 1287 illi
2951 1232 3164 1301 gallinae
3191 1232 3259 1287 de
3285 1248 3391 1302 qua
3419 1232 3498 1286 ait
3523 1230 3785 1287 Dominus
3810 1248 3823 1283 :

2253 1323 2459 1388 Quoties
2493 1325 2629 1378 volui
2662 1340 2975 1395 congregare
3011 1324 3153 1393 ﬁlios
3192 1332 3305 1378 tuos
3334 1324 3467 1377 sicut
3494 1324 3697 1395 gallina
3725 1322 3825 1377 col-

2249 1417 2361 1489 ligit
2387 1417 2554 1485 pullos
2581 1432 2698 1470 suos
2717 1413 2809 1469 sub
2844 1416 2957 1468 alas
2980 1431 3101 1468 suas
3124 1414 3343 1484 (Matth.
3368 1415 3531 1482 χχιιι)
3564 1424 3614 1466 ε.

2319 1506 2561 1561 Vitemus
2583 1519 2733 1573 ergo,
2762 1504 2974 1569 fratres,
3006 1504 3233 1559 vitemus
3277 1502 3564 1573 pestiferos
3592 1504 3826 1572 vulpium

2249 1598 2613 1655 insidiantium
2659 1596 2843 1660 dolos,
2874 1596 3106 1650 vitemus
3133 1594 3442 1650 mortiferas
3471 1596 3826 1664 nequissimo-

2254 1703 2373 1743 rum
2402 1686 2752 1741 animantium
2780 1685 3074 1755 captiones,
3097 1698 3169 1740 ne
3187 1683 3326 1739 sicut
3348 1684 3537 1754 vulpes
3563 1684 3827 1753 quondam

576 1777 817 1847 vulpium
846 1774 1055 1830 fallacia
1074 1775 1427 1830 diversantur.
1445 1775 1628 1830 Omnis
1651 1777 1793 1831 enim
1813 1776 2154 1832 Christianus
2187 1778 2230 1837 Β
2259 1792 2396 1847 quas
2416 1775 2646 1831 Samson
2695 1774 2909 1847 (Judic.
2957 1774 3067 1845 xv)
3097 1774 3187 1829 ille
3232 1772 3556 1829 fortissimus
3604 1775 3660 1828 in
3710 1788 3827 1841 agro

578 1868 671 1935 qui
702 1867 811 1920 vult
837 1881 932 1925 sua
956 1873 1201 1941 .peecata
1241 1866 1436 1931 celare,
1487 1866 1574 1921 hic
1607 1867 1957 1936 spiritualiter
1977 1869 2151 1938 vulpis

578 1964 679 2011 est.
713 1954 862 2010 Sicut
890 1953 1031 2009 enim
1059 1954 1232 2023 vulpis
1268 1961 1489 2024 propter
1528 1954 1742 2010 fraudes
1770 1971 1893 2011 suas
1916 1957 2149 2013 latibulis

577 2049 919 2111 demoratur;
944 2047 1020 2101 ita
1047 2054 1102 2101 et
1130 2054 1383 2117 peccator
1412 2055 1595 2101 tacens
1627 2054 1847 2116 propter
1867 2048 2147 2103 conscien-

578 2138 708 2191 tiam
738 2152 956 2191 suorum
980 2144 1322 2205 peccatorum
1358 2133 1526 2189 foveis
1549 2134 1829 2189 delitescit.
1863 2135 1889 2173 δ
1916 2133 1984 2189 Et
2009 2136 2148 2191 sicut

579 2228 667 2282 illa
696 2243 804 2281 non
834 2226 995 2280 audet
1022 2226 1161 2280 inter
1188 2224 1392 2280 medias
1413 2224 1692 2279 hominum
1722 2226 1905 2280 turbas
1936 2241 2146 2280 morum

577 2332 799 2373 suonun
826 2324 1099 2372 ostentare
1145 2313 1440 2381 fallaciam;
1486 2314 1559 2368 ita
1588 2322 1643 2367 et
1665 2314 1751 2369 hic
1781 2314 2050 2370 erubescit
2092 2316 2146 2368 in

578 2406 753 2461 media
781 2404 1006 2460 ecclesia
1034 2402 1458 2459 conversationis
1485 2417 1595 2457 suae
1642 2404 1936 2473 nequitiam
1974 2402 2144 2458 conli-

569 2498 701 2552 teri.
732 2496 958 2565 Vulpem
982 2495 1139 2565 plane
1167 2494 1390 2549 dixerim
1425 2509 1640 2548 omnem
1666 2492 2029 2549 Christianum
2054 2497 2145 2565 qui

571 2602 676 2643 suo
704 2586 984 2643 insidiatur
1009 2585 1218 2653 vicino,
1244 2585 1335 2653 qui
1375 2584 1612 2653 quotidie
1640 2585 1827 2640 nititur
1856 2584 1987 2641 lines
2014 2586 2143 2640 alie-

574 2677 967 2742 nosarrodere,
999 2674 1201 2730 fructus
1229 2673 1481 2729 invadere
1502 2714 1518 2740 ,
1568 2674 1816 2729 animalia
1856 2675 2137 2739 devorare,

574 2776 631 2821 et
656 2765 799 2835 quod
826 2773 909 2822 est
935 2763 1193 2820 familiare
1212 2763 1336 2820 huic
1366 2764 1613 2835 tempori,
1643 2779 1750 2818 non
1773 2771 1882 2818 tam
1904 2765 2137 2833 vulpium

2257 1866 2657 1921 Philistinorum
2685 1866 2844 1936 383
2883 1874 3117 1919 armatas
3162 1862 3368 1920 facibus
3416 1865 3670 1929 immisit,
3719 1876 3829 1932 qua

2255 1958 2435 2012 omnia
2462 1957 2805 2012 combussere
2834 1956 3061 2011 flammis
3088 1971 3209 2026 quae
3251 1956 3527 2023 contigere
3553 1954 3824 2024 vestigiis;

2253 2049 2325 2102 ita
2356 2047 2558 2102 fructus
2586 2056 2890 2102 nostrarum
2923 2058 3167 2114 segetum
3207 2061 3591 2115 perversorum
3618 2046 3826 2115 dogma-

2252 2147 2364 2193 tum
2396 2140 2580 2209 vulpes
2617 2146 2710 2192 aut
2757 2138 3070 2192 insidiarum
3117 2137 3434 2206 deceptione
3464 2137 3705 2206 capiant,
3745 2146 3826 2189 aut

2253 2226 2584 2282 ﬂammarum
2610 2228 2891 2282 adustione
2914 2234 3250 2281 consument.
3280 2224 3460 2281 Simus
3487 2240 3641 2295 ergo,
3673 2235 3733 2280 ut
3758 2227 3824 2281 le-

2251 2318 2445 2403 gimus,
2475 2324 2529 2372 et
2582 2316 2853 2386 simplices
2879 2315 3043 2388 385
3067 2324 3127 2371 ut
3145 2316 3424 2381 columbae,
3474 2325 3531 2372 et
3576 2317 3738 2372 astuti
3775 2324 3825 2371 ut

2250 2415 2549 2476 serpentes,
2580 2414 2640 2461 ut
2666 2407 3064 2478 simplicitatem
3092 2407 3298 2462 scilicet
3323 2407 3699 2462 columbarum
3723 2422 3824 2464 ser-

2250 2497 2489 2563 pentium
2517 2502 2732 2550 tueatur
2760 2495 2975 2561 astutia,
3004 2502 3062 2549 et
3084 2496 3159 2549 ita
3187 2495 3387 2549 malum
3416 2494 3598 2551 facere
3629 2497 3823 2551 nescia-

2251 2602 2393 2652 mus,
2426 2596 2484 2639 ut
2508 2595 2683 2640 tamen
2717 2586 2888 2640 vitare
2916 2586 3216 2656 possimus;
3266 2602 3363 2656 per
3408 2587 3697 2641 Dominum
3739 2600 3822 2639 no-

2242 2683 2413 2729 strum
2435 2673 2617 2729 Jesum
2646 2673 2940 2739 Christum,
2972 2676 3057 2730 cui
3085 2684 3168 2730 est
3208 2675 3385 2730 honor
3415 2684 3473 2730 et
3500 2676 3696 2744 gloria,
3727 2683 3817 2728 etc.

1898 2873 2240 2934 HOMILIA
2284 2875 2500 2937 CXVI.

1337 2995 1436 3051 Ubi
1464 2994 1713 3050 Dominus
1742 2995 1951 3049 sabbato
1971 3012 2179 3049 manum
2203 2996 2405 3054 aridam
2433 2998 2627 3050 curavit
2649 2995 2798 3067 (Luc.
2831 3014 2945 3067 cap.
2987 3000 3079 3069 vn).

2008 3108 2389 3164 ADMONITIO.

644 3226 763 3295 ipsa
793 3223 1024 3279 humilia:
1048 3222 1242 3301 lectio,
1270 3222 1497 3301 cuilibet
1530 3220 2077 3301 Maximiani-eloquii
2111 3237 2227 3301 non
2251 3220 2437 3301 inscio,
2468 3222 2587 3301 quis
2614 3222 2682 3301 sit
2712 3222 2853 3301 illius
2860 3230 3067 3301 lauetur
3081 3221 3449 3301 ,nmanil‘estat.
3480 3223 3709 3301 Accedit
3734 3241 3817 3301 co-

578 3296 749 3351 dicum

871 3301 994 3363 tuor
1021 3292 1312 3363 auctoritas
1330 3290 1584 3363 eamdem
1611 3297 1800 3345 sancto
1822 3289 2053 3363 Mariano
2074 3290 2473 3363 ascribeptium,
2492 3291 2542 3344 id
2560 3300 2648 3363 est
2675 3293 2831 3363 triiun
2860 3290 3068 3363 sanctae
3095 3290 3305 3363 Crucis,
3318 3300 3374 3345 et
3400 3297 3578 3361 quarti
3604 3294 3816 3363 Sangal-

577 3364 759 3443 lensis.
783 3357 841 3443 in
867 3360 1059 3443 codice
1078 3359 1165 3443 ,δέ
1187 3358 1374 3441 Crpcis
1496 3366 1697 3443 nerstat
1736 3373 1883 3413 num.
1910 3358 1998 3443 3.8.,
2031 3360 2086 3413 in
2106 3358 2228 3413 cod.
2262 3357 2522 3443 pum.
2556 3357 2697 3443 Suet
2717 3362 2793 3443 ‘in
2821 3361 2943 3443 cod_.
2974 3360 3009 3443 ρ
3036 3376 3187 3443 ιιιιιηζ
3208 3360 3263 3425 2,
3293 3362 3397 3442 hac
3417 3357 3814 3443 cum_t_iniformi

576 3432 923 3516 i.'.‘8£"P“°“¢
949 3428 1107 3516 2‘1"}-
1117 3428 1368 3516 Pera":
1381 3428 1863 3516 fﬂi“!91!‘ﬂ"!’ﬁ
1873 3426 2483 3516 αξίάιέιῑιξιξςαξιξίξοέξὶεῑφ
2503 3426 2949 3516 εῖξξζεῖξυιιξεερφς.
2973 3429 3340 3516 ξειιξεξιιροείεί
3356 3447 3504 3516 eun
3534 3432 3629 3487 ιι·
3658 3433 3816 3516 liene-

575 3496 1025 3558 dictinimonachi
1052 3512 1302 3566 congreg.
1334 3497 1516 3553 Sancti
1551 3497 1721 3551 Mauri
1764 3512 1869 3551 nec
1915 3498 1967 3550 in
1997 3496 2291 3567 appendice
2319 3511 2481 3551 serui.
2513 3499 2684 3552 sancti
2730 3500 3028 3566 Augustini,
3060 3496 3161 3555 nec
3189 3500 3243 3554 in
3264 3500 3584 3571 praefatione
3611 3504 3682 3558 ad
3706 3518 3807 3558 ser-

575 3584 762 3621 mones
788 3569 957 3623 sancti
984 3566 1253 3623 Ambrosii
1280 3567 1408 3622 edit.
1441 3566 1608 3620 Paris.
1638 3564 1794 3626 1690,
1817 3566 2110 3635 quidquam
2131 3566 2333 3621 habent
2356 3566 2500 3635 quod
2529 3567 2685 3622 nobis
2712 3568 3040 3623 adversetur.
3388 3564 3400 3576 ⁸

581 3691 1280 3773 Movimus—Erret“
1308 3691 1485 3773 3.1M“.

646 3763 699 3814 in
720 3780 816 3883 zuo
836 3764 1019 3832 legitur
1044 3757 1303 3841 Christum
1329 3758 1611 3835 Dominum
1643 3775 1851 3839 curasse
1873 3757 2143 3828 quemdam

652 3830 717 3881 ha
752 3841 916 3883 entem
966 3845 1177 3884 manum
1220 3829 1463 3891 aridam;
1507 3844 1566 3880 ac
1618 3828 1793 3897 plures
1831 3836 2142 3897 tnterpreta-

652 3830 916 3883 habentem
966 3845 1177 3884 manum
1220 3830 1463 3891 aridam;
1507 3832 1566 3880 ac
1618 3830 1793 3897 plures
1831 3830 2142 3896 interpreta-

649 3902 813 3955 tiones
854 3899 923 3951 σά
973 3898 1260 3965 Scriptura!
1295 3897 1689 3966 intelligentiam
1734 3896 2142 3950 accommodatas

648 3971 865 4039 profert.

649 4143 938 4212 Diligenter
960 4156 1057 4196 vos
1083 4140 1314 4195 audiisse
1334 4140 1514 4206 credo,
1544 4140 1756 4208 fratres,
1787 4140 2145 4209 evangelicam

579 4236 866 4292 lectionem
893 4248 1011 4302 quae
1038 4247 1209 4302 nuper
1246 4232 1385 4287 lecta
1424 4241 1539 4299 est,
1570 4233 1661 4287 ubi
1708 4233 1964 4287 Dominus
1986 4231 2014 4285 J
2024 4247 2146 4286 esus

579 4323 824 4378 Christus
844 4322 1110 4390 ingressus
1138 4322 1361 4375 sabbato
1391 4333 1736 4391 synagogam,
1767 4320 1998 4373 hominis
2045 4320 2145 4373 sibi

581 4410 825 4467 habentis
857 4425 1071 4464 manum
1100 4410 1301 4463 aridam
1328 4410 1587 4478 spirituali
1630 4410 1893 4464 medicina
1919 4410 2141 4473 curavit,

582 4517 691 4556 non
716 4500 974 4570 appositis
1020 4498 1308 4554 herbarum
1356 4500 1562 4563 succis,
1605 4515 1715 4553 non
1752 4500 2145 4569 pigmentorum

581 4592 1016 4647 medicaminibus
1042 4590 1323 4659 colligatis,
1352 4589 1446 4644 sed
1477 4590 1638 4645 verbo
1660 4590 1875 4659 jubens,
1905 4601 1959 4645 et
1988 4593 2039 4645 in
2068 4592 2144 4645 ira

581 4686 894 4753 prmcipiens
940 4681 1135 4736 refudit
1172 4682 1384 4751 corpori
1430 4682 1733 4737 sanitatem.
1766 4682 1877 4748 Ira,
1910 4684 2143 4752 inquam,

580 4773 721 4827 sicut
746 4774 820 4825 ait
840 4771 1197 4840 Evangelista,
1211 4771 1443 4825 restituit
1462 4772 1699 4840 vigorem
1720 4773 1975 4828 dexterm.
1998 4774 2148 4830 Unde

582 4862 925 4930 intelligimus
952 4862 1123 4931 qualis
1151 4860 1432 4916 dominica
1459 4861 1800 4932 benignitatis
1826 4866 1896 4918 sit
1921 4866 2143 4928 sanitas,

580 4952 731 5021 cujus
756 4952 1133 5020 indignationis
1160 4951 1281 5005 talis
1310 4962 1393 5006 est
1421 4953 1683 5008 medicina
1707 4971 1721 5019 ;
1751 4963 1843 5008 aut
1885 4956 2144 5025 quemad-

1176 3692 1280 3745 icat
1308 3689 1369 3744 S.
1393 3688 1654 3743 Maximus
1674 3689 1842 3745 locum
1869 3687 2141 3758 Evangelii
2169 3687 2215 3752 C
2246 3701 2440 3742 succus
2468 3685 2787 3742 inlunderet.
2820 3686 2938 3743 Non
2978 3691 3176 3745 mirum
3205 3696 3291 3744 est
3316 3689 3363 3744 si
3392 3689 3438 3744 is
3458 3699 3709 3747 arentem
3744 3704 3817 3744 re.

2244 3779 2453 3847 paravit
2476 3776 2771 3842 dexteram,
2800 3780 2890 3847 qui
2921 3788 3091 3835 totum
3123 3796 3323 3851 corpus
3350 3781 3419 3837 de
3450 3792 3473 3820 ο
3504 3784 3687 3838 arenti
3714 3781 3818 3851 pul-

2245 3883 2374 3923 vere
2400 3871 2740 3939 procreavit,
2770 3879 2826 3925 et
2860 3870 2911 3925 id
2938 3872 3087 3926 verbi
3135 3874 3363 3943 imperio
3406 3875 3650 3930 restituit
3687 3870 3815 3943 quod

2246 3962 2591 4039 in'principio
2635 3962 2841 4017 factura
2885 3964 3213 4032 operationis
3242 3965 3505 4029 instituit,
3538 3967 3692 4020 velut
3736 3980 3812 4016 au-

2248 4060 2450 4107 ctorem
2479 4068 2635 4108 suum
2674 4053 2881 4122 plasma
2907 4068 3237 4122 cognoscens
3283 4058 3604 4125 obsequitur
3635 4057 3652 4095 ί
3680 4065 3731 4111 et
3768 4056 3811 4107 in

2248 4144 2605 4213 portiuncula,
2635 4144 2720 4198 cui
2750 4152 2921 4199 totam
2949 4160 3009 4199 se
3055 4146 3278 4200 deberet
3307 4147 3361 4201 in
3387 4154 3584 4201 massa.
3618 4147 3723 4201 Sed
3746 4147 3812 4197 vi~

2248 4233 2469 4288 deamus
2493 4248 2613 4301 quae
2637 4234 2706 4288 sit
2735 4233 2787 4287 in
2810 4233 3092 4305 Synagoga
3120 4248 3309 4288 manus
3337 4235 3517 4301 arida;
3546 4250 3672 4303 quas
3697 4232 3812 4288 nihil

2247 4325 2462 4393 corpori
2518 4340 2617 4378 suo
2668 4325 2927 4394 prodest,
2988 4326 3203 4395 quando
3254 4326 3507 4395 operibus
3559 4324 3808 4385 siccavit,

2253 4416 2465 4485 quando
2494 4417 2655 4470 etiam
2702 4416 2934 4485 primum
2982 4417 3132 4471 arida
3173 4432 3294 4473 esse
3323 4418 3547 4487 cmperit
3590 4417 3811 4485 requira-

2246 4522 2383 4560 mus.
2413 4506 2530 4561 Non
2559 4508 2700 4561 enim
2730 4508 2887 4561 unius
2916 4508 3147 4562 hominis
3197 4516 3402 4562 tantum
3433 4522 3529 4577 per
3571 4507 3807 4563 Salvatoc

2247 4614 2361 4653 rem
2407 4614 2568 4653 causa
2613 4600 2834 4667 geritur,
2884 4614 2982 4654 nec
3018 4600 3175 4653 unius
3210 4600 3442 4654 hominis
3489 4598 3810 4654 imbecillitas

2247 4698 2580 4757 procuratur,
2608 4690 2699 4743 sed
2731 4690 2893 4743 totius
2938 4691 3149 4758 generis
3191 4690 3410 4743 humani
3436 4699 3461 4737 ε
3483 4690 3719 4744 salvatur
3741 4690 3809 4740 in-

2249 4775 2489 4831 firmitas.
2523 4777 2659 4831 Nulli
2691 4785 2870 4831 autem
2898 4778 3115 4831 dubium
3144 4785 3229 4832 est
3256 4777 3528 4831 dexteram
3550 4780 3640 4834 vel
3665 4776 3809 4830 totius

2248 4870 2490 4937 corporis
2518 4869 2915 4937 pratclarioreni
2957 4868 3261 4937 portionem
3292 4870 3394 4923 hoc
3422 4868 3588 4925 ofllcii
3616 4884 3803 4939 gerere.

2252 4966 2311 5012 ut
2332 4958 2522 5012 diurna
2550 4958 2803 5012 alimenta
2828 4973 2928 5011 suo
2955 4958 3169 5026 corpori
3196 4957 3589 5024 subministret,
3622 4969 3677 5014 et
3697 4974 3805 5029 pro-

580 5041 799 5114 modum
839 5041 1080 5111 placatus
1109 5041 1348 5111 prodest,
1389 5043 1479 5111 qui
1520 5044 1593 5097 ita
1638 5045 1919 5099 miseretur
1956 5046 2137 5101 iratus.
2172 5036 2219 5096 Β
2252 5049 2479 5103 videntis
2510 5049 2738 5116 quadam
2764 5047 2830 5101 ad
2854 5046 3135 5101 fruendam
3165 5047 3329 5100 vitam
3366 5049 3611 5103 membra
3631 5060 3803 5103 cetera

580 5111 758 5187 Verbo
787 5127 945 5201 igitur
974 5132 1129 5201 jubet
1167 5139 1223 5186 ut
1264 5134 1435 5187 arenti
1461 5133 1696 5188 dextera:
1721 5150 1978 5191 venarum
2018 5134 2044 5174 ά
2090 5153 2146 5192 se

653 5274 678 5302 ⁸
717 5264 793 5341 ita
822 5264 942 5319 cod.
992 5263 1082 5329 90,
1128 5274 1183 5320 et
1223 5265 1292 5320 99
1337 5264 1395 5320 S.
1425 5266 1610 5325 Crucis
1639 5268 1691 5321 in
1731 5267 1877 5336 Jcr.,
1909 5272 2144 5341 rapinam

581 5334 783 5404 fraudis
811 5350 1073 5387 exercens.

623 5474 632 5477 _
655 5404 695 5477 b_
716 5403 793 5456 ita
824 5418 953 5456 mss.
972 5402 1145 5477 ‘codd.
1194 5402 1251 5458 S.
1301 5404 1489 5459 Crucis
1512 5406 1566 5459 in
1588 5404 1696 5461 Jer.
1722 5408 1913 5477 sepius
1941 5410 2061 5477 (ιιι,
2093 5420 2149 5464 et

584 5472 650 5525 l0
677 5471 932 5526 Laurent.
960 5466 1223 5539 supplent.

656 5554 677 5580 ε
714 5540 954 5615 ilterque
982 5540 1153 5615 codex
1197 5541 1255 5615 S.
1299 5542 1485 5598 Crucis
1513 5544 1598 5598 hic
1624 5542 1781 5615 finem
1805 5546 1965 5600 habet
1992 5547 2148 5615 hujus

585 5611 834 5677 liomilim,
879 5610 1325 5680 quemadmodum
1360 5622 1416 5667 et
1448 5615 1612 5668 editio
1632 5612 2019 5679 Parisiensisga
2045 5610 2147 5683 qua

584 5690 764 5734 erutus
805 5691 886 5735 est
926 5688 1125 5747 textus,
1170 5688 1223 5735 et
1268 5697 1299 5736 a
1344 5698 1471 5738 mss.
1497 5684 1774 5740 codicibus
1803 5684 2147 5749 emendatus;

2249 5147 2438 5209 pascat
2458 5153 2522 5192 ac
2550 5139 2768 5191 nutriat.
2796 5136 2943 5191 lianc
2972 5137 3134 5204 igitur
3185 5135 3466 5190 dexteram
3509 5137 3563 5190 in
3606 5137 3806 5191 Judaico

2257 5272 2647 5356 codex‘_tam.en
2688 5274 3045 5344 Sangallensis
3070 5274 3184 5331 haec
3206 5289 3325 5345 quae
3349 5284 3648 5346 sequuntur
3672 5272 3805 5331 nobis

2246 5344 2656 5467 ⁸¹¹¹3Ρῖιῖ¹ῗςῖἒ²ἀ
2701 5412 2789 5477 90,
2830 5410 2899 5465 99
2930 5412 3005 5485 As.
3035 5410 3228 5485 Crucis
3254 5414 3306 5467 in
3333 5410 3472 5479 ιον..
3504 5422 3561 5471 et
3592 5413 3657 5468 ιο
3682 5412 3797 5467 Lau-

2252 5489 2428 5563 rentz.‘
2448 5498 2692 5563 venarum
2715 5498 2897 5535 succus
2915 5482 3301 5563 .infunderetur.

2329 5560 2352 5587 ο
2390 5550 2557 5605 Codd.
2590 5559 2700 5605 tres
2726 5566 2853 5605 mox
2881 5550 2997 5618 cit.,
3027 5560 3308 5620 opportune

2334 5618 2352 5656 ί
2393 5619 2467 5673 ita
2498 5628 2721 5687 uterque
2752 5618 2875 5674 cod.
2905 5620 2963 5675 S.
2994 5620 3179 5675 Crucis
3201 5620 3253 5674 in
3282 5618 3394 5673 Jer.

2330 5697 2354 5734 ε
2394 5688 2563 5745 Codd.
2594 5689 2649 5743 S.
2684 5688 2869 5745 Crucis
2898 5690 2950 5743 in
2971 5688 3078 5743 ler.
3111 5698 3166 5746 et
3187 5688 3253 5742 lO
3278 5688 3563 5757 l.aurcnt.,
3593 5693 3796 5745 “natu.
