3910 6238
51 296 141 348 525

1420 282 1699 340 "0)“le
1741 281 1940 337 CXVII.

3202 280 3308 336 526

48 406 220 474 populo
245 405 457 459 scribas
504 418 626 459 esse
667 402 893 457 dixerim
921 401 1002 455 vel
1030 400 1298 461 doctores,
1342 399 1433 465 qui
1464 398 1608 451 velut
1643 400 1687 454 Α
1715 394 1938 448 dextera
1962 394 2296 448 coruscahat.
2327 394 2434 449 Sed
2448 394 2739 461 videamus,
2754 410 2945 450 manus
2966 396 3068 449 ista
3093 395 3313 465 quando

48 496 329 564 praeclarior
352 494 531 564 portio
565 495 617 547 in
646 492 1034 551 Pharisazorum
1064 505 1293 559 corpore
1324 504 1352 541 a
1386 488 1615 542 Domino

46 586 331 647 constituti,
388 584 765 650 neglexerunt,
811 590 867 633 et
915 581 967 633 in
1015 587 1208 634 caetera
1254 578 1493 632 membra
1524 590 1620 630 sua

49 687 67 707 δ’
96 673 471 742 prophetarum
500 671 734 725 oraculis
768 670 1042 736 saginare;
1073 669 1176 723 hoc
1205 675 1286 721 est
1334 667 1624 720 noluerunt

47 762 300 815 Christum
328 760 548 829 corpori
586 775 705 824 suo,
738 758 1031 829 secundum
1078 758 1470 826 prophetarum
1503 771 1626 809 ora—

50 852 174 914 cula,
205 849 353 903 velut
379 864 561 905 eseam
588 849 711 902 vitae
730 857 947 901 aeterna:
985 847 1282 916 porrigere,
1313 854 1474 915 atque
1502 845 1626 899 ideo

47 939 278 993 doctrina
294 953 486 994 eorum
510 946 763 1006 tanquam
791 952 982 992 manus
1008 937 1152 990 aruit
1180 936 1483 1000 imbecillis,
1500 935 1626 1003 quia

52 1026 238 1082 fontem
266 1026 524 1096 perennis
552 1024 579 1063 δ
607 1026 884 1095 sapientiae
903 1040 1012 1079 non
1032 1024 1295 1095 qugsivit.
1331 1021 1627 1092 Propterea

46 1122 267 1190 denique
288 1120 491 1175 factum
517 1127 599 1175 est
621 1127 679 1173 ut
697 1118 851 1188 quasi
876 1124 1155 1173 contracta
1179 1117 1400 1171 dextera
1422 1117 1627 1171 clavem

56 1224 74 1248 ε
104 1212 336 1267 scientiae
377 1219 567 1266 tenere
612 1225 719 1264 non
768 1216 968 1279 posset,
1017 1208 1156 1264 sicut
1206 1210 1284 1262 ait
1319 1208 1625 1263 Dominus:

62 1302 145 1357 Va:
162 1302 320 1367 vobis,
358 1302 558 1357 Scriba:
594 1311 645 1354 et
664 1300 953 1365 Phariswi,
985 1301 1070 1370 qui
1093 1299 1405 1353 abaconditis
1436 1300 1627 1353 clavem

53 1394 267 1447 scientia
297 1391 449 1463 (Luc.
473 1393 570 1462 ιι),
604 1400 660 1445 et
680 1392 904 1459 reliqua.
935 1389 1060 1444 Haec
1080 1399 1257 1444 autem
1285 1390 1449 1444 clavis
1468 1389 1628 1443 Chri-

54 1493 159 1539 stus
182 1491 265 1539 est
293 1484 589 1550 Dominus,
618 1497 728 1552 quo
773 1482 843 1551 ad
872 1481 1242 1537 credulitatem
1275 1480 1397 1534 fidei
1442 1489 1631 1549 pecto-

55 1589 162 1627 rum
207 1583 518 1628 nostrorum
570 1588 766 1627 arcana
812 1580 1146 1626 reserantur.
1187 1570 1293 1623 Ista
1320 1569 1505 1623 clavis
1532 1566 1557 1605 δ
1598 1585 1629 1623 a

55 1663 325 1719 Pharisaais
350 1665 610 1734 perditur,
644 1664 711 1719 ab
741 1662 1001 1733 apostolis
1041 1661 1342 1726 invenitur;
1388 1660 1528 1714 sicut
1555 1661 1630 1714 ait

54 1754 300 1810 Dominus
347 1753 511 1809 Petro
558 1772 571 1805 :

61 1856 81 1882 ο
111 1844 247 1912 Ergo
288 1846 434 1899 aruit
473 1844 698 1898 dextera
744 1844 1045 1915 Synagogac
1082 1858 1293 1907 manus,
1323 1842 1635 1913 relinquens

54 1935 335 2001 Christum,
370 1936 426 1989 in
454 1934 784 2005 principibus
812 1936 971 2007 385
998 1932 1304 1988 Iudaeorum
1332 1933 1633 1988 deteriora-

56 2027 128 2079 vit
152 2040 279 2094 ergo
314 2026 615 2097 Synagogae
662 2012 905 2079 dextera.
954 2023 1207 2093 Quisquis
1240 2022 1392 2087 enim
1435 2019 1637 2075 Christi

54 2114 246 2170 fontem
288 2116 500 2171 deserit
534 2114 554 2152 ί
603 2116 912 2170 debilitatur
940 2115 1205 2185 protinus,
1237 2115 1345 2169 imo
1382 2113 1638 2169 membris

55 2208 297 2262 omnibus
323 2207 557 2262 debilior
586 2207 871 2276 reperitur.
914 2203 1021 2259 Sed
1063 2204 1278 2259 invenio
1309 2203 1477 2272 ipsam
1523 2218 1639 2255 ma-

54 2312 171 2350 num
224 2297 501 2366 quondam
546 2297 759 2351 caneris
800 2294 1059 2349 membris
1105 2294 1269 2348 fuisse
1324 2293 1638 2347 meliorem.

54 2384 274 2442 Sanctus
301 2389 451 2442 enim
477 2386 708 2458 Moyses,
739 2386 847 2440 dux
875 2384 1078 2441 Iudaici
1106 2385 1330 2456 populi,
1356 2384 1502 2438 velut
1531 2384 1640 2437 cla-

59 2477 165 2531 rior
189 2478 439 2547 corporis
468 2477 552 2530 sui
591 2476 815 2531 dextera
842 2476 959 2541 fuit,
992 2492 1112 2530 cum
1161 2476 1332 2541 legem
1362 2476 1639 2544 porrigen-

57 2566 173 2620 dam
203 2568 406 2622 meruit
428 2583 461 2621 a
486 2567 776 2621 Divinitate
790 2567 1091 2637 percipere.
1126 2565 1377 2629 Dextera,
1403 2565 1637 2634 inquam,

57 2666 167 2712 erat
208 2653 433 2713 sanetus
477 2656 711 2729 Moyses,
751 2658 843 2726 qui
887 2657 1024 2712 filios
1070 2656 1258 2725 Israel,
1287 2658 1434 2711 velut
1482 2672 1643 2710 manu

58 2747 271 2816 provida
298 2748 511 2803 calcati
539 2763 734 2802 manna
764 2748 1003 2802 nutrivit.
1037 2746 1163 2802 llazc
1203 2748 1362 2817 plane
1401 2755 1486 2802 est
1508 2747 1641 2800 dex-

60 2846 191 2905 tera,
211 2852 332 2907 quae
353 2837 605 2893 Jamnem
633 2845 688 2892 et
728 2830 1023 2892 Mambrem
1053 2852 1237 2905 magos
1278 2838 1419 2891 nivei
1463 2838 1644 2906 splen-

58 2927 196 2982 doris
243 2929 428 2983 nitore
477 2927 735 2984 convicit.
782 2926 863 2981 Ita
912 2928 1056 2983 enim
1100 2929 1356 2999 scriptum
1409 2928 1576 2982 habes
1626 2946 1639 2979 :

60 3026 82 3062 ε
105 3018 232 3071 Cum
260 3018 582 3089 protulisset
601 3016 813 3089 Moyses
833 3017 901 3072 de
928 3018 1048 3073 sinu
1073 3034 1292 3073 manum
1318 3034 1490 3080 suam,
1510 3032 1645 3086 pra:-

1726 484 1957 553 primum
2005 483 2152 537 arida
2191 500 2309 539 esse
2351 484 2574 553 cmperit
2602 485 2687 538 vel
2730 493 2964 539 mortua.
3011 484 3125 551 Ego
3166 476 3313 538 illam

1728 574 1956 643 primum
1985 574 2040 627 in
2067 573 2237 628 Adam
2259 576 2463 628 aruisse
2494 574 2777 640 confirmo,
2804 560 2925 629 cum
2956 584 3146 630 contra
3177 577 3317 630 veti-

1727 672 1839 717 tum
1867 663 2080 718 Domini
2109 664 2404 719 interdicta:
2431 666 2642 720 arboris
2664 663 2689 701 ιι
2710 681 2879 734 poma
2911 664 3203 734 decerpsit,
3254 682 3319 720 ac

1727 763 1855 805 tunc
1874 768 2091 806 succum
2138 754 2557 808 immortalitatis
2603 756 2799 808 amisit.
2832 753 2901 807 Et
2942 763 3067 809 tunc
3112 756 3319 809 siccata

1727 844 2125 913 quodammodo
2140 852 2247 907 est,
2272 846 2487 914 quando
2509 846 2785 901 hominem
2811 847 2877 900 ad
2908 848 3197 914 imaginem
3223 846 3321 899 Dei

1728 936 1925 989 factum
1965 944 2190 1005 peccato
2232 951 2330 991 suo
2371 937 2508 991 solvi
2536 936 2665 992 fecit
2692 937 2749 991 in
2797 938 3097 1007 pulverem.
3137 938 3320 1007 Atque

1730 1025 1934 1079 utinam
1962 1025 2076 1080 sola
2105 1041 2297 1081 manus
2325 1035 2546 1097 peccato
2570 1035 2848 1104 teneretur
2872 1028 3138 1093 obnoxia;
3168 1026 3317 1096 quod

1730 1122 1812 1168 est
1838 1115 2070 1182 gravius,
2100 1131 2264 1171 omne
2292 1132 2488 1187 corpus
2511 1125 2688 1172 morte
2724 1117 3041 1173 damnatum
3068 1128 3171 1184 est,
3192 1134 3316 1174 cum

1730 1206 1893 1278 386
1914 1205 2139 1261 dextera
2161 1207 2333 1276 prima
2362 1209 2689 1281 peccaverit.
2720 1207 2830 1264 Nec
2848 1208 3057 1263 mireris
3076 1213 3121 1263 si
3142 1224 3318 1264 mem-

1728 1297 1887 1351 brum
1917 1298 2153 1352 dexterze
2176 1299 2230 1352 in
2257 1298 2427 1353 Adam
2457 1315 2564 1354 non
2590 1290 2787 1355 manSit
2816 1301 3085 1369 integrum
3117 1319 3131 1354 :
3164 1301 3318 1368 vigor

1729 1386 1873 1439 enim
1920 1387 1977 1439 in
2022 1386 2111 1439 illa
2150 1388 2468 1442 aeternitatis
2507 1389 2737 1443 exaruit.
2784 1389 2921 1445 Nam
2967 1390 3108 1445 sicut
3150 1389 3321 1460 Moysi

1733 1474 1956 1530 dextera
1983 1476 2337 1540 custodientis
2362 1477 2615 1531 mandata
2654 1478 2869 1533 Domini
2915 1479 3072 1533 niveo
3116 1478 3323 1546 fulgore

1730 1567 2082 1636 resplenduit,
2115 1567 2189 1621 ita
2227 1574 2284 1621 et
2311 1566 2442 1621 Adae
2469 1567 2695 1627 dextera
2728 1567 2743 1605 ί
2773 1569 3177 1639 praevaricantis
3223 1567 3323 1625 Dei

1728 1666 1995 1727 pmcepta
2023 1657 2301 1714 mortifero
2322 1659 2526 1728 pallore
2542 1667 2825 1714 contracta
2854 1669 2954 1715 est.
2988 1661 3139 1717 Hanc
3164 1664 3325 1730 igitur

624 1753 737 1807 Tibi
784 1752 921 1809 dabo
960 1753 1127 1807 claves
1172 1753 1320 1823 regni
1363 1751 1623 1807 caelorum.
1663 1754 1705 1811 Β
1734 1748 1864 1803 Adae
1890 1764 2107 1802 manum
2130 1748 2381 1803 Salvator
2415 1757 2568 1803 curat
2597 1750 2650 1803 in
2673 1752 3098 1821 synagoga,.hoc
3129 1762 3211 1806 est
3238 1762 3325 1807 to-

1738 1839 1846 1892 tius
1873 1838 2086 1906 generis
2113 1838 2335 1892 humani
2380 1838 2803 1893 imbecillitatem
2848 1856 3040 1896 sanare
3068 1841 3325 1909 festinat;

1742 1928 1756 1977 i
1798 1926 1937 1981 unde
1965 1927 2265 1981 communis
2287 1927 2362 1981 ita
2390 1936 2474 1982 est
2501 1927 2787 1983 medicina.
2814 1928 2968 1983 Dicit
2996 1931 3138 1984 enim
3162 1933 3329 1987 etiam

1739 2022 1852 2076 illi:
1887 2021 2130 2076 Extende
2176 2038 2388 2076 manum
2430 2030 2591 2087 tuam,
2624 2022 2718 2091 qui
2766 2038 2887 2076 eam
2922 2023 3082 2078 idolis
3129 2024 3323 2080 immo-

1740 2112 1903 2166 lando
1930 2112 2199 2167 contraxit
2240 2129 2251 2163 :
2295 2110 2531 2166 extende
2566 2126 2786 2166 manum
2816 2120 2984 2178 tuam,
3012 2114 3164 2183 cujus
3192 2114 3329 2169 dex-

1741 2210 1855 2257 tera
1885 2218 2073 2257 usuras
2101 2201 2413 2271 accipiendo
2449 2202 2691 2257 siccavit.
2739 2203 2878 2259 Dicit
2908 2205 2983 2258 illi
3032 2224 3044 2257 :
3096 2209 3330 2261 extende

1741 2310 1980 2362 manum,
2007 2295 2099 2363 qui
2124 2309 2225 2363 per
2248 2309 2370 2347 eam
2396 2308 2513 2347 rem
2533 2293 2900 2363 orphanorum
2920 2294 2946 2333 ἰ
2974 2304 3031 2351 et
3052 2297 3333 2353 viduarum

1741 2384 1903 2452 gestit
1932 2382 2202 2437 invadere.
2234 2382 2344 2437 Sed
2371 2391 2425 2437 et
2455 2390 2511 2437 tu
2548 2383 2641 2452 qui
2684 2392 2842 2452 putas
2866 2400 3084 2441 manum
3131 2387 3333 2444 habere

1744 2486 1797 2531 te
1826 2492 2034 2539 sanam,
2068 2492 2200 2531 cave
2228 2491 2296 2531 ne
2325 2477 2550 2530 avaritia
2579 2477 2950 2531 contrahatur.
2983 2479 3124 2544 Quin
3153 2482 3337 2549 potius

1743 2565 1977 2621 extende
2006 2581 2125 2619 eam
2157 2581 2257 2634 pro
2280 2565 2647 2620 misericordia
2677 2564 2989 2634 frequenter
3027 2568 3096 2622 ad
3126 2584 3332 2639 paupe-

1744 2673 1879 2722 rem,
1910 2673 2010 2727 pro
2040 2656 2409 2726 hospitalitate
2457 2657 2651 2726 sacpius
2700 2657 2769 2711 ad
2815 2659 3182 2727 peregrinum.
3228 2660 3335 2716 Ex-

1748 2750 1912 2805 tende
1954 2748 2073 2804 eam
2100 2752 2211 2819 pro
2241 2749 2478 2818 peccatis
2517 2763 2732 2818 semper
2759 2749 2827 2803 ad
2868 2750 3179 2818 Dominum,
3214 2761 3334 2810 esto

1745 2840 2073 2903 misericors,
2105 2847 2225 2893 esto
2258 2838 2472 2907 largus;
2505 2838 2733 2894 observa
2754 2839 2902 2908 quod
2924 2842 3000 2895 ait
3026 2842 3293 2913 prepheta
3314 2862 3334 2898 :

1747 2929 1834 2985 Ne
1860 2932 1927 2991 sit
1957 2946 2143 2984 manus
2171 2938 2261 2982 tua
2289 2928 2359 2982 ad
2388 2928 2747 2996 accipiendum
2773 2938 3034 2999 porrecta,
3061 2940 3110 2985 et
3130 2932 3201 2985 ad
3219 2950 3337 2988 ero-

1746 3022 1974 3094 gandum
2021 3031 2291 3078 contracta
2332 3021 2520 3092 (Eccl.
2554 3022 2660 3092 ιν).
2697 3021 2788 3078 Sic
2815 3023 2961 3077 enim
3006 3040 3199 3081 manus
3247 3034 3337 3080 tua

57 3106 179 3161 clari
221 3108 480 3165 candoris
523 3108 645 3163 luce
684 3107 948 3177 fulgebat;
993 3118 1155 3178 atque
1199 3109 1319 3164 ideo
1362 3125 1641 3179 magorum
1664 3113 1715 3173 Ο
1746 3130 1877 3170 sana
1895 3130 2012 3170 esse
2038 3115 2259 3184 poterit,
2297 3112 2315 3150 1
2346 3113 2391 3166 si
2421 3113 2756 3167 abstineatur
2780 3113 2939 3168 malis
2962 3113 3152 3184 factis,
3180 3115 3340 3172 bonis

54 3196 335 3254 destructa:
378 3207 509 3254 sunt
549 3198 809 3264 tenebrae,
858 3200 983 3268 quia
1013 3199 1184 3270 Moysi
1214 3200 1419 3255 meritis
1452 3202 1639 3256 lucens

1744 3222 1875 3262 vero
1904 3206 2157 3276 operibus
2184 3204 2526 3261 extendatur.

1382 3313 1725 3375 HOMILIA
1770 3315 2022 3376 CXVII.

1542 3411 1621 3465 De
1651 3414 1866 3468 cometa.

1511 3502 1901 3557 ADMONITIO.

121 3590 450 3673 Longiorem
479 3591 888 3673 inscriptionem
915 3607 1028 3673 pne
1050 3606 1111 3673 se
1136 3592 1239 3673 fert
1262 3593 1375 3647 ιιωο
1398 3593 1616 3673 homilia
1663 3594 1714 3647 in
1746 3593 1935 3673 _cod_i_ce
1965 3611 1999 3648 χ
2028 3593 2167 3673 Plut.
2204 3595 2447 3673 x1v__bibl.
2479 3594 2873 3673 Laurentiange,
2904 3596 2989 3651 his
3017 3598 3233 3653 verbis:
3271 3598 3344 3673 De

59 3662 303 3742 avaritia,
346 3661 490 3742 quod
511 3661 797 3742 plurimum
840 3661 1144 3742 detestanda
1174 3663 1241 3715 sit
1260 3702 1274 3725 ,
1316 3680 1410 3742 per
1438 3665 2032 3742 camelum'signiﬁcata.
2084 3664 2240 3742 Deest
2268 3664 2358 3742 illi‘
2390 3680 2594 3742 nomen.
2616 3667 2881 3742 auctoris;
2913 3682 3071 3742 quam
3094 3672 3346 3742 nonnulli

55 3738 239 3804 saneto
264 3730 561 3804 Ambrosio
593 3733 915 3804 tribuerunt,
948 3740 1005 3804 ut
1032 3740 1244 3804 veteres
1278 3730 1403 3804 ejus
1440 3748 1665 3804 operum
1698 3730 2027 3804 Parisienses
2052 3734 2304 3804 editores.
2332 3734 2407 3804 At
2427 3733 2655 3788 Maurini
2686 3730 3343 3804 Maxiino'adjudicaruut.

60 3798 241 3854 Verius
267 3800 533 3869 quidem;
565 3816 688 3854 cum
729 3801 922 3868 saepius
952 3800 1152 3853 laudati
1191 3798 1411 3855 codices
1450 3798 1659 3857 Sancta:
1688 3802 1874 3856 Crucis
1904 3802 2291 3857 inJerusalem
2334 3802 2685 3859 Maximianas
2710 3805 2851 3859 inter
2875 3798 3168 3863 conciones
3209 3809 3347 3863 hanc

56 3870 207 3940 etiam
230 3878 617 3923 annumerent.
637 3869 693 3923 In
708 3870 897 3923 codice
912 3869 979 3923 90
1002 3870 1102 3923 hoc
1124 3870 1279 3924 titulo
1304 3871 1588 3940 insignitur
1604 3890 1615 3924 :
1634 3872 1696 3925 In

59 3936 281 4013 Facilius
310 3949 389 3991 est
432 3941 689 4013 cometam
718 3956 811 4008 per
840 3940 1078 4013 [Gramen
1114 3956 1240 4013 acus
1277 3936 1509 4013 intrare,
1536 3959 1692 4013 quam

56 4021 180 4062 vero
204 4008 275 4063 99
296 4021 422 4062 eam
454 4009 623 4062 refert
653 4024 801 4062 num.
833 4008 867 4060 4
894 4023 1015 4062 cum
1043 4008 1198 4063 titulo
1227 4027 1239 4060 :
1272 4008 1351 4063 De
1379 4008 1593 4064 camelo.

60 4127 446 4177 Aacunmuu.
472 4154 546 4163 ——
569 4119 627 4174 S.
662 4120 956 4179 Maximus,
1008 4120 1094 4189 qui
1136 4122 1427 4188 frequenter
1470 4132 1655 4174 contra

124 4192 356 4247 avaritia
377 4191 565 4245 vitium
586 4191 863 4257 peroravit,
890 4189 969 4241 hic
989 4191 1171 4242 iterum
1193 4192 1475 4259 perspicuis
1505 4189 1656 4244 Chri-

124 4264 188 4314 sti
220 4261 439 4317 Domini
472 4261 795 4313 documentis
826 4258 1072 4312 admonet
1108 4258 1290 4312 divites
1314 4258 1317 4259 ⁷
1338 4267 1394 4311 ut
1442 4269 1656 4325 caveant

123 4332 279 4385 nimio
292 4330 624 4385 terrestrium
641 4330 937 4382 diuitiarum
950 4330 1123 4384 studio
1139 4328 1367 4383 calentes
1388 4329 1655 4383 thesauros

126 4403 376 4454 amittere.

125 4574 260 4631 Dicit
288 4576 345 4631 in
375 4574 682 4645 Evangelio
710 4575 969 4631 Dominus
1002 4578 1157 4631 Jesus
1187 4576 1431 4631 Christus
1457 4596 1469 4629 :
1496 4579 1657 4631 Amen

62 4667 166 4719 dico
202 4666 365 4732 vobis,
400 4664 619 4738 facilius
656 4675 734 4720 est
774 4670 997 4722 transire
1031 4669 1283 4723 camelum
1310 4687 1399 4738 per
1429 4671 1661 4739 foramen

62 4771 194 4822 actu,
217 4773 375 4827 quam
398 4756 617 4810 divitem
639 4754 839 4811 intrare
860 4760 915 4811 in
936 4775 1152 4825 regnum
1173 4759 1415 4813 caelorum
1444 4758 1659 4828 (Matth.

62 4846 183 4914 nx).
225 4846 354 4912 Quae
393 4847 671 4902 sententia
700 4861 894 4901 vereor
922 4865 989 4902 ne
1015 4848 1152 4902 forte
1181 4849 1333 4902 vobis
1354 4849 1659 4913 conveniat,

61 4937 143 5000 qui
181 4937 401 4993 divitias
449 4936 640 4991 εαξοωὶ
687 4936 845 5006 hujus
892 4946 985 4991 aut
1030 4938 1244 4993 habetis
1285 4947 1375 4992 aut
1402 4940 1658 5007 quaeritis.

64 5022 203 5080 Sicut
222 5028 369 5081 enim
394 5016 597 5083 eameli
627 5026 856 5090 animal,
884 5026 1030 5095 quod
1066 5036 1151 5082 est
1178 5036 1479 5082 tortuosum
1504 5036 1665 5096 atque
1692 5008 1746 5066 Ῑ)

66 5110 317 5182 deforme,
343 5116 686 5187 perversitas
706 5116 822 5185 ipsa
845 5116 1090 5187 corporis
1111 5130 1209 5185 per
1233 5116 1664 5186 augustissimam

133 5280 159 5308 ι
195 5271 321 5326 Haec
340 5285 417 5324 ex
450 5266 583 5324 cod.
618 5264 688 5317 90
710 5265 767 5318 S.
798 5264 987 5320 Crucis
1015 5267 1069 5319 in
1095 5265 1206 5321 Jer.

134 5338 157 5377 δ
200 5340 443 5409 Uterque
470 5333 916 5409 eod._S.‘Cru_cis_
935 5335 1123 5409 in_Jer.

136 5421 157 5448 ε
195 5403 367 5465 lideni
394 5406 565 5473 codd,
596 5404 655 5457 S.
688 5403 875 5473 Crucis
905 5406 955 5458 in
985 5404 1097 5473 Jer.

132 5479 154 5515 ἀ
194 5480 272 5535 lla
299 5495 371 5533 ex
393 5472 627 5533 cod.'90
655 5474 715 5527 S.
740 5472 929 5529 Crucis
957 5474 1012 5528 in
1036 5472 1148 5528 Jer.

136 5562 157 5585 ν
194 5548 527 5619 supplanps
547 5546 667 5619 haec
686 5552 1014 5619 exuti-eque
1034 5542 1154 5598 cod.
1186 5541 1245 5597 St
1267 5540 1456 5599 crucis
1475 5544 1530 5599 in
1549 5543 1661 5599 Jer.

137 5619 155 5656 ‘
183 5612 323 5673 Cod:
342 5619 415 5671 90
444 5615 506 5670 S.
537 5613 729 5668 Crucis
758 5614 810 5666 in
835 5612 943 5667 Jer.

138 5699 160 5736 ι
188 5688 323 5743 Cod.
351 5685 427 5744 90
455 5685 518 5743 S.
551 5682 744 5738 Crucis
779 5686 832 5737 in
859 5681 968 5738 Jer.
1001 5684 1118 5738 hmc
1144 5682 1373 5752 supplet.

1810 3882 1828 3945 ζ
1852 3872 1916 3925 de
1934 3889 1991 3945 eo
2012 3872 2147 3942 quod
2168 3872 2359 3945 dictum
2379 3881 2454 3927 est
2469 3876 2522 3927 in
2542 3872 2844 3945 Evangelia,
2862 3876 3064 3929 dicente
3084 3876 3309 3933 Domino
3327 3897 3346 3932 :

1702 3889 1828 3993 (:ng
1852 3889 1916 3925 ae
1934 3889 1991 3925 eo
2012 3889 2146 3942 quoa
2168 3889 2359 3926 auctum
2379 3889 2454 3927 est
2469 3890 2522 3927 in
2542 3889 2844 3945 mangeuo,
2862 3889 3064 3929 dicente
3084 3889 3309 3933 Domina
3327 3897 3345 3932 :

1758 3942 1925 3995 ivitem
1964 3942 2159 3995 intrare
2187 3943 2239 3995 in
2270 3959 2483 4013 regnum
2510 3944 2801 4011 calorum;
2845 3953 2901 3999 et
2927 3953 3011 4000 est
3040 3946 3126 4001 '50.
3160 3948 3345 4004 Codex

1760 4136 1887 4175 acus
1918 4136 2199 4176 cavernam
2242 4124 2517 4191 prmterire
2562 4140 2667 4179 non
2698 4126 2937 4194 patitur:
2974 4128 3044 4181 ita
3069 4137 3129 4182 et
3157 4130 3347 4185 divites

1760 4222 2014 4266 oneratos
2058 4215 2316 4277 avaritia,
2364 4224 2421 4269 et
2463 4217 2756 4285 cupiditate
2787 4217 3038 4284 foedatos,
3071 4221 3182 4289 ipsa
3224 4224 3347 4276 vit-.c

1761 4304 2073 4359 deformitas
2098 4307 2257 4375 387
2300 4322 2395 4375 per
2422 4316 2624 4360 arctam
2651 4309 2791 4362 viam
2824 4311 2971 4379 regni
3015 4312 3235 4366 minime
3264 4315 3350 4369 in-

1762 4396 1927 4450 troire
1970 4396 2251 4466 permittit.
2284 4395 2375 4473 Ait
2403 4398 2547 4451 enim
2596 4397 2739 4453 idem
2780 4400 3079 4457 Dominus:
3111 4405 3270 4457 Arcta
3296 4412 3349 4459 et

1760 4497 1981 4559 angusta
2004 4490 2086 4542 uia
2110 4498 2188 4542 est
2206 4505 2322 4559 quae
2352 4489 2494 4542 ducit
2515 4490 2587 4542 ad
2622 4492 2775 4544 vitam
2797 4491 3008 4557 (Matth.
3036 4498 3159 4563 vn).
3188 4494 3353 4563 Igitur

1762 4579 1815 4632 in
1857 4580 2061 4633 camelo
2106 4571 2479 4636 difﬁcultatem
2529 4580 2781 4635 introitus
2827 4591 3045 4651 pra:th
3094 4585 3353 4640 habitudo

1764 4670 2145 4723 membrorum.
2177 4669 2238 4721 In
2266 4669 2434 4729 divite
2462 4678 2641 4724 autem
2665 4671 3102 4740 impedimentum
3144 4677 3353 4743 magni—

1764 4762 1893 4815 tudo
1945 4760 2109 4815 efiicit
2156 4768 2525 4830 peccatorum.
2573 4760 2775 4815 Gibbus
2822 4764 2966 4816 enim
3007 4764 3225 4833 quidam
3272 4776 3356 4821 est

1765 4851 1973 4914 animm,
2008 4857 2162 4918 turpe
2202 4849 2333 4918 quid
2380 4849 2621 4923 cogitare
2665 4850 2753 4904 vel
2798 4849 2995 4916 facere,
3048 4868 3111 4907 ac
3156 4856 3357 4909 mentis

1767 4939 2007 5006 quredam
2031 4946 2269 4993 tortuosa
2294 4937 2627 5002 deformitas,
2653 4938 2939 4992 immundis
2962 4940 3119 4993 rebus
3141 4956 3357 5009 semper

1771 5029 2049 5083 intendere
2068 5070 2080 5093 ,
2114 5036 2169 5083 et
2195 5029 2265 5081 ab
2292 5026 2547 5082 Ecclesia:
2576 5035 2763 5081 sancto
2805 5028 2986 5081 limine
3013 5030 3158 5083 curis
3186 5046 3355 5084 san-cm

1766 5118 1966 5173 laribus
1987 5120 2219 5173 avocari.
2246 5117 2395 5172 Unde
2415 5118 2548 5172 mihi
2571 5118 2779 5172 videtur
2798 5118 2937 5173 hanc
2954 5119 3354 5176 deformitatem

1847 5264 1872 5301 δ
1904 5267 2033 5321 Cod.
2068 5265 2133 5319 10
2161 5262 2437 5326 Laurent.
2470 5283 2693 5336 pomum.

1853 5336 1867 5372 ί
1907 5336 2143 5403 Uterque
2166 5336 2286 5389 cod.
2320 5333 2591 5390 S-Cr'ucis
2613 5336 2664 5387 in
2685 5333 2793 5387 Jer.

1848 5406 1862 5455 i
1898 5405 1972 5459 Ita
1998 5404 2121 5459 cod.
2156 5404 2222 5457 90
2252 5404 2307 5457 S.
2340 5405 2525 5471 Crucis
2554 5406 2605 5458 in
2630 5403 2739 5457 Jer.

1845 5473 1869 5511 ιι
1900 5474 1974 5527 Ita
2002 5490 2069 5547 ex
2096 5472 2217 5528 cod.
2244 5474 2353 5540 jam
2380 5478 2469 5528 cit.
2514 5473 2600 5547 90,
2630 5480 2684 5525 et
2710 5471 2831 5526 cod.
2864 5488 2897 5547 ξ
2917 5471 3177 5547 μειοῖ-θυι.
3223 5476 3355 5547 ἰθεί-

1773 5553 1861 5598 tur
1886 5562 1898 5595 ε
1922 5544 2015 5615 qui
2042 5560 2135 5615 per
2173 5558 2289 5595 eam
2330 5560 2437 5597 rem
2466 5544 2814 5614 orpltanorum
2844 5542 3207 5615 vid’uarumque
3230 5542 3356 5599 ευή-

1772 5614 1930 5667 ευθειὶ
1958 5612 2211 5665 invadere.

1852 5681 1866 5718 ι
1904 5680 2137 5749 Uterque
2166 5679 2286 5735 col.
2319 5682 2375 5735 S.
2407 5679 2591 5738 Crucis
2614 5683 2665 5733 in
2691 5678 2797 5733 Jer.
2826 5679 2939 5734 hmc
2969 5681 3133 5737 addit.
