3910 6238
588 333 688 390 527

1831 326 1885 379 S.
1930 322 2171 379 MAXIMI
2210 320 2659 380 TAURINENSIS

3750 321 3831 381 εδ

587 442 833 514 corporis
871 438 1129 512 propheta
1178 437 1527 509 spiritualiter
1555 435 1819 501 elocutus,
1868 432 2165 490 fmditatem
2194 442 2244 502 Α
2268 434 2503 499 vinculo,
2531 442 2591 489 ut
2617 432 2802 490 venire
2829 433 2908 490 eis
2935 433 3004 490 ad
3026 432 3247 491 domum
3276 434 3492 495 Domini
3520 454 3631 495 non
3658 437 3831 493 liceret.

588 549 801 590 morum
829 532 1010 607 potius
1032 530 1317 594 indicasse,
1345 544 1466 585 cum
1486 527 1620 583 dicit
1644 546 1658 581 :
1682 542 1789 582 non
1809 526 1888 581 sic
1915 526 2172 596 glbrietur

588 629 922 699 gibberosus,
952 624 1089 679 sicut
1117 631 1315 679 rectus.
1349 606 1509 687 Quasi
1540 619 1747 674 diceret
1775 637 1787 671 :
1820 634 1927 673 non
1954 618 2025 671 ita
2054 617 2173 686 glo-

589 720 761 773 rietur
789 721 1044 787 peccator
1074 714 1325 767 vitiomm
1360 726 1581 767 suorum
1608 708 1873 780 pravitate
1895 708 2172 770 distortus,

592 809 733 863 sicut
761 807 1021 877 gloriatur
1043 803 1220 873 justus
1247 802 1593 857 conscientia:
1637 800 1793 854 bona:
1834 797 2176 866 simplicitate

590 900 844 954 directus.
876 894 1130 961 Quamvis
1157 894 1322 959 enim,
1352 908 1386 947 o
1413 890 1684 962 peccator,
1715 889 2035 958 proceritate
2057 901 2177 940 cor-

590 988 740 1059 poris
779 986 1047 1057 gaudeas,
1090 984 1334 1053 quamvis
1362 981 1699 1051 scapularum
1727 988 1938 1033 tuarum
1961 976 2179 1047 aequali-

593 1060 707 1133 tate
746 1076 967 1139 lmteris,
1012 1074 1187 1128 anima
1218 1080 1397 1127 tamen
1425 1079 1516 1125 tua
1544 1078 1756 1124 tuorum
1784 1067 2048 1138 pravitate
2080 1064 2176 1119 de-

593 1167 779 1222 formis
806 1174 908 1221 est.
942 1164 1106 1219 Recte
1133 1174 1264 1232 ergo
1292 1162 1500 1217 camelo
1526 1166 1872 1229 comparatus
1894 1163 1978 1212 est
2004 1154 2175 1209 dives.

591 1257 870 1326 Siquidem
900 1255 1048 1308 illum
1087 1268 1119 1307 ιι
1150 1252 1377 1307 transitu
1423 1266 1551 1305 acus
1591 1248 1836 1318 corporis
1868 1242 2179 1306 crassitudo

594 1354 833 1411 revocat,
859 1346 1002 1399 hunc
1024 1343 1091 1397 ab
1116 1344 1357 1413 ingressu
1379 1340 1635 1396 Ecclesiae
1654 1335 1963 1407 patrimonii
1983 1333 2179 1391 sollici-

594 1438 728 1493 tudo
752 1437 1013 1491 detentat.
1066 1433 1132 1486 Et
1178 1432 1317 1488 sicut
1358 1432 1507 1485 illum
1551 1444 1773 1499 parvum
1802 1420 2043 1482 foramen
2071 1438 2180 1477 non

593 1530 739 1598 capit
759 1533 1041 1581 oneratum
1069 1523 1212 1578 mole
1238 1521 1625 1585 membrorum,
1655 1520 1729 1573 ita
1755 1526 1811 1571 et
1838 1518 1980 1571 hunc
2001 1513 2184 1569 introi-

595 1628 683 1673 tus
702 1624 921 1671 sanctus
941 1630 1047 1669 non
1070 1613 1292 1682 suscipit
1310 1618 1588 1681 gravatum
1609 1608 1822 1665 cumulo
1842 1607 2178 1661 delictorum.

596 1705 836 1774 Uterque
866 1705 1029 1759 habet
1055 1702 1327 1773 propriam
1354 1701 1618 1755 sarcinam
1647 1713 1797 1753 suam
1827 1716 1839 1749 :
1870 1697 1958 1750 ille
1986 1711 2181 1751 onera-

2276 522 2395 578 Non
2422 522 2569 592 quod
2596 538 2691 579 eos
2712 524 2986 595 quidpiam
3008 525 3231 593 detinet,
3256 527 3352 583 sed
3374 529 3523 603 quod
3545 530 3622 583 ita
3640 530 3833 599 propriis

2275 615 2383 670 sint
2422 615 2631 671 actibus
2657 615 2947 686 implicati,
2977 626 3037 672 ut
3058 617 3171 688 iam
3201 620 3485 676 arbitrium
3519 620 3729 675 vivendi
3753 635 3833 674 sua

2276 706 2561 775 potestatis
2581 707 2884 773 amiserint;
2907 716 2964 763 et
2981 708 3107 763 dum
3127 709 3544 765 sollicitudinem
3566 721 3589 749 ε
3612 710 3694 766 sui
3711 710 3836 778 patri-

2279 795 2449 850 monii
2476 795 2771 860 exhibent,
2802 797 3100 852 animarum
3141 781 3463 854 medicinam
3505 800 3720 870 penitus
3755 812 3837 851 non

2276 886 2578 955 requirunt.
2627 885 2767 952 Quid
2808 886 2961 949 mihi,
2993 902 3028 942 o
3055 886 3235 952 dives,
3263 887 3641 944 difficultatem
3666 888 3693 924 ⁸
3730 896 3839 941 tunc

2279 973 2427 1041 poris
2454 972 2683 1042 obiicis?
2706 971 2844 1039 Quid
2868 975 3245 1030 necessitatem
3275 976 3470 1031 inseris
3496 977 3839 1046 repentinam?

2279 1062 2335 1117 Si
2363 1077 2458 1118 cor
2486 1063 2668 1127 habes,
2702 1063 2939 1134 intelligo
2974 1064 3104 1135 quia
3145 1066 3291 1121 omni
3330 1066 3661 1121 necessitate
3702 1066 3840 1135 major

2278 1153 2574 1208 necessitas
2594 1160 2678 1208 est
2698 1153 2887 1209 salutis
2910 1172 2922 1207 :
2948 1161 3005 1209 et
3023 1154 3206 1211 utilior
3224 1163 3309 1211 est
3332 1171 3495 1211 causa
3516 1157 3668 1227 pn'us
3688 1171 3840 1211 cm'arc

2280 1243 2477 1309 vitam,
2515 1258 2678 1312 quam
2714 1244 2909 1314 peculii
2948 1243 3144 1299 damna
3184 1246 3413 1311 sarcire,
3456 1261 3529 1300 ne
3572 1244 3701 1299 dum
3739 1260 3840 1313 aug-

2281 1342 2522 1387 mentum
2547 1334 2854 1403 patrimonii
2887 1335 3196 1405 quaarimus,
3228 1336 3527 1391 sentiamus
3565 1337 3753 1390 animae
3774 1335 3841 1390 de-

2282 1424 2616 1479 trimentum.
2643 1424 2749 1479 Sed
2775 1424 2915 1480 forte
2932 1425 3168 1495 iudicem
3196 1426 3411 1492 metuis,
3434 1440 3603 1494 quem
3624 1426 3677 1480 in
3697 1440 3844 1481 secre-

2285 1516 2421 1571 tario
2441 1515 2722 1585 reliquisti.
2741 1515 2870 1570 Mihi
2890 1516 3070 1584 crede,
3093 1516 3239 1586 quod
3262 1516 3433 1587 magis
3452 1516 3628 1571 Deum
3647 1516 3845 1585 iudicem

2285 1615 2527 1661 metuere
2558 1616 2581 1644 ο
2611 1607 2795 1673 debes,
2824 1607 2916 1676 qui
2943 1606 3013 1662 de
3058 1608 3175 1678 ipso
3222 1602 3323 1663 sub
3364 1609 3550 1676 judice
3590 1606 3842 1676 iudicabit.

2286 1693 2441 1750 illum
2468 1711 2596 1766 ergo
2643 1696 2838 1751 metuis
2886 1696 2979 1766 qui
3026 1712 3155 1751 mox
3202 1698 3433 1767 accipiet
3488 1710 3845 1755 successorem.

596 1807 683 1851 tus
711 1804 795 1851 est
822 1793 1105 1858 carnibus,
1147 1792 1248 1846 iste
1274 1791 1537 1861 peccatis;
1569 1798 1625 1844 et
1650 1789 1789 1843 sicut
1818 1788 1906 1841 ille
1934 1786 2183 1841 inhabilis
2219 1807 2259 1866 Β
2287 1785 2577 1839 Dominum
2609 1801 2713 1841 non
2742 1786 2959 1850 metuis,
2982 1786 3067 1841 cui
3092 1801 3251 1841 nemo
3280 1786 3575 1855 aliquando
3611 1784 3843 1841 succedit!

596 1896 682 1942 est
709 1870 1098 1955 angustissimae
1127 1897 1256 1937 acus
1292 1895 1565 1944 cavernae,
1598 1880 1669 1932 ita
1699 1886 1754 1932 et
1792 1877 1882 1931 hic
1927 1878 2185 1931 inconve-

598 1983 753 2037 uieus
782 1991 864 2035 est
905 1977 1216 2033 beatissimo
1258 1974 1353 2030 Dei
1381 1989 1576 2043 regno;
1610 1973 1709 2027 nisi
1748 1970 1893 2039 quod
1920 1971 2185 2025 camelum

595 2086 828 2141 corpore
852 2080 876 2107 ⁸
908 2068 1324 2140 incompositum
1371 2072 1558 2118 natura
1578 2104 1591 2126 ,
1634 2064 1796 2132 388
1823 2062 1967 2116 hunc
2006 2068 2185 2114 autem

598 2178 823 2233 pravum
852 2162 1100 2217 voluntas
1122 2158 1305 2215 efﬁcit.
1332 2155 1664 2213 Hmcautem
1697 2152 1839 2217 dico,
1874 2151 2086 2215 fratres,
2117 2150 2185 2205 de

598 2253 664 2307 iis
705 2252 797 2320 qui
838 2250 866 2288 δ
917 2266 985 2305 ne
1031 2248 1426 2304 festivissimam
1475 2243 1616 2298 diem
1656 2241 1713 2297 S.
1764 2241 2076 2311 Epiphania:
2128 2241 2182 2294 in

597 2341 839 2397 Ecclesia
868 2344 1243 2410 procurarent,
1292 2333 1740 2405 patrimoniorum
1788 2346 2005 2385 suorum
2035 2344 2182 2384 com—

597 2431 825 2500 pedibus
847 2437 971 2484 sunt
997 2428 1217 2491 detenti,
1244 2433 1298 2480 et
1319 2433 1535 2478 terreno
1555 2422 1787 2491 quodam
1816 2420 2035 2490 obligati
2058 2428 2183 2474 sunt

2289 1874 2583 1930 Considera
2625 1876 2786 1945 igitur
2805 1875 2997 1944 iudicii
3027 1876 3401 1931 imminentem
3427 1876 3608 1941 diem,
3652 1883 3707 1931 et
3732 1874 3845 1927 inex-

2286 1968 2619 2037 stinguibiles
2648 1968 2907 2037 gehennae
2943 1966 3217 2033 ﬂammas,
3267 1967 3563 2024 stridorem
3609 1964 3845 2021 horridum

2286 2059 2547 2123 dentium,
2577 2058 2921 2113 tenebrarum
2942 2058 3188 2112 ultimum
3207 2058 3527 2112 cruciatum.
3555 2056 3626 2111 Et
3646 2057 3690 2111 si
3708 2064 3846 2126 potes,

2284 2149 2471 2203 relicta
2517 2146 2779 2213 Ecclesia,
2828 2149 3175 2203 satcularibus
3219 2149 3675 2204 sollicitudinibus
3712 2147 3845 2216 impli-

2284 2253 2429 2293 care.
2476 2237 2680 2293 Vereor
2709 2238 2854 2293 enim
2883 2253 2952 2294 ne
2980 2237 3109 2293 dum
3151 2237 3338 2293 mundi
3368 2239 3591 2293 divitias
3629 2240 3845 2308 queritis.

2282 2331 2568 2386 inveniatis
2590 2332 2770 2401 potius
2796 2331 3009 2386 divitias
3033 2339 3405 2400 peccatorum,
3433 2339 3493 2386 et
3511 2329 3741 2401 repertis
3762 2329 3843 2382 the-

2285 2422 2456 2475 sauris
2487 2423 2690 2487 stnculi,
2722 2422 2972 2477 cmlestes
2993 2420 3280 2475 thesauros
3310 2420 3603 2477 amittatis.
3639 2418 3844 2491 Explicit.

1901 2512 2243 2573 HOMILIA
2290 2512 2542 2573 CXVII.

2033 2610 2114 2665 De
2142 2612 2448 2682 margarita.

2036 2698 2427 2753 ADMONITIO.

669 2798 821 2853 Hanc
848 2798 1121 2854 homiliam

1189 2810 1461 2851 ermanam
1502 2809 1623 2850 esse
1638 2793 1960 2873 .superioris
1987 2791 2225 2873 ostendit
2268 2792 2437 2872 stylus
2476 2790 2701 2873 omnino
2743 2790 2974 2873 similis,-
3010 2789 3225 2873 duoque
3266 2790 3489 2873 codices
3516 2793 3576 2848 S.

671 2810 821 2853 Hanc
848 2810 1121 2854 nomtttam
1189 2810 1461 2851 ermanam
1502 2810 1623 2850 esse
1665 2810 1960 2863 superiorts
1987 2810 2225 2846 oswuutt
2268 2810 2437 2861 Styrus
2478 2810 2701 2845 omnino
2743 2810 2963 2854 Slmllls,
3010 2810 3225 2860 quoque
3266 2810 3486 2847 coutces
3516 2810 3576 2848 δ.
3610 2810 3781 2849 bruus
3812 2810 3847 2845 Ill

600 2868 894 2941 Jerusalem
926 2868 995 2921 90
1033 2876 1088 2923 et
1112 2810 1186 2941 ἓξ
1204 2861 1695 2941 cpntestantu_r.__ln
1720 2862 2253 2941 pri_mo_cod._titulus
2282 2861 2353 2913 ita
2390 2875 2448 2941 se
2476 2860 2815 2941 habet‘num.
2903 2879 2914 2912 :
2944 2859 3137 2941 Incipit
3148 2862 3229 2941 _de
3255 2865 3551 2941 margarita
3582 2862 3847 2941 Evangelii;

600 2941 654 2994 in
683 2936 919 2993 secundo
941 2953 1089 2991 num.
1121 2936 1186 2988 6:
1213 2933 1397 2990 Sermo
1425 2934 1556 2987 beati
1590 2929 1807 3002 Maximi
1837 2933 2061 3001 episcopi
2088 2931 2152 2984 de
2175 2932 2485 3002 margarita.
2526 2929 2741 3002 Alﬂostra:
2768 2930 2894 3002 huic
2928 2931 3209 2986 sententiae
3237 2929 3478 3001 opponet
3521 2929 3745 2987 fortasse
3775 2932 3844 2985 ali-

639 3009 719 3062 uis
747 3006 988 3061 codicem
1018 3006 1332 3061 Vaticanum
1358 3004 1513 3068 1277,
1545 3018 1666 3072 pag.
1712 3000 1779 3055 59
1808 3016 1840 3054 a
1866 2999 2038 3072 tergo,
2067 2999 2351 3055 Ambrosio
2390 2999 2670 3072 homiliam
2710 2999 3113 3072 attribttenteni,
3147 2999 3501 3072 inscriptione
3530 3002 3841 3072 huiusmodi:

639 3025 719 3062 IIIS
747 3025 988 3061 coutcetn
1025 3025 1332 3061 vaucanum
1358 3025 1450 3056 121
1470 3025 1513 3068 ι,
1545 3025 1666 3072 pag.
1712 3025 1779 3055 ου
1808 3025 1840 3054 a
1870 3025 2038 3069 ιυηςυ,
2067 3025 2351 3055 ιιιιιυῐυδιυ
2392 3025 2670 3055 ιιυιιιιιιξιιιι
2710 3025 3113 3063 attrtuucutcul,
3147 3025 3309 3055 Inscr!
3352 3025 3501 3057 nunc
3533 3025 3841 3072 unjusmum;

599 3025 784 3135 gemo
810 3075 944 3129 beati
967 3074 1225 3129 Ambrosii
1244 3074 1412 3145 episco
1457 3075 1488 3137 ',
1518 3072 1603 3125 ubi
1632 3073 1958 3142 conqueritur
1984 3070 2047 3123 de
2074 3072 2307 3141 neglecta
2333 3069 2661 3123 solemnitate
2688 3070 3040 3139 apostolorum
3072 3060 3213 3125 Petri
3242 3078 3291 3123 et
3314 3025 3499 3125 1ὶνίιιιιὶ.
3545 3072 3687 3127 Nihil
3708 3081 3844 3125 tamen

602 3147 969 3195 testimonium
992 3145 1121 3195 illud
1149 3144 1305 3195 nobis
1332 3091 1548 3195 «ligare
1576 3141 1819 3195 dicimus.
1850 3141 2045 3195 primo.
2074 3139 2222 3195 ouod
2249 3155 2414 3194 unum
2435 3149 2551 3195 est:
2583 3139 2841 3195 secundo.
2870 3140 2997 3195 auia
3020 3140 3286 3195 imperite.
3326 3148 3381 3195 et
3410 3140 3465 3195 in
3498 3141 3738 3195 inferiori
3760 3154 3844 3194 τετυ

602 3147 969 3202 testimonium
992 3145 1121 3198 illud
1149 3144 1305 3198 nobis
1332 3159 1366 3197 o

1425 3156 1548 3198 cere
1576 3139 1819 3206 dicimus,
1850 3141 2045 3210 primo,
2074 3139 2222 3208 quod
2249 3155 2414 3194 unum
2435 3149 2551 3210 est;
2583 3139 2841 3210 secundo,
2870 3140 2997 3208 quia
3020 3140 3286 3210 imperite,
3326 3148 3381 3195 et
3410 3140 3465 3195 in
3498 3141 3738 3197 inferiori
3760 3154 3844 3194 κιο

600 3216 790 3271 affixus
819 3215 1003 3269 titulus
1026 3214 1113 3268 ille
1137 3214 1493 3281 dignoscitur;
1516 3226 1636 3266 cum
1659 3208 1869 3264 omissa
1880 3209 1978 3263 sub
1992 3210 2217 3281 _sile_n_tio
2246 3210 2435 3281 majori
2458 3208 2690 3281 humilia:
2711 3216 2890 3281 parte,
2918 3208 3253 3281 exscribatur
3271 3224 3339 3264 ex
3362 3210 3537 3279 ipsius
3562 3210 3843 3281 corollario;

603 3287 781 3348 tertio,
830 3284 973 3353 quod
1020 3277 1353 3353 Benedictini
1398 3281 1647 3335 monachi
1686 3294 1937 3349 congreg.
1981 3278 2040 3333 S.
2096 3277 2264 3333 Mauri
2309 3293 2376 3333 ne
2417 3278 2637 3333 verbum
2692 3277 2911 3346 quidem
2958 3279 3029 3334 de
3067 3278 3175 3333 hoc
3217 3277 3469 3334 sermone
3517 3282 3574 3336 in
3622 3278 3845 3336 Ambrosii

601 3350 863 3424 operibus
896 3352 1214 3408 recudendis
1239 3350 1505 3405 fecerunt.

601 3465 763 3536 339
790 3461 1182 3536 Αιιςιιιιιιιιτιιιιἶ
1204 3491 1274 3502 --
1297 3457 1540 3536 Queritur
1561 3457 1827 3536 Maximus
1859 3474 1975 3511 cum
1997 3459 2183 3536 populo
2212 3459 2259 3523 C
2289 3456 2477 3512 Estote
2500 3470 2629 3525 ergo
2667 3472 2857 3512 aurum
2896 3458 3181 3528 optimum,
3222 3466 3399 3515 estote
3440 3462 3649 3517 monile
3684 3459 3847 3531 pretio-

671 3528 762 3587 Ξιῶ
790 3532 923 3603 quod
955 3532 1047 3584 Dei
1078 3529 1282 3603 verbgm
1311 3529 1494 3603 audire
1534 3530 1986 3603 negligatetraro
2023 3528 2184 3603 eccle-

670 3597 812 3657 siant'
845 3604 1146 3681 frequentet.
1192 3598 1413 3681 Probat.
1432 3597 1610 3681 autem
1632 3597 1741 3681 Deo
1770 3597 2019 3681 iniuriam
2045 3598 2183 3681 irro-

671 3689 828 3744 gar_e,_
845 3665 1041 3739 sibique
1079 3670 1303 3738 plurima
1330 3669 1525 3737 inferre
1563 3665 1890 3732 detrimenta,
1922 3668 2006 3737 qui
2032 3667 2183 3720 rebus

671 3742 857 3796 divinis
878 3748 1162 3810 opportuno
1185 3747 1408 3807 tentpore
1428 3753 1532 3790 non
1552 3744 1717 3790 vacat.

672 3918 815 3972 Satis
844 3914 911 3968 ad
947 3912 1337 3968 correctionem
1368 3918 1600 3965 vestram
1627 3910 1861 3965 arbitror
1886 3924 2043 3980 posse
2071 3908 2185 3963 suf-

600 4010 787 4069 ficere,
830 4005 1021 4059 fratres
1042 4001 1243 4067 dilecti,
1275 4000 1419 4071 quod
1449 4001 1718 4055 anteriore
1758 3999 2026 4056 dominica
2056 4016 2184 4071 pro-

607 4100 843 4153 fecturus
879 4094 1021 4148 nulla
1050 4092 1203 4148 vobis
1227 4106 1503 4146 sacrarum
1542 4089 1867 4145 Litterarum
1892 4092 2187 4161 spiritualia

604 4187 746 4241 dona
776 4184 997 4253 largitus
1036 4197 1175 4247 sum,
1215 4180 1311 4236 sed
1340 4186 1545 4233 tantum
1574 4195 1671 4235 vos
1709 4181 1991 4251 increpans
2020 4190 2075 4237 et
2102 4198 2188 4237 ar-

604 4290 773 4349 guens
800 4290 898 4345 pro
936 4280 1159 4343 peccato
1203 4271 1320 4325 sine
1350 4270 1525 4339 aliqua
1565 4270 1957 4340 praedicationis
1994 4287 2189 4328 conso-

606 4370 808 4425 latione
835 4364 1151 4421 dimiserim.
1185 4362 1342 4418 Volui
1371 4363 1515 4417 enim
1542 4376 1641 4417 vos
1664 4364 1767 4418 hoc
1794 4364 1967 4433 ipsum
1988 4365 2188 4419 intelli—

605 4476 754 4531 gere,
776 4472 934 4528 quam
957 4456 1191 4525 graviter
1209 4453 1579 4524 peccaveritis,
1602 4453 1747 4523 quod
1776 4453 1955 4508 divina
1976 4455 2188 4525 eloquia

607 4550 795 4606 audire
815 4548 1033 4602 minime
1057 4545 1347 4601 meruistis.
1366 4544 1492 4599 Haec
1512 4545 1652 4599 enim
1674 4544 2011 4600 sacerdotum
2034 4546 2193 4601 vehe

607 4658 761 4699 mens
785 4649 839 4695 et
867 4639 1086 4709 copiosa
1112 4637 1345 4692 vindicta
1366 4645 1449 4691 est
1476 4635 1706 4705 indignis
1725 4636 2022 4706 quibusque
2049 4638 2192 4693 litte-

606 4744 787 4786 rarum
815 4727 1114 4783 cmicstium
1140 4732 1477 4781 sacramenta
1501 4740 1608 4779 non
1628 4725 1873 4793 credere,
1897 4742 2013 4790 nec,
2046 4728 2187 4782 sicut

2285 3564 2424 3612 sum,
2448 3556 2508 3602 ut
2536 3550 2704 3617 possit
2732 3550 2785 3603 in
2828 3550 2978 3604 vobis
3002 3551 3293 3619 margarita
3334 3552 3636 3622 spiritualis
3663 3550 3841 3607 includi.

2286 3638 2574 3708 Margarita
2628 3640 2770 3695 enim
2821 3640 3063 3695 Christus
3111 3649 3195 3697 est
3238 3641 3522 3711 Dominus,
3578 3658 3733 3713 quam
3776 3654 3846 3695 ne.

2287 3732 2521 3799 gotiator
2567 3731 2657 3786 ille
2701 3731 2851 3787 dives
2898 3733 2950 3787 in
2998 3731 3321 3803 Evangelia,
3352 3734 3592 3790 venditis
3638 3733 3847 3791 omnibus

2290 3822 2453 3877 rebus
2484 3822 2614 3887 suis,
2646 3836 2828 3877 emere
2855 3822 3155 3888 festinavit,
3189 3832 3245 3878 et
3272 3824 3462 3878 maluit
3510 3839 3717 3888 omnes,
3744 3831 3845 3891 quas

2288 3914 2538 3979 habebat,
2571 3923 2596 3960 κ
2627 3913 2803 3968 smculi
2832 3927 3071 3983 gemmas
3099 3915 3365 3980 amittere,
3400 3922 3612 3969 tantum
3642 3923 3842 3969 utunam

2289 4006 2491 4061 Christi
2534 4013 2743 4061 emeret
2781 4007 3145 4076 margaritam.
3199 4004 3351 4061 Unde
3398 4014 3455 4061 et
3502 4022 3631 4077 ego,
3668 4005 3844 4060 fratres,

2288 4114 2389 4168 pro
2410 4096 2772 4166 magnitudine
2793 4094 2939 4164 quod
2964 4096 3303 4151 admiseratis
3326 4095 3537 4165 delicti,
3564 4096 3707 4151 nolui
3726 4093 3845 4148 vobis

2291 4186 2529 4258 pandere
2566 4186 2889 4255 evangelica:
2930 4185 3240 4241 refectionis
3286 4186 3540 4255 eloquia;
3581 4186 3675 4242 sed
3712 4183 3846 4251 magis

2288 4280 2534 4351 ingerere
2554 4279 2809 4334 animosas
2824 4274 3217 4348 indignationis
3240 4278 3513 4349 iniuriam,
3537 4289 3594 4336 et
3610 4280 3750 4351 prius
3770 4288 3844 4329 vos

2290 4373 2606 4429 verberibus
2631 4372 3003 4443 spiritualibus
3028 4371 3348 4439 emendare,
3378 4388 3443 4428 ac
3470 4374 3554 4429 sic
3580 4369 3843 4438 margarita

2290 4465 2464 4520 ditare
2484 4465 2798 4519 muneribus
2822 4482 2836 4517 :
2862 4464 3043 4529 malui,
3070 4464 3309 4535 inquam,
3330 4474 3618 4534 peccatum
3641 4472 3841 4519 vestrum

2292 4554 2585 4610 incusando
2614 4555 2812 4615 acriter
2850 4542 3150 4625 increpare,
3178 4556 3342 4626 390
3365 4571 3531 4625 quam
3559 4557 3743 4612 leniter
3762 4553 3844 4607 dis-

2291 4645 2596 4700 simulando
2625 4647 2850 4702 nutrire.
2873 4644 3124 4715 Quisquis
3149 4647 3293 4701 enim
3322 4647 3545 4703 fratrem
3574 4664 3677 4704 non
3703 4642 3843 4715 arguit

2291 4743 2604 4806 peccantem
2622 4776 2637 4801 ,
2668 4736 3068 4805 quodammodo
3107 4738 3374 4793 hortatur.
3403 4736 3545 4794 Nolo
3574 4748 3742 4793 autem
3766 4748 3842 4804 ptio

614 4820 691 4874 ait
718 4817 1009 4881 Dominus,
1040 4815 1172 4870 dare
1210 4821 1452 4870 sanctum
1493 4815 1747 4881 canibus,
1776 4832 1953 4886 neque
1981 4828 2191 4888 marga-
2220 4832 2269 4893 ι)
2297 4827 2421 4882 teris
2449 4826 2475 4863 ιι
2506 4827 2660 4895 quod,
2680 4843 2787 4883 non
2817 4828 2884 4884 de
2913 4842 3098 4885 amore
3124 4827 3316 4885 faciam
3341 4846 3440 4887 vos
3467 4832 3663 4902 sapius
3686 4828 3841 4883 γει-δε.

607 4910 743 4964 ritas
757 4907 1021 4978 projicere
1035 4921 1321 4975 porcorum
1335 4904 1560 4975 pedibus
1571 4906 1958 4961 conculcandas
1971 4906 2184 4976 (Matth.

606 4999 724 5068 ru).
760 4996 941 5051 Perdit
960 4996 1101 5051 enim
1123 4996 1357 5051 caelestis
1380 4997 1681 5063 margarita:
1700 4998 1925 5064 gratiam
1950 4998 2189 5067 quisquis

611 5103 733 5143 eam
762 5087 1053 5143 foedissimo
1073 5087 1341 5156 peccatori
1368 5084 1385 5124 ί
1410 5086 1743 5142 circumdare
1763 5098 2005 5144 conatur.
2029 5088 2191 5144 Gem-

613 5196 697 5234 ma
728 5179 872 5234 enim
891 5218 907 5243 ,
938 5179 1077 5233 sicut
1103 5177 1204 5247 ipsi
1246 5177 1425 5241 scitis,
1470 5178 1573 5232 nisi
1621 5194 1754 5233 auro
1782 5194 1889 5235 non
1918 5181 2189 5246 convenit,

614 5271 922 5337 margarita,
974 5270 1184 5324 nonnisi
1230 5268 1480 5347 pretiosis
1507 5269 1791 5325 monilibus
1820 5286 1927 5325 non
1956 5281 2187 5342 aptatur.

686 5440 708 5504 ς·
746 5426 979 5504 Uterque
1008 5428 1128 5504 cod.
1152 5426 1212 5482 S.
1242 5428 1429 5504 Crucis
1458 5430 1510 5485 in
1537 5429 1645 5487 Jer.
1672 5433 1902 5504 supplet.

687 5498 712 5535 ιι
743 5496 983 5568 Uterque
1007 5499 1131 5551 cod.
1160 5514 1321 5568 supra
1346 5500 1438 5554 cit.

687 5578 712 5606 ε
743 5565 978 5635 Uterque
1006 5568 1127 5622 cod.

686 5640 713 5673 ι
753 5634 991 5704 Uterque
1020 5639 1142 5693 cod.

690 5716 713 5743 ε
747 5704 981 5773 Uterque
1010 5707 1130 5760 οοιι.

2286 4917 2481 4971 rando.
2506 4916 2672 4971 Filius
2701 4918 2845 4972 enim
2880 4918 2893 4955 ί
2923 4919 3016 4987 qui
3042 4919 3393 4989 castigatione
3420 4920 3616 4989 dignus
3641 4928 3735 4983 est,
3753 4916 3843 4987 plus

2293 5015 2519 5071 amatur,
2548 5007 2688 5061 sicut
2714 5008 2791 5061 ait
2814 5006 3091 5077 Scriptura
3105 5017 3297 5069 sancta
3322 5029 3336 5063 :
3362 5008 3529 5075 Quem
3547 5014 3680 5067 enim
3708 5004 3842 5075 diligi!

2294 5094 2549 5150 Dominus
2578 5098 2831 5168 corripit;
2861 5101 3082 5172 castigat
3115 5110 3285 5155 autem
3313 5118 3521 5171 omnem
3548 5104 3708 5173 ﬁlium
3730 5112 3842 5171 qui

2296 5188 2477 5257 recipit
2500 5186 2682 5257 (Prov.
2706 5188 2807 5259 ιιι).
2840 5189 3010 5246 Dicite
3037 5191 3239 5246 mihisi
3268 5206 3376 5247 non
3404 5193 3689 5249 dolendum
3718 5186 3843 5243 fuerit

2296 5280 2397 5334 hoc
2418 5287 2718 5349 peccatum,
2741 5281 2821 5336 sic
2839 5297 2937 5337 vos
2964 5282 3151 5339 salutis
3168 5292 3361 5340 vestrm
3384 5283 3721 5341 immemores
3747 5288 3841 5332 lunt

2375 5435 2393 5473 τ
2423 5434 2556 5491 Cod.
2589 5437 2710 5492 Vat.
2735 5439 3064 5495 contundere.

2370 5514 2396 5553 ι
2425 5504 2567 5559 Idem
2595 5507 2714 5562 cod.
2747 5507 2867 5564 Vat.
2894 5511 3092 5566 omittit
3116 5508 3310 5565 seaculi.

2371 5573 2398 5611 δ
2429 5575 2507 5631 Ita
2533 5576 2658 5633 cod.
2686 5576 2807 5631 Vat.
3178 5610 3183 5615 -

2379 5644 2393 5681 ί
2428 5644 2572 5699 idem
2604 5646 2725 5701 cod.
