3910 6238
28 363 127 417 529

1524 353 1755 410 SERMO
1791 353 1829 406 l.

3223 349 3333 404 550

28 473 209 538 fuisse,
239 481 305 527 ut
336 473 668 529 beatissimis
697 472 959 544 apostolis
987 471 1149 527 Petro
1181 477 1236 526 et
1263 467 1430 524 Paulo
1459 468 1630 522 hono-
1660 489 1708 547 Α
1737 465 1804 520 ad
1833 460 2114 535 prandium
2141 461 2454 532 rogavisset,
2481 469 2702 532 propter
2727 467 3007 516 accuratas
3034 461 3240 530 epulas,
3275 471 3330 516 et

28 564 368 619 riﬁcentiam
400 565 621 618 minime
643 571 668 601 ⁸
695 561 1014 630 redderetis,
1037 577 1157 617 cum
1187 561 1332 630 ipsos
1352 573 1470 613 esse
1498 557 1634 612 scia-

31 655 96 707 tis
126 655 400 710 doctores
443 655 708 722 gentium,
741 662 989 709 auctores
1015 661 1339 724 martyrum,
1369 650 1639 721 principes

30 745 422 809 sacerdotum,
459 761 556 799 nec
585 744 858 800 volueritis
884 758 1068 799 eorum
1104 743 1338 798 natalem
1362 741 1638 796 nobiscum

32 834 458 889 festivissimum
488 835 792 899 celebrare,
825 843 986 902 atque
1014 833 1090 888 illi
1131 831 1337 888 caelesti
1381 832 1640 887 interesse

34 927 291 981 convivio
316 927 375 980 in
399 942 507 995 quo
533 942 631 997 pro
655 934 948 996 martyrum
967 923 996 963 δ
1020 933 1166 978 tanta
1197 923 1375 978 lmtitia
1395 922 1642 977 substan—

33 1018 161 1068 tiam
187 1017 320 1069 vita:
354 1015 474 1084 ipse
495 1016 648 1069 nobis
675 1015 934 1070 Dominus
961 1014 1322 1069 ministravit‘
1347 1012 1519 1066 Vultis
1547 1027 1642 1065 au-

32 1114 141 1158 tem
171 1106 324 1159 scire
361 1106 580 1173 quantis
601 1104 756 1158 bonis
790 1103 1019 1158 fraudati
1049 1103 1287 1158 fueritis?
1309 1101 1643 1171 interrogate

35 1195 250 1260 fratres,
305 1196 407 1264 qui
455 1204 584 1251 tunc
631 1211 838 1250 mecum
887 1196 1088 1265 pariter
1115 1193 1431 1258 adfuerunt,
1483 1208 1642 1264 quam

36 1285 224 1341 refecti
274 1302 308 1340 a
361 1285 632 1341 dominica
676 1302 860 1341 mensa
906 1286 1278 1349 discesserint,
1329 1284 1413 1338 vel
1457 1283 1643 1352 quales

35 1393 221 1432 secum
279 1377 512 1433 domum
565 1378 871 1447 spirituales
939 1377 1154 1431 divitias
1219 1374 1636 1445 reportaverint.

37 1466 212 1522 Unum
235 1468 384 1531 scio,
411 1467 557 1538 quod
584 1469 630 1522 si
655 1469 775 1536 quis
804 1466 894 1521 illa
923 1467 1009 1521 die
1030 1467 1330 1522 honoratus
1351 1472 1445 1519 aut
1469 1463 1640 1528 dives,

38 1561 106 1616 ob
136 1572 159 1600 ε
192 1561 446 1616 natalem
477 1559 568 1614 ﬁlii
594 1560 676 1616 sui
701 1559 768 1614 ad
814 1549 1082 1614 decimum
1125 1573 1293 1629 usque
1338 1558 1644 1612 milliarium

107 1728 132 1756 ⁸
164 1717 305 1773 Cod.
341 1716 405 1770 S.
435 1716 622 1772 Crucis
651 1719 704 1772 in
731 1716 840 1771 Jer.

105 1788 133 1826 δ
163 1786 308 1842 Cod.
341 1785 495 1852 Vat.,
525 1804 618 1858 pro
641 1797 927 1857 martyrum
954 1804 1182 1842 suorum.

1736 555 2025 626 inaequales
2053 569 2356 620 mensuras,
2388 554 2590 623 absque
2618 553 2779 608 dubio
2808 568 2906 608 vos
2945 553 3114 607 ituros
3142 553 3328 607 fuisse.

1739 649 1924 719 Igitur,
1971 646 2185 711 fratres,
2216 645 2640 715 quotiescunque
2669 652 2966 715 martyrum
3011 643 3331 697 memoriam

1742 741 2095 804 celebramus,
2114 737 2488 808 praetermissis
2502 735 2749 791 omnibus
2769 735 2948 790 seculi
2970 733 3196 796 actibus,
3214 733 3332 787 sine

1745 814 1921 900 aliqua
1968 829 1993 867 δ
2041 829 2376 885 dubitatione
2415 842 2742 884 concurrere
2783 825 3061 890 debemus,
3104 823 3332 878 reddere

1747 922 1851 975 illis
1897 919 2365 974 honoriﬁcentiam
2409 917 2502 986 qui
2541 916 2698 971 vobis
2743 916 2970 970 salutem
3018 911 3334 984 prolusione

1744 1013 1827 1069 sui
1865 1011 2140 1081 sanguinis
2159 1017 2506 1081 pepererunt,
2531 1008 2623 1077 qui
2646 1014 2900 1076 tanquam
2921 1013 3131 1061 sacrata
3154 1003 3332 1057 hostia

1743 1117 1843 1173 pro
1871 1111 2055 1157 nostra
2077 1100 2461 1171 propitiatione
2491 1099 2717 1153 Domino
2746 1104 2874 1152 sunt
2898 1095 3082 1160 oblati,
3106 1109 3335 1164 pneser-
3432 1114 3436 1118 -

1743 1195 1841 1247 tim
1867 1209 1987 1247 cum
2022 1192 2167 1246 dicat
2213 1190 2279 1245 ad
2327 1197 2544 1267 sanctos
2587 1203 2713 1242 suos
2762 1186 3104 1256 omnipotens
3150 1184 3331 1238 Deus:

1746 1283 1960 1349 Qui-vos
1989 1284 2233 1349 honorat,
2263 1297 2345 1334 me
2391 1281 2640 1344 honorat;
2671 1287 2721 1332 et
2749 1279 2833 1348 qui
2873 1289 2958 1330 vos
2999 1276 3214 1346 spernit,
3255 1286 3336 1326 me

1747 1378 1941 1448 spernit
1965 1375 2113 1446 (Luc.
2143 1376 2221 1444 x).
2249 1367 2508 1442 Quisquis
2521 1387 2652 1441 ergo
2670 1371 2905 1425 honorat
2928 1375 3212 1437 martyres,
3235 1365 3336 1418 ho-

1747 1477 1904 1524 norat
1931 1477 1986 1522 et
2009 1467 2308 1531 Christum;
2339 1473 2395 1520 et
2421 1465 2514 1534 qui
2543 1462 2749 1534 spernit
2778 1467 3022 1523 sanctos,
3049 1457 3256 1528 spernit
3284 1462 3338 1510 et

1750 1560 2054 1614 Dominum.

1826 1731 1846 1757 ε
1880 1719 2009 1773 Cod.
2043 1719 2186 1780 Vat.,
2219 1721 2282 1773 ob
2314 1718 2510 1771 natale.

1817 1787 1842 1825 ἀ
1874 1788 2019 1844 Idem
2048 1789 2172 1844 cod.
2200 1788 2342 1852 Vat.,
2373 1789 2485 1842 sine
2505 1789 2679 1858 aliqua
2701 1785 2976 1841 dilatione.

108 1899 121 1928 ¹
164 1895 348 1950 Vultis
379 1904 552 1970 autem
581 1898 712 1950 scire
735 1898 942 1970 quantis
972 1896 1118 1952 bonis
1146 1899 1377 1968 fraudati
1407 1901 1651 1970 fueritis?
1680 1908 1727 1966 Β
1756 1909 1864 1955 tum
1895 1901 2295 1970 episcoporum,
2326 1900 2394 1954 de
2416 1914 2524 1970 quo
2553 1899 2758 1968 pariter
2771 1886 3023 1970 loquitur
3045 1896 3336 1970 Tertullia-

37 1965 400 2036 lnterrogate,
428 1968 637 2037 fratres,
661 1965 888 2037 qui-tunc
916 1984 1113 2020 mecum
1140 1965 1338 2037 pariter
1365 1965 1646 2037 aifuerunt,

35 2053 189 2104 quam
225 2037 418 2109 refecti
442 2052 473 2088 α
498 2036 758 2109 dominica
791 2053 967 2109 menso
997 2036 1342 2099 discesserint,
1374 2036 1450 2092 vel
1475 2036 1650 2109 quales

39 2122 211 2159 secum
239 2105 463 2176 domum
491 2106 784 2176 spirituales
813 2107 1021 2160 divitias
1040 2105 1510 2176 reportaverintm;
1532 2109 1645 2163 Non

39 2174 462 2244 praetereundus
489 2174 620 2228 mihi
646 2175 788 2230 visus
809 2185 892 2230 est
918 2176 1005 2229 hic
1034 2174 1208 2231 sancti
1239 2175 1454 2231 Maximi
1476 2178 1643 2242 locus,

43 2260 108 2299 ex
139 2260 253 2316 qu_o
284 2245 450 2316 plura
478 2247 594 2297 erui
624 2252 853 2316 possunt
878 2245 944 2298 ad
975 2246 1404 2316 cognoscendam
1433 2249 1645 2316 prisco-

41 2330 161 2370 rum
192 2313 466 2394 Ecclegize
495 2314 1277 2394 temporum.discipli_uam.Et
1299 2313 1514 2394 quidem
1542 2318 1646 2394 pri-

42 2399 129 2436 mo
158 2398 284 2437 sese
305 2381 473 2436 oﬁ‘ert
497 2381 762 2437 institutio
791 2381 1095 2439 festivitatis
1118 2381 1343 2438 natalitii
1372 2385 1498 2448 diei,
1531 2381 1644 2442 sive

77 2453 295 2506 loriosas
361 2453 595 2506 assionis
616 2461 928 2508 sanctorum
949 2453 1248 2523 principum
1276 2470 1304 2508 a
1347 2457 1645 2510 ostolorum

39 2467 189 2574 ἴδω-ἱ
219 2531 277 2574 et
307 2467 499 2574 Bauli.
530 2522 598 2574 ad
627 2522 778 2574 cuius
805 2523 1174 2574 celebritatem
1207 2471 1377 2574 ﬁderit;
1419 2526 1645 2574 nonnlns

88 2524 189 2576 ctri
219 2521 499 2595 et_Pauli,
530 2522 598 2595 ad
627 2522 778 2595 cujus
805 2521 1377 2595 celebritatemﬁdelis
1419 2526 1647 2595 populus

45 2607 165 2645 cum
213 2591 484 2661 episcopo
534 2592 587 2645 in
635 2591 918 2646 ecclesiam
967 2594 1344 2648 conveniebat.
1398 2591 1647 2650 Secundo

47 2661 579 2733 celestismeminit
599 2661 848 2733 convivii,
880 2678 975 2733 seu
1002 2663 1178 2717 missa
1206 2663 1474 2730 sacriﬁcii,
1503 2664 1650 2733 quod

49 2730 254 2801 lestivis
278 2729 817 2801 diebusisolemiuter
837 2732 1115 2801 agebatur,
1143 2734 1334 2801 cuique
1360 2729 1651 2790 Chrisiiani

48 2800 313 2872 interesse
342 2799 639 2872 debebant.
690 2799 897 2872 Tertio'_
913 2809 1061 2870 patet
1087 2799 1431 2872 perspicuum
1459 2819 1652 2872 sacra-

52 2869 1035 2948 mentieucharistuzitestimonium,
1067 2869 1120 2948 in
1159 2869 1268 2940 quo
1296 2889 1484 2948 verum
1522 2869 1650 2948 Jes‘u

50 2938 247 2993 Christi
276 2954 515 3012 corpus,
548 2941 705 3012 391
742 2955 1010 3012 verusque
1050 2938 1428 3012 ejus—sanguis
1475 2943 1650 2998 conti-

51 3017 264 3061 nentur.
297 3007 514 3073 Quarto
539 3007 703 3064 docet
721 3007 938 3066 sanctus
962 3007 1228 3067 Maximus
1248 3007 1454 3067 morem
1479 3012 1646 3067 usita-

1752 1985 1852 2025 nus
1893 1971 1984 2024 lib.
2035 1966 2100 2022 de
2135 1969 2340 2023 Corona
2381 1966 2591 2026 militis.
2635 1966 2944 2037 porrigehdi
2995 1966 3239 2021 ﬁdelibus
3286 1968 3337 2020 in

1752 2039 2114 2094 celebratione
2142 2040 2315 2093 missae
2355 2039 2744 2093 sanctissimam
2775 2037 3177 2098 eucharistiam,
3212 2052 3338 2106 spe-

1751 2111 1861 2164 cies
1885 2109 2090 2163 scilicet
2135 2109 2287 2178 panis
2316 2116 2684 2178 consecratas:
2715 2105 2916 2172 Quinto
2945 2105 3338 2178 memorat_ad-

1753 2179 2052 2232 mirabilem
2079 2175 2400 2234 sacramenti
2430 2178 2586 2246 hujus
2613 2175 2882 2241 el'iectum,
2914 2191 3036 2230 cum
3068 2175 3339 2246 accipien-

1751 2249 1893 2302 tibus
1912 2248 2218 2317 spirituales
2244 2247 2476 2313 divitias,
2501 2245 2797 2317 pleniorem
2827 2260 3021 2317 nempe
3045 2245 3346 2314 gratiarum

1751 2316 2134 2387 abundantiam
2190 2317 2452 2372 conferat.
2505 2316 2798 2387 ’Docuerat
2837 2316 3061 2387 pridem
3120 2321 3340 2387 sanctus

1749 2388 2063 2457 Ambrosius
2090 2386 2338 2457 Exposit.
2378 2388 2432 2441 in
2460 2387 2597 2456 psal.
2631 2384 2792 2457 cxvrn
2818 2386 2978 2455 392
3005 2384 3342 2457 Christianos

1750 2466 2004 2540 oportere
2037 2452 2252 2540 jejunus
2282 2456 2349 2511 ad
2378 2452 2714 2538 eucharistize
2741 2452 3135 2540 sacra-niaximum
3163 2452 3341 2540 perci—

1749 2523 2004 2595 piendum
2040 2523 2325 2592 accedere,
2375 2527 2584 2595 etiamsi
2631 2525 2952 2595 vespertinis
2994 2523 3142 2578 horis
3186 2523 3342 2595 utin

1751 2591 2167 2664 Quadragesima
2195 2597 2371 2650 missae
2396 2593 2719 2650 sacriﬁcium
2730 2591 3165 2664 ‘protraheretur.
3182 2591 3341 2664 _Ni_hil

1757 2667 1852 2788 lléic
1878 2665 1946 2720 de
1974 2661 2193 2734 jejunio
2239 2681 2270 2720 a
2309 2661 2828 2721 communicantibus
2872 2663 3136 2718 servando
3181 2661 3343 2715 habet

1812 2735 2051 2788 aximus:
2083 2736 2178 2788 sed
2207 2751 2328 2788 cum
2357 2733 2595 2788 Ecclesia
2627 2734 2972 2788 Taurinensis
2995 2733 3046 2785 in
3067 2731 3342 2788 provincia

1812 2731 2053 2800 aximusi
2083 2736 2178 2790 sed
2207 2751 2328 2790 cum
2357 2733 2595 2790 Ecclesia
2627 2734 2972 2802 Taurinensis
2995 2733 3046 2785 in
3067 2731 3342 2802 provincia

1759 2804 2141 2859 Mediolanensi
2170 2806 2558 2867 contineretur,
2601 2801 2963 2859 conﬁtendum
2985 2800 3083 2858 est’
3097 2800 3346 2856 eamdem

1756 2889 2032 2996 facrorum
2061 2874 2604 2930 administrandorum
2631 2873 2968 2944 disciplinam
3011 2875 3065 2926 in
3093 2885 3157 2926 ea
3188 2871 3342 2924 inva-

1781 2958 1939 2996 uisse.

1781 2958 1920 2998 uisse
1927 2983 1939 2994 .

973 3293 1648 3406 SANGTI
1726 3292 2441 3404 MAXIM!

1243 3500 1593 3562 EPISCOPI
1638 3500 2162 3561 TAURINENSIS

667 3683 2953 3978 SERMONES_

1173 4056 1240 4112 1N
1279 4055 1457 4111 TRES
1494 4054 1790 4111 CLASSES
1826 4054 2228 4110 DlSTRIBUTl.

1088 4282 1683 4389 CLASSIS
1759 4282 2283 4388 PRIMA
2306 4361 2339 4399 ,θ

953 4526 1572 4598 SERMONES
1635 4525 1791 4597 DE
1855 4526 2472 4601 TEMPORE.

1405 4768 1672 4829 SERMO
1713 4769 2000 4831 PRIMUS

1412 4871 1540 4923 Ante
1571 4868 1764 4922 Natale
1796 4868 2021 4923 Domini.

1521 4957 1910 5013 ADMONITIO.

127 5074 282 5146 393
310 5067 954 5146 Abqolutabogniliarum
982 5066 1043 5123 S.
1070 5069 1288 5123 Maximi
1317 5070 1656 5146 collectione,
1690 5069 1914 5146 alteram
1943 5069 2224 5146 aggredior
2263 5082 2592 5146 sermonum.
2641 5066 2766 5146 lani
2806 5069 2914 5122 dixi
2937 5068 3265 5146 _homil_iamh
3293 5083 3351 5128 et

65 5135 356 5199 serTnBKem
377 5143 530 5197 idem
560 5135 887 5211 signiﬁcare,
915 5145 970 5191 et
991 5152 1110 5192 esse
1127 5147 1431 5211 tractatum
1446 5139 1513 5194 de
1541 5140 1700 5211 rebus
1728 5139 1904 5211 sacris
1929 5135 1997 5193 ad
2016 5135 2316 5211 populum;
2342 5138 2436 5192 sed
2464 5137 2770 5211 hujusmodi
2800 5138 3062 5211 voeabula
3093 5139 3160 5193 ab
3181 5140 3351 5196 edito-

68 5214 202 5268 ribus
228 5223 392 5284 atque
420 5213 494 5266 ab
524 5206 941 5284 amanuensibus
965 5209 1268 5284 prgmisCue
1294 5209 1634 5284 adhibemur.
1657 5207 1727 5262 At
1755 5208 1860 5263 duo
1895 5206 2210 5276 inquirenda
2231 5216 2358 5284 sunt
2391 5225 2403 5259 :
2435 5223 2624 5284 unum,
2647 5207 2776 5284 quis
2803 5208 2873 5261 sit
2894 5207 3053 5276 hujus
3082 5212 3351 5284 sermonis

69 5290 275 5346 auctor;
301 5275 584 5343 'alterum,
632 5279 755 5347 quis
801 5275 1003 5348 t_itulus.
1036 5275 1244 5348 Primus
1283 5293 1350 5333 ex
1379 5279 1731 5348 plurimorum
1777 5293 1906 5348 mss.
1941 5275 2202 5348 consensu
2231 5278 2489 5348 habetur;
2511 5277 2786 5348 usiquidem
2816 5293 2938 5331 cum
2969 5275 3352 5348 vetustioribus

69 5351 328 5407 mdicibus
349 5345 696 5418 Sangallensi
725 5354 780 5418 et
808 5345 1123 5418 Taurinensi
1149 5345 1483 5418 conveniunt
1502 5349 1553 5402 in
1581 5356 1825 5402 sanctum
1856 5347 2145 5418 Maxim‘um
2174 5348 2386 5403 codices
2416 5347 2484 5398 99
2504 5345 2714 5418 Sancta:
2735 5347 2922 5418 Crucis
2953 5349 3005 5418 in
3029 5347 3350 5418 Jerusalem,

71 5419 363 5477 Casinensis
392 5415 524 5485 103,
555 5416 940 5486 Neapolitanus
959 5416 1206 5470 biblioth.
1231 5417 1428 5472 Montis
1452 5415 1670 5482 Oliveti,
1694 5417 2080 5472 Ambrosianus
2108 5418 2324 5472 Archivi
2353 5417 2644 5485 imperialis
2672 5417 2924 5482 basilicze,
2948 5417 3164 5486 duoque
3187 5417 3355 5471 Bene-

73 5492 301 5558 ventani,
320 5498 379 5545 ut
399 5490 544 5544 alios
563 5485 833 5558 omittam,
863 5485 1118 5558 Quamvis
1145 5489 1395 5542 monachi
1424 5487 1480 5542 S.
1506 5487 1676 5541 Mauri
1698 5487 1846 5558 inter
1867 5486 2252 5558 Ambrosianus
2281 5488 2424 5558 hunc
2451 5501 2757 5558 sermouem
2790 5485 3089 5558 ediderint,
3097 5496 3350 5558 attamen

73 5560 250 5616 melius
282 5553 349 5616 'S.
373 5559 618 5614 Maximo
673 5555 1047 5610 ascribendum
1096 5569 1214 5610 esse
1264 5565 1589 5611 monuerunt
1641 5565 1772 5610 tom.
1804 5555 1848 5609 ll
1875 5555 2002 5610 edit.
2055 5557 2224 5611 Paris.
2279 5554 2433 5620 1690,
2466 5570 2587 5624 pag.
2612 5553 2738 5620 392,
2770 5565 2884 5609 tum
2931 5556 3056 5625 quia
3095 5555 3351 5625 Erasmus

77 5627 287 5696 idipsum
313 5629 550 5692 censuit,
574 5636 686 5680 tum
704 5626 866 5696 etiam
884 5626 1010 5696 quia
1037 5625 1205 5696 stylus
1233 5627 1402 5694 magis
1427 5625 1714 5696 Maximum
1735 5641 1897 5696 quam
1928 5625 2265 5681 Ambrosium
2287 5623 2514 5680 redolet.
2550 5623 2626 5679 De
2650 5625 2806 5696 titulo
2842 5623 3355 5696 vidéo‘vetustiores

78 5693 274 5770 codices
301 5697 610 5770 perspicuis
637 5695 814 5770 verbis
854 5693 1420 5770 indicare'sermonem
1439 5696 1570 5748 Ante
1582 5693 2038 5770 _1_Vatale_Domini
2068 5697 2120 5770 in
2151 5696 2596 5770 praeparationem
2618 5693 2865 5770 ejusdem
2895 5693 3134 5770 habitum
3165 5693 3345 5746 fuisse.

81 5762 147 5818 ita
174 5762 360 5840 legitur
381 5762 802 5836 in'Sangallensi
832 5776 986 5821 num.
1008 5763 1104 5820 52:
1129 5763 1412 5823 Dicendum
1433 5775 1551 5821 ante
1573 5763 1767 5823 Natale
1787 5765 1996 5822 Domini
2021 5783 2040 5833 ;
2070 5768 2122 5822 in
2144 5762 2329 5822 codice
2350 5773 2527 5820 autem
2551 5763 2888 5829 Taurinensi,
2913 5778 3033 5819 cum
3065 5763 3157 5818 hic
3172 5776 3349 5816 sermo
