  <div class='ocr_page' id='page_1' title='image "/cluster/home/n/w/nwhite01/storage/ocr_20150623/57/uva.x000827099/269.png"; bbox 0 0 3910 6238; ppageno 0'>
   <div class='ocr_carea' id='block_1_1' title="bbox 627 367 728 422">
    <p class='ocr_par' dir='ltr' id='par_1_1' title="bbox 627 367 728 422">
     <span class='ocr_line' id='line_1_1' title="bbox 627 367 728 422; baseline -0.01 0"><span class='ocrx_word' id='word_1_1' title='bbox 627 367 728 422; x_wconf 65' lang='grc'><strong>531</strong></span> 
     </span>
    </p>
   </div>
   <div class='ocr_carea' id='block_1_2' title="bbox 1824 365 3844 424">
    <p class='ocr_par' dir='ltr' id='par_1_2' title="bbox 1824 365 3844 424">
     <span class='ocr_line' id='line_1_2' title="bbox 1824 365 3844 424; baseline 0.002 -4"><span class='ocrx_word' id='word_1_2' title='bbox 1824 365 1878 421; x_wconf 91' lang='lat' dir='ltr'><strong>S.</strong></span> <span class='ocrx_word' id='word_1_3' title='bbox 1922 366 2165 421; x_wconf 66' lang='lat' dir='ltr'><strong>MAXIM</strong></span> <span class='ocrx_word' id='word_1_4' title='bbox 2205 366 2653 422; x_wconf 74' lang='lat' dir='ltr'><strong>TAUI‘JNENSIS</strong></span> <span class='ocrx_word' id='word_1_5' title='bbox 3771 367 3844 424; x_wconf 57' lang='lat' dir='ltr'><strong>Si</strong></span> 
     </span>
    </p>
   </div>
   <div class='ocr_carea' id='block_1_3' title="bbox 624 477 3226 552">
    <p class='ocr_par' dir='ltr' id='par_1_3' title="bbox 624 477 3226 552">
     <span class='ocr_line' id='line_1_3' title="bbox 624 477 3226 552; baseline 0.001 -17"><span class='ocrx_word' id='word_1_6' title='bbox 624 489 878 550; x_wconf 76' lang='lat' dir='ltr'><strong>sequatur</strong></span> <span class='ocrx_word' id='word_1_7' title='bbox 898 477 1130 552; x_wconf 68' lang='lat' dir='ltr'><strong>primam</strong></span> <span class='ocrx_word' id='word_1_8' title='bbox 1158 479 1453 552; x_wconf 80' lang='lat' dir='ltr'><strong>homiliam,</strong></span> <span class='ocrx_word' id='word_1_9' title='bbox 1477 495 1600 552; x_wconf 63' lang='lat' dir='ltr'><strong>qum</strong></span> <span class='ocrx_word' id='word_1_10' title='bbox 1628 482 1846 550; x_wconf 88' lang='lat' dir='ltr'><strong>incipit:</strong></span> <span class='ocrx_word' id='word_1_11' title='bbox 1882 481 2089 536; x_wconf 67' lang='lat' dir='ltr'><strong>Ldtitia</strong></span> <span class='ocrx_word' id='word_1_12' title='bbox 2112 494 2304 552; x_wconf 79' lang='lat' dir='ltr'><strong>quanta</strong></span> <span class='ocrx_word' id='word_1_13' title='bbox 2325 484 2415 548; x_wconf 97' lang='lat' dir='ltr'><strong>sit,</strong></span> <span class='ocrx_word' id='word_1_14' title='bbox 2439 491 2762 551; x_wconf 76' lang='lat' dir='ltr'><strong>quantusque</strong></span> <span class='ocrx_word' id='word_1_15' title='bbox 2781 497 3080 550; x_wconf 72' lang='lat' dir='ltr'><strong>concursus,</strong></span> <span class='ocrx_word' id='word_1_16' title='bbox 3109 481 3226 552; x_wconf 86' lang='lat' dir='ltr'><strong>ejus</strong></span> 
     </span>
    </p>
   </div>
   <div class='ocr_carea' id='block_1_4' title="bbox 3303 479 3841 548">
    <p class='ocr_par' dir='ltr' id='par_1_4' title="bbox 3303 479 3841 548">
     <span class='ocr_line' id='line_1_4' title="bbox 3303 479 3841 548; baseline -0.011 -12"><span class='ocrx_word' id='word_1_17' title='bbox 3303 497 3334 538; x_wconf 91' lang='lat' dir='ltr'><strong>e</strong></span> <span class='ocrx_word' id='word_1_18' title='bbox 3355 481 3544 536; x_wconf 83' lang='lat' dir='ltr'><strong>titulus</strong></span> <span class='ocrx_word' id='word_1_19' title='bbox 3567 482 3637 535; x_wconf 87' lang='lat' dir='ltr'><strong>sit</strong></span> <span class='ocrx_word' id='word_1_20' title='bbox 3661 499 3672 533; x_wconf 94' lang='lat'>:</span> <span class='ocrx_word' id='word_1_21' title='bbox 3699 479 3841 548; x_wconf 65' lang='lat' dir='ltr'><strong>Incipit</strong></span> 
     </span>
    </p>
   </div>
   <div class='ocr_carea' id='block_1_5' title="bbox 622 547 3842 622">
    <p class='ocr_par' dir='ltr' id='par_1_5' title="bbox 622 547 3842 622">
     <span class='ocr_line' id='line_1_5' title="bbox 622 547 3842 622; baseline 0 -20"><span class='ocrx_word' id='word_1_22' title='bbox 622 547 816 622; x_wconf 69' lang='lat' dir='ltr'><strong>dictum</strong></span> <span class='ocrx_word' id='word_1_23' title='bbox 841 547 963 622; x_wconf 62' lang='lat' dir='ltr'><strong>ante</strong></span> <span class='ocrx_word' id='word_1_24' title='bbox 991 547 1448 622; x_wconf 16' lang='lat' dir='ltr'><strong>Natalexllontini;</strong></span> <span class='ocrx_word' id='word_1_25' title='bbox 1475 547 1596 622; x_wconf 62' lang='lat' dir='ltr'><strong>huic</strong></span> <span class='ocrx_word' id='word_1_26' title='bbox 1621 547 1853 622; x_wconf 74' lang='lat' dir='ltr'><strong>sermoni</strong></span> <span class='ocrx_word' id='word_1_27' title='bbox 1879 547 2217 618; x_wconf 73' lang='lat' dir='ltr'><strong>pnnmittitur</strong></span> <span class='ocrx_word' id='word_1_28' title='bbox 2242 571 2253 603; x_wconf 89' lang='lat'>:</span> <span class='ocrx_word' id='word_1_29' title='bbox 2283 547 2416 604; x_wconf 78' lang='lat' dir='ltr'><strong>Item</strong></span> <span class='ocrx_word' id='word_1_30' title='bbox 2436 547 2484 604; x_wconf 78' lang='lat' dir='ltr'><strong>et</strong></span> <span class='ocrx_word' id='word_1_31' title='bbox 2507 552 2570 603; x_wconf 90' lang='lat' dir='ltr'><strong>de</strong></span> <span class='ocrx_word' id='word_1_32' title='bbox 2592 547 2702 605; x_wconf 78' lang='lat' dir='ltr'><strong>illo.</strong></span> <span class='ocrx_word' id='word_1_33' title='bbox 2729 552 2959 622; x_wconf 75' lang='lat' dir='ltr'><strong>Titulunt</strong></span> <span class='ocrx_word' id='word_1_34' title='bbox 2984 547 3158 622; x_wconf 19' lang='lat' dir='ltr'><strong>aliumf</strong></span> <span class='ocrx_word' id='word_1_35' title='bbox 3171 547 3431 622; x_wconf 77' lang='lat' dir='ltr'><strong>exhibent</strong></span> <span class='ocrx_word' id='word_1_36' title='bbox 3451 552 3663 622; x_wconf 80' lang='lat' dir='ltr'><strong>codices</strong></span> <span class='ocrx_word' id='word_1_37' title='bbox 3681 547 3842 605; x_wconf 69' lang='lat' dir='ltr'><strong>Sancta</strong></span> 
     </span>
    </p>
   </div>
   <div class='ocr_carea' id='block_1_6' title="bbox 621 617 3838 688">
    <p class='ocr_par' dir='ltr' id='par_1_6' title="bbox 621 617 3838 688">
     <span class='ocr_line' id='line_1_6' title="bbox 621 617 3838 688; baseline 0 -16"><span class='ocrx_word' id='word_1_38' title='bbox 621 619 809 688; x_wconf 82' lang='lat' dir='ltr'><strong>Crucis</strong></span> <span class='ocrx_word' id='word_1_39' title='bbox 839 620 888 673; x_wconf 92' lang='lat' dir='ltr'><strong>in</strong></span> <span class='ocrx_word' id='word_1_40' title='bbox 911 617 1207 688; x_wconf 75' lang='lat' dir='ltr'><strong>Jerusalem</strong></span> <span class='ocrx_word' id='word_1_41' title='bbox 1241 617 1309 670; x_wconf 88' lang='lat'><strong>99</strong></span> <span class='ocrx_word' id='word_1_42' title='bbox 1336 634 1488 688; x_wconf 70' lang='lat' dir='ltr'><strong>num.</strong></span> <span class='ocrx_word' id='word_1_43' title='bbox 1511 618 1597 684; x_wconf 76' lang='lat'><strong>26,</strong></span> <span class='ocrx_word' id='word_1_44' title='bbox 1631 628 1686 688; x_wconf 85' lang='lat' dir='ltr'><strong>et</strong></span> <span class='ocrx_word' id='word_1_45' title='bbox 1713 617 2095 684; x_wconf 78' lang='lat' dir='ltr'><strong>Beneventani,</strong></span> <span class='ocrx_word' id='word_1_46' title='bbox 2126 622 2318 688; x_wconf 87' lang='lat' dir='ltr'><strong>quibus</strong></span> <span class='ocrx_word' id='word_1_47' title='bbox 2346 631 2646 674; x_wconf 87' lang='lat' dir='ltr'><strong>memorata</strong></span> <span class='ocrx_word' id='word_1_48' title='bbox 2683 622 2848 675; x_wconf 88' lang='lat' dir='ltr'><strong>editio</strong></span> <span class='ocrx_word' id='word_1_49' title='bbox 2881 621 3194 675; x_wconf 82' lang='lat' dir='ltr'><strong>Parisiensis</strong></span> <span class='ocrx_word' id='word_1_50' title='bbox 3215 621 3606 682; x_wconf 84' lang='lat' dir='ltr'><strong>conformatur,</strong></span> <span class='ocrx_word' id='word_1_51' title='bbox 3631 621 3726 674; x_wconf 90' lang='lat' dir='ltr'><strong>hoc</strong></span> <span class='ocrx_word' id='word_1_52' title='bbox 3747 627 3838 672; x_wconf 81' lang='lat' dir='ltr'><strong>est:</strong></span> 
     </span>
    </p>
   </div>
   <div class='ocr_carea' id='block_1_7' title="bbox 622 687 3844 758">
    <p class='ocr_par' dir='ltr' id='par_1_7' title="bbox 622 687 3844 758">
     <span class='ocr_line' id='line_1_7' title="bbox 622 687 3844 758; baseline -0 -16"><span class='ocrx_word' id='word_1_53' title='bbox 622 689 704 758; x_wconf 84' lang='lat' dir='ltr'><strong>De</strong></span> <span class='ocrx_word' id='word_1_54' title='bbox 733 687 927 742; x_wconf 85' lang='lat' dir='ltr'><strong>Natale</strong></span> <span class='ocrx_word' id='word_1_55' title='bbox 945 687 1155 742; x_wconf 79' lang='lat' dir='ltr'><strong>Domini</strong></span> <span class='ocrx_word' id='word_1_56' title='bbox 1183 689 1430 742; x_wconf 73' lang='lat' dir='ltr'><strong>veniente.</strong></span> <span class='ocrx_word' id='word_1_57' title='bbox 1460 687 1692 758; x_wconf 78' lang='lat' dir='ltr'><strong>Tandem</strong></span> <span class='ocrx_word' id='word_1_58' title='bbox 1719 689 1928 748; x_wconf 79' lang='lat' dir='ltr'><strong>codices</strong></span> <span class='ocrx_word' id='word_1_59' title='bbox 1949 691 2036 743; x_wconf 85' lang='lat' dir='ltr'><strong>alii</strong></span> <span class='ocrx_word' id='word_1_60' title='bbox 2068 687 2189 758; x_wconf 77' lang='lat' dir='ltr'><strong>post</strong></span> <span class='ocrx_word' id='word_1_61' title='bbox 2218 690 2485 744; x_wconf 87' lang='lat' dir='ltr'><strong>decimum</strong></span> <span class='ocrx_word' id='word_1_62' title='bbox 2516 691 2767 758; x_wconf 64' lang='lat' dir='ltr'><strong>saeculum</strong></span> <span class='ocrx_word' id='word_1_63' title='bbox 2800 691 3025 749; x_wconf 79' lang='lat' dir='ltr'><strong>exarati,</strong></span> <span class='ocrx_word' id='word_1_64' title='bbox 3050 698 3107 743; x_wconf 92' lang='lat' dir='ltr'><strong>ut</strong></span> <span class='ocrx_word' id='word_1_65' title='bbox 3128 690 3457 755; x_wconf 87' lang='lat' dir='ltr'><strong>Casinensis,</strong></span> <span class='ocrx_word' id='word_1_66' title='bbox 3485 688 3844 758; x_wconf 74' lang='lat' dir='ltr'><strong>Mediolanensis</strong></span> 
     </span>
    </p>
   </div>
   <div class='ocr_carea' id='block_1_8' title="bbox 624 756 3845 828">
    <p class='ocr_par' dir='ltr' id='par_1_8' title="bbox 624 756 3845 828">
     <span class='ocr_line' id='line_1_8' title="bbox 624 756 3845 828; baseline -0 -20"><span class='ocrx_word' id='word_1_67' title='bbox 624 757 746 828; x_wconf 69' lang='grc' dir='ltr'><strong>μϐ,</strong></span> <span class='ocrx_word' id='word_1_68' title='bbox 776 766 831 810; x_wconf 90' lang='lat' dir='ltr'><strong>et</strong></span> <span class='ocrx_word' id='word_1_69' title='bbox 858 758 1239 828; x_wconf 78' lang='lat' dir='ltr'><strong>Neapolitanus</strong></span> <span class='ocrx_word' id='word_1_70' title='bbox 1263 759 1462 812; x_wconf 82' lang='lat' dir='ltr'><strong>habent</strong></span> <span class='ocrx_word' id='word_1_71' title='bbox 1494 776 1506 808; x_wconf 88' lang='lat'><strong>:</strong></span> <span class='ocrx_word' id='word_1_72' title='bbox 1540 757 1604 811; x_wconf 85' lang='grc' dir='ltr'><em>1η</em></span> <span class='ocrx_word' id='word_1_73' title='bbox 1625 758 1884 811; x_wconf 87' lang='lat' dir='ltr'><strong>dominica</strong></span> <span class='ocrx_word' id='word_1_74' title='bbox 1911 756 2368 821; x_wconf 56' lang='lat' dir='ltr'><strong>tertia&#39;Adventus,</strong></span> <span class='ocrx_word' id='word_1_75' title='bbox 2398 759 2483 813; x_wconf 86' lang='lat' dir='ltr'><strong>vel</strong></span> <span class='ocrx_word' id='word_1_76' title='bbox 2511 757 2588 828; x_wconf 77' lang='lat' dir='ltr'><strong>De</strong></span> <span class='ocrx_word' id='word_1_77' title='bbox 2615 760 2866 812; x_wconf 77' lang='lat' dir='ltr'><strong>Adrentu.</strong></span> <span class='ocrx_word' id='word_1_78' title='bbox 2921 760 3132 828; x_wconf 72' lang='lat' dir='ltr'><strong>Optime</strong></span> <span class='ocrx_word' id='word_1_79' title='bbox 3171 761 3429 814; x_wconf 88' lang='lat' dir='ltr'><strong>adnotant</strong></span> <span class='ocrx_word' id='word_1_80' title='bbox 3476 773 3640 828; x_wconf 87' lang='lat' dir='ltr'><strong>super</strong></span> <span class='ocrx_word' id='word_1_81' title='bbox 3689 756 3845 810; x_wconf 74' lang='lat' dir='ltr'><strong>laudati</strong></span> 
     </span>
    </p>
   </div>
   <div class='ocr_carea' id='block_1_9' title="bbox 627 827 3842 902">
    <p class='ocr_par' dir='ltr' id='par_1_9' title="bbox 627 827 3842 902">
     <span class='ocr_line' id='line_1_9' title="bbox 627 827 3842 902; baseline -0.002 -22"><span class='ocrx_word' id='word_1_82' title='bbox 627 827 978 902; x_wconf 60' lang='lat' dir='ltr'><strong>Benedictini</strong></span> <span class='ocrx_word' id='word_1_83' title='bbox 1000 828 1251 902; x_wconf 78' lang='lat' dir='ltr'><strong>monachi</strong></span> <span class='ocrx_word' id='word_1_84' title='bbox 1292 843 1360 902; x_wconf 60' lang='grc' dir='ltr'><strong>εις</strong></span> <span class='ocrx_word' id='word_1_85' title='bbox 1389 842 1455 902; x_wconf 77' lang='lat' dir='ltr'><strong>eo</strong></span> <span class='ocrx_word' id='word_1_86' title='bbox 1483 829 1650 902; x_wconf 61' lang='grc' dir='ltr'><strong>(ιιιοᾱΔ</strong></span> <span class='ocrx_word' id='word_1_87' title='bbox 1670 828 1737 902; x_wconf 77' lang='lat' dir='ltr'><strong>in</strong></span> <span class='ocrx_word' id='word_1_88' title='bbox 1769 829 2037 902; x_wconf 82' lang='lat' dir='ltr'><strong>nonnullis</strong></span> <span class='ocrx_word' id='word_1_89' title='bbox 2067 838 2194 883; x_wconf 77' lang='lat' dir='ltr'><strong>mSS.</strong></span> <span class='ocrx_word' id='word_1_90' title='bbox 2230 828 2438 902; x_wconf 80' lang='lat' dir='ltr'><strong>legatur</strong></span> <span class='ocrx_word' id='word_1_91' title='bbox 2471 845 2484 880; x_wconf 90' lang='lat'><strong>:</strong></span> <span class='ocrx_word' id='word_1_92' title='bbox 2518 827 2889 902; x_wconf 54' lang='lat' dir='ltr'><strong>Sequentiaae</strong></span> <span class='ocrx_word' id='word_1_93' title='bbox 2910 827 3106 902; x_wconf 60' lang='lat' dir='ltr'><strong>Natale</strong></span> <span class='ocrx_word' id='word_1_94' title='bbox 3134 828 3366 902; x_wconf 75' lang='lat' dir='ltr'><strong>Domini,</strong></span> <span class='ocrx_word' id='word_1_95' title='bbox 3399 827 3740 902; x_wconf 61' lang='lat' dir='ltr'><strong>arguentium,</strong></span> <span class='ocrx_word' id='word_1_96' title='bbox 3760 843 3842 902; x_wconf 70' lang='lat' dir='ltr'><strong>mo-</strong></span> 
     </span>
    </p>
   </div>
   <div class='ocr_carea' id='block_1_10' title="bbox 621 895 3846 961">
    <p class='ocr_par' dir='ltr' id='par_1_10' title="bbox 621 895 3846 961">
     <span class='ocr_line' id='line_1_10' title="bbox 621 895 3846 961; baseline -0.002 -12"><span class='ocrx_word' id='word_1_97' title='bbox 621 910 734 949; x_wconf 85' lang='lat' dir='ltr'><strong><em>rem</em></strong></span> <span class='ocrx_word' id='word_1_98' title='bbox 757 911 874 951; x_wconf 89' lang='lat' dir='ltr'><strong>esse</strong></span> <span class='ocrx_word' id='word_1_99' title='bbox 894 895 1145 951; x_wconf 69' lang='lat' dir='ltr'><strong>Ecclesiae</strong></span> <span class='ocrx_word' id='word_1_100' title='bbox 1167 898 1581 950; x_wconf 85' lang='lat' dir='ltr'><strong>vetustissimum</strong></span> <span class='ocrx_word' id='word_1_101' title='bbox 1620 895 1803 950; x_wconf 81' lang='lat' dir='ltr'><strong>ﬁdeles</strong></span> <span class='ocrx_word' id='word_1_102' title='bbox 1829 899 2062 952; x_wconf 82' lang='lat' dir='ltr'><strong>excitare</strong></span> <span class='ocrx_word' id='word_1_103' title='bbox 2099 907 2156 950; x_wconf 91' lang='lat' dir='ltr'><strong>ut</strong></span> <span class='ocrx_word' id='word_1_104' title='bbox 2175 899 2372 952; x_wconf 87' lang='lat' dir='ltr'><strong>sanctis</strong></span> <span class='ocrx_word' id='word_1_105' title='bbox 2402 895 2654 961; x_wconf 86' lang='lat' dir='ltr'><strong>operibus</strong></span> <span class='ocrx_word' id='word_1_106' title='bbox 2683 907 2736 951; x_wconf 91' lang='lat' dir='ltr'><strong>et</strong></span> <span class='ocrx_word' id='word_1_107' title='bbox 2765 898 3043 952; x_wconf 79' lang='lat' dir='ltr'><strong>affectibus</strong></span> <span class='ocrx_word' id='word_1_108' title='bbox 3068 899 3365 952; x_wconf 87' lang='lat' dir='ltr'><strong>natalitiam</strong></span> <span class='ocrx_word' id='word_1_109' title='bbox 3399 898 3613 951; x_wconf 91' lang='lat' dir='ltr'><strong>Domini</strong></span> <span class='ocrx_word' id='word_1_110' title='bbox 3643 895 3846 950; x_wconf 82' lang='lat' dir='ltr'><strong>solemni-</strong></span> 
     </span>
    </p>
   </div>
   <div class='ocr_carea' id='block_1_11' title="bbox 622 967 1191 1035">
    <p class='ocr_par' dir='ltr' id='par_1_11' title="bbox 622 967 1191 1035">
     <span class='ocr_line' id='line_1_11' title="bbox 622 967 1191 1035; baseline 0.005 -19"><span class='ocrx_word' id='word_1_111' title='bbox 622 973 786 1020; x_wconf 88' lang='lat' dir='ltr'><strong>tatem</strong></span> <span class='ocrx_word' id='word_1_112' title='bbox 833 967 1191 1035; x_wconf 70' lang='lat' dir='ltr'><strong>prasveuiant;</strong></span> 
     </span>
    </p>
   </div>
   <div class='ocr_carea' id='block_1_12' title="bbox 1282 964 3843 1041">
    <p class='ocr_par' dir='ltr' id='par_1_12' title="bbox 1282 964 3843 1041">
     <span class='ocr_line' id='line_1_12' title="bbox 1282 964 3843 1041; baseline -0.001 -23"><span class='ocrx_word' id='word_1_113' title='bbox 1282 966 1408 1041; x_wconf 76' lang='lat' dir='ltr'><strong>uod_</strong></span> <span class='ocrx_word' id='word_1_114' title='bbox 1434 967 1538 1041; x_wconf 81' lang='lat' dir='ltr'><strong>hoc</strong></span> <span class='ocrx_word' id='word_1_115' title='bbox 1577 980 1641 1019; x_wconf 82' lang='lat' dir='ltr'><strong>ex</strong></span> <span class='ocrx_word' id='word_1_116' title='bbox 1678 978 1945 1041; x_wconf 77' lang='lat' dir='ltr'><strong>sermone,</strong></span> <span class='ocrx_word' id='word_1_117' title='bbox 1978 975 2031 1020; x_wconf 91' lang='lat' dir='ltr'><strong>et</strong></span> <span class='ocrx_word' id='word_1_118' title='bbox 2054 983 2122 1041; x_wconf 57' lang='lat' dir='ltr'><strong>es</strong></span> <span class='ocrx_word' id='word_1_119' title='bbox 2152 969 2329 1041; x_wconf 70' lang='lat' dir='ltr'><strong>prima</strong></span> <span class='ocrx_word' id='word_1_120' title='bbox 2353 965 2410 1019; x_wconf 95' lang='lat' dir='ltr'><strong>S.</strong></span> <span class='ocrx_word' id='word_1_121' title='bbox 2435 965 2648 1041; x_wconf 70' lang='lat' dir='ltr'><strong>Maximi</strong></span> <span class='ocrx_word' id='word_1_122' title='bbox 2680 968 2898 1041; x_wconf 81' lang='lat' dir='ltr'><strong>ho_milia</strong></span> <span class='ocrx_word' id='word_1_123' title='bbox 2935 979 3183 1041; x_wconf 82' lang='lat' dir='ltr'><strong>constare</strong></span> <span class='ocrx_word' id='word_1_124' title='bbox 3209 967 3320 1035; x_wconf 88' lang='lat' dir='ltr'><strong>jam</strong></span> <span class='ocrx_word' id='word_1_125' title='bbox 3350 966 3604 1041; x_wconf 78' lang='lat' dir='ltr'><strong>diximus.</strong></span> <span class='ocrx_word' id='word_1_126' title='bbox 3647 964 3742 1018; x_wconf 86' lang='lat' dir='ltr'><strong>Nos</strong></span> <span class='ocrx_word' id='word_1_127' title='bbox 3761 965 3843 1041; x_wconf 77' lang='lat' dir='ltr'><strong>cpi-</strong></span> 
     </span>
    </p>
   </div>
   <div class='ocr_carea' id='block_1_13' title="bbox 620 1033 3844 1106">
    <p class='ocr_par' dir='ltr' id='par_1_13' title="bbox 620 1033 3844 1106">
     <span class='ocr_line' id='line_1_13' title="bbox 620 1033 3844 1106; baseline -0 -19"><span class='ocrx_word' id='word_1_128' title='bbox 620 1033 863 1106; x_wconf 79' lang='lat' dir='ltr'><strong>graphen</strong></span> <span class='ocrx_word' id='word_1_129' title='bbox 886 1034 1020 1088; x_wconf 80' lang='lat' dir='ltr'><strong>Ante</strong></span> <span class='ocrx_word' id='word_1_130' title='bbox 1041 1033 1236 1089; x_wconf 79' lang='lat' dir='ltr'><strong>Natale</strong></span> <span class='ocrx_word' id='word_1_131' title='bbox 1255 1033 1466 1090; x_wconf 77' lang='lat' dir='ltr'><strong>Domini</strong></span> <span class='ocrx_word' id='word_1_132' title='bbox 1488 1036 1874 1105; x_wconf 83' lang='lat' dir='ltr'><strong>assumpsimus</strong></span> <span class='ocrx_word' id='word_1_133' title='bbox 1901 1051 1966 1091; x_wconf 80' lang='lat' dir='ltr'><strong>ex</strong></span> <span class='ocrx_word' id='word_1_134' title='bbox 1992 1033 2270 1091; x_wconf 82' lang='lat' dir='ltr'><strong>codicibus</strong></span> <span class='ocrx_word' id='word_1_135' title='bbox 2297 1035 2630 1103; x_wconf 83' lang='lat' dir='ltr'><strong>Sangallensi</strong></span> <span class='ocrx_word' id='word_1_136' title='bbox 2660 1045 2716 1090; x_wconf 89' lang='lat' dir='ltr'><strong>et</strong></span> <span class='ocrx_word' id='word_1_137' title='bbox 2736 1036 3072 1101; x_wconf 85' lang='lat' dir='ltr'><strong>Taurinensi,</strong></span> <span class='ocrx_word' id='word_1_138' title='bbox 3104 1033 3240 1106; x_wconf 81' lang='lat' dir='ltr'><strong>quos</strong></span> <span class='ocrx_word' id='word_1_139' title='bbox 3264 1037 3488 1105; x_wconf 79' lang='lat' dir='ltr'><strong>majoris</strong></span> <span class='ocrx_word' id='word_1_140' title='bbox 3513 1050 3635 1090; x_wconf 88' lang='lat' dir='ltr'><strong>esse</strong></span> <span class='ocrx_word' id='word_1_141' title='bbox 3654 1036 3844 1087; x_wconf 85' lang='lat' dir='ltr'><strong>auctori-</strong></span> 
     </span>
    </p>
   </div>
   <div class='ocr_carea' id='block_1_14' title="bbox 619 1105 1109 1159">
    <p class='ocr_par' dir='ltr' id='par_1_14' title="bbox 619 1105 1109 1159">
     <span class='ocr_line' id='line_1_14' title="bbox 619 1105 1109 1159; baseline 0.004 -3"><span class='ocrx_word' id='word_1_142' title='bbox 619 1105 748 1158; x_wconf 85' lang='lat' dir='ltr'><strong>tatis</strong></span> <span class='ocrx_word' id='word_1_143' title='bbox 773 1119 1109 1159; x_wconf 84' lang='lat' dir='ltr'><strong>censeamus.</strong></span> 
     </span>
    </p>
   </div>
   <div class='ocr_carea' id='block_1_15' title="bbox 622 1190 2198 1263">
    <p class='ocr_par' dir='ltr' id='par_1_15' title="bbox 622 1190 2198 1263">
     <span class='ocr_line' id='line_1_15' title="bbox 622 1190 2198 1263; baseline 0.001 -19"><span class='ocrx_word' id='word_1_144' title='bbox 622 1190 731 1263; x_wconf 62' lang='lat' dir='ltr'><strong>Auj</strong></span> <span class='ocrx_word' id='word_1_145' title='bbox 741 1190 1342 1263; x_wconf 57' lang='grc' dir='ltr'><strong>υιεκτυι-έ-Τοιιιεεει</strong></span> <span class='ocrx_word' id='word_1_146' title='bbox 1363 1194 1616 1263; x_wconf 66' lang='lat' dir='ltr'><strong>sermonis</strong></span> <span class='ocrx_word' id='word_1_147' title='bbox 1632 1201 1815 1263; x_wconf 79' lang='lat' dir='ltr'><strong>auctor</strong></span> <span class='ocrx_word' id='word_1_148' title='bbox 1841 1195 1894 1246; x_wconf 90' lang='lat' dir='ltr'><strong>in</strong></span> <span class='ocrx_word' id='word_1_149' title='bbox 1916 1194 2198 1263; x_wconf 67' lang='lat' dir='ltr'><strong>excitandi:</strong></span> 
     </span>
    </p>
   </div>
   <div class='ocr_carea' id='block_1_16' title="bbox 2300 1190 3847 1263">
    <p class='ocr_par' dir='ltr' id='par_1_16' title="bbox 2313 1192 3847 1263">
     <span class='ocr_line' id='line_1_16' title="bbox 2313 1192 3847 1263; baseline -0.001 -17"><span class='ocrx_word' id='word_1_150' title='bbox 2313 1206 2434 1246; x_wconf 84' lang='lat' dir='ltr'><strong>cum</strong></span> <span class='ocrx_word' id='word_1_151' title='bbox 2475 1206 2781 1261; x_wconf 82' lang='lat' dir='ltr'><strong>peccamus.</strong></span> <span class='ocrx_word' id='word_1_152' title='bbox 2835 1192 3185 1261; x_wconf 79' lang='lat' dir='ltr'><strong>Compellitur</strong></span> <span class='ocrx_word' id='word_1_153' title='bbox 3212 1208 3343 1262; x_wconf 84' lang='lat' dir='ltr'><strong>ergo</strong></span> <span class='ocrx_word' id='word_1_154' title='bbox 3395 1192 3653 1263; x_wconf 84' lang='lat' dir='ltr'><strong>operibus</strong></span> <span class='ocrx_word' id='word_1_155' title='bbox 3695 1195 3847 1246; x_wconf 80' lang='lat' dir='ltr'><strong>nostris</strong></span> 
     </span>
    </p>
   </div>
   <div class='ocr_carea' id='block_1_17' title="bbox 688 1259 2200 1331">
    <p class='ocr_par' dir='ltr' id='par_1_17' title="bbox 688 1259 2200 1331">
     <span class='ocr_line' id='line_1_17' title="bbox 688 1259 2200 1331; baseline 0.002 -18"><span class='ocrx_word' id='word_1_156' title='bbox 688 1259 882 1314; x_wconf 82' lang='lat' dir='ltr'><strong>Christi</strong></span> <span class='ocrx_word' id='word_1_157' title='bbox 902 1262 1162 1331; x_wconf 76' lang='lat' dir='ltr'><strong>ﬁdelibus,</strong></span> <span class='ocrx_word' id='word_1_158' title='bbox 1187 1270 1241 1314; x_wconf 89' lang='lat' dir='ltr'><strong>ut</strong></span> <span class='ocrx_word' id='word_1_159' title='bbox 1267 1261 1538 1329; x_wconf 71' lang='lat' dir='ltr'><strong>condignis</strong></span> <span class='ocrx_word' id='word_1_160' title='bbox 1567 1261 1764 1316; x_wconf 77' lang='lat' dir='ltr'><strong>actibus</strong></span> <span class='ocrx_word' id='word_1_161' title='bbox 1785 1264 1854 1315; x_wconf 83' lang='lat' dir='ltr'><strong>ad</strong></span> <span class='ocrx_word' id='word_1_162' title='bbox 1875 1263 1984 1331; x_wconf 83' lang='lat' dir='ltr'><strong>ejus</strong></span> <span class='ocrx_word' id='word_1_163' title='bbox 2006 1261 2200 1316; x_wconf 83' lang='lat' dir='ltr'><strong>Natale</strong></span> 
     </span>
    </p>
   </div>
   <div class='ocr_carea' id='block_1_18' title="bbox 688 1331 2200 1401">
    <p class='ocr_par' dir='ltr' id='par_1_18' title="bbox 688 1331 2200 1401">
     <span class='ocr_line' id='line_1_18' title="bbox 688 1331 2200 1401; baseline 0.002 -19"><span class='ocrx_word' id='word_1_164' title='bbox 688 1331 1046 1401; x_wconf 85' lang='lat' dir='ltr'><strong>celebrandum</strong></span> <span class='ocrx_word' id='word_1_165' title='bbox 1084 1347 1138 1384; x_wconf 88' lang='lat' dir='ltr'><strong>se</strong></span> <span class='ocrx_word' id='word_1_166' title='bbox 1190 1340 1516 1400; x_wconf 75' lang='lat' dir='ltr'><strong>prwparent;</strong></span> <span class='ocrx_word' id='word_1_167' title='bbox 1565 1333 1667 1384; x_wconf 80' lang='lat' dir='ltr'><strong>vim</strong></span> <span class='ocrx_word' id='word_1_168' title='bbox 1725 1334 1922 1401; x_wconf 78' lang='lat' dir='ltr'><strong>faciant</strong></span> <span class='ocrx_word' id='word_1_169' title='bbox 1976 1332 2200 1386; x_wconf 85' lang='lat' dir='ltr'><strong>Domino</strong></span> 
     </span>
    </p>
   </div>
   <div class='ocr_carea' id='block_1_19' title="bbox 687 1399 2199 1470">
    <p class='ocr_par' dir='ltr' id='par_1_19' title="bbox 687 1399 2199 1470">
     <span class='ocr_line' id='line_1_19' title="bbox 687 1399 2199 1470; baseline 0 -18"><span class='ocrx_word' id='word_1_170' title='bbox 687 1399 1020 1470; x_wconf 80' lang='lat' dir='ltr'><strong>eleemosynis</strong></span> <span class='ocrx_word' id='word_1_171' title='bbox 1042 1411 1090 1453; x_wconf 87' lang='lat' dir='ltr'><strong>et</strong></span> <span class='ocrx_word' id='word_1_172' title='bbox 1109 1399 1385 1469; x_wconf 72' lang='lat' dir='ltr'><strong>lacrymis;</strong></span> <span class='ocrx_word' id='word_1_173' title='bbox 1402 1401 1694 1468; x_wconf 79' lang='lat' dir='ltr'><strong>spirituales</strong></span> <span class='ocrx_word' id='word_1_174' title='bbox 1716 1399 1945 1454; x_wconf 83' lang='lat' dir='ltr'><strong>ntaculas</strong></span> <span class='ocrx_word' id='word_1_175' title='bbox 1969 1401 2199 1465; x_wconf 78' lang='lat' dir='ltr'><strong>abluunt,</strong></span> 
     </span>
    </p>
   </div>
   <div class='ocr_carea' id='block_1_20' title="bbox 687 1470 1617 1541">
    <p class='ocr_par' dir='ltr' id='par_1_20' title="bbox 687 1470 1617 1541">
     <span class='ocr_line' id='line_1_20' title="bbox 687 1470 1617 1541; baseline 0 -19"><span class='ocrx_word' id='word_1_176' title='bbox 687 1479 744 1522; x_wconf 82' lang='lat' dir='ltr'><strong>ut</strong></span> <span class='ocrx_word' id='word_1_177' title='bbox 769 1472 1005 1523; x_wconf 79' lang='lat' dir='ltr'><strong>carnalia</strong></span> <span class='ocrx_word' id='word_1_178' title='bbox 1035 1471 1269 1541; x_wconf 75' lang='lat' dir='ltr'><strong>fulgeant</strong></span> <span class='ocrx_word' id='word_1_179' title='bbox 1296 1470 1617 1523; x_wconf 78' lang='lat' dir='ltr'><strong>vestimenta.</strong></span> 
     </span>
    </p>
   </div>
   <div class='ocr_carea' id='block_1_21' title="bbox 690 1623 2200 1694">
    <p class='ocr_par' dir='ltr' id='par_1_21' title="bbox 690 1623 2200 1694">
     <span class='ocr_line' id='line_1_21' title="bbox 690 1623 2200 1694; baseline 0 -16"><span class='ocrx_word' id='word_1_180' title='bbox 690 1624 831 1679; x_wconf 83' lang='lat' dir='ltr'><strong>Satis</strong></span> <span class='ocrx_word' id='word_1_181' title='bbox 857 1624 1178 1694; x_wconf 82' lang='lat' dir='ltr'><strong>abundeque</strong></span> <span class='ocrx_word' id='word_1_182' title='bbox 1213 1623 1416 1680; x_wconf 82' lang='lat' dir='ltr'><strong>dixisse</strong></span> <span class='ocrx_word' id='word_1_183' title='bbox 1455 1639 1543 1678; x_wconf 89' lang='lat' dir='ltr'><strong>me</strong></span> <span class='ocrx_word' id='word_1_184' title='bbox 1562 1624 1724 1680; x_wconf 87' lang='lat' dir='ltr'><strong>credo</strong></span> <span class='ocrx_word' id='word_1_185' title='bbox 1752 1624 2028 1694; x_wconf 85' lang='lat' dir='ltr'><strong>superiore</strong></span> <span class='ocrx_word' id='word_1_186' title='bbox 2053 1634 2075 1661; x_wconf 76' lang='grc' dir='ltr'><strong>ι·</strong></span> <span class='ocrx_word' id='word_1_187' title='bbox 2099 1624 2200 1678; x_wconf 89' lang='lat' dir='ltr'><strong>do—</strong></span> 
     </span>
    </p>
   </div>
   <div class='ocr_carea' id='block_1_22' title="bbox 618 1716 2202 1785">
    <p class='ocr_par' dir='ltr' id='par_1_22' title="bbox 618 1716 2202 1785">
     <span class='ocr_line' id='line_1_22' title="bbox 618 1716 2202 1785; baseline 0.001 -17"><span class='ocrx_word' id='word_1_188' title='bbox 618 1716 811 1769; x_wconf 91' lang='lat' dir='ltr'><strong>minica</strong></span> <span class='ocrx_word' id='word_1_189' title='bbox 835 1716 1286 1783; x_wconf 87' lang='lat' dir='ltr'><strong>quemadmodum</strong></span> <span class='ocrx_word' id='word_1_190' title='bbox 1314 1717 1516 1785; x_wconf 81' lang='lat' dir='ltr'><strong>compti</strong></span> <span class='ocrx_word' id='word_1_191' title='bbox 1545 1716 1631 1770; x_wconf 89' lang='lat' dir='ltr'><strong>vel</strong></span> <span class='ocrx_word' id='word_1_192' title='bbox 1653 1716 1803 1770; x_wconf 87' lang='lat' dir='ltr'><strong>nitidi</strong></span> <span class='ocrx_word' id='word_1_193' title='bbox 1833 1716 2074 1770; x_wconf 86' lang='lat' dir='ltr'><strong>Natalem</strong></span> <span class='ocrx_word' id='word_1_194' title='bbox 2097 1717 2202 1770; x_wconf 86' lang='lat' dir='ltr'><strong>Do—</strong></span> 
     </span>
    </p>
   </div>
   <div class='ocr_carea' id='block_1_23' title="bbox 615 1794 2202 1872">
    <p class='ocr_par' dir='ltr' id='par_1_23' title="bbox 615 1794 2202 1872">
     <span class='ocr_line' id='line_1_23' title="bbox 615 1794 2202 1872; baseline 0.001 -16"><span class='ocrx_word' id='word_1_195' title='bbox 615 1794 744 1856; x_wconf 85' lang='lat' dir='ltr'><strong>mini</strong></span> <span class='ocrx_word' id='word_1_196' title='bbox 773 1804 1048 1871; x_wconf 85' lang='lat' dir='ltr'><strong>suscipere</strong></span> <span class='ocrx_word' id='word_1_197' title='bbox 1069 1803 1380 1868; x_wconf 80' lang='lat' dir='ltr'><strong>debeamus,</strong></span> <span class='ocrx_word' id='word_1_198' title='bbox 1405 1811 1460 1857; x_wconf 90' lang='lat' dir='ltr'><strong>et</strong></span> <span class='ocrx_word' id='word_1_199' title='bbox 1476 1806 1891 1872; x_wconf 80' lang='lat' dir='ltr'><strong>superveniente</strong></span> <span class='ocrx_word' id='word_1_200' title='bbox 1915 1804 2202 1860; x_wconf 80' lang='lat' dir='ltr'><strong>festivitate</strong></span> 
     </span>
    </p>
   </div>
   <div class='ocr_carea' id='block_1_24' title="bbox 617 1892 2201 1964">
    <p class='ocr_par' dir='ltr' id='par_1_24' title="bbox 617 1892 2201 1964">
     <span class='ocr_line' id='line_1_24' title="bbox 617 1892 2201 1964; baseline 0.002 -16"><span class='ocrx_word' id='word_1_201' title='bbox 617 1893 736 1960; x_wconf 81' lang='lat' dir='ltr'><strong>cius</strong></span> <span class='ocrx_word' id='word_1_202' title='bbox 762 1893 1055 1947; x_wconf 86' lang='lat' dir='ltr'><strong>ambitione</strong></span> <span class='ocrx_word' id='word_1_203' title='bbox 1084 1894 1341 1949; x_wconf 88' lang='lat' dir='ltr'><strong>retinere.</strong></span> <span class='ocrx_word' id='word_1_204' title='bbox 1373 1892 1399 1932; x_wconf 70' lang='grc' dir='ltr'>δ</span> <span class='ocrx_word' id='word_1_205' title='bbox 1427 1893 1700 1960; x_wconf 80' lang='lat' dir='ltr'><strong>Retinere,</strong></span> <span class='ocrx_word' id='word_1_206' title='bbox 1733 1897 1969 1964; x_wconf 89' lang='lat' dir='ltr'><strong>inquam,</strong></span> <span class='ocrx_word' id='word_1_207' title='bbox 2019 1905 2076 1950; x_wconf 94' lang='lat' dir='ltr'><strong>ut</strong></span> <span class='ocrx_word' id='word_1_208' title='bbox 2101 1899 2201 1952; x_wconf 87' lang='lat' dir='ltr'><strong>etsi</strong></span> 
     </span>
    </p>
   </div>
   <div class='ocr_carea' id='block_1_25' title="bbox 613 1982 2202 2052">
    <p class='ocr_par' dir='ltr' id='par_1_25' title="bbox 613 1982 2202 2052">
     <span class='ocr_line' id='line_1_25' title="bbox 613 1982 2202 2052; baseline 0 -16"><span class='ocrx_word' id='word_1_209' title='bbox 613 1983 731 2036; x_wconf 80' lang='lat' dir='ltr'><strong>dies</strong></span> <span class='ocrx_word' id='word_1_210' title='bbox 774 1982 1129 2036; x_wconf 76' lang='lat' dir='ltr'><strong>solemnitatis</strong></span> <span class='ocrx_word' id='word_1_211' title='bbox 1159 1991 1416 2047; x_wconf 80' lang='lat' dir='ltr'><strong>transeat,</strong></span> <span class='ocrx_word' id='word_1_212' title='bbox 1446 1984 1587 2052; x_wconf 88' lang='lat' dir='ltr'><strong>apud</strong></span> <span class='ocrx_word' id='word_1_213' title='bbox 1615 1999 1713 2038; x_wconf 90' lang='lat' dir='ltr'><strong>nos</strong></span> <span class='ocrx_word' id='word_1_214' title='bbox 1743 1993 1920 2040; x_wconf 84' lang='lat' dir='ltr'><strong>tamen</strong></span> <span class='ocrx_word' id='word_1_215' title='bbox 1970 1987 2202 2040; x_wconf 75' lang='lat' dir='ltr'><strong>sanctiﬁ-</strong></span> 
     </span>
    </p>
   </div>
   <div class='ocr_carea' id='block_1_26' title="bbox 614 2072 2197 2144">
    <p class='ocr_par' dir='ltr' id='par_1_26' title="bbox 614 2072 2197 2144">
     <span class='ocr_line' id='line_1_26' title="bbox 614 2072 2197 2144; baseline 0.002 -17"><span class='ocrx_word' id='word_1_216' title='bbox 614 2073 842 2128; x_wconf 86' lang='lat' dir='ltr'><strong>cationis</strong></span> <span class='ocrx_word' id='word_1_217' title='bbox 886 2072 1003 2140; x_wconf 83' lang='lat' dir='ltr'><strong>ejus</strong></span> <span class='ocrx_word' id='word_1_218' title='bbox 1040 2073 1319 2128; x_wconf 84' lang='lat' dir='ltr'><strong>beatitudo</strong></span> <span class='ocrx_word' id='word_1_219' title='bbox 1347 2080 1684 2144; x_wconf 85' lang='lat' dir='ltr'><strong>permaneat.</strong></span> <span class='ocrx_word' id='word_1_220' title='bbox 1715 2075 1840 2131; x_wconf 63' lang='lat' dir='ltr'><strong>Hinc</strong></span> <span class='ocrx_word' id='word_1_221' title='bbox 1860 2078 2001 2130; x_wconf 91' lang='lat' dir='ltr'><strong>enim</strong></span> <span class='ocrx_word' id='word_1_222' title='bbox 2028 2078 2197 2144; x_wconf 86' lang='lat' dir='ltr'><strong>gratia</strong></span> 
     </span>
    </p>
   </div>
   <div class='ocr_carea' id='block_1_27' title="bbox 615 2160 2199 2232">
    <p class='ocr_par' dir='ltr' id='par_1_27' title="bbox 615 2160 2199 2232">
     <span class='ocr_line' id='line_1_27' title="bbox 615 2160 2199 2232; baseline 0.003 -18"><span class='ocrx_word' id='word_1_223' title='bbox 615 2162 808 2215; x_wconf 86' lang='lat' dir='ltr'><strong>natalis</strong></span> <span class='ocrx_word' id='word_1_224' title='bbox 830 2161 991 2232; x_wconf 57' lang='lat' dir='ltr'><strong>39a</strong></span> <span class='ocrx_word' id='word_1_225' title='bbox 1019 2169 1105 2216; x_wconf 87' lang='lat' dir='ltr'><strong>est</strong></span> <span class='ocrx_word' id='word_1_226' title='bbox 1131 2160 1343 2217; x_wconf 87' lang='lat' dir='ltr'><strong>Domini</strong></span> <span class='ocrx_word' id='word_1_227' title='bbox 1371 2161 1688 2230; x_wconf 83' lang='lat' dir='ltr'><strong>Salvatoris,</strong></span> <span class='ocrx_word' id='word_1_228' title='bbox 1719 2171 1779 2217; x_wconf 89' lang='lat' dir='ltr'><strong>ut</strong></span> <span class='ocrx_word' id='word_1_229' title='bbox 1799 2165 1853 2217; x_wconf 92' lang='lat' dir='ltr'><strong>in</strong></span> <span class='ocrx_word' id='word_1_230' title='bbox 1874 2164 2110 2219; x_wconf 87' lang='lat' dir='ltr'><strong>futurum</strong></span> <span class='ocrx_word' id='word_1_231' title='bbox 2133 2165 2199 2219; x_wconf 87' lang='lat' dir='ltr'><strong>ad</strong></span> 
     </span>
    </p>
   </div>
   <div class='ocr_carea' id='block_1_28' title="bbox 615 2252 2200 2322">
    <p class='ocr_par' dir='ltr' id='par_1_28' title="bbox 615 2252 2200 2322">
     <span class='ocr_line' id='line_1_28' title="bbox 615 2252 2200 2322; baseline 0.003 -18"><span class='ocrx_word' id='word_1_232' title='bbox 615 2252 1023 2320; x_wconf 60' lang='lat' dir='ltr'><strong>praedestinatos</strong></span> <span class='ocrx_word' id='word_1_233' title='bbox 1049 2259 1312 2319; x_wconf 83' lang='lat' dir='ltr'><strong>transeat,</strong></span> <span class='ocrx_word' id='word_1_234' title='bbox 1344 2252 1399 2307; x_wconf 86' lang='lat' dir='ltr'><strong>in</strong></span> <span class='ocrx_word' id='word_1_235' title='bbox 1451 2254 1784 2322; x_wconf 72' lang='lat' dir='ltr'><strong>praeteritum</strong></span> <span class='ocrx_word' id='word_1_236' title='bbox 1811 2263 2090 2309; x_wconf 82' lang='lat' dir='ltr'><strong>remaneat</strong></span> <span class='ocrx_word' id='word_1_237' title='bbox 2133 2255 2200 2309; x_wconf 87' lang='lat' dir='ltr'><strong>ad</strong></span> 
     </span>
    </p>
   </div>
   <div class='ocr_carea' id='block_1_29' title="bbox 613 2343 2201 2416">
    <p class='ocr_par' dir='ltr' id='par_1_29' title="bbox 613 2343 2201 2416">
     <span class='ocr_line' id='line_1_29' title="bbox 613 2343 2201 2416; baseline 0.002 -18"><span class='ocrx_word' id='word_1_238' title='bbox 613 2343 860 2400; x_wconf 79' lang='lat' dir='ltr'><strong>devotos.</strong></span> <span class='ocrx_word' id='word_1_239' title='bbox 883 2345 1109 2414; x_wconf 86' lang='lat' dir='ltr'><strong>Oportet</strong></span> <span class='ocrx_word' id='word_1_240' title='bbox 1129 2360 1257 2413; x_wconf 75' lang='lat' dir='ltr'><strong>ergo</strong></span> <span class='ocrx_word' id='word_1_241' title='bbox 1276 2360 1378 2400; x_wconf 77' lang='lat' dir='ltr'><strong>nos</strong></span> <span class='ocrx_word' id='word_1_242' title='bbox 1398 2360 1520 2401; x_wconf 89' lang='lat' dir='ltr'><strong>esse</strong></span> <span class='ocrx_word' id='word_1_243' title='bbox 1536 2348 1819 2402; x_wconf 82' lang='lat' dir='ltr'><strong>sanctitate</strong></span> <span class='ocrx_word' id='word_1_244' title='bbox 1838 2363 2022 2416; x_wconf 86' lang='lat' dir='ltr'><strong>puros,</strong></span> <span class='ocrx_word' id='word_1_245' title='bbox 2045 2363 2201 2401; x_wconf 86' lang='lat' dir='ltr'><strong>mun-</strong></span> 
     </span>
    </p>
   </div>
   <div class='ocr_carea' id='block_1_30' title="bbox 611 2434 2196 2504">
    <p class='ocr_par' dir='ltr' id='par_1_30' title="bbox 611 2434 2196 2504">
     <span class='ocr_line' id='line_1_30' title="bbox 611 2434 2196 2504; baseline 0.003 -20"><span class='ocrx_word' id='word_1_246' title='bbox 611 2434 710 2490; x_wconf 84' lang='lat' dir='ltr'><strong>dos</strong></span> <span class='ocrx_word' id='word_1_247' title='bbox 729 2435 1005 2504; x_wconf 89' lang='lat' dir='ltr'><strong>pudicitia,</strong></span> <span class='ocrx_word' id='word_1_248' title='bbox 1039 2434 1237 2488; x_wconf 90' lang='lat' dir='ltr'><strong>nitidos</strong></span> <span class='ocrx_word' id='word_1_249' title='bbox 1265 2434 1571 2497; x_wconf 89' lang='lat' dir='ltr'><strong>honestate,</strong></span> <span class='ocrx_word' id='word_1_250' title='bbox 1605 2443 1664 2488; x_wconf 90' lang='lat' dir='ltr'><strong>ut</strong></span> <span class='ocrx_word' id='word_1_251' title='bbox 1691 2449 1797 2504; x_wconf 90' lang='lat' dir='ltr'><strong>quo</strong></span> <span class='ocrx_word' id='word_1_252' title='bbox 1824 2435 1966 2489; x_wconf 88' lang='lat' dir='ltr'><strong>diem</strong></span> <span class='ocrx_word' id='word_1_253' title='bbox 2003 2435 2196 2489; x_wconf 85' lang='lat' dir='ltr'><strong>festum</strong></span> 
     </span>
    </p>
   </div>
   <div class='ocr_carea' id='block_1_31' title="bbox 614 2523 2268 2612">
    <p class='ocr_par' dir='ltr' id='par_1_31' title="bbox 614 2523 2268 2612">
     <span class='ocr_line' id='line_1_31' title="bbox 614 2523 2268 2612; baseline 0.002 -36"><span class='ocrx_word' id='word_1_254' title='bbox 614 2523 866 2579; x_wconf 81' lang='lat' dir='ltr'><strong>advenire</strong></span> <span class='ocrx_word' id='word_1_255' title='bbox 886 2523 1237 2594; x_wconf 84' lang='lat' dir='ltr'><strong>propinquius</strong></span> <span class='ocrx_word' id='word_1_256' title='bbox 1260 2525 1554 2592; x_wconf 87' lang='lat' dir='ltr'><strong>cernimus,</strong></span> <span class='ocrx_word' id='word_1_257' title='bbox 1572 2539 1641 2579; x_wconf 92' lang='lat' dir='ltr'><strong>eo</strong></span> <span class='ocrx_word' id='word_1_258' title='bbox 1667 2526 1972 2581; x_wconf 78' lang='lat' dir='ltr'><strong>accuratius</strong></span> <span class='ocrx_word' id='word_1_259' title='bbox 1991 2527 2198 2580; x_wconf 89' lang='lat' dir='ltr'><strong>inccda-</strong></span> <span class='ocrx_word' id='word_1_260' title='bbox 2231 2557 2268 2612; x_wconf 66' lang='grc' dir='ltr'><strong>η</strong></span> 
     </span>
    </p>
   </div>
   <div class='ocr_carea' id='block_1_32' title="bbox 615 2613 2191 2683">
    <p class='ocr_par' dir='ltr' id='par_1_32' title="bbox 615 2613 2191 2683">
     <span class='ocr_line' id='line_1_32' title="bbox 615 2613 2191 2683; baseline 0.003 -17"><span class='ocrx_word' id='word_1_261' title='bbox 615 2629 752 2668; x_wconf 76' lang='lat' dir='ltr'><strong>nilis.</strong></span> <span class='ocrx_word' id='word_1_262' title='bbox 776 2614 834 2667; x_wconf 81' lang='lat' dir='ltr'><strong>Si</strong></span> <span class='ocrx_word' id='word_1_263' title='bbox 864 2615 1004 2669; x_wconf 90' lang='lat' dir='ltr'><strong>enim</strong></span> <span class='ocrx_word' id='word_1_264' title='bbox 1032 2614 1358 2668; x_wconf 69' lang='lat' dir='ltr'><strong>muliercula:</strong></span> <span class='ocrx_word' id='word_1_265' title='bbox 1388 2613 1564 2669; x_wconf 84' lang='lat' dir='ltr'><strong>solent</strong></span> <span class='ocrx_word' id='word_1_266' title='bbox 1584 2615 1791 2683; x_wconf 85' lang='lat' dir='ltr'><strong>aliquas</strong></span> <span class='ocrx_word' id='word_1_267' title='bbox 1818 2613 1978 2669; x_wconf 82' lang='lat' dir='ltr'><strong>ferias</strong></span> <span class='ocrx_word' id='word_1_268' title='bbox 2003 2631 2191 2670; x_wconf 81' lang='lat' dir='ltr'><strong>susce-</strong></span> 
     </span>
    </p>
   </div>
   <div class='ocr_carea' id='block_1_33' title="bbox 615 2704 2193 2774">
    <p class='ocr_par' dir='ltr' id='par_1_33' title="bbox 615 2704 2193 2774">
     <span class='ocr_line' id='line_1_33' title="bbox 615 2704 2193 2774; baseline -0.001 -15"><span class='ocrx_word' id='word_1_269' title='bbox 615 2715 804 2774; x_wconf 75' lang='lat' dir='ltr'><strong>ptum,</strong></span> <span class='ocrx_word' id='word_1_270' title='bbox 861 2705 1094 2759; x_wconf 78' lang='lat' dir='ltr'><strong>maculas</strong></span> <span class='ocrx_word' id='word_1_271' title='bbox 1147 2704 1375 2758; x_wconf 84' lang='lat' dir='ltr'><strong>vestium</strong></span> <span class='ocrx_word' id='word_1_272' title='bbox 1403 2719 1622 2758; x_wconf 87' lang='lat' dir='ltr'><strong>suarum</strong></span> <span class='ocrx_word' id='word_1_273' title='bbox 1650 2719 1787 2773; x_wconf 86' lang='lat' dir='ltr'><strong>aqua</strong></span> <span class='ocrx_word' id='word_1_274' title='bbox 1816 2704 2022 2759; x_wconf 91' lang='lat' dir='ltr'><strong>diluere</strong></span> <span class='ocrx_word' id='word_1_275' title='bbox 2054 2723 2066 2756; x_wconf 90' lang='lat'><strong>:</strong></span> <span class='ocrx_word' id='word_1_276' title='bbox 2098 2720 2193 2759; x_wconf 89' lang='lat' dir='ltr'><strong>cur</strong></span> 
     </span>
    </p>
   </div>
   <div class='ocr_carea' id='block_1_34' title="bbox 612 2791 2193 2862">
    <p class='ocr_par' dir='ltr' id='par_1_34' title="bbox 612 2791 2193 2862">
     <span class='ocr_line' id='line_1_34' title="bbox 612 2791 2193 2862; baseline -0.003 -12"><span class='ocrx_word' id='word_1_277' title='bbox 612 2811 723 2850; x_wconf 76' lang='lat' dir='ltr'><strong>non</strong></span> <span class='ocrx_word' id='word_1_278' title='bbox 749 2796 921 2862; x_wconf 84' lang='lat' dir='ltr'><strong>magis</strong></span> <span class='ocrx_word' id='word_1_279' title='bbox 944 2809 1043 2848; x_wconf 90' lang='lat' dir='ltr'><strong>nos</strong></span> <span class='ocrx_word' id='word_1_280' title='bbox 1083 2795 1361 2862; x_wconf 81' lang='lat' dir='ltr'><strong>excepturi</strong></span> <span class='ocrx_word' id='word_1_281' title='bbox 1410 2791 1651 2847; x_wconf 89' lang='lat' dir='ltr'><strong>Natalem</strong></span> <span class='ocrx_word' id='word_1_282' title='bbox 1697 2792 1909 2847; x_wconf 87' lang='lat' dir='ltr'><strong>Domini</strong></span> <span class='ocrx_word' id='word_1_283' title='bbox 1955 2793 2193 2848; x_wconf 88' lang='lat' dir='ltr'><strong>maculas</strong></span> 
     </span>
    </p>
   </div>
   <div class='ocr_carea' id='block_1_35' title="bbox 613 2882 2194 2951">
    <p class='ocr_par' dir='ltr' id='par_1_35' title="bbox 613 2882 2194 2951">
     <span class='ocr_line' id='line_1_35' title="bbox 613 2882 2194 2951; baseline 0 -14"><span class='ocrx_word' id='word_1_284' title='bbox 613 2885 913 2938; x_wconf 67' lang='lat' dir='ltr'><strong>mimarum</strong></span> <span class='ocrx_word' id='word_1_285' title='bbox 961 2891 1269 2937; x_wconf 88' lang='lat' dir='ltr'><strong>nostrarum</strong></span> <span class='ocrx_word' id='word_1_286' title='bbox 1321 2883 1636 2937; x_wconf 86' lang='lat' dir='ltr'><strong>abluamus?</strong></span> <span class='ocrx_word' id='word_1_287' title='bbox 1690 2882 1757 2936; x_wconf 86' lang='lat' dir='ltr'><strong>Et</strong></span> <span class='ocrx_word' id='word_1_288' title='bbox 1782 2884 1885 2936; x_wconf 64' lang='lat' dir='ltr'><strong>illae</strong></span> <span class='ocrx_word' id='word_1_289' title='bbox 1906 2883 2120 2951; x_wconf 88' lang='lat' dir='ltr'><strong>quidem</strong></span> <span class='ocrx_word' id='word_1_290' title='bbox 2149 2884 2194 2937; x_wconf 88' lang='lat' dir='ltr'><strong>si</strong></span> 
     </span>
    </p>
   </div>
   <div class='ocr_carea' id='block_1_36' title="bbox 615 2975 2195 3042">
    <p class='ocr_par' dir='ltr' id='par_1_36' title="bbox 615 2975 2195 3042">
     <span class='ocr_line' id='line_1_36' title="bbox 615 2975 2195 3042; baseline 0.002 -14"><span class='ocrx_word' id='word_1_291' title='bbox 615 2976 751 3031; x_wconf 87' lang='lat' dir='ltr'><strong>adeo</strong></span> <span class='ocrx_word' id='word_1_292' title='bbox 781 2975 989 3029; x_wconf 77' lang='lat' dir='ltr'><strong>infecta:</strong></span> <span class='ocrx_word' id='word_1_293' title='bbox 1017 2983 1073 3029; x_wconf 89' lang='lat' dir='ltr'><strong>et</strong></span> <span class='ocrx_word' id='word_1_294' title='bbox 1100 2977 1343 3030; x_wconf 68' lang='lat' dir='ltr'><strong>obscurae</strong></span> <span class='ocrx_word' id='word_1_295' title='bbox 1370 2975 1620 3030; x_wconf 88' lang='lat' dir='ltr'><strong>sordibus</strong></span> <span class='ocrx_word' id='word_1_296' title='bbox 1642 2975 1857 3042; x_wconf 88' lang='lat' dir='ltr'><strong>fuerint,</strong></span> <span class='ocrx_word' id='word_1_297' title='bbox 1882 2985 1940 3030; x_wconf 91' lang='lat' dir='ltr'><strong>ut</strong></span> <span class='ocrx_word' id='word_1_298' title='bbox 1961 2977 2195 3031; x_wconf 85' lang='lat' dir='ltr'><strong>maculas</strong></span> 
     </span>
    </p>
   </div>
   <div class='ocr_carea' id='block_1_37' title="bbox 616 3067 2195 3139">
    <p class='ocr_par' dir='ltr' id='par_1_37' title="bbox 616 3067 2195 3139">
     <span class='ocr_line' id='line_1_37' title="bbox 616 3067 2195 3139; baseline 0.001 -19"><span class='ocrx_word' id='word_1_299' title='bbox 616 3081 753 3136; x_wconf 80' lang='lat' dir='ltr'><strong>aqua</strong></span> <span class='ocrx_word' id='word_1_300' title='bbox 777 3081 885 3121; x_wconf 88' lang='lat' dir='ltr'><strong>non</strong></span> <span class='ocrx_word' id='word_1_301' title='bbox 906 3075 1116 3137; x_wconf 80' lang='lat' dir='ltr'><strong>purget,</strong></span> <span class='ocrx_word' id='word_1_302' title='bbox 1133 3067 1334 3122; x_wconf 89' lang='lat' dir='ltr'><strong>addunt</strong></span> <span class='ocrx_word' id='word_1_303' title='bbox 1351 3068 1629 3123; x_wconf 85' lang='lat' dir='ltr'><strong>mollitiem</strong></span> <span class='ocrx_word' id='word_1_304' title='bbox 1651 3069 1778 3135; x_wconf 89' lang='lat' dir='ltr'><strong>olei,</strong></span> <span class='ocrx_word' id='word_1_305' title='bbox 1798 3071 2013 3139; x_wconf 88' lang='lat' dir='ltr'><strong>saponis</strong></span> <span class='ocrx_word' id='word_1_306' title='bbox 2033 3071 2195 3124; x_wconf 91' lang='lat' dir='ltr'><strong>etiam</strong></span> 
     </span>
    </p>
   </div>
   <div class='ocr_carea' id='block_1_38' title="bbox 617 3155 2195 3228">
    <p class='ocr_par' dir='ltr' id='par_1_38' title="bbox 617 3155 2195 3228">
     <span class='ocr_line' id='line_1_38' title="bbox 617 3155 2195 3228; baseline 0.003 -19"><span class='ocrx_word' id='word_1_307' title='bbox 617 3155 965 3209; x_wconf 67' lang='lat' dir='ltr'><strong>acrinuniam</strong></span> <span class='ocrx_word' id='word_1_308' title='bbox 998 3173 1012 3207; x_wconf 94' lang='lat'><strong>:</strong></span> <span class='ocrx_word' id='word_1_309' title='bbox 1067 3172 1170 3210; x_wconf 77' lang='lat' dir='ltr'><strong>nos</strong></span> <span class='ocrx_word' id='word_1_310' title='bbox 1210 3171 1446 3226; x_wconf 79' lang='lat' dir='ltr'><strong>quoque,</strong></span> <span class='ocrx_word' id='word_1_311' title='bbox 1496 3159 1540 3211; x_wconf 86' lang='lat' dir='ltr'><strong>si</strong></span> <span class='ocrx_word' id='word_1_312' title='bbox 1586 3167 1695 3212; x_wconf 89' lang='lat' dir='ltr'><strong>tam</strong></span> <span class='ocrx_word' id='word_1_313' title='bbox 1721 3172 1888 3227; x_wconf 82' lang='lat' dir='ltr'><strong>grave</strong></span> <span class='ocrx_word' id='word_1_314' title='bbox 1913 3168 2195 3228; x_wconf 82' lang='lat' dir='ltr'><strong>peccatum</strong></span> 
     </span>
    </p>
   </div>
   <div class='ocr_carea' id='block_1_39' title="bbox 619 3245 2196 3314">
    <p class='ocr_par' dir='ltr' id='par_1_39' title="bbox 619 3245 2196 3314">
     <span class='ocr_line' id='line_1_39' title="bbox 619 3245 2196 3314; baseline 0.004 -18"><span class='ocrx_word' id='word_1_315' title='bbox 619 3245 896 3307; x_wconf 75' lang='lat' dir='ltr'><strong>habemus,</strong></span> <span class='ocrx_word' id='word_1_316' title='bbox 922 3253 976 3297; x_wconf 89' lang='lat' dir='ltr'><strong>ut</strong></span> <span class='ocrx_word' id='word_1_317' title='bbox 1006 3245 1056 3297; x_wconf 84' lang='lat' dir='ltr'><strong>il</strong></span> <span class='ocrx_word' id='word_1_318' title='bbox 1091 3247 1309 3300; x_wconf 83' lang='lat' dir='ltr'><strong>minime</strong></span> <span class='ocrx_word' id='word_1_319' title='bbox 1335 3247 1465 3301; x_wconf 87' lang='lat' dir='ltr'><strong>solis</strong></span> <span class='ocrx_word' id='word_1_320' title='bbox 1493 3245 1704 3302; x_wconf 84' lang='lat' dir='ltr'><strong>ﬂetibus</strong></span> <span class='ocrx_word' id='word_1_321' title='bbox 1733 3250 1998 3314; x_wconf 85' lang='lat' dir='ltr'><strong>abluatur,</strong></span> <span class='ocrx_word' id='word_1_322' title='bbox 2030 3251 2196 3304; x_wconf 83' lang='lat' dir='ltr'><strong>adda-</strong></span> 
     </span>
    </p>
   </div>
   <div class='ocr_carea' id='block_1_40' title="bbox 619 3335 2198 3407">
    <p class='ocr_par' dir='ltr' id='par_1_40' title="bbox 619 3335 2198 3407">
     <span class='ocr_line' id='line_1_40' title="bbox 619 3335 2198 3407; baseline 0.004 -21"><span class='ocrx_word' id='word_1_323' title='bbox 619 3350 739 3388; x_wconf 84' lang='lat' dir='ltr'><strong>mus</strong></span> <span class='ocrx_word' id='word_1_324' title='bbox 765 3335 1146 3389; x_wconf 69' lang='lat' dir='ltr'><strong>misericordia:</strong></span> <span class='ocrx_word' id='word_1_325' title='bbox 1167 3336 1370 3403; x_wconf 89' lang='lat' dir='ltr'><strong>oleum,</strong></span> <span class='ocrx_word' id='word_1_326' title='bbox 1404 3347 1426 3374; x_wconf 78' lang='grc' dir='ltr'><strong>ο</strong></span> <span class='ocrx_word' id='word_1_327' title='bbox 1457 3338 1802 3392; x_wconf 87' lang='lat' dir='ltr'><strong>acrimoniam</strong></span> <span class='ocrx_word' id='word_1_328' title='bbox 1821 3338 2032 3407; x_wconf 90' lang='lat' dir='ltr'><strong>jejunii.</strong></span> <span class='ocrx_word' id='word_1_329' title='bbox 2066 3339 2198 3392; x_wconf 88' lang='lat' dir='ltr'><strong>Nul—</strong></span> 
     </span>
    </p>
   </div>
   <div class='ocr_carea' id='block_1_41' title="bbox 617 3424 2200 3496">
    <p class='ocr_par' dir='ltr' id='par_1_41' title="bbox 617 3424 2200 3496">
     <span class='ocr_line' id='line_1_41' title="bbox 617 3424 2200 3496; baseline 0.002 -18"><span class='ocrx_word' id='word_1_330' title='bbox 617 3424 731 3478; x_wconf 78' lang='lat' dir='ltr'><strong>lum</strong></span> <span class='ocrx_word' id='word_1_331' title='bbox 755 3425 897 3478; x_wconf 82' lang='lat' dir='ltr'><strong>enim</strong></span> <span class='ocrx_word' id='word_1_332' title='bbox 922 3432 1031 3478; x_wconf 82' lang='lat' dir='ltr'><strong>tam</strong></span> <span class='ocrx_word' id='word_1_333' title='bbox 1054 3438 1219 3491; x_wconf 79' lang='lat' dir='ltr'><strong>grave</strong></span> <span class='ocrx_word' id='word_1_334' title='bbox 1246 3425 1499 3479; x_wconf 90' lang='lat' dir='ltr'><strong>delictum</strong></span> <span class='ocrx_word' id='word_1_335' title='bbox 1520 3435 1623 3490; x_wconf 89' lang='lat' dir='ltr'><strong>est,</strong></span> <span class='ocrx_word' id='word_1_336' title='bbox 1647 3425 1791 3494; x_wconf 86' lang='lat' dir='ltr'><strong>quod</strong></span> <span class='ocrx_word' id='word_1_337' title='bbox 1814 3443 1920 3481; x_wconf 90' lang='lat' dir='ltr'><strong>non</strong></span> <span class='ocrx_word' id='word_1_338' title='bbox 1942 3436 2200 3496; x_wconf 79' lang='lat' dir='ltr'><strong>purgetur</strong></span> 
     </span>
    </p>
   </div>
   <div class='ocr_carea' id='block_1_42' title="bbox 619 3513 2199 3586">
    <p class='ocr_par' dir='ltr' id='par_1_42' title="bbox 619 3513 2199 3586">
     <span class='ocr_line' id='line_1_42' title="bbox 619 3513 2199 3586; baseline 0.006 -21"><span class='ocrx_word' id='word_1_339' title='bbox 619 3513 963 3578; x_wconf 80' lang='lat' dir='ltr'><strong>abstinentia,</strong></span> <span class='ocrx_word' id='word_1_340' title='bbox 984 3513 1341 3586; x_wconf 85' lang='lat' dir='ltr'><strong>eleemosynis</strong></span> <span class='ocrx_word' id='word_1_341' title='bbox 1367 3517 1772 3584; x_wconf 76' lang='lat' dir='ltr'><strong>cxstinguatur;</strong></span> <span class='ocrx_word' id='word_1_342' title='bbox 1803 3519 1878 3572; x_wconf 87' lang='lat' dir='ltr'><strong>ait</strong></span> <span class='ocrx_word' id='word_1_343' title='bbox 1905 3520 2046 3573; x_wconf 90' lang='lat' dir='ltr'><strong>enim</strong></span> <span class='ocrx_word' id='word_1_344' title='bbox 2075 3535 2199 3574; x_wconf 86' lang='lat' dir='ltr'><strong>san--</strong></span> 
     </span>
    </p>
   </div>
   <div class='ocr_carea' id='block_1_43' title="bbox 619 3606 2198 3682">
    <p class='ocr_par' dir='ltr' id='par_1_43' title="bbox 619 3606 2198 3682">
     <span class='ocr_line' id='line_1_43' title="bbox 619 3606 2198 3682; baseline 0.003 -23"><span class='ocrx_word' id='word_1_345' title='bbox 619 3614 736 3660; x_wconf 75' lang='lat' dir='ltr'><strong>ctus</strong></span> <span class='ocrx_word' id='word_1_346' title='bbox 756 3607 1019 3675; x_wconf 82' lang='lat' dir='ltr'><strong>propheta</strong></span> <span class='ocrx_word' id='word_1_347' title='bbox 1043 3624 1057 3660; x_wconf 89' lang='lat'>:</span> <span class='ocrx_word' id='word_1_348' title='bbox 1090 3606 1239 3661; x_wconf 84' lang='lat' dir='ltr'><strong>Sicut</strong></span> <span class='ocrx_word' id='word_1_349' title='bbox 1257 3624 1392 3679; x_wconf 81' lang='lat' dir='ltr'><strong>aqua</strong></span> <span class='ocrx_word' id='word_1_350' title='bbox 1413 3611 1694 3680; x_wconf 75' lang='lat' dir='ltr'><strong>exstinguit</strong></span> <span class='ocrx_word' id='word_1_351' title='bbox 1718 3612 1878 3682; x_wconf 80' lang='lat'><strong>395</strong></span> <span class='ocrx_word' id='word_1_352' title='bbox 1909 3616 2098 3682; x_wconf 82' lang='lat' dir='ltr'><strong>ignem,</strong></span> <span class='ocrx_word' id='word_1_353' title='bbox 2124 3614 2198 3666; x_wconf 90' lang='lat' dir='ltr'><strong>ita</strong></span> 
     </span>
    </p>
   </div>
   <div class='ocr_carea' id='block_1_44' title="bbox 620 3698 2201 3772">
    <p class='ocr_par' dir='ltr' id='par_1_44' title="bbox 620 3698 2201 3772">
     <span class='ocr_line' id='line_1_44' title="bbox 620 3698 2201 3772; baseline 0.005 -21"><span class='ocrx_word' id='word_1_354' title='bbox 620 3699 938 3767; x_wconf 71' lang='lat' dir='ltr'><strong>elemosyna</strong></span> <span class='ocrx_word' id='word_1_355' title='bbox 956 3698 1241 3768; x_wconf 71' lang='lat' dir='ltr'><strong>exstinguit</strong></span> <span class='ocrx_word' id='word_1_356' title='bbox 1255 3706 1520 3767; x_wconf 67' lang='lat' dir='ltr'><strong>peccatum</strong></span> <span class='ocrx_word' id='word_1_357' title='bbox 1537 3699 1722 3771; x_wconf 79' lang='lat' dir='ltr'><strong>(Eccli.</strong></span> <span class='ocrx_word' id='word_1_358' title='bbox 1744 3702 1845 3772; x_wconf 89' lang='grc' dir='ltr'><strong>ιιι).</strong></span> <span class='ocrx_word' id='word_1_359' title='bbox 1859 3702 2046 3769; x_wconf 79' lang='lat' dir='ltr'><strong>Magna</strong></span> <span class='ocrx_word' id='word_1_360' title='bbox 2071 3718 2201 3771; x_wconf 85' lang='lat' dir='ltr'><strong>ergo</strong></span> 
     </span>
    </p>
   </div>
   <div class='ocr_carea' id='block_1_45' title="bbox 619 3789 2201 3864">
    <p class='ocr_par' dir='ltr' id='par_1_45' title="bbox 619 3789 2201 3864">
     <span class='ocr_line' id='line_1_45' title="bbox 619 3789 2201 3864; baseline 0.008 -23"><span class='ocrx_word' id='word_1_361' title='bbox 619 3797 703 3841; x_wconf 60' lang='lat' dir='ltr'><strong>est</strong></span> <span class='ocrx_word' id='word_1_362' title='bbox 724 3789 1089 3859; x_wconf 84' lang='lat' dir='ltr'><strong>eleemosyna,</strong></span> <span class='ocrx_word' id='word_1_363' title='bbox 1117 3805 1237 3859; x_wconf 72' lang='lat' dir='ltr'><strong>qua:</strong></span> <span class='ocrx_word' id='word_1_364' title='bbox 1255 3789 1557 3846; x_wconf 84' lang='lat' dir='ltr'><strong>ardentimn</strong></span> <span class='ocrx_word' id='word_1_365' title='bbox 1585 3793 1869 3849; x_wconf 84' lang='lat' dir='ltr'><strong>criminum</strong></span> <span class='ocrx_word' id='word_1_366' title='bbox 1896 3797 2083 3864; x_wconf 82' lang='lat' dir='ltr'><strong>globos</strong></span> <span class='ocrx_word' id='word_1_367' title='bbox 2105 3799 2201 3854; x_wconf 82' lang='lat' dir='ltr'><strong>be-</strong></span> 
     </span>
    </p>
   </div>
   <div class='ocr_carea' id='block_1_46' title="bbox 2303 1281 3848 1352">
    <p class='ocr_par' dir='ltr' id='par_1_46' title="bbox 2303 1281 3848 1352">
     <span class='ocr_line' id='line_1_46' title="bbox 2303 1281 3848 1352; baseline -0.001 -16"><span class='ocrx_word' id='word_1_368' title='bbox 2303 1281 2561 1336; x_wconf 84' lang='lat' dir='ltr'><strong>Dominus</strong></span> <span class='ocrx_word' id='word_1_369' title='bbox 2589 1289 2650 1336; x_wconf 90' lang='lat' dir='ltr'><strong>ut</strong></span> <span class='ocrx_word' id='word_1_370' title='bbox 2675 1283 2831 1337; x_wconf 86' lang='lat' dir='ltr'><strong>nobis</strong></span> <span class='ocrx_word' id='word_1_371' title='bbox 2851 1298 3003 1337; x_wconf 90' lang='lat' dir='ltr'><strong>suam</strong></span> <span class='ocrx_word' id='word_1_372' title='bbox 3032 1284 3459 1339; x_wconf 87' lang='lat' dir='ltr'><strong>misericordiam</strong></span> <span class='ocrx_word' id='word_1_373' title='bbox 3494 1285 3768 1352; x_wconf 78' lang='lat' dir='ltr'><strong>largiatur;</strong></span> <span class='ocrx_word' id='word_1_374' title='bbox 3794 1293 3848 1334; x_wconf 76' lang='lat' dir='ltr'><strong>at-</strong></span> 
     </span>
    </p>
   </div>
   <div class='ocr_carea' id='block_1_47' title="bbox 2302 1372 3848 1444">
    <p class='ocr_par' dir='ltr' id='par_1_47' title="bbox 2302 1372 3848 1444">
     <span class='ocr_line' id='line_1_47' title="bbox 2302 1372 3848 1444; baseline 0 -18"><span class='ocrx_word' id='word_1_375' title='bbox 2302 1388 2408 1442; x_wconf 86' lang='lat' dir='ltr'><strong>que</strong></span> <span class='ocrx_word' id='word_1_376' title='bbox 2447 1372 2571 1427; x_wconf 83' lang='lat' dir='ltr'><strong>ideo</strong></span> <span class='ocrx_word' id='word_1_377' title='bbox 2598 1373 2726 1442; x_wconf 76' lang='lat' dir='ltr'><strong>ipse</strong></span> <span class='ocrx_word' id='word_1_378' title='bbox 2765 1372 3148 1444; x_wconf 46' lang='lat' dir='ltr'><strong>in,E,vangelio</strong></span> <span class='ocrx_word' id='word_1_379' title='bbox 3192 1384 3382 1430; x_wconf 89' lang='lat' dir='ltr'><strong>sancto</strong></span> <span class='ocrx_word' id='word_1_380' title='bbox 3433 1377 3607 1430; x_wconf 89' lang='lat' dir='ltr'><strong>dicit:</strong></span> <span class='ocrx_word' id='word_1_381' title='bbox 3649 1378 3685 1427; x_wconf 84' lang='grc' dir='ltr'><em>Α</em></span> <span class='ocrx_word' id='word_1_382' title='bbox 3715 1375 3848 1427; x_wconf 69' lang='lat' dir='ltr'><strong>dictu</strong></span> 
     </span>
    </p>
   </div>
   <div class='ocr_carea' id='block_1_48' title="bbox 2301 1461 3848 1537">
    <p class='ocr_par' dir='ltr' id='par_1_48' title="bbox 2301 1461 3848 1537">
     <span class='ocr_line' id='line_1_48' title="bbox 2301 1461 3848 1537; baseline 0.001 -23"><span class='ocrx_word' id='word_1_383' title='bbox 2301 1462 2521 1516; x_wconf 77' lang='lat' dir='ltr'><strong>Joannis</strong></span> <span class='ocrx_word' id='word_1_384' title='bbox 2544 1461 2792 1530; x_wconf 67' lang='lat' dir='ltr'><strong>Baptista</strong></span> <span class='ocrx_word' id='word_1_385' title='bbox 2813 1481 3023 1533; x_wconf 81' lang='lat' dir='ltr'><strong>regnum</strong></span> <span class='ocrx_word' id='word_1_386' title='bbox 3049 1465 3288 1519; x_wconf 64' lang='lat' dir='ltr'><strong>calorum</strong></span> <span class='ocrx_word' id='word_1_387' title='bbox 3305 1474 3331 1513; x_wconf 74' lang='grc' dir='ltr'><strong><em>ε</em></strong></span> <span class='ocrx_word' id='word_1_388' title='bbox 3351 1467 3555 1537; x_wconf 73' lang='lat' dir='ltr'><strong>cogitur</strong></span> <span class='ocrx_word' id='word_1_389' title='bbox 3571 1465 3848 1536; x_wconf 59' lang='lat' dir='ltr'><strong>(Romam).</strong></span> 
     </span>
    </p>
   </div>
   <div class='ocr_carea' id='block_1_49' title="bbox 2305 1550 3848 1622">
    <p class='ocr_par' dir='ltr' id='par_1_49' title="bbox 2305 1550 3848 1622">
     <span class='ocr_line' id='line_1_49' title="bbox 2305 1550 3848 1622; baseline -0.001 -17"><span class='ocrx_word' id='word_1_390' title='bbox 2305 1550 2432 1617; x_wconf 72' lang='lat' dir='ltr'><strong>Qua:</strong></span> <span class='ocrx_word' id='word_1_391' title='bbox 2461 1554 2730 1607; x_wconf 86' lang='lat' dir='ltr'><strong>sententia</strong></span> <span class='ocrx_word' id='word_1_392' title='bbox 2760 1568 2922 1622; x_wconf 88' lang='lat' dir='ltr'><strong>quem</strong></span> <span class='ocrx_word' id='word_1_393' title='bbox 2977 1554 3557 1611; x_wconf 84' lang='lat' dir='ltr'><strong>intellectum-habeat</strong></span> <span class='ocrx_word' id='word_1_394' title='bbox 3604 1553 3848 1608; x_wconf 76' lang='lat' dir='ltr'><strong>videamus.</strong></span> 
     </span>
    </p>
   </div>
   <div class='ocr_carea' id='block_1_50' title="bbox 2303 1640 3848 1709">
    <p class='ocr_par' dir='ltr' id='par_1_50' title="bbox 2303 1640 3848 1709">
     <span class='ocr_line' id='line_1_50' title="bbox 2303 1640 3848 1709; baseline 0.001 -15"><span class='ocrx_word' id='word_1_395' title='bbox 2303 1641 2546 1709; x_wconf 82' lang='lat' dir='ltr'><strong>Regnum</strong></span> <span class='ocrx_word' id='word_1_396' title='bbox 2590 1644 2851 1697; x_wconf 59' lang='lat' dir='ltr'><strong>calorum</strong></span> <span class='ocrx_word' id='word_1_397' title='bbox 2893 1640 2922 1679; x_wconf 68' lang='grc' dir='ltr'><strong>ιδ</strong></span> <span class='ocrx_word' id='word_1_398' title='bbox 2952 1645 3164 1697; x_wconf 90' lang='lat' dir='ltr'><strong>nonnisi</strong></span> <span class='ocrx_word' id='word_1_399' title='bbox 3212 1643 3459 1699; x_wconf 82' lang='lat' dir='ltr'><strong>Christus</strong></span> <span class='ocrx_word' id='word_1_400' title='bbox 3504 1654 3586 1699; x_wconf 90' lang='lat' dir='ltr'><strong>est</strong></span> <span class='ocrx_word' id='word_1_401' title='bbox 3620 1643 3848 1704; x_wconf 82' lang='lat' dir='ltr'><strong>Dominus.</strong></span> 
     </span>
    </p>
   </div>
   <div class='ocr_carea' id='block_1_51' title="bbox 2304 1730 3847 1799">
    <p class='ocr_par' dir='ltr' id='par_1_51' title="bbox 2304 1730 3847 1799">
     <span class='ocr_line' id='line_1_51' title="bbox 2304 1730 3847 1799; baseline 0 -17"><span class='ocrx_word' id='word_1_402' title='bbox 2304 1730 2395 1796; x_wconf 91' lang='lat' dir='ltr'><strong>qni</strong></span> <span class='ocrx_word' id='word_1_403' title='bbox 2448 1740 2638 1798; x_wconf 86' lang='lat' dir='ltr'><strong>regnat</strong></span> <span class='ocrx_word' id='word_1_404' title='bbox 2685 1732 2739 1785; x_wconf 90' lang='lat' dir='ltr'><strong>in</strong></span> <span class='ocrx_word' id='word_1_405' title='bbox 2767 1732 2936 1786; x_wconf 70' lang='lat' dir='ltr'><strong>cmlis.</strong></span> <span class='ocrx_word' id='word_1_406' title='bbox 2985 1733 3117 1799; x_wconf 85' lang='lat' dir='ltr'><strong>Cogi</strong></span> <span class='ocrx_word' id='word_1_407' title='bbox 3139 1739 3317 1787; x_wconf 87' lang='lat' dir='ltr'><strong>autem</strong></span> <span class='ocrx_word' id='word_1_408' title='bbox 3349 1735 3578 1788; x_wconf 80' lang='lat' dir='ltr'><strong>verbum</strong></span> <span class='ocrx_word' id='word_1_409' title='bbox 3609 1743 3727 1788; x_wconf 86' lang='lat' dir='ltr'><strong>tunc</strong></span> <span class='ocrx_word' id='word_1_410' title='bbox 3745 1733 3847 1786; x_wconf 79' lang='lat' dir='ltr'><strong>solet</strong></span> 
     </span>
    </p>
   </div>
   <div class='ocr_carea' id='block_1_52' title="bbox 2302 1819 3848 1892">
    <p class='ocr_par' dir='ltr' id='par_1_52' title="bbox 2302 1819 3848 1892">
     <span class='ocr_line' id='line_1_52' title="bbox 2302 1819 3848 1892; baseline 0.002 -20"><span class='ocrx_word' id='word_1_411' title='bbox 2302 1819 2427 1886; x_wconf 89' lang='lat' dir='ltr'><strong>dici,</strong></span> <span class='ocrx_word' id='word_1_412' title='bbox 2454 1835 2576 1875; x_wconf 88' lang='lat' dir='ltr'><strong>cum</strong></span> <span class='ocrx_word' id='word_1_413' title='bbox 2597 1836 2686 1876; x_wconf 89' lang='lat' dir='ltr'><strong>res</strong></span> <span class='ocrx_word' id='word_1_414' title='bbox 2715 1822 2890 1890; x_wconf 87' lang='lat' dir='ltr'><strong>aliqua</strong></span> <span class='ocrx_word' id='word_1_415' title='bbox 2912 1823 3090 1877; x_wconf 87' lang='lat' dir='ltr'><strong>rarior</strong></span> <span class='ocrx_word' id='word_1_416' title='bbox 3115 1823 3327 1877; x_wconf 89' lang='lat' dir='ltr'><strong>assidua</strong></span> <span class='ocrx_word' id='word_1_417' title='bbox 3355 1825 3678 1892; x_wconf 80' lang='lat' dir='ltr'><strong>operatione</strong></span> <span class='ocrx_word' id='word_1_418' title='bbox 3697 1823 3848 1877; x_wconf 72' lang='lat' dir='ltr'><strong>densa-</strong></span> 
     </span>
    </p>
   </div>
   <div class='ocr_carea' id='block_1_53' title="bbox 2304 1910 3848 1984">
    <p class='ocr_par' dir='ltr' id='par_1_53' title="bbox 2304 1910 3848 1984">
     <span class='ocr_line' id='line_1_53' title="bbox 2304 1910 3848 1984; baseline 0.001 -22"><span class='ocrx_word' id='word_1_419' title='bbox 2304 1917 2409 1964; x_wconf 91' lang='lat' dir='ltr'><strong>tur.</strong></span> <span class='ocrx_word' id='word_1_420' title='bbox 2454 1910 2531 1964; x_wconf 81' lang='lat' dir='ltr'><strong>Ex</strong></span> <span class='ocrx_word' id='word_1_421' title='bbox 2566 1927 2678 1980; x_wconf 84' lang='lat' dir='ltr'><strong>quo</strong></span> <span class='ocrx_word' id='word_1_422' title='bbox 2719 1927 2850 1980; x_wconf 87' lang='lat' dir='ltr'><strong>ergo</strong></span> <span class='ocrx_word' id='word_1_423' title='bbox 2890 1912 3126 1968; x_wconf 80' lang='lat' dir='ltr'><strong>Joannes</strong></span> <span class='ocrx_word' id='word_1_424' title='bbox 3175 1912 3413 1984; x_wconf 83' lang='lat' dir='ltr'><strong>Baptista</strong></span> <span class='ocrx_word' id='word_1_425' title='bbox 3462 1912 3628 1984; x_wconf 82' lang='lat' dir='ltr'><strong>(Ibid.</strong></span> <span class='ocrx_word' id='word_1_426' title='bbox 3661 1914 3730 1982; x_wconf 85' lang='grc' dir='ltr'><strong>ιιι)</strong></span> <span class='ocrx_word' id='word_1_427' title='bbox 3764 1911 3848 1965; x_wconf 81' lang='lat' dir='ltr'><strong>Sal-</strong></span> 
     </span>
    </p>
   </div>
   <div class='ocr_carea' id='block_1_54' title="bbox 2302 2000 3847 2071">
    <p class='ocr_par' dir='ltr' id='par_1_54' title="bbox 2302 2000 3847 2071">
     <span class='ocr_line' id='line_1_54' title="bbox 2302 2000 3847 2071; baseline 0.005 -21"><span class='ocrx_word' id='word_1_428' title='bbox 2302 2001 2504 2054; x_wconf 72' lang='lat' dir='ltr'><strong>vatoris</strong></span> <span class='ocrx_word' id='word_1_429' title='bbox 2537 2000 2554 2037; x_wconf 67' lang='grc'>⁸</span> <span class='ocrx_word' id='word_1_430' title='bbox 2586 2002 2924 2055; x_wconf 86' lang='lat' dir='ltr'><strong>annuntiavit</strong></span> <span class='ocrx_word' id='word_1_431' title='bbox 2952 2002 3267 2070; x_wconf 84' lang='lat' dir='ltr'><strong>adventum,</strong></span> <span class='ocrx_word' id='word_1_432' title='bbox 3293 2019 3361 2058; x_wconf 79' lang='lat' dir='ltr'><strong>ex</strong></span> <span class='ocrx_word' id='word_1_433' title='bbox 3410 2019 3478 2059; x_wconf 91' lang='lat' dir='ltr'><strong>eo</strong></span> <span class='ocrx_word' id='word_1_434' title='bbox 3525 2017 3738 2071; x_wconf 85' lang='lat' dir='ltr'><strong>regnum</strong></span> <span class='ocrx_word' id='word_1_435' title='bbox 3769 2017 3847 2057; x_wconf 68' lang='lat' dir='ltr'><strong>coe-</strong></span> 
     </span>
    </p>
   </div>
   <div class='ocr_carea' id='block_1_55' title="bbox 2302 2087 3847 2163">
    <p class='ocr_par' dir='ltr' id='par_1_55' title="bbox 2302 2087 3847 2163">
     <span class='ocr_line' id='line_1_55' title="bbox 2302 2087 3847 2163; baseline 0.003 -24"><span class='ocrx_word' id='word_1_436' title='bbox 2302 2087 2499 2153; x_wconf 86' lang='lat' dir='ltr'><strong>lorum,</strong></span> <span class='ocrx_word' id='word_1_437' title='bbox 2529 2089 2546 2138; x_wconf 82' lang='lat' dir='ltr'><strong>i</strong></span> <span class='ocrx_word' id='word_1_438' title='bbox 2577 2089 2721 2159; x_wconf 90' lang='lat' dir='ltr'><strong>quod</strong></span> <span class='ocrx_word' id='word_1_439' title='bbox 2769 2089 2988 2144; x_wconf 81' lang='lat' dir='ltr'><strong>ﬂuidum</strong></span> <span class='ocrx_word' id='word_1_440' title='bbox 3036 2106 3100 2146; x_wconf 89' lang='lat' dir='ltr'><strong>ac</strong></span> <span class='ocrx_word' id='word_1_441' title='bbox 3126 2093 3411 2147; x_wconf 87' lang='lat' dir='ltr'><strong>remissum</strong></span> <span class='ocrx_word' id='word_1_442' title='bbox 3442 2094 3587 2163; x_wconf 88' lang='lat' dir='ltr'><strong>apud</strong></span> <span class='ocrx_word' id='word_1_443' title='bbox 3635 2093 3847 2147; x_wconf 80' lang='lat' dir='ltr'><strong>Joannem</strong></span> 
     </span>
    </p>
   </div>
   <div class='ocr_carea' id='block_1_56' title="bbox 2296 2179 3849 2253">
    <p class='ocr_par' dir='ltr' id='par_1_56' title="bbox 2296 2179 3849 2253">
     <span class='ocr_line' id='line_1_56' title="bbox 2296 2179 3849 2253; baseline 0.001 -21"><span class='ocrx_word' id='word_1_444' title='bbox 2296 2179 2531 2248; x_wconf 88' lang='lat' dir='ltr'><strong>jacebat,</strong></span> <span class='ocrx_word' id='word_1_445' title='bbox 2588 2181 2924 2234; x_wconf 86' lang='lat' dir='ltr'><strong>credentium</strong></span> <span class='ocrx_word' id='word_1_446' title='bbox 2980 2184 3299 2252; x_wconf 86' lang='lat' dir='ltr'><strong>populorum</strong></span> <span class='ocrx_word' id='word_1_447' title='bbox 3356 2184 3526 2253; x_wconf 64' lang='lat' dir='ltr'><strong>cepit</strong></span> <span class='ocrx_word' id='word_1_448' title='bbox 3586 2184 3849 2238; x_wconf 74' lang='lat' dir='ltr'><strong>assiduitate</strong></span> 
     </span>
    </p>
   </div>
   <div class='ocr_carea' id='block_1_57' title="bbox 2299 2269 3843 2343">
    <p class='ocr_par' dir='ltr' id='par_1_57' title="bbox 2299 2269 3843 2343">
     <span class='ocr_line' id='line_1_57' title="bbox 2299 2269 3843 2343; baseline -0.001 -16"><span class='ocrx_word' id='word_1_449' title='bbox 2299 2269 2540 2336; x_wconf 81' lang='lat' dir='ltr'><strong>densari,</strong></span> <span class='ocrx_word' id='word_1_450' title='bbox 2587 2277 2643 2324; x_wconf 86' lang='lat' dir='ltr'><strong>et</strong></span> <span class='ocrx_word' id='word_1_451' title='bbox 2670 2269 2698 2307; x_wconf 68' lang='grc' dir='ltr'><strong>ι</strong></span> <span class='ocrx_word' id='word_1_452' title='bbox 2727 2271 2902 2326; x_wconf 91' lang='lat' dir='ltr'><strong>omnis</strong></span> <span class='ocrx_word' id='word_1_453' title='bbox 2931 2272 3019 2325; x_wconf 89' lang='lat' dir='ltr'><strong>illa</strong></span> <span class='ocrx_word' id='word_1_454' title='bbox 3047 2272 3196 2340; x_wconf 87' lang='lat' dir='ltr'><strong>regni</strong></span> <span class='ocrx_word' id='word_1_455' title='bbox 3223 2273 3418 2327; x_wconf 86' lang='lat' dir='ltr'><strong>raritas</strong></span> <span class='ocrx_word' id='word_1_456' title='bbox 3446 2273 3843 2343; x_wconf 63' lang='lat' dir='ltr'><strong>pradicationuu</strong></span> 
     </span>
    </p>
   </div>
   <div class='ocr_carea' id='block_1_58' title="bbox 2301 2359 3842 2430">
    <p class='ocr_par' dir='ltr' id='par_1_58' title="bbox 2301 2359 3842 2430">
     <span class='ocr_line' id='line_1_58' title="bbox 2301 2359 3842 2430; baseline -0.001 -15"><span class='ocrx_word' id='word_1_457' title='bbox 2301 2359 2735 2428; x_wconf 78' lang='lat' dir='ltr'><strong>frequentatione</strong></span> <span class='ocrx_word' id='word_1_458' title='bbox 2780 2361 3021 2415; x_wconf 86' lang='lat' dir='ltr'><strong>solidari.</strong></span> <span class='ocrx_word' id='word_1_459' title='bbox 3052 2361 3183 2416; x_wconf 89' lang='lat' dir='ltr'><strong>Tam</strong></span> <span class='ocrx_word' id='word_1_460' title='bbox 3212 2363 3354 2416; x_wconf 91' lang='lat' dir='ltr'><strong>enim</strong></span> <span class='ocrx_word' id='word_1_461' title='bbox 3384 2379 3573 2417; x_wconf 87' lang='lat' dir='ltr'><strong>rarum</strong></span> <span class='ocrx_word' id='word_1_462' title='bbox 3627 2364 3717 2417; x_wconf 87' lang='lat' dir='ltr'><strong>fuit</strong></span> <span class='ocrx_word' id='word_1_463' title='bbox 3741 2361 3842 2430; x_wconf 85' lang='lat' dir='ltr'><strong>apud</strong></span> 
     </span>
    </p>
   </div>
   <div class='ocr_carea' id='block_1_59' title="bbox 2299 2430 3842 2521">
    <p class='ocr_par' dir='ltr' id='par_1_59' title="bbox 2299 2430 3842 2521">
     <span class='ocr_line' id='line_1_59' title="bbox 2299 2430 3842 2521; baseline 0.003 -17"><span class='ocrx_word' id='word_1_464' title='bbox 2299 2430 2512 2505; x_wconf 56' lang='lat' dir='ltr'><strong>Jud&#39;e&#39;os</strong></span> <span class='ocrx_word' id='word_1_465' title='bbox 2540 2465 2786 2518; x_wconf 89' lang='lat' dir='ltr'><strong>regnum,</strong></span> <span class='ocrx_word' id='word_1_466' title='bbox 2812 2459 2870 2505; x_wconf 92' lang='lat' dir='ltr'><strong>ut</strong></span> <span class='ocrx_word' id='word_1_467' title='bbox 2893 2452 3146 2506; x_wconf 86' lang='lat' dir='ltr'><strong>transiret</strong></span> <span class='ocrx_word' id='word_1_468' title='bbox 3169 2452 3235 2506; x_wconf 86' lang='lat' dir='ltr'><strong>ad</strong></span> <span class='ocrx_word' id='word_1_469' title='bbox 3261 2463 3489 2521; x_wconf 84' lang='lat' dir='ltr'><strong>gentes;</strong></span> <span class='ocrx_word' id='word_1_470' title='bbox 3516 2463 3624 2507; x_wconf 91' lang='lat' dir='ltr'><strong>tam</strong></span> <span class='ocrx_word' id='word_1_471' title='bbox 3651 2453 3842 2508; x_wconf 83' lang='lat' dir='ltr'><strong>liuidum.</strong></span> 
     </span>
    </p>
   </div>
   <div class='ocr_carea' id='block_1_60' title="bbox 2303 2541 3843 2610">
    <p class='ocr_par' dir='ltr' id='par_1_60' title="bbox 2303 2541 3843 2610">
     <span class='ocr_line' id='line_1_60' title="bbox 2303 2541 3843 2610; baseline 0.001 -18"><span class='ocrx_word' id='word_1_472' title='bbox 2303 2549 2360 2592; x_wconf 84' lang='lat' dir='ltr'><strong>ut</strong></span> <span class='ocrx_word' id='word_1_473' title='bbox 2389 2551 2699 2595; x_wconf 85' lang='lat' dir='ltr'><strong>remaneret</strong></span> <span class='ocrx_word' id='word_1_474' title='bbox 2743 2541 2808 2594; x_wconf 87' lang='lat' dir='ltr'><strong>ad</strong></span> <span class='ocrx_word' id='word_1_475' title='bbox 2834 2543 3081 2610; x_wconf 86' lang='lat' dir='ltr'><strong>populos.</strong></span> <span class='ocrx_word' id='word_1_476' title='bbox 3111 2542 3265 2597; x_wconf 85' lang='lat' dir='ltr'><strong>Hunc</strong></span> <span class='ocrx_word' id='word_1_477' title='bbox 3290 2552 3471 2598; x_wconf 90' lang='lat' dir='ltr'><strong>autem</strong></span> <span class='ocrx_word' id='word_1_478' title='bbox 3496 2552 3642 2598; x_wconf 84' lang='lat' dir='ltr'><strong>tanta</strong></span> <span class='ocrx_word' id='word_1_479' title='bbox 3669 2543 3843 2598; x_wconf 79' lang='lat' dir='ltr'><strong>creden-</strong></span> 
     </span>
    </p>
   </div>
   <div class='ocr_carea' id='block_1_61' title="bbox 2296 2631 3842 2699">
    <p class='ocr_par' dir='ltr' id='par_1_61' title="bbox 2296 2631 3842 2699">
     <span class='ocr_line' id='line_1_61' title="bbox 2296 2631 3842 2699; baseline 0.006 -17"><span class='ocrx_word' id='word_1_480' title='bbox 2296 2631 2429 2683; x_wconf 86' lang='lat' dir='ltr'><strong>tium</strong></span> <span class='ocrx_word' id='word_1_481' title='bbox 2458 2632 2671 2698; x_wconf 86' lang='lat' dir='ltr'><strong>cogitur</strong></span> <span class='ocrx_word' id='word_1_482' title='bbox 2716 2631 3003 2699; x_wconf 83' lang='lat' dir='ltr'><strong>densitate,</strong></span> <span class='ocrx_word' id='word_1_483' title='bbox 3028 2641 3087 2686; x_wconf 85' lang='lat' dir='ltr'><strong>ut</strong></span> <span class='ocrx_word' id='word_1_484' title='bbox 3113 2634 3341 2689; x_wconf 84' lang='lat' dir='ltr'><strong>solidum</strong></span> <span class='ocrx_word' id='word_1_485' title='bbox 3373 2644 3594 2689; x_wconf 88' lang='lat' dir='ltr'><strong>maneat</strong></span> <span class='ocrx_word' id='word_1_486' title='bbox 3620 2637 3726 2689; x_wconf 89' lang='lat' dir='ltr'><strong>sine</strong></span> <span class='ocrx_word' id='word_1_487' title='bbox 3751 2634 3842 2693; x_wconf 77' lang='lat' dir='ltr'><strong>ﬁne.</strong></span> 
     </span>
    </p>
   </div>
   <div class='ocr_carea' id='block_1_62' title="bbox 2295 2719 3843 2795">
    <p class='ocr_par' dir='ltr' id='par_1_62' title="bbox 2295 2719 3843 2795">
     <span class='ocr_line' id='line_1_62' title="bbox 2295 2719 3843 2795; baseline 0 -22"><span class='ocrx_word' id='word_1_488' title='bbox 2295 2720 2431 2774; x_wconf 86' lang='lat' dir='ltr'><strong>sicut</strong></span> <span class='ocrx_word' id='word_1_489' title='bbox 2449 2719 2727 2789; x_wconf 81' lang='lat' dir='ltr'><strong>Scriptura</strong></span> <span class='ocrx_word' id='word_1_490' title='bbox 2746 2721 2886 2776; x_wconf 81' lang='lat' dir='ltr'><strong>dicit</strong></span> <span class='ocrx_word' id='word_1_491' title='bbox 2909 2740 2921 2774; x_wconf 86' lang='lat'><strong>:</strong></span> <span class='ocrx_word' id='word_1_492' title='bbox 2947 2720 3017 2775; x_wconf 81' lang='lat' dir='ltr'><strong>Et</strong></span> <span class='ocrx_word' id='word_1_493' title='bbox 3035 2724 3180 2793; x_wconf 74' lang='lat' dir='ltr'><strong>regni</strong></span> <span class='ocrx_word' id='word_1_494' title='bbox 3209 2726 3321 2794; x_wconf 82' lang='lat' dir='ltr'><strong>ejus</strong></span> <span class='ocrx_word' id='word_1_495' title='bbox 3344 2741 3446 2778; x_wconf 90' lang='lat' dir='ltr'><strong>non</strong></span> <span class='ocrx_word' id='word_1_496' title='bbox 3476 2728 3577 2778; x_wconf 87' lang='lat' dir='ltr'><strong>erit</strong></span> <span class='ocrx_word' id='word_1_497' title='bbox 3606 2722 3843 2795; x_wconf 75' lang='lat' dir='ltr'><strong>[inis(Lsc.</strong></span> 
     </span>
    </p>
   </div>
   <div class='ocr_carea' id='block_1_63' title="bbox 2293 2809 3843 2884">
    <p class='ocr_par' dir='ltr' id='par_1_63' title="bbox 2293 2809 3843 2884">
     <span class='ocr_line' id='line_1_63' title="bbox 2293 2809 3843 2884; baseline 0.004 -21"><span class='ocrx_word' id='word_1_498' title='bbox 2293 2809 2357 2876; x_wconf 87' lang='grc' dir='ltr'><strong>ι).</strong></span> <span class='ocrx_word' id='word_1_499' title='bbox 2390 2809 2401 2845; x_wconf 75' lang='grc' dir='ltr'><strong>ι</strong></span> <span class='ocrx_word' id='word_1_500' title='bbox 2437 2809 2689 2877; x_wconf 84' lang='lat' dir='ltr'><strong>Cogimus</strong></span> <span class='ocrx_word' id='word_1_501' title='bbox 2715 2812 2856 2868; x_wconf 87' lang='lat' dir='ltr'><strong>enim</strong></span> <span class='ocrx_word' id='word_1_502' title='bbox 2878 2825 3101 2879; x_wconf 74' lang='lat' dir='ltr'><strong>regnum</strong></span> <span class='ocrx_word' id='word_1_503' title='bbox 3123 2813 3398 2879; x_wconf 64' lang='lat' dir='ltr'><strong>caelorum,</strong></span> <span class='ocrx_word' id='word_1_504' title='bbox 3424 2824 3479 2870; x_wconf 90' lang='lat' dir='ltr'><strong>et</strong></span> <span class='ocrx_word' id='word_1_505' title='bbox 3500 2817 3608 2869; x_wconf 86' lang='lat' dir='ltr'><strong>vim</strong></span> <span class='ocrx_word' id='word_1_506' title='bbox 3629 2816 3843 2884; x_wconf 83' lang='lat' dir='ltr'><strong>quodam-</strong></span> 
     </span>
    </p>
   </div>
   <div class='ocr_carea' id='block_1_64' title="bbox 2295 2901 3841 2974">
    <p class='ocr_par' dir='ltr' id='par_1_64' title="bbox 2295 2901 3841 2974">
     <span class='ocr_line' id='line_1_64' title="bbox 2295 2901 3841 2974; baseline 0.005 -19"><span class='ocrx_word' id='word_1_507' title='bbox 2295 2901 2465 2956; x_wconf 88' lang='lat' dir='ltr'><strong>modo</strong></span> <span class='ocrx_word' id='word_1_508' title='bbox 2490 2903 2729 2968; x_wconf 72' lang='lat' dir='ltr'><strong>iacimus,</strong></span> <span class='ocrx_word' id='word_1_509' title='bbox 2759 2905 2897 2959; x_wconf 87' lang='lat' dir='ltr'><strong>sicut</strong></span> <span class='ocrx_word' id='word_1_510' title='bbox 2923 2906 2997 2958; x_wconf 84' lang='lat' dir='ltr'><strong>ait</strong></span> <span class='ocrx_word' id='word_1_511' title='bbox 3025 2907 3332 2974; x_wconf 83' lang='lat' dir='ltr'><strong>evangelica</strong></span> <span class='ocrx_word' id='word_1_512' title='bbox 3364 2907 3525 2962; x_wconf 86' lang='lat' dir='ltr'><strong>lectio</strong></span> <span class='ocrx_word' id='word_1_513' title='bbox 3553 2908 3662 2961; x_wconf 72' lang='grc' dir='ltr'><strong>εει</strong></span> <span class='ocrx_word' id='word_1_514' title='bbox 3684 2910 3770 2962; x_wconf 78' lang='lat' dir='ltr'><strong>vim</strong></span> <span class='ocrx_word' id='word_1_515' title='bbox 3789 2907 3841 2970; x_wconf 76' lang='lat' dir='ltr'><strong>{a-</strong></span> 
     </span>
    </p>
   </div>
   <div class='ocr_carea' id='block_1_65' title="bbox 2297 2993 3842 3068">
    <p class='ocr_par' dir='ltr' id='par_1_65' title="bbox 2297 2993 3842 3068">
     <span class='ocr_line' id='line_1_65' title="bbox 2297 2993 3842 3068; baseline 0.003 -24"><span class='ocrx_word' id='word_1_516' title='bbox 2297 2994 2484 3045; x_wconf 82' lang='lat' dir='ltr'><strong>cientes</strong></span> <span class='ocrx_word' id='word_1_517' title='bbox 2501 2993 2754 3062; x_wconf 84' lang='lat' dir='ltr'><strong>diripiunt</strong></span> <span class='ocrx_word' id='word_1_518' title='bbox 2780 2995 2909 3048; x_wconf 87' lang='lat' dir='ltr'><strong>illud</strong></span> <span class='ocrx_word' id='word_1_519' title='bbox 2945 2993 3155 3065; x_wconf 70' lang='lat' dir='ltr'><strong>(Matth.</strong></span> <span class='ocrx_word' id='word_1_520' title='bbox 3185 2996 3284 3061; x_wconf 75' lang='lat' dir='ltr'><strong>xl).</strong></span> <span class='ocrx_word' id='word_1_521' title='bbox 3314 2996 3457 3063; x_wconf 81' lang='lat' dir='ltr'><strong>Vim,</strong></span> <span class='ocrx_word' id='word_1_522' title='bbox 3497 2998 3728 3068; x_wconf 82' lang='lat' dir='ltr'><strong>inquam,</strong></span> <span class='ocrx_word' id='word_1_523' title='bbox 3750 2996 3842 3049; x_wconf 83' lang='lat' dir='ltr'><strong>faci-</strong></span> 
     </span>
    </p>
   </div>
   <div class='ocr_carea' id='block_1_66' title="bbox 2299 3074 3840 3159">
    <p class='ocr_par' dir='ltr' id='par_1_66' title="bbox 2299 3074 3840 3159">
     <span class='ocr_line' id='line_1_66' title="bbox 2299 3074 3840 3159; baseline 0.007 -25"><span class='ocrx_word' id='word_1_524' title='bbox 2299 3097 2416 3135; x_wconf 91' lang='lat' dir='ltr'><strong>mus</strong></span> <span class='ocrx_word' id='word_1_525' title='bbox 2446 3083 2673 3138; x_wconf 88' lang='lat' dir='ltr'><strong>Domino</strong></span> <span class='ocrx_word' id='word_1_526' title='bbox 2721 3100 2828 3159; x_wconf 66' lang='lat' dir='ltr'><strong>non</strong></span> <span class='ocrx_word' id='word_1_527' title='bbox 2859 3095 2898 3122; x_wconf 80' lang='grc' dir='ltr'>ω</span> <span class='ocrx_word' id='word_1_528' title='bbox 2927 3087 3322 3156; x_wconf 89' lang='lat' dir='ltr'><strong>compellendo,</strong></span> <span class='ocrx_word' id='word_1_529' title='bbox 3375 3088 3472 3143; x_wconf 86' lang='lat' dir='ltr'><strong>sed</strong></span> <span class='ocrx_word' id='word_1_530' title='bbox 3510 3074 3718 3152; x_wconf 80' lang='lat' dir='ltr'><strong>ﬂendo;</strong></span> <span class='ocrx_word' id='word_1_531' title='bbox 3767 3101 3840 3139; x_wconf 83' lang='lat' dir='ltr'><strong>non</strong></span> 
     </span>
    </p>
   </div>
   <div class='ocr_carea' id='block_1_67' title="bbox 2296 3172 3839 3248">
    <p class='ocr_par' dir='ltr' id='par_1_67' title="bbox 2296 3172 3839 3248">
     <span class='ocr_line' id='line_1_67' title="bbox 2296 3172 3839 3248; baseline 0.002 -23"><span class='ocrx_word' id='word_1_532' title='bbox 2296 3172 2645 3241; x_wconf 80' lang='lat' dir='ltr'><strong>provocando</strong></span> <span class='ocrx_word' id='word_1_533' title='bbox 2693 3173 2918 3242; x_wconf 81' lang='lat' dir='ltr'><strong>injuriis,</strong></span> <span class='ocrx_word' id='word_1_534' title='bbox 2969 3175 3067 3230; x_wconf 88' lang='lat' dir='ltr'><strong>sed</strong></span> <span class='ocrx_word' id='word_1_535' title='bbox 3113 3177 3363 3248; x_wconf 78' lang='lat' dir='ltr'><strong>lacrymis</strong></span> <span class='ocrx_word' id='word_1_536' title='bbox 3409 3177 3718 3241; x_wconf 78' lang='lat' dir='ltr'><strong>exorando;</strong></span> <span class='ocrx_word' id='word_1_537' title='bbox 3764 3189 3839 3228; x_wconf 79' lang='lat' dir='ltr'><strong>tum</strong></span> 
     </span>
    </p>
   </div>
   <div class='ocr_carea' id='block_1_68' title="bbox 2298 3264 3842 3339">
    <p class='ocr_par' dir='ltr' id='par_1_68' title="bbox 2298 3264 3842 3339">
     <span class='ocr_line' id='line_1_68' title="bbox 2298 3264 3842 3339; baseline 0.001 -21"><span class='ocrx_word' id='word_1_538' title='bbox 2298 3264 2719 3334; x_wconf 89' lang='lat' dir='ltr'><strong>blasphemando</strong></span> <span class='ocrx_word' id='word_1_539' title='bbox 2750 3283 2847 3337; x_wconf 84' lang='lat' dir='ltr'><strong>per</strong></span> <span class='ocrx_word' id='word_1_540' title='bbox 2874 3269 3199 3336; x_wconf 88' lang='lat' dir='ltr'><strong>superbiam,</strong></span> <span class='ocrx_word' id='word_1_541' title='bbox 3251 3271 3345 3324; x_wconf 88' lang='lat' dir='ltr'><strong>sed</strong></span> <span class='ocrx_word' id='word_1_542' title='bbox 3398 3286 3496 3339; x_wconf 90' lang='lat' dir='ltr'><strong>per</strong></span> <span class='ocrx_word' id='word_1_543' title='bbox 3534 3270 3842 3325; x_wconf 81' lang='lat' dir='ltr'><strong>humilitatem</strong></span> 
     </span>
    </p>
   </div>
   <div class='ocr_carea' id='block_1_69' title="bbox 2299 3356 3844 3428">
    <p class='ocr_par' dir='ltr' id='par_1_69' title="bbox 2299 3356 3844 3428">
     <span class='ocr_line' id='line_1_69' title="bbox 2299 3356 3844 3428; baseline -0.001 -18"><span class='ocrx_word' id='word_1_544' title='bbox 2299 3357 2598 3410; x_wconf 70' lang='lat' dir='ltr'><strong>atterendo.</strong></span> <span class='ocrx_word' id='word_1_545' title='bbox 2631 3356 2676 3410; x_wconf 88' lang='grc' dir='ltr'><strong>Ο</strong></span> <span class='ocrx_word' id='word_1_546' title='bbox 2700 3357 2859 3411; x_wconf 88' lang='lat' dir='ltr'><strong>beata</strong></span> <span class='ocrx_word' id='word_1_547' title='bbox 2906 3359 3193 3413; x_wconf 77' lang='lat' dir='ltr'><strong>violentia!</strong></span> <span class='ocrx_word' id='word_1_548' title='bbox 3225 3374 3345 3428; x_wconf 71' lang='lat' dir='ltr'><strong>qua:</strong></span> <span class='ocrx_word' id='word_1_549' title='bbox 3395 3376 3503 3413; x_wconf 88' lang='lat' dir='ltr'><strong>non</strong></span> <span class='ocrx_word' id='word_1_550' title='bbox 3531 3358 3844 3428; x_wconf 80' lang='lat' dir='ltr'><strong>indignatione</strong></span> 
     </span>
    </p>
   </div>
   <div class='ocr_carea' id='block_1_70' title="bbox 2300 3447 3843 3516">
    <p class='ocr_par' dir='ltr' id='par_1_70' title="bbox 2300 3447 3843 3516">
     <span class='ocr_line' id='line_1_70' title="bbox 2300 3447 3843 3516; baseline -0.001 -16"><span class='ocrx_word' id='word_1_551' title='bbox 2300 3449 2622 3516; x_wconf 89' lang='lat' dir='ltr'><strong>percutitur,</strong></span> <span class='ocrx_word' id='word_1_552' title='bbox 2653 3449 2746 3502; x_wconf 90' lang='lat' dir='ltr'><strong>sed</strong></span> <span class='ocrx_word' id='word_1_553' title='bbox 2775 3449 3142 3503; x_wconf 83' lang='lat' dir='ltr'><strong>misericordia</strong></span> <span class='ocrx_word' id='word_1_554' title='bbox 3190 3451 3536 3505; x_wconf 85' lang='lat' dir='ltr'><strong>condonatur</strong></span> <span class='ocrx_word' id='word_1_555' title='bbox 3559 3470 3572 3503; x_wconf 92' lang='lat'><strong>:</strong></span> <span class='ocrx_word' id='word_1_556' title='bbox 3597 3453 3762 3516; x_wconf 89' lang='lat' dir='ltr'><strong>beata,</strong></span> <span class='ocrx_word' id='word_1_557' title='bbox 3787 3447 3843 3500; x_wconf 87' lang='lat' dir='ltr'><strong>in-</strong></span> 
     </span>
    </p>
   </div>
   <div class='ocr_carea' id='block_1_71' title="bbox 2299 3537 3843 3607">
    <p class='ocr_par' dir='ltr' id='par_1_71' title="bbox 2299 3537 3843 3607">
     <span class='ocr_line' id='line_1_71' title="bbox 2299 3537 3843 3607; baseline -0.001 -18"><span class='ocrx_word' id='word_1_558' title='bbox 2299 3550 2482 3605; x_wconf 79' lang='lat' dir='ltr'><strong>quam,</strong></span> <span class='ocrx_word' id='word_1_559' title='bbox 2502 3537 2781 3605; x_wconf 75' lang='lat' dir='ltr'><strong>violentia,</strong></span> <span class='ocrx_word' id='word_1_560' title='bbox 2803 3552 2922 3605; x_wconf 67' lang='lat' dir='ltr'><strong>quae.</strong></span> <span class='ocrx_word' id='word_1_561' title='bbox 2944 3539 3048 3591; x_wconf 88' lang='lat' dir='ltr'><strong>vim</strong></span> <span class='ocrx_word' id='word_1_562' title='bbox 3075 3540 3295 3607; x_wconf 88' lang='lat' dir='ltr'><strong>patienti</strong></span> <span class='ocrx_word' id='word_1_563' title='bbox 3320 3541 3620 3599; x_wconf 86' lang='lat' dir='ltr'><strong>bonitatem</strong></span> <span class='ocrx_word' id='word_1_564' title='bbox 3648 3540 3792 3602; x_wconf 88' lang='lat' dir='ltr'><strong>elicit,</strong></span> <span class='ocrx_word' id='word_1_565' title='bbox 3807 3543 3843 3589; x_wconf 85' lang='lat' dir='ltr'><strong>et</strong></span> 
     </span>
    </p>
   </div>
   <div class='ocr_carea' id='block_1_72' title="bbox 2303 3628 3842 3698">
    <p class='ocr_par' dir='ltr' id='par_1_72' title="bbox 2303 3628 3842 3698">
     <span class='ocr_line' id='line_1_72' title="bbox 2303 3628 3842 3698; baseline 0.001 -18"><span class='ocrx_word' id='word_1_566' title='bbox 2303 3628 2584 3683; x_wconf 87' lang='lat' dir='ltr'><strong>utilitatem</strong></span> <span class='ocrx_word' id='word_1_567' title='bbox 2618 3629 2783 3698; x_wconf 76' lang='lat'><strong>396</strong></span> <span class='ocrx_word' id='word_1_568' title='bbox 2804 3629 2988 3682; x_wconf 90' lang='lat' dir='ltr'><strong>tribuit</strong></span> <span class='ocrx_word' id='word_1_569' title='bbox 3009 3628 3273 3684; x_wconf 84' lang='lat' dir='ltr'><strong>inferenti.</strong></span> <span class='ocrx_word' id='word_1_570' title='bbox 3302 3630 3438 3684; x_wconf 75' lang='lat' dir='ltr'><strong>Mala</strong></span> <span class='ocrx_word' id='word_1_571' title='bbox 3462 3646 3553 3685; x_wconf 86' lang='lat' dir='ltr'><strong>res</strong></span> <span class='ocrx_word' id='word_1_572' title='bbox 3574 3630 3842 3685; x_wconf 86' lang='lat' dir='ltr'><strong>admittitur.</strong></span> 
     </span>
    </p>
   </div>
   <div class='ocr_carea' id='block_1_73' title="bbox 2301 3718 3838 3789">
    <p class='ocr_par' dir='ltr' id='par_1_73' title="bbox 2301 3718 3838 3789">
     <span class='ocr_line' id='line_1_73' title="bbox 2301 3718 3838 3789; baseline -0.003 -16"><span class='ocrx_word' id='word_1_573' title='bbox 2301 3727 2357 3773; x_wconf 88' lang='lat' dir='ltr'><strong>et</strong></span> <span class='ocrx_word' id='word_1_574' title='bbox 2379 3719 2448 3773; x_wconf 85' lang='lat' dir='ltr'><strong>de</strong></span> <span class='ocrx_word' id='word_1_575' title='bbox 2475 3720 2666 3789; x_wconf 83' lang='lat' dir='ltr'><strong>injuria</strong></span> <span class='ocrx_word' id='word_1_576' title='bbox 2695 3735 2854 3774; x_wconf 81' lang='lat' dir='ltr'><strong>nemo</strong></span> <span class='ocrx_word' id='word_1_577' title='bbox 2901 3729 3178 3786; x_wconf 86' lang='lat' dir='ltr'><strong>causatur;</strong></span> <span class='ocrx_word' id='word_1_578' title='bbox 3209 3721 3288 3775; x_wconf 80' lang='lat' dir='ltr'><strong>vis</strong></span> <span class='ocrx_word' id='word_1_579' title='bbox 3316 3721 3642 3786; x_wconf 66' lang='lat' dir='ltr'><strong>admittitur,</strong></span> <span class='ocrx_word' id='word_1_580' title='bbox 3675 3728 3724 3776; x_wconf 89' lang='lat' dir='ltr'><strong>et</strong></span> <span class='ocrx_word' id='word_1_581' title='bbox 3747 3718 3838 3772; x_wconf 49' lang='lat' dir='ltr'><strong>reliv</strong></span> 
     </span>
    </p>
   </div>
   <div class='ocr_carea' id='block_1_74' title="bbox 2302 3808 3841 3880">
    <p class='ocr_par' dir='ltr' id='par_1_74' title="bbox 2302 3808 3841 3880">
     <span class='ocr_line' id='line_1_74' title="bbox 2302 3808 3841 3880; baseline -0.004 -17"><span class='ocrx_word' id='word_1_582' title='bbox 2302 3810 2392 3877; x_wconf 86' lang='lat' dir='ltr'><strong>gio</strong></span> <span class='ocrx_word' id='word_1_583' title='bbox 2431 3818 2779 3880; x_wconf 75' lang='lat' dir='ltr'><strong>pr0pagatur.</strong></span> <span class='ocrx_word' id='word_1_584' title='bbox 2844 3810 3096 3879; x_wconf 86' lang='lat' dir='ltr'><strong>Quisquis</strong></span> <span class='ocrx_word' id='word_1_585' title='bbox 3140 3812 3281 3866; x_wconf 81' lang='lat' dir='ltr'><strong>enim</strong></span> <span class='ocrx_word' id='word_1_586' title='bbox 3331 3813 3621 3868; x_wconf 86' lang='lat' dir='ltr'><strong>violentior</strong></span> <span class='ocrx_word' id='word_1_587' title='bbox 3671 3808 3841 3864; x_wconf 76' lang='lat' dir='ltr'><strong>Christo</strong></span> 
     </span>
    </p>
   </div>
   <div class='ocr_carea' id='block_1_75' title="bbox 621 3879 3843 3976">
    <p class='ocr_par' dir='ltr' id='par_1_75' title="bbox 621 3879 3843 3976">
     <span class='ocr_line' id='line_1_75' title="bbox 621 3879 3843 3976; baseline -0.002 -20"><span class='ocrx_word' id='word_1_588' title='bbox 621 3879 938 3976; x_wconf 64' lang='grc' dir='ltr'><strong>ξἐνίζιθπξιίω</strong></span> <span class='ocrx_word' id='word_1_589' title='bbox 965 3895 1080 3976; x_wconf 34' lang='lat' dir='ltr'><strong>at?</strong></span> <span class='ocrx_word' id='word_1_590' title='bbox 1102 3879 1249 3976; x_wconf 68' lang='grc' dir='ltr'><strong>τοξιιθ</strong></span> <span class='ocrx_word' id='word_1_591' title='bbox 1277 3881 1583 3976; x_wconf 51' lang='lat' dir='ltr'><strong>refriﬁsra‘,</strong></span> <span class='ocrx_word' id='word_1_592' title='bbox 1627 3893 1682 3939; x_wconf 74' lang='grc' dir='ltr'><strong>ει</strong></span> <span class='ocrx_word' id='word_1_593' title='bbox 1723 3887 1954 3976; x_wconf 57' lang='lat' dir='ltr'><strong>quodam</strong></span> <span class='ocrx_word' id='word_1_594' title='bbox 1999 3890 2198 3958; x_wconf 74' lang='lat' dir='ltr'><strong>irriguo</strong></span> <span class='ocrx_word' id='word_1_595' title='bbox 2227 3916 2273 3976; x_wconf 70' lang='grc' dir='ltr'>α</span> <span class='ocrx_word' id='word_1_596' title='bbox 2303 3899 2484 3965; x_wconf 64' lang='lat' dir='ltr'><strong>Egerit,</strong></span> <span class='ocrx_word' id='word_1_597' title='bbox 2516 3879 2822 3968; x_wconf 87' lang='lat' dir='ltr'><strong>religiosior</strong></span> <span class='ocrx_word' id='word_1_598' title='bbox 2850 3909 2876 3937; x_wconf 78' lang='grc' dir='ltr'><strong>ιι</strong></span> <span class='ocrx_word' id='word_1_599' title='bbox 2907 3901 3190 3957; x_wconf 89' lang='lat' dir='ltr'><strong>habebitur</strong></span> <span class='ocrx_word' id='word_1_600' title='bbox 3211 3917 3244 3956; x_wconf 87' lang='lat' dir='ltr'><strong>a</strong></span> <span class='ocrx_word' id='word_1_601' title='bbox 3271 3901 3508 3956; x_wconf 88' lang='lat' dir='ltr'><strong>Christo.</strong></span> <span class='ocrx_word' id='word_1_602' title='bbox 3544 3901 3843 3971; x_wconf 81' lang='lat' dir='ltr'><strong>Aggredimut</strong></span> 
     </span>
    </p>
   </div>
   <div class='ocr_carea' id='block_1_76' title="bbox 621 3968 2199 4047">
    <p class='ocr_par' dir='ltr' id='par_1_76' title="bbox 621 3968 2199 4047">
     <span class='ocr_line' id='line_1_76' title="bbox 621 3968 2199 4047; baseline 0.01 -29"><span class='ocrx_word' id='word_1_603' title='bbox 621 3968 879 4035; x_wconf 71' lang='lat' dir='ltr'><strong>largitatis</strong></span> <span class='ocrx_word' id='word_1_604' title='bbox 929 3968 1109 4021; x_wconf 89' lang='lat' dir='ltr'><strong>obruit</strong></span> <span class='ocrx_word' id='word_1_605' title='bbox 1159 3970 1404 4024; x_wconf 88' lang='lat' dir='ltr'><strong>incendia</strong></span> <span class='ocrx_word' id='word_1_606' title='bbox 1443 3972 1794 4041; x_wconf 90' lang='lat' dir='ltr'><strong>delictorum;</strong></span> <span class='ocrx_word' id='word_1_607' title='bbox 1825 3975 1850 4012; x_wconf 73' lang='grc' dir='ltr'><strong><em>ἀ</em></strong></span> <span class='ocrx_word' id='word_1_608' title='bbox 1880 3987 1938 4032; x_wconf 92' lang='lat' dir='ltr'><strong>ut</strong></span> <span class='ocrx_word' id='word_1_609' title='bbox 1956 3981 2199 4047; x_wconf 89' lang='lat' dir='ltr'><strong>quamvis</strong></span> 
     </span>
    </p>
   </div>
   <div class='ocr_carea' id='block_1_77' title="bbox 619 4056 2248 4140">
    <p class='ocr_par' dir='ltr' id='par_1_77' title="bbox 619 4056 2248 4140">
     <span class='ocr_line' id='line_1_77' title="bbox 619 4056 2248 4140; baseline 0.012 -31"><span class='ocrx_word' id='word_1_610' title='bbox 619 4056 854 4113; x_wconf 79' lang='lat' dir='ltr'><strong>oll&#39;ensus</strong></span> <span class='ocrx_word' id='word_1_611' title='bbox 881 4058 1044 4127; x_wconf 84' lang='lat' dir='ltr'><strong>Dens,</strong></span> <span class='ocrx_word' id='word_1_612' title='bbox 1064 4061 1305 4128; x_wconf 82' lang='lat' dir='ltr'><strong>quamvis</strong></span> <span class='ocrx_word' id='word_1_613' title='bbox 1323 4062 1636 4120; x_wconf 88' lang='lat' dir='ltr'><strong>criminibus</strong></span> <span class='ocrx_word' id='word_1_614' title='bbox 1663 4079 2006 4139; x_wconf 87' lang='lat' dir='ltr'><strong>provocatus,</strong></span> <span class='ocrx_word' id='word_1_615' title='bbox 2038 4087 2198 4140; x_wconf 85' lang='lat' dir='ltr'><strong>coga-</strong></span> <span class='ocrx_word' id='word_1_616' title='bbox 2239 4077 2248 4087; x_wconf 84' lang='lat'><strong>‘</strong></span> 
     </span>
    </p>
   </div>
   <div class='ocr_carea' id='block_1_78' title="bbox 619 4151 2197 4232">
    <p class='ocr_par' dir='ltr' id='par_1_78' title="bbox 619 4151 2197 4232">
     <span class='ocr_line' id='line_1_78' title="bbox 619 4151 2197 4232; baseline 0.009 -27"><span class='ocrx_word' id='word_1_617' title='bbox 619 4163 708 4205; x_wconf 87' lang='lat' dir='ltr'><strong>tnr</strong></span> <span class='ocrx_word' id='word_1_618' title='bbox 747 4151 979 4206; x_wconf 87' lang='lat' dir='ltr'><strong>liberare</strong></span> <span class='ocrx_word' id='word_1_619' title='bbox 1023 4152 1379 4209; x_wconf 86' lang='lat' dir='ltr'><strong>eleemosvnis</strong></span> <span class='ocrx_word' id='word_1_620' title='bbox 1427 4170 1588 4225; x_wconf 90' lang='lat' dir='ltr'><strong>quem</strong></span> <span class='ocrx_word' id='word_1_621' title='bbox 1643 4157 1979 4228; x_wconf 89' lang='lat' dir='ltr'><strong>disposuerat</strong></span> <span class='ocrx_word' id='word_1_622' title='bbox 2007 4165 2197 4232; x_wconf 91' lang='lat' dir='ltr'><strong>punire</strong></span> 
     </span>
    </p>
   </div>
   <div class='ocr_carea' id='block_1_79' title="bbox 619 4243 2195 4318">
    <p class='ocr_par' dir='ltr' id='par_1_79' title="bbox 619 4243 2195 4318">
     <span class='ocr_line' id='line_1_79' title="bbox 619 4243 2195 4318; baseline 0.009 -22"><span class='ocrx_word' id='word_1_623' title='bbox 619 4245 872 4314; x_wconf 84' lang='lat' dir='ltr'><strong>peccatis.</strong></span> <span class='ocrx_word' id='word_1_624' title='bbox 903 4243 1125 4312; x_wconf 81' lang='lat' dir='ltr'><strong>Cogitur</strong></span> <span class='ocrx_word' id='word_1_625' title='bbox 1147 4254 1171 4281; x_wconf 71' lang='grc' dir='ltr'><strong>θ</strong></span> <span class='ocrx_word' id='word_1_626' title='bbox 1201 4246 1344 4300; x_wconf 90' lang='lat' dir='ltr'><strong>enim</strong></span> <span class='ocrx_word' id='word_1_627' title='bbox 1364 4262 1393 4300; x_wconf 90' lang='lat' dir='ltr'><strong>a</strong></span> <span class='ocrx_word' id='word_1_628' title='bbox 1425 4249 1580 4303; x_wconf 89' lang='lat' dir='ltr'><strong>nobis</strong></span> <span class='ocrx_word' id='word_1_629' title='bbox 1607 4251 2032 4318; x_wconf 77' lang='lat' dir='ltr'><strong>quodammodo,</strong></span> <span class='ocrx_word' id='word_1_630' title='bbox 2070 4256 2195 4310; x_wconf 91' lang='lat' dir='ltr'><strong>dum</strong></span> 
     </span>
    </p>
   </div>
   <div class='ocr_carea' id='block_1_80' title="bbox 618 4333 2198 4416">
    <p class='ocr_par' dir='ltr' id='par_1_80' title="bbox 618 4333 2198 4416">
     <span class='ocr_line' id='line_1_80' title="bbox 618 4333 2198 4416; baseline 0.008 -26"><span class='ocrx_word' id='word_1_631' title='bbox 618 4333 958 4405; x_wconf 85' lang='lat' dir='ltr'><strong>compellitur</strong></span> <span class='ocrx_word' id='word_1_632' title='bbox 982 4353 1078 4406; x_wconf 87' lang='lat' dir='ltr'><strong>pro</strong></span> <span class='ocrx_word' id='word_1_633' title='bbox 1099 4339 1304 4393; x_wconf 88' lang='lat' dir='ltr'><strong>actibus</strong></span> <span class='ocrx_word' id='word_1_634' title='bbox 1326 4341 1523 4394; x_wconf 85' lang='lat' dir='ltr'><strong>nostris</strong></span> <span class='ocrx_word' id='word_1_635' title='bbox 1553 4350 1761 4397; x_wconf 80' lang='lat' dir='ltr'><strong>mutare</strong></span> <span class='ocrx_word' id='word_1_636' title='bbox 1787 4348 2198 4416; x_wconf 84' lang='lat' dir='ltr'><strong>sentcntiam,et</strong></span> 
     </span>
    </p>
   </div>
   <div class='ocr_carea' id='block_1_81' title="bbox 619 4427 2199 4507">
    <p class='ocr_par' dir='ltr' id='par_1_81' title="bbox 619 4427 2199 4507">
     <span class='ocr_line' id='line_1_81' title="bbox 619 4427 2199 4507; baseline 0.009 -28"><span class='ocrx_word' id='word_1_637' title='bbox 619 4427 672 4479; x_wconf 82' lang='lat' dir='ltr'><strong>in</strong></span> <span class='ocrx_word' id='word_1_638' title='bbox 705 4441 811 4481; x_wconf 91' lang='lat' dir='ltr'><strong>uno</strong></span> <span class='ocrx_word' id='word_1_639' title='bbox 831 4427 1128 4496; x_wconf 89' lang='lat' dir='ltr'><strong>eodemque</strong></span> <span class='ocrx_word' id='word_1_640' title='bbox 1153 4428 1370 4484; x_wconf 91' lang='lat' dir='ltr'><strong>homine</strong></span> <span class='ocrx_word' id='word_1_641' title='bbox 1399 4446 1540 4485; x_wconf 91' lang='lat' dir='ltr'><strong>nunc</strong></span> <span class='ocrx_word' id='word_1_642' title='bbox 1559 4433 1846 4488; x_wconf 86' lang='lat' dir='ltr'><strong>severitate</strong></span> <span class='ocrx_word' id='word_1_643' title='bbox 1860 4434 2055 4503; x_wconf 87' lang='lat' dir='ltr'><strong>judicis</strong></span> <span class='ocrx_word' id='word_1_644' title='bbox 2077 4455 2199 4507; x_wconf 80' lang='lat' dir='ltr'><strong>per-</strong></span> 
     </span>
    </p>
   </div>
   <div class='ocr_carea' id='block_1_82' title="bbox 619 4516 2199 4588">
    <p class='ocr_par' dir='ltr' id='par_1_82' title="bbox 619 4516 2199 4588">
     <span class='ocr_line' id='line_1_82' title="bbox 619 4516 2199 4588; baseline 0.009 -17"><span class='ocrx_word' id='word_1_645' title='bbox 619 4516 847 4581; x_wconf 74' lang='lat' dir='ltr'><strong>moveri,</strong></span> <span class='ocrx_word' id='word_1_646' title='bbox 901 4526 1045 4570; x_wconf 83' lang='lat' dir='ltr'><strong>nunc</strong></span> <span class='ocrx_word' id='word_1_647' title='bbox 1094 4518 1262 4586; x_wconf 87' lang='lat' dir='ltr'><strong>patris</strong></span> <span class='ocrx_word' id='word_1_648' title='bbox 1315 4518 1520 4588; x_wconf 88' lang='lat' dir='ltr'><strong>pietate</strong></span> <span class='ocrx_word' id='word_1_649' title='bbox 1570 4521 1821 4579; x_wconf 88' lang='lat' dir='ltr'><strong>blandiri.</strong></span> <span class='ocrx_word' id='word_1_650' title='bbox 1853 4523 2021 4581; x_wconf 87' lang='lat' dir='ltr'><strong>Pater</strong></span> <span class='ocrx_word' id='word_1_651' title='bbox 2042 4531 2199 4584; x_wconf 86' lang='lat' dir='ltr'><strong>nobis</strong></span> 
     </span>
    </p>
   </div>
   <div class='ocr_carea' id='block_1_83' title="bbox 618 4601 2198 4678">
    <p class='ocr_par' dir='ltr' id='par_1_83' title="bbox 618 4601 2198 4678">
     <span class='ocr_line' id='line_1_83' title="bbox 618 4601 2198 4678; baseline 0.009 -19"><span class='ocrx_word' id='word_1_652' title='bbox 618 4605 763 4659; x_wconf 78' lang='lat' dir='ltr'><strong>enim</strong></span> <span class='ocrx_word' id='word_1_653' title='bbox 789 4611 872 4658; x_wconf 91' lang='lat' dir='ltr'><strong>est</strong></span> <span class='ocrx_word' id='word_1_654' title='bbox 908 4602 1057 4659; x_wconf 86' lang='lat' dir='ltr'><strong>Deus</strong></span> <span class='ocrx_word' id='word_1_655' title='bbox 1077 4621 1197 4659; x_wconf 89' lang='lat' dir='ltr'><strong>cum</strong></span> <span class='ocrx_word' id='word_1_656' title='bbox 1223 4607 1362 4661; x_wconf 90' lang='lat' dir='ltr'><strong>bene</strong></span> <span class='ocrx_word' id='word_1_657' title='bbox 1389 4609 1614 4676; x_wconf 89' lang='lat' dir='ltr'><strong>agimus,</strong></span> <span class='ocrx_word' id='word_1_658' title='bbox 1643 4601 1806 4678; x_wconf 75' lang='lat' dir='ltr'><strong>iudex</strong></span> <span class='ocrx_word' id='word_1_659' title='bbox 1853 4626 2038 4671; x_wconf 89' lang='lat' dir='ltr'><strong>noster</strong></span> <span class='ocrx_word' id='word_1_660' title='bbox 2072 4619 2087 4655; x_wconf 74' lang='grc' dir='ltr'><strong>ί</strong></span> <span class='ocrx_word' id='word_1_661' title='bbox 2116 4629 2198 4674; x_wconf 89' lang='lat' dir='ltr'><strong>est</strong></span> 
     </span>
    </p>
   </div>
   <div class='ocr_carea' id='block_1_84' title="bbox 692 4727 2202 4806">
    <p class='ocr_par' dir='ltr' id='par_1_84' title="bbox 692 4727 2202 4806">
     <span class='ocr_line' id='line_1_84' title="bbox 692 4727 2202 4806; baseline 0.007 -24"><span class='ocrx_word' id='word_1_662' title='bbox 692 4737 718 4765; x_wconf 71' lang='grc'><strong>⁸</strong></span> <span class='ocrx_word' id='word_1_663' title='bbox 746 4727 917 4783; x_wconf 83' lang='lat' dir='ltr'><strong>Codd.</strong></span> <span class='ocrx_word' id='word_1_664' title='bbox 965 4728 1119 4783; x_wconf 87' lang='lat' dir='ltr'><strong>basil.</strong></span> <span class='ocrx_word' id='word_1_665' title='bbox 1177 4729 1392 4784; x_wconf 78' lang='lat' dir='ltr'><strong>Mediol.</strong></span> <span class='ocrx_word' id='word_1_666' title='bbox 1439 4739 1497 4785; x_wconf 89' lang='lat' dir='ltr'><strong>et</strong></span> <span class='ocrx_word' id='word_1_667' title='bbox 1542 4731 1710 4788; x_wconf 80' lang='lat' dir='ltr'><strong>Mont.</strong></span> <span class='ocrx_word' id='word_1_668' title='bbox 1745 4732 1904 4800; x_wconf 86' lang='lat' dir='ltr'><strong>Oliv.,</strong></span> <span class='ocrx_word' id='word_1_669' title='bbox 1939 4739 2202 4806; x_wconf 82' lang='lat' dir='ltr'><strong>superiore</strong></span> 
     </span>
    </p>
   </div>
   <div class='ocr_carea' id='block_1_85' title="bbox 619 4806 2202 4940">
    <p class='ocr_par' dir='ltr' id='par_1_85' title="bbox 619 4806 2202 4940">
     <span class='ocr_line' id='line_1_85' title="bbox 619 4806 2202 4940; baseline 0.008 -22"><span class='ocrx_word' id='word_1_670' title='bbox 903 4866 1141 4934; x_wconf 87' lang='lat' dir='ltr'><strong>ejusdem</strong></span> <span class='ocrx_word' id='word_1_671' title='bbox 1165 4867 1341 4940; x_wconf 82' lang='lat' dir='ltr'><strong>basil.,</strong></span> <span class='ocrx_word' id='word_1_672' title='bbox 1378 4868 1440 4922; x_wconf 82' lang='lat' dir='ltr'><strong>In</strong></span> <span class='ocrx_word' id='word_1_673' title='bbox 1463 4887 1562 4940; x_wconf 83' lang='lat' dir='ltr'><strong>qua</strong></span> <span class='ocrx_word' id='word_1_674' title='bbox 1603 4874 1696 4926; x_wconf 89' lang='lat' dir='ltr'><strong>etsi</strong></span> <span class='ocrx_word' id='word_1_675' title='bbox 1720 4873 1830 4928; x_wconf 88' lang='lat' dir='ltr'><strong>dies</strong></span> <span class='ocrx_word' id='word_1_676' title='bbox 1859 4875 2202 4931; x_wconf 81' lang='lat' dir='ltr'><strong>solemnitatis</strong></span> 
     </span>
    </p>
   </div>
   <div class='ocr_carea' id='block_1_86' title="bbox 618 4937 2200 5013">
    <p class='ocr_par' dir='ltr' id='par_1_86' title="bbox 618 4937 2200 5013">
     <span class='ocr_line' id='line_1_86' title="bbox 618 4937 2200 5013; baseline 0.009 -26"><span class='ocrx_word' id='word_1_677' title='bbox 618 4937 1004 5013; x_wconf 66' lang='lat' dir='ltr'><strong>ejustranseat,</strong></span> <span class='ocrx_word' id='word_1_678' title='bbox 1037 4938 1175 5005; x_wconf 80' lang='lat' dir='ltr'><strong>apud</strong></span> <span class='ocrx_word' id='word_1_679' title='bbox 1202 4954 1312 5013; x_wconf 71' lang='lat' dir='ltr'><strong>nos</strong></span> <span class='ocrx_word' id='word_1_680' title='bbox 1340 4937 1508 5013; x_wconf 73' lang='lat' dir='ltr'><strong>tamen</strong></span> <span class='ocrx_word' id='word_1_681' title='bbox 1551 4945 1894 5012; x_wconf 76' lang='lat' dir='ltr'><strong>sanctiﬁcatio</strong></span> <span class='ocrx_word' id='word_1_682' title='bbox 1923 4947 2106 5013; x_wconf 86' lang='lat' dir='ltr'><strong>ipsius,</strong></span> <span class='ocrx_word' id='word_1_683' title='bbox 2150 4957 2200 5000; x_wconf 87' lang='lat' dir='ltr'><strong>et</strong></span> 
     </span>
    </p>
   </div>
   <div class='ocr_carea' id='block_1_87' title="bbox 619 5007 2198 5078">
    <p class='ocr_par' dir='ltr' id='par_1_87' title="bbox 619 5007 2198 5078">
     <span class='ocr_line' id='line_1_87' title="bbox 619 5007 2198 5078; baseline 0.008 -20"><span class='ocrx_word' id='word_1_684' title='bbox 619 5007 879 5060; x_wconf 82' lang='lat' dir='ltr'><strong>beatitudo</strong></span> <span class='ocrx_word' id='word_1_685' title='bbox 923 5018 1247 5078; x_wconf 70' lang='lat' dir='ltr'><strong>permaneat;</strong></span> <span class='ocrx_word' id='word_1_686' title='bbox 1295 5010 1349 5061; x_wconf 93' lang='lat' dir='ltr'><strong>in</strong></span> <span class='ocrx_word' id='word_1_687' title='bbox 1395 5011 1625 5078; x_wconf 74' lang='lat' dir='ltr'><strong>futurum</strong></span> <span class='ocrx_word' id='word_1_688' title='bbox 1676 5007 1746 5065; x_wconf 79' lang='lat' dir='ltr'><strong>ad</strong></span> <span class='ocrx_word' id='word_1_689' title='bbox 1804 5007 2198 5078; x_wconf 68' lang='lat' dir='ltr'><strong>prtedestinatos</strong></span> 
     </span>
    </p>
   </div>
   <div class='ocr_carea' id='block_1_88' title="bbox 619 5075 2193 5145">
    <p class='ocr_par' dir='ltr' id='par_1_88' title="bbox 619 5075 2193 5145">
     <span class='ocr_line' id='line_1_88' title="bbox 619 5075 2193 5145; baseline 0.008 -18"><span class='ocrx_word' id='word_1_690' title='bbox 619 5085 884 5145; x_wconf 60' lang='lat' dir='ltr'><strong>trnseat;</strong></span> <span class='ocrx_word' id='word_1_691' title='bbox 935 5075 1004 5145; x_wconf 76' lang='lat' dir='ltr'><strong>in</strong></span> <span class='ocrx_word' id='word_1_692' title='bbox 1035 5078 1294 5145; x_wconf 70' lang='lat' dir='ltr'><strong>praterito</strong></span> <span class='ocrx_word' id='word_1_693' title='bbox 1340 5075 1608 5132; x_wconf 57' lang='lat' dir='ltr'><strong>reinaneat</strong></span> <span class='ocrx_word' id='word_1_694' title='bbox 1658 5083 1727 5134; x_wconf 79' lang='lat' dir='ltr'><strong>ad</strong></span> <span class='ocrx_word' id='word_1_695' title='bbox 1775 5075 1995 5137; x_wconf 80' lang='lat' dir='ltr'><strong>devotos.</strong></span> <span class='ocrx_word' id='word_1_696' title='bbox 2022 5084 2193 5140; x_wconf 89' lang='lat' dir='ltr'><strong>Codd.</strong></span> 
     </span>
    </p>
   </div>
   <div class='ocr_carea' id='block_1_89' title="bbox 624 5144 2273 5248">
    <p class='ocr_par' dir='ltr' id='par_1_89' title="bbox 624 5144 2273 5248">
     <span class='ocr_line' id='line_1_89' title="bbox 624 5144 2273 5248; baseline 0.002 0"><span class='ocrx_word' id='word_1_697' title='bbox 624 5144 1298 5248; x_wconf 61' lang='lat' dir='ltr'><strong>9:R°:e:;.e*.9¢312;3.25.</strong></span> <span class='ocrx_word' id='word_1_698' title='bbox 1559 5160 1614 5248; x_wconf 63' lang='grc' dir='ltr'><strong>ιιι</strong></span> <span class='ocrx_word' id='word_1_699' title='bbox 1633 5153 1692 5248; x_wconf 60' lang='grc' dir='ltr'><strong>δη</strong></span> <span class='ocrx_word' id='word_1_700' title='bbox 1971 5156 2040 5207; x_wconf 70' lang='grc' dir='ltr'><em>αα</em></span> <span class='ocrx_word' id='word_1_701' title='bbox 2228 5189 2273 5248; x_wconf 81' lang='grc' dir='ltr'>υ</span> 
     </span>
    </p>
   </div>
   <div class='ocr_carea' id='block_1_90' title="bbox 621 5217 1855 5285">
    <p class='ocr_par' dir='ltr' id='par_1_90' title="bbox 621 5217 1855 5285">
     <span class='ocr_line' id='line_1_90' title="bbox 621 5217 1855 5285; baseline 0.006 -19"><span class='ocrx_word' id='word_1_702' title='bbox 621 5218 923 5285; x_wconf 72' lang='lat' dir='ltr'><strong>destinatos,</strong></span> <span class='ocrx_word' id='word_1_703' title='bbox 954 5218 1009 5268; x_wconf 87' lang='lat' dir='ltr'><strong>in</strong></span> <span class='ocrx_word' id='word_1_704' title='bbox 1031 5217 1258 5285; x_wconf 75' lang='lat' dir='ltr'><strong>futurum</strong></span> <span class='ocrx_word' id='word_1_705' title='bbox 1279 5225 1507 5270; x_wconf 85' lang='lat' dir='ltr'><strong>transeat</strong></span> <span class='ocrx_word' id='word_1_706' title='bbox 1535 5221 1602 5272; x_wconf 83' lang='lat' dir='ltr'><strong>ad</strong></span> <span class='ocrx_word' id='word_1_707' title='bbox 1629 5217 1855 5274; x_wconf 78' lang='lat' dir='ltr'><strong>det&#39;otos.</strong></span> 
     </span>
    </p>
   </div>
   <div class='ocr_carea' id='block_1_91' title="bbox 696 5284 2197 5358">
    <p class='ocr_par' dir='ltr' id='par_1_91' title="bbox 696 5284 2197 5358">
     <span class='ocr_line' id='line_1_91' title="bbox 696 5284 2197 5358; baseline 0.007 -21"><span class='ocrx_word' id='word_1_708' title='bbox 696 5296 716 5321; x_wconf 73' lang='grc' dir='ltr'>ε</span> <span class='ocrx_word' id='word_1_709' title='bbox 748 5284 916 5338; x_wconf 79' lang='lat' dir='ltr'><strong>Codd.</strong></span> <span class='ocrx_word' id='word_1_710' title='bbox 972 5284 1229 5340; x_wconf 76' lang='lat' dir='ltr'><strong>casinen.</strong></span> <span class='ocrx_word' id='word_1_711' title='bbox 1281 5285 1384 5338; x_wconf 75' lang='grc'><strong>105</strong></span> <span class='ocrx_word' id='word_1_712' title='bbox 1424 5299 1479 5341; x_wconf 89' lang='lat' dir='ltr'><strong>et</strong></span> <span class='ocrx_word' id='word_1_713' title='bbox 1533 5289 1698 5343; x_wconf 76' lang='lat' dir='ltr'><strong>Mont.</strong></span> <span class='ocrx_word' id='word_1_714' title='bbox 1729 5289 1946 5358; x_wconf 88' lang='lat' dir='ltr'><strong>Olivet.,</strong></span> <span class='ocrx_word' id='word_1_715' title='bbox 1975 5296 2197 5348; x_wconf 80' lang='lat' dir='ltr'><strong>acrimo-</strong></span> 
     </span>
    </p>
   </div>
   <div class='ocr_carea' id='block_1_92' title="bbox 617 5369 1811 5495">
    <p class='ocr_par' dir='ltr' id='par_1_92' title="bbox 617 5369 1811 5495">
     <span class='ocr_line' id='line_1_92' title="bbox 617 5369 1811 5495; baseline 0.034 -52"><span class='ocrx_word' id='word_1_716' title='bbox 617 5369 917 5495; x_wconf 56' lang='lat' dir='ltr'><strong>&quot;”f.&quot;&#39;(j:fj;i,_</strong></span> <span class='ocrx_word' id='word_1_717' title='bbox 946 5421 1196 5495; x_wconf 63' lang='lat' dir='ltr'><strong>Urbevet.</strong></span> <span class='ocrx_word' id='word_1_718' title='bbox 1230 5433 1285 5479; x_wconf 85' lang='lat' dir='ltr'><strong>et</strong></span> <span class='ocrx_word' id='word_1_719' title='bbox 1310 5426 1465 5480; x_wconf 84' lang='lat' dir='ltr'><strong>basil.</strong></span> <span class='ocrx_word' id='word_1_720' title='bbox 1496 5427 1734 5495; x_wconf 79' lang='lat' dir='ltr'><strong>Mediol.,</strong></span> <span class='ocrx_word' id='word_1_721' title='bbox 1761 5439 1811 5483; x_wconf 86' lang='lat' dir='ltr'><strong>et</strong></span> 
     </span>
    </p>
   </div>
   <div class='ocr_carea' id='block_1_93' title="bbox 1839 5435 2086 5501">
    <p class='ocr_par' dir='ltr' id='par_1_93' title="bbox 1839 5435 2086 5501">
     <span class='ocr_line' id='line_1_93' title="bbox 1839 5435 2086 5501; baseline 0.02 -20"><span class='ocrx_word' id='word_1_722' title='bbox 1839 5435 2086 5501; x_wconf 79' lang='lat' dir='ltr'><strong>quamvis.</strong></span> 
     </span>
    </p>
   </div>
   <div class='ocr_carea' id='block_1_94' title="bbox 694 5491 2238 5583">
    <p class='ocr_par' dir='ltr' id='par_1_94' title="bbox 694 5491 2238 5583">
     <span class='ocr_line' id='line_1_94' title="bbox 694 5491 2238 5583; baseline 0.007 -37"><span class='ocrx_word' id='word_1_723' title='bbox 694 5503 716 5529; x_wconf 73' lang='grc' dir='ltr'>ο</span> <span class='ocrx_word' id='word_1_724' title='bbox 747 5491 881 5583; x_wconf 48' lang='grc' dir='ltr'><strong>(ἆρά.</strong></span> <span class='ocrx_word' id='word_1_725' title='bbox 905 5492 1056 5583; x_wconf 54' lang='lat' dir='ltr'><strong>basjl.</strong></span> <span class='ocrx_word' id='word_1_726' title='bbox 1082 5493 1327 5583; x_wconf 41' lang='lat' dir='ltr'><strong>hille‘diol,</strong></span> <span class='ocrx_word' id='word_1_727' title='bbox 1349 5495 1562 5568; x_wconf 77' lang='lat' dir='ltr'><strong>Cogitur</strong></span> <span class='ocrx_word' id='word_1_728' title='bbox 1587 5491 1758 5554; x_wconf 75' lang='lat' dir='ltr'><strong>tanien</strong></span> <span class='ocrx_word' id='word_1_729' title='bbox 1790 5519 1821 5553; x_wconf 92' lang='lat' dir='ltr'><strong>a</strong></span> <span class='ocrx_word' id='word_1_730' title='bbox 1850 5491 1995 5555; x_wconf 76' lang='lat' dir='ltr'><strong>nobis</strong></span> <span class='ocrx_word' id='word_1_731' title='bbox 2019 5521 2195 5574; x_wconf 85' lang='lat' dir='ltr'><strong>quem-</strong></span> <span class='ocrx_word' id='word_1_732' title='bbox 2220 5569 2238 5583; x_wconf 32' lang='grc' dir='ltr'><strong>ς</strong></span> 
     </span>
    </p>
   </div>
   <div class='ocr_carea' id='block_1_95' title="bbox 621 5563 1384 5630">
    <p class='ocr_par' dir='ltr' id='par_1_95' title="bbox 621 5563 1384 5630">
     <span class='ocr_line' id='line_1_95' title="bbox 621 5563 1384 5630; baseline 0.008 -17"><span class='ocrx_word' id='word_1_733' title='bbox 621 5563 897 5614; x_wconf 82' lang='lat' dir='ltr'><strong>admodum</strong></span> <span class='ocrx_word' id='word_1_734' title='bbox 909 5564 1384 5630; x_wconf 10' lang='lat' dir='ltr'><strong>iconnielli&#39;turretc.</strong></span> 
     </span>
    </p>
   </div>
   <div class='ocr_carea' id='block_1_96' title="bbox 699 5629 1499 5690">
    <p class='ocr_par' dir='ltr' id='par_1_96' title="bbox 699 5629 1499 5690">
     <span class='ocr_line' id='line_1_96' title="bbox 699 5629 1499 5690; baseline 0.009 -8"><span class='ocrx_word' id='word_1_735' title='bbox 699 5634 714 5667; x_wconf 63' lang='grc'><strong>⁸⁷</strong></span> <span class='ocrx_word' id='word_1_736' title='bbox 736 5631 867 5684; x_wconf 74' lang='lat' dir='ltr'><strong>Cod.</strong></span> <span class='ocrx_word' id='word_1_737' title='bbox 907 5629 1157 5685; x_wconf 85' lang='lat' dir='ltr'><strong>Urbevet.</strong></span> <span class='ocrx_word' id='word_1_738' title='bbox 1181 5634 1380 5688; x_wconf 88' lang='lat' dir='ltr'><strong>omittit</strong></span> <span class='ocrx_word' id='word_1_739' title='bbox 1403 5645 1499 5690; x_wconf 86' lang='lat' dir='ltr'><strong>est.</strong></span> 
     </span>
    </p>
   </div>
   <div class='ocr_carea' id='block_1_97' title="bbox 696 5700 1534 5768">
    <p class='ocr_par' dir='ltr' id='par_1_97' title="bbox 696 5700 1534 5768">
     <span class='ocr_line' id='line_1_97' title="bbox 696 5700 1534 5768; baseline 0.007 -16"><span class='ocrx_word' id='word_1_740' title='bbox 696 5711 718 5744; x_wconf 67' lang='grc' dir='ltr'><strong>Β</strong></span> <span class='ocrx_word' id='word_1_741' title='bbox 746 5702 877 5756; x_wconf 72' lang='grc' dir='ltr'><strong>(Στοά.</strong></span> <span class='ocrx_word' id='word_1_742' title='bbox 903 5700 1180 5768; x_wconf 87' lang='lat' dir='ltr'><strong>Urbevet.,</strong></span> <span class='ocrx_word' id='word_1_743' title='bbox 1205 5705 1300 5757; x_wconf 65' lang='lat' dir='ltr'><strong>vim</strong></span> <span class='ocrx_word' id='word_1_744' title='bbox 1321 5710 1534 5768; x_wconf 86' lang='lat' dir='ltr'><strong>patitur.</strong></span> 
     </span>
    </p>
   </div>
   <div class='ocr_carea' id='block_1_98' title="bbox 695 5723 2194 5847">
    <p class='ocr_par' dir='ltr' id='par_1_98' title="bbox 695 5723 2194 5847">
     <span class='ocr_line' id='line_1_98' title="bbox 696 5723 1534 5768; baseline 0.007 -16"><span class='ocrx_word' id='word_1_745' title='bbox 696 5723 716 5744; x_wconf 70' lang='grc' dir='ltr'>ε</span> <span class='ocrx_word' id='word_1_746' title='bbox 746 5723 877 5756; x_wconf 59' lang='lat' dir='ltr'><strong>(mu.</strong></span> <span class='ocrx_word' id='word_1_747' title='bbox 905 5723 1180 5768; x_wconf 60' lang='lat' dir='ltr'><strong>urucveu,</strong></span> <span class='ocrx_word' id='word_1_748' title='bbox 1205 5723 1300 5757; x_wconf 62' lang='lat' dir='ltr'><strong>vim</strong></span> <span class='ocrx_word' id='word_1_749' title='bbox 1355 5723 1534 5760; x_wconf 86' lang='lat' dir='ltr'><strong>amur.</strong></span> 
     </span>
     <span class='ocr_line' id='line_1_99' title="bbox 695 5723 2194 5847; baseline 0.009 -25"><span class='ocrx_word' id='word_1_750' title='bbox 695 5769 721 5809; x_wconf 63' lang='grc' dir='ltr'><strong>ι</strong></span> <span class='ocrx_word' id='word_1_751' title='bbox 748 5769 916 5824; x_wconf 77' lang='lat' dir='ltr'><strong>Codd.</strong></span> <span class='ocrx_word' id='word_1_752' title='bbox 952 5769 1200 5828; x_wconf 87' lang='lat' dir='ltr'><strong>Urbcvet.</strong></span> <span class='ocrx_word' id='word_1_753' title='bbox 1235 5783 1290 5829; x_wconf 87' lang='lat' dir='ltr'><strong>et.</strong></span> <span class='ocrx_word' id='word_1_754' title='bbox 1319 5723 1474 5833; x_wconf 64' lang='lat' dir='ltr'><strong>Easil.</strong></span> <span class='ocrx_word' id='word_1_755' title='bbox 1505 5777 1740 5846; x_wconf 82' lang='lat' dir='ltr'><strong>Mediol.,</strong></span> <span class='ocrx_word' id='word_1_756' title='bbox 1774 5781 2004 5847; x_wconf 76' lang='lat' dir='ltr'><strong>Regnum</strong></span> <span class='ocrx_word' id='word_1_757' title='bbox 2046 5782 2194 5836; x_wconf 66' lang='lat' dir='ltr'><strong>melo-</strong></span> 
     </span>
    </p>
   </div>
   <div class='ocr_carea' id='block_1_99' title="bbox 2302 3989 3843 4062">
    <p class='ocr_par' dir='ltr' id='par_1_99' title="bbox 2302 3989 3843 4062">
     <span class='ocr_line' id='line_1_100' title="bbox 2302 3989 3843 4062; baseline -0.003 -19"><span class='ocrx_word' id='word_1_758' title='bbox 2302 4004 2432 4057; x_wconf 83' lang='lat' dir='ltr'><strong>ergo</strong></span> <span class='ocrx_word' id='word_1_759' title='bbox 2454 3991 2506 4043; x_wconf 95' lang='lat' dir='ltr'><strong>in</strong></span> <span class='ocrx_word' id='word_1_760' title='bbox 2529 3991 2724 4044; x_wconf 88' lang='lat' dir='ltr'><strong>itinere</strong></span> <span class='ocrx_word' id='word_1_761' title='bbox 2746 3989 3051 4056; x_wconf 90' lang='lat' dir='ltr'><strong>Dominum,</strong></span> <span class='ocrx_word' id='word_1_762' title='bbox 3076 3992 3338 4061; x_wconf 88' lang='lat' dir='ltr'><strong>siquidem</strong></span> <span class='ocrx_word' id='word_1_763' title='bbox 3365 3994 3478 4062; x_wconf 89' lang='lat' dir='ltr'><strong>ipse</strong></span> <span class='ocrx_word' id='word_1_764' title='bbox 3500 4002 3584 4048; x_wconf 88' lang='lat' dir='ltr'><strong>est</strong></span> <span class='ocrx_word' id='word_1_765' title='bbox 3603 3993 3684 4046; x_wconf 85' lang='lat' dir='ltr'><strong>via</strong></span> <span class='ocrx_word' id='word_1_766' title='bbox 3706 3990 3843 4061; x_wconf 79' lang='lat' dir='ltr'><strong>(Joan.</strong></span> 
     </span>
    </p>
   </div>
   <div class='ocr_carea' id='block_1_100' title="bbox 2302 4078 3843 4154">
    <p class='ocr_par' dir='ltr' id='par_1_100' title="bbox 2302 4078 3843 4154">
     <span class='ocr_line' id='line_1_101' title="bbox 2302 4078 3843 4154; baseline -0.005 -19"><span class='ocrx_word' id='word_1_767' title='bbox 2302 4098 2410 4144; x_wconf 80' lang='lat' dir='ltr'><strong>xw,</strong></span> <span class='ocrx_word' id='word_1_768' title='bbox 2440 4081 2530 4151; x_wconf 84' lang='lat'><strong>6),</strong></span> <span class='ocrx_word' id='word_1_769' title='bbox 2562 4090 2618 4136; x_wconf 90' lang='lat' dir='ltr'><strong>et</strong></span> <span class='ocrx_word' id='word_1_770' title='bbox 2665 4097 2816 4136; x_wconf 91' lang='lat' dir='ltr'><strong>more</strong></span> <span class='ocrx_word' id='word_1_771' title='bbox 2864 4083 3133 4136; x_wconf 83' lang='lat' dir='ltr'><strong>latronum</strong></span> <span class='ocrx_word' id='word_1_772' title='bbox 3166 4095 3190 4118; x_wconf 84' lang='grc' dir='ltr'><strong>υ</strong></span> <span class='ocrx_word' id='word_1_773' title='bbox 3217 4083 3326 4137; x_wconf 81' lang='lat' dir='ltr'><strong>suis</strong></span> <span class='ocrx_word' id='word_1_774' title='bbox 3355 4100 3478 4137; x_wconf 87' lang='lat' dir='ltr'><strong>cum</strong></span> <span class='ocrx_word' id='word_1_775' title='bbox 3510 4084 3731 4154; x_wconf 84' lang='lat' dir='ltr'><strong>spoliare</strong></span> <span class='ocrx_word' id='word_1_776' title='bbox 3756 4078 3843 4132; x_wconf 81' lang='lat' dir='ltr'><strong>niti-</strong></span> 
     </span>
    </p>
   </div>
   <div class='ocr_carea' id='block_1_101' title="bbox 2302 4173 3844 4242">
    <p class='ocr_par' dir='ltr' id='par_1_101' title="bbox 2302 4173 3844 4242">
     <span class='ocr_line' id='line_1_102' title="bbox 2302 4173 3844 4242; baseline -0.001 -16"><span class='ocrx_word' id='word_1_777' title='bbox 2302 4188 2421 4226; x_wconf 89' lang='lat' dir='ltr'><strong>mur</strong></span> <span class='ocrx_word' id='word_1_778' title='bbox 2470 4174 2726 4227; x_wconf 84' lang='lat' dir='ltr'><strong>vestibus.</strong></span> <span class='ocrx_word' id='word_1_779' title='bbox 2757 4173 3013 4242; x_wconf 86' lang='lat' dir='ltr'><strong>Cupimus</strong></span> <span class='ocrx_word' id='word_1_780' title='bbox 3043 4174 3114 4226; x_wconf 91' lang='lat' dir='ltr'><strong>illi</strong></span> <span class='ocrx_word' id='word_1_781' title='bbox 3146 4173 3358 4228; x_wconf 87' lang='lat' dir='ltr'><strong>auferre</strong></span> <span class='ocrx_word' id='word_1_782' title='bbox 3386 4188 3632 4242; x_wconf 80' lang='lat' dir='ltr'><strong>regnum,</strong></span> <span class='ocrx_word' id='word_1_783' title='bbox 3675 4173 3844 4226; x_wconf 78' lang='lat' dir='ltr'><strong>thesau-</strong></span> 
     </span>
    </p>
   </div>
   <div class='ocr_carea' id='block_1_102' title="bbox 2303 4263 3842 4333">
    <p class='ocr_par' dir='ltr' id='par_1_102' title="bbox 2303 4263 3842 4333">
     <span class='ocr_line' id='line_1_103' title="bbox 2303 4263 3842 4333; baseline -0.006 -16"><span class='ocrx_word' id='word_1_784' title='bbox 2303 4279 2419 4327; x_wconf 88' lang='lat' dir='ltr'><strong>ros,</strong></span> <span class='ocrx_word' id='word_1_785' title='bbox 2446 4263 2684 4318; x_wconf 75' lang='lat' dir='ltr'><strong>etvitam</strong></span> <span class='ocrx_word' id='word_1_786' title='bbox 2707 4281 2730 4328; x_wconf 87' lang='lat'><strong>;.</strong></span> <span class='ocrx_word' id='word_1_787' title='bbox 2754 4264 2848 4317; x_wconf 89' lang='lat' dir='ltr'><strong>sed</strong></span> <span class='ocrx_word' id='word_1_788' title='bbox 2871 4264 2958 4318; x_wconf 92' lang='lat' dir='ltr'><strong>ille</strong></span> <span class='ocrx_word' id='word_1_789' title='bbox 2989 4273 3096 4318; x_wconf 88' lang='lat' dir='ltr'><strong>tam</strong></span> <span class='ocrx_word' id='word_1_790' title='bbox 3124 4264 3272 4319; x_wconf 89' lang='lat' dir='ltr'><strong>dives</strong></span> <span class='ocrx_word' id='word_1_791' title='bbox 3296 4274 3352 4319; x_wconf 90' lang='lat' dir='ltr'><strong>et</strong></span> <span class='ocrx_word' id='word_1_792' title='bbox 3373 4265 3552 4333; x_wconf 87' lang='lat' dir='ltr'><strong>largus</strong></span> <span class='ocrx_word' id='word_1_793' title='bbox 3577 4274 3672 4331; x_wconf 88' lang='lat' dir='ltr'><strong>est,</strong></span> <span class='ocrx_word' id='word_1_794' title='bbox 3698 4272 3842 4316; x_wconf 78' lang='lat' dir='ltr'><strong>utnon</strong></span> 
     </span>
    </p>
   </div>
   <div class='ocr_carea' id='block_1_103' title="bbox 2304 4349 3842 4420">
    <p class='ocr_par' dir='ltr' id='par_1_103' title="bbox 2304 4349 3842 4420">
     <span class='ocr_line' id='line_1_104' title="bbox 2304 4349 3842 4420; baseline -0.005 -13"><span class='ocrx_word' id='word_1_795' title='bbox 2304 4355 2521 4417; x_wconf 86' lang='lat' dir='ltr'><strong>abnuat,</strong></span> <span class='ocrx_word' id='word_1_796' title='bbox 2554 4370 2661 4408; x_wconf 90' lang='lat' dir='ltr'><strong>non</strong></span> <span class='ocrx_word' id='word_1_797' title='bbox 2689 4354 2933 4418; x_wconf 85' lang='lat' dir='ltr'><strong>resistat;</strong></span> <span class='ocrx_word' id='word_1_798' title='bbox 2963 4363 3018 4409; x_wconf 92' lang='lat' dir='ltr'><strong>et</strong></span> <span class='ocrx_word' id='word_1_799' title='bbox 3045 4371 3166 4409; x_wconf 89' lang='lat' dir='ltr'><strong>cum</strong></span> <span class='ocrx_word' id='word_1_800' title='bbox 3201 4355 3380 4410; x_wconf 88' lang='lat' dir='ltr'><strong>omnia</strong></span> <span class='ocrx_word' id='word_1_801' title='bbox 3409 4356 3636 4420; x_wconf 89' lang='lat' dir='ltr'><strong>dederit,</strong></span> <span class='ocrx_word' id='word_1_802' title='bbox 3693 4349 3842 4406; x_wconf 85' lang='lat' dir='ltr'><strong>nihilo-</strong></span> 
     </span>
    </p>
   </div>
   <div class='ocr_carea' id='block_1_104' title="bbox 2303 4444 3840 4515">
    <p class='ocr_par' dir='ltr' id='par_1_104' title="bbox 2303 4444 3840 4515">
     <span class='ocr_line' id='line_1_105' title="bbox 2303 4444 3840 4515; baseline 0.001 -17"><span class='ocrx_word' id='word_1_803' title='bbox 2303 4446 2477 4499; x_wconf 84' lang='lat' dir='ltr'><strong>minus</strong></span> <span class='ocrx_word' id='word_1_804' title='bbox 2508 4445 2621 4514; x_wconf 91' lang='lat' dir='ltr'><strong>ipse</strong></span> <span class='ocrx_word' id='word_1_805' title='bbox 2646 4445 2825 4499; x_wconf 91' lang='lat' dir='ltr'><strong>omnia</strong></span> <span class='ocrx_word' id='word_1_806' title='bbox 2867 4456 2894 4495; x_wconf 68' lang='grc' dir='ltr'><strong>ιι</strong></span> <span class='ocrx_word' id='word_1_807' title='bbox 2919 4445 3211 4515; x_wconf 86' lang='lat' dir='ltr'><strong>possideat.</strong></span> <span class='ocrx_word' id='word_1_808' title='bbox 3248 4444 3620 4513; x_wconf 84' lang='lat' dir='ltr'><strong>Aggrcdimur,</strong></span> <span class='ocrx_word' id='word_1_809' title='bbox 3645 4446 3840 4512; x_wconf 72' lang='lat' dir='ltr'><strong>inquam.</strong></span> 
     </span>
    </p>
   </div>
   <div class='ocr_carea' id='block_1_105' title="bbox 2307 4534 3841 4603">
    <p class='ocr_par' dir='ltr' id='par_1_105' title="bbox 2307 4534 3841 4603">
     <span class='ocr_line' id='line_1_106' title="bbox 2307 4534 3841 4603; baseline -0.005 -17"><span class='ocrx_word' id='word_1_810' title='bbox 2307 4535 2455 4595; x_wconf 81' lang='lat' dir='ltr'><strong>illum</strong></span> <span class='ocrx_word' id='word_1_811' title='bbox 2474 4551 2583 4589; x_wconf 90' lang='lat' dir='ltr'><strong>non</strong></span> <span class='ocrx_word' id='word_1_812' title='bbox 2613 4534 2776 4599; x_wconf 83' lang='lat' dir='ltr'><strong>ferro,</strong></span> <span class='ocrx_word' id='word_1_813' title='bbox 2808 4550 2916 4590; x_wconf 88' lang='lat' dir='ltr'><strong>non</strong></span> <span class='ocrx_word' id='word_1_814' title='bbox 2941 4535 3102 4601; x_wconf 88' lang='lat' dir='ltr'><strong>fuste,</strong></span> <span class='ocrx_word' id='word_1_815' title='bbox 3131 4551 3236 4590; x_wconf 90' lang='lat' dir='ltr'><strong>non</strong></span> <span class='ocrx_word' id='word_1_816' title='bbox 3265 4550 3423 4603; x_wconf 80' lang='lat' dir='ltr'><strong>saxo,</strong></span> <span class='ocrx_word' id='word_1_817' title='bbox 3443 4535 3537 4590; x_wconf 89' lang='lat' dir='ltr'><strong>sed</strong></span> <span class='ocrx_word' id='word_1_818' title='bbox 3578 4536 3841 4588; x_wconf 83' lang='lat' dir='ltr'><strong>mansuetu-</strong></span> 
     </span>
    </p>
   </div>
   <div class='ocr_carea' id='block_1_106' title="bbox 2304 4619 3841 4695">
    <p class='ocr_par' dir='ltr' id='par_1_106' title="bbox 2304 4619 3841 4695">
     <span class='ocr_line' id='line_1_107' title="bbox 2304 4619 3841 4695; baseline -0.003 -19"><span class='ocrx_word' id='word_1_819' title='bbox 2304 4623 2450 4688; x_wconf 90' lang='lat' dir='ltr'><strong>dine,</strong></span> <span class='ocrx_word' id='word_1_820' title='bbox 2482 4625 2637 4679; x_wconf 89' lang='lat' dir='ltr'><strong>bonis</strong></span> <span class='ocrx_word' id='word_1_821' title='bbox 2681 4624 2953 4695; x_wconf 87' lang='lat' dir='ltr'><strong>operibus,</strong></span> <span class='ocrx_word' id='word_1_822' title='bbox 2985 4625 3253 4680; x_wconf 88' lang='lat' dir='ltr'><strong>castitate.</strong></span> <span class='ocrx_word' id='word_1_823' title='bbox 3285 4624 3412 4679; x_wconf 61' lang='lat' dir='ltr'><strong>Haac</strong></span> <span class='ocrx_word' id='word_1_824' title='bbox 3429 4640 3560 4681; x_wconf 89' lang='lat' dir='ltr'><strong>sane</strong></span> <span class='ocrx_word' id='word_1_825' title='bbox 3581 4631 3704 4693; x_wconf 82' lang='lat' dir='ltr'><strong>sunt</strong></span> <span class='ocrx_word' id='word_1_826' title='bbox 3727 4619 3841 4673; x_wconf 65' lang='lat' dir='ltr'><strong>armi</strong></span> 
     </span>
    </p>
   </div>
   <div class='ocr_carea' id='block_1_107' title="bbox 2303 4739 3820 4823">
    <p class='ocr_par' dir='ltr' id='par_1_107' title="bbox 2303 4739 3820 4823">
     <span class='ocr_line' id='line_1_108' title="bbox 2303 4739 3820 4823; baseline 0 0"><span class='ocrx_word' id='word_1_827' title='bbox 2303 4756 2417 4823; x_wconf 58' lang='lat' dir='ltr'><strong>me</strong></span> <span class='ocrx_word' id='word_1_828' title='bbox 2432 4759 2538 4823; x_wconf 68' lang='grc' dir='ltr'><strong>,νξοιξ</strong></span> <span class='ocrx_word' id='word_1_829' title='bbox 2570 4741 2716 4823; x_wconf 70' lang='grc' dir='ltr'><strong>αιέειά</strong></span> <span class='ocrx_word' id='word_1_830' title='bbox 2733 4741 3096 4823; x_wconf 48' lang='lat' dir='ltr'><strong>uestris“:</strong></span> <span class='ocrx_word' id='word_1_831' title='bbox 3119 4749 3196 4823; x_wconf 60' lang='grc' dir='ltr'><strong>εει</strong></span> <span class='ocrx_word' id='word_1_832' title='bbox 3218 4739 3492 4823; x_wconf 48' lang='lat' dir='ltr'><strong>Dama</strong></span> <span class='ocrx_word' id='word_1_833' title='bbox 3570 4818 3580 4823; x_wconf 82' lang='lat'><strong>-</strong></span> 
     </span>
    </p>
   </div>
   <div class='ocr_carea' id='block_1_108' title="bbox 2380 4801 3838 4892">
    <p class='ocr_par' dir='ltr' id='par_1_108' title="bbox 2380 4801 3838 4892">
     <span class='ocr_line' id='line_1_109' title="bbox 2380 4801 3838 4892; baseline -0.015 -18"><span class='ocrx_word' id='word_1_834' title='bbox 2380 4810 2560 4892; x_wconf 29' lang='lat' dir='ltr'><strong>‘LCOd:</strong></span> <span class='ocrx_word' id='word_1_835' title='bbox 2617 4811 2782 4866; x_wconf 83' lang='lat' dir='ltr'><strong>Mont.</strong></span> <span class='ocrx_word' id='word_1_836' title='bbox 2835 4809 2999 4878; x_wconf 88' lang='lat' dir='ltr'><strong>Oliv.,</strong></span> <span class='ocrx_word' id='word_1_837' title='bbox 3051 4810 3344 4866; x_wconf 75' lang='lat' dir='ltr'><strong>Saluatoris</strong></span> <span class='ocrx_word' id='word_1_838' title='bbox 3392 4811 3663 4864; x_wconf 77' lang='lat' dir='ltr'><strong>aduentum</strong></span> <span class='ocrx_word' id='word_1_839' title='bbox 3687 4801 3838 4877; x_wconf 78' lang='lat' dir='ltr'><strong>pradi-</strong></span> 
     </span>
    </p>
   </div>
   <div class='ocr_carea' id='block_1_109' title="bbox 2301 4890 3813 5020">
    <p class='ocr_par' dir='ltr' id='par_1_109' title="bbox 2301 4890 3813 5020">
     <span class='ocr_line' id='line_1_110' title="bbox 2301 4890 3813 5020; baseline 0.002 -19"><span class='ocrx_word' id='word_1_840' title='bbox 2301 4890 2557 5020; x_wconf 37' lang='lat' dir='ltr'><strong>w&#39;iiuéod.</strong></span> <span class='ocrx_word' id='word_1_841' title='bbox 2589 4950 2756 5020; x_wconf 80' lang='lat' dir='ltr'><strong>Mout.</strong></span> <span class='ocrx_word' id='word_1_842' title='bbox 2781 4949 2942 5013; x_wconf 89' lang='lat' dir='ltr'><strong>Oliv.,</strong></span> <span class='ocrx_word' id='word_1_843' title='bbox 2966 4949 3272 5020; x_wconf 79' lang='lat' dir='ltr'><strong>quodprius</strong></span> <span class='ocrx_word' id='word_1_844' title='bbox 3300 4949 3543 5020; x_wconf 65' lang='lat' dir='ltr'><strong>ﬂuidum.</strong></span> <span class='ocrx_word' id='word_1_845' title='bbox 3805 5009 3813 5020; x_wconf 39' lang='grc' dir='ltr'><strong><em>ο</em></strong></span> 
     </span>
    </p>
   </div>
   <div class='ocr_carea' id='block_1_110' title="bbox 2374 5018 3832 5089">
    <p class='ocr_par' dir='ltr' id='par_1_110' title="bbox 2374 5018 3832 5089">
     <span class='ocr_line' id='line_1_111' title="bbox 2374 5018 3832 5089; baseline -0.005 -15"><span class='ocrx_word' id='word_1_846' title='bbox 2374 5018 2399 5056; x_wconf 67' lang='grc' dir='ltr'><strong>ι</strong></span> <span class='ocrx_word' id='word_1_847' title='bbox 2427 5019 2559 5074; x_wconf 88' lang='lat' dir='ltr'><strong>Cod.</strong></span> <span class='ocrx_word' id='word_1_848' title='bbox 2594 5019 2663 5072; x_wconf 89' lang='lat'><strong>99</strong></span> <span class='ocrx_word' id='word_1_849' title='bbox 2689 5020 2818 5089; x_wconf 90' lang='lat' dir='ltr'><strong>legit</strong></span> <span class='ocrx_word' id='word_1_850' title='bbox 2842 5018 3010 5074; x_wconf 83' lang='lat' dir='ltr'><strong>omnis</strong></span> <span class='ocrx_word' id='word_1_851' title='bbox 3021 5036 3039 5084; x_wconf 87' lang='lat'><strong>;</strong></span> <span class='ocrx_word' id='word_1_852' title='bbox 3068 5019 3197 5074; x_wconf 90' lang='lat' dir='ltr'><strong>edit.</strong></span> <span class='ocrx_word' id='word_1_853' title='bbox 3229 5018 3407 5075; x_wconf 84' lang='lat' dir='ltr'><strong>autem</strong></span> <span class='ocrx_word' id='word_1_854' title='bbox 3454 5019 3661 5080; x_wconf 89' lang='lat' dir='ltr'><strong>Colon.,</strong></span> <span class='ocrx_word' id='word_1_855' title='bbox 3703 5018 3832 5068; x_wconf 68' lang='lat' dir='ltr'><strong>onat-</strong></span> 
     </span>
    </p>
   </div>
   <div class='ocr_carea' id='block_1_111' title="bbox 2300 5089 3833 5229">
    <p class='ocr_par' dir='ltr' id='par_1_111' title="bbox 2300 5089 3833 5229">
     <span class='ocr_line' id='line_1_112' title="bbox 2300 5089 3833 5229; baseline 0.01 -20"><span class='ocrx_word' id='word_1_856' title='bbox 2300 5089 2590 5213; x_wconf 45' lang='lat' dir='ltr'><strong>lm‘ltodd.</strong></span> <span class='ocrx_word' id='word_1_857' title='bbox 2617 5160 2772 5213; x_wconf 81' lang='lat' dir='ltr'><strong>basil.</strong></span> <span class='ocrx_word' id='word_1_858' title='bbox 2803 5159 3018 5213; x_wconf 82' lang='lat' dir='ltr'><strong>Mediol.</strong></span> <span class='ocrx_word' id='word_1_859' title='bbox 3049 5156 3330 5223; x_wconf 83' lang='lat' dir='ltr'><strong>et-Casin.,</strong></span> <span class='ocrx_word' id='word_1_860' title='bbox 3350 5159 3640 5229; x_wconf 68' lang='lat' dir='ltr'><strong>Cogitemus</strong></span> <span class='ocrx_word' id='word_1_861' title='bbox 3662 5164 3833 5224; x_wconf 67' lang='lat'><strong>&quot;9&quot;“</strong></span> 
     </span>
    </p>
   </div>
   <div class='ocr_carea' id='block_1_112' title="bbox 2300 5229 3808 5300">
    <p class='ocr_par' dir='ltr' id='par_1_112' title="bbox 2300 5229 3808 5300">
     <span class='ocr_line' id='line_1_113' title="bbox 2300 5229 3808 5300; baseline 0.004 -20"><span class='ocrx_word' id='word_1_862' title='bbox 2300 5232 2558 5300; x_wconf 56' lang='lat' dir='ltr'><strong>oculorum,</strong></span> <span class='ocrx_word' id='word_1_863' title='bbox 2585 5238 2640 5300; x_wconf 90' lang='lat' dir='ltr'><strong>e_t_</strong></span> <span class='ocrx_word' id='word_1_864' title='bbox 2662 5231 2762 5283; x_wconf 81' lang='lat' dir='ltr'><strong>vim</strong></span> <span class='ocrx_word' id='word_1_865' title='bbox 2784 5229 3168 5300; x_wconf 67' lang='lat' dir='ltr'><strong>quodammodo</strong></span> <span class='ocrx_word' id='word_1_866' title='bbox 3196 5231 3468 5300; x_wconf 76' lang='lat' dir='ltr'><strong>faciamus.</strong></span> <span class='ocrx_word' id='word_1_867' title='bbox 3576 5298 3583 5300; x_wconf 80' lang='lat'><strong><em>_</em></strong></span> <span class='ocrx_word' id='word_1_868' title='bbox 3785 5289 3808 5300; x_wconf 54' lang='grc' dir='ltr'><strong>μ</strong></span> 
     </span>
    </p>
   </div>
   <div class='ocr_carea' id='block_1_113' title="bbox 2371 5289 3832 5366">
    <p class='ocr_par' dir='ltr' id='par_1_113' title="bbox 2371 5289 3832 5366">
     <span class='ocr_line' id='line_1_114' title="bbox 2371 5289 3832 5366; baseline -0.003 -16"><span class='ocrx_word' id='word_1_869' title='bbox 2371 5309 2408 5334; x_wconf 79' lang='grc' dir='ltr'>ω</span> <span class='ocrx_word' id='word_1_870' title='bbox 2437 5297 2570 5351; x_wconf 89' lang='lat' dir='ltr'><strong>Cod.</strong></span> <span class='ocrx_word' id='word_1_871' title='bbox 2597 5289 2850 5354; x_wconf 78' lang='lat' dir='ltr'><strong>Urbevct.</strong></span> <span class='ocrx_word' id='word_1_872' title='bbox 2878 5314 2907 5352; x_wconf 88' lang='lat' dir='ltr'><strong>a</strong></span> <span class='ocrx_word' id='word_1_873' title='bbox 2930 5314 3064 5353; x_wconf 75' lang='lat' dir='ltr'><strong>voce</strong></span> <span class='ocrx_word' id='word_1_874' title='bbox 3088 5289 3457 5366; x_wconf 60' lang='lat' dir='ltr'><strong>compellenda,</strong></span> <span class='ocrx_word' id='word_1_875' title='bbox 3482 5298 3718 5352; x_wconf 79' lang='lat' dir='ltr'><strong>oniittens</strong></span> <span class='ocrx_word' id='word_1_876' title='bbox 3735 5289 3832 5366; x_wconf 61' lang='lat' dir='ltr'><strong>rclij</strong></span> 
     </span>
    </p>
   </div>
   <div class='ocr_carea' id='block_1_114' title="bbox 2301 5354 3833 5437">
    <p class='ocr_par' dir='ltr' id='par_1_114' title="bbox 2301 5354 3833 5437">
     <span class='ocr_line' id='line_1_115' title="bbox 2301 5354 3833 5437; baseline -0.003 -18"><span class='ocrx_word' id='word_1_877' title='bbox 2301 5383 2425 5434; x_wconf 88' lang='lat' dir='ltr'><strong>qua,</strong></span> <span class='ocrx_word' id='word_1_878' title='bbox 2450 5369 2720 5421; x_wconf 87' lang='lat' dir='ltr'><strong>connectit</strong></span> <span class='ocrx_word' id='word_1_879' title='bbox 2746 5370 2905 5422; x_wconf 86' lang='lat' dir='ltr'><strong>verba</strong></span> <span class='ocrx_word' id='word_1_880' title='bbox 2935 5384 3054 5437; x_wconf 68' lang='lat' dir='ltr'><strong>quae</strong></span> <span class='ocrx_word' id='word_1_881' title='bbox 3095 5354 3315 5424; x_wconf 74' lang='lat' dir='ltr'><strong>inferius</strong></span> <span class='ocrx_word' id='word_1_882' title='bbox 3361 5354 3691 5422; x_wconf 80' lang='lat' dir='ltr'><strong>inveniuntur</strong></span> <span class='ocrx_word' id='word_1_883' title='bbox 3720 5380 3730 5414; x_wconf 90' lang='lat'>:</span> <span class='ocrx_word' id='word_1_884' title='bbox 3767 5354 3833 5411; x_wconf 64' lang='lat' dir='ltr'><strong>sed</strong></span> 
     </span>
    </p>
   </div>
   <div class='ocr_carea' id='block_1_115' title="bbox 2304 5523 3768 5657">
    <p class='ocr_par' dir='ltr' id='par_1_115' title="bbox 2304 5523 3768 5657">
     <span class='ocr_line' id='line_1_116' title="bbox 2307 5523 3768 5576; baseline 0.001 -18"><span class='ocrx_word' id='word_1_885' title='bbox 2307 5523 2504 5560; x_wconf 68' lang='lat' dir='ltr'><strong>nauem</strong></span> <span class='ocrx_word' id='word_1_886' title='bbox 2541 5523 2783 5560; x_wconf 65' lang='lat' dir='ltr'><strong>.omrssn</strong></span> <span class='ocrx_word' id='word_1_887' title='bbox 2816 5523 3098 5576; x_wconf 72' lang='lat' dir='ltr'><strong>.repentur</strong></span> <span class='ocrx_word' id='word_1_888' title='bbox 3125 5525 3192 5562; x_wconf 40' lang='lat' dir='ltr'><strong>.tn</strong></span> <span class='ocrx_word' id='word_1_889' title='bbox 3223 5523 3342 5562; x_wconf 59' lang='lat' dir='ltr'><strong>cout</strong></span> <span class='ocrx_word' id='word_1_890' title='bbox 3377 5523 3529 5562; x_wconf 72' lang='lat' dir='ltr'><strong>nam.</strong></span> <span class='ocrx_word' id='word_1_891' title='bbox 3551 5523 3768 5561; x_wconf 55' lang='lat' dir='ltr'><strong>nemo».</strong></span> 
     </span>
     <span class='ocr_line' id='line_1_117' title="bbox 2304 5575 3718 5657; baseline -0.003 -29"><span class='ocrx_word' id='word_1_892' title='bbox 2304 5577 2644 5657; x_wconf 53' lang='lat' dir='ltr'><strong>prosequitur</strong></span> <span class='ocrx_word' id='word_1_893' title='bbox 2671 5576 2869 5657; x_wconf 58' lang='lat' dir='ltr'><strong>abillis</strong></span> <span class='ocrx_word' id='word_1_894' title='bbox 2893 5578 3071 5657; x_wconf 70' lang='lat' dir='ltr'><strong>verbis</strong></span> <span class='ocrx_word' id='word_1_895' title='bbox 3093 5597 3106 5630; x_wconf 92' lang='lat'><strong>:</strong></span> <span class='ocrx_word' id='word_1_896' title='bbox 3133 5580 3204 5630; x_wconf 85' lang='lat' dir='ltr'><strong>ait</strong></span> <span class='ocrx_word' id='word_1_897' title='bbox 3224 5579 3360 5630; x_wconf 84' lang='lat' dir='ltr'><strong>enim</strong></span> <span class='ocrx_word' id='word_1_898' title='bbox 3383 5575 3718 5646; x_wconf 71' lang='lat' dir='ltr'><strong>Euangelitnn.</strong></span> 
     </span>
    </p>
   </div>
   <div class='ocr_carea' id='block_1_116' title="bbox 2377 5644 3134 5713">
    <p class='ocr_par' dir='ltr' id='par_1_116' title="bbox 2377 5644 3134 5713">
     <span class='ocr_line' id='line_1_118' title="bbox 2377 5644 3134 5713; baseline 0.004 -16"><span class='ocrx_word' id='word_1_899' title='bbox 2377 5655 2401 5679; x_wconf 84' lang='grc' dir='ltr'>η</span> <span class='ocrx_word' id='word_1_900' title='bbox 2435 5644 2574 5698; x_wconf 85' lang='lat' dir='ltr'><strong>Edit.</strong></span> <span class='ocrx_word' id='word_1_901' title='bbox 2597 5645 2716 5699; x_wconf 78' lang='lat' dir='ltr'><strong>Col.</strong></span> <span class='ocrx_word' id='word_1_902' title='bbox 2744 5648 2872 5713; x_wconf 72' lang='lat' dir='ltr'><strong>legit</strong></span> <span class='ocrx_word' id='word_1_903' title='bbox 2900 5647 3134 5700; x_wconf 64' lang='lat' dir='ltr'><strong>lactetur.</strong></span> 
     </span>
    </p>
   </div>
   <div class='ocr_carea' id='block_1_117' title="bbox 2377 5714 3776 5786">
    <p class='ocr_par' dir='ltr' id='par_1_117' title="bbox 2377 5714 3776 5786">
     <span class='ocr_line' id='line_1_119' title="bbox 2377 5714 3776 5786; baseline -0.001 -19"><span class='ocrx_word' id='word_1_904' title='bbox 2377 5723 2402 5749; x_wconf 82' lang='grc' dir='ltr'><strong><em>ο</em></strong></span> <span class='ocrx_word' id='word_1_905' title='bbox 2433 5715 2571 5786; x_wconf 75' lang='lat' dir='ltr'><strong>_Cod.</strong></span> <span class='ocrx_word' id='word_1_906' title='bbox 2601 5714 2876 5786; x_wconf 84' lang='lat' dir='ltr'><strong>Urbevet.,</strong></span> <span class='ocrx_word' id='word_1_907' title='bbox 2907 5715 3190 5770; x_wconf 57' lang='lat' dir='ltr'><strong>bonis&#39;etntt</strong></span> <span class='ocrx_word' id='word_1_908' title='bbox 3210 5718 3315 5771; x_wconf 67' lang='lat' dir='ltr'><strong>suis</strong></span> <span class='ocrx_word' id='word_1_909' title='bbox 3335 5717 3559 5786; x_wconf 79' lang='lat' dir='ltr'><strong>spoliare</strong></span> <span class='ocrx_word' id='word_1_910' title='bbox 3579 5715 3776 5769; x_wconf 60' lang='lat' dir='ltr'><strong>nitimur.</strong></span> 
     </span>
    </p>
   </div>
   <div class='ocr_carea' id='block_1_118' title="bbox 2380 5783 3141 5850">
    <p class='ocr_par' dir='ltr' id='par_1_118' title="bbox 2380 5783 3141 5850">
     <span class='ocr_line' id='line_1_120' title="bbox 2380 5783 3141 5850; baseline 0.009 -16"><span class='ocrx_word' id='word_1_911' title='bbox 2380 5795 2404 5834; x_wconf 76' lang='grc' dir='ltr'><em>Ρ</em></span> <span class='ocrx_word' id='word_1_912' title='bbox 2430 5784 2487 5837; x_wconf 88' lang='lat' dir='ltr'><strong>ln</strong></span> <span class='ocrx_word' id='word_1_913' title='bbox 2511 5785 2641 5840; x_wconf 83' lang='lat' dir='ltr'><strong>edit.</strong></span> <span class='ocrx_word' id='word_1_914' title='bbox 2674 5783 2817 5850; x_wconf 85' lang='lat' dir='ltr'><strong>Col.,</strong></span> <span class='ocrx_word' id='word_1_915' title='bbox 2840 5786 3141 5849; x_wconf 76' lang='lat' dir='ltr'><strong>possidebit.</strong></span> 
     </span>
    </p>
   </div>
  </div>
