3910 6238
108 360 205 415 533

1600 358 1833 415 SERMO
1873 357 1934 412 Il.

3290 359 3396 414 535

113 471 229 526 ﬁdei
281 479 522 532 nostra.
575 473 767 544 quibus
812 473 867 528 in
915 472 1296 544 congressione
1321 480 1608 528 certamus.
1642 469 1712 525 Ut
1741 476 1786 532 Α
1817 485 2004 526 omnes
2036 469 2368 526 dormientes
2402 468 2652 539 perdunt,
2676 470 2958 537 vigilantes
2985 470 3293 537 inveniunt;
3313 479 3396 526 at-

111 570 287 616 autem
338 563 431 618 his
483 564 651 618 armis
679 564 754 617 uti
784 565 837 618 in
885 565 939 618 vi
967 564 1241 619 inferenda
1270 565 1555 634 possimus,
1585 571 1713 618 ante

109 652 438 722 corporibus
464 654 667 708 nostris
687 654 793 708 vim
815 653 1210 724 quodammodo
1237 654 1515 722 faciamus,
1545 661 1600 708 et
1618 669 1712 708 ex-

112 738 423 812 pu'gnemns
475 743 845 797 membrorum
885 743 1036 807 vitia,
1088 750 1147 798 ut
1198 744 1456 818 virtutum
1492 744 1713 813 prmmia

113 846 559 900 consequamur;
602 832 750 901 prius
777 832 920 887 enim
951 833 1052 903 ipsi
1076 846 1308 902 regnare
1353 833 1612 888 debemus
1659 834 1713 886 in

115 917 294 989 nobis,
343 928 413 975 ut
465 933 696 989 regnum
725 922 993 991 possimus
1020 921 1256 992 diripere
1282 921 1594 977 Salvatoris.
1627 921 1716 976 Ait

113 1023 243 1078 ergo
270 1006 638 1077 Evangelium
666 1027 678 1061 :
709 1002 778 1062 Et
824 1011 923 1063 vim
952 1010 1199 1080 facientes
1246 1020 1271 1048 Α
1301 1009 1570 1079 diripiunt.
1604 1008 1713 1062 Ra-

113 1108 304 1171 ptores
329 1101 507 1169 igitur
535 1116 751 1167 sumus;
779 1108 1032 1170 raptores
1059 1108 1239 1156 autem
1283 1101 1497 1156 nonnisi
1524 1101 1552 1140 δ
1583 1101 1713 1156 diri-

115 1192 269 1261 piunt
296 1191 508 1247 aliena.
534 1190 781 1260 Agnosco
805 1207 983 1245 veram
1007 1205 1125 1245 esse
1162 1191 1484 1245 sententiam
1514 1209 1525 1242 :
1556 1188 1714 1243 Chri-

115 1288 253 1334 stum
275 1281 433 1335 enim
465 1279 704 1336 Ecclesia
726 1279 907 1350 rapuit
925 1279 1239 1351 Synagogze,
1264 1287 1318 1334 et
1337 1279 1524 1332 aliena:
1544 1279 1716 1346 gentis

115 1387 342 1442 regnum
368 1372 490 1426 vim
509 1370 756 1427 faciendo
785 1371 1042 1442 possedit.
1074 1370 1208 1425 Nam
1244 1370 1494 1426 Salvator
1522 1371 1718 1426 missus

117 1464 214 1519 sub
241 1463 391 1532 lege,
416 1471 582 1519 natus
610 1464 664 1518 in
694 1463 829 1532 lege,
859 1463 1094 1518 nutritus
1116 1461 1269 1531 juxta
1296 1461 1469 1530 legem
1515 1460 1714 1533 (Colat.

118 1554 210 1623 η),
257 1554 395 1608 dum
448 1570 484 1608 a
525 1552 724 1608 Iudicis
746 1554 1051 1622 negligitur,
1082 1569 1115 1608 a
1141 1551 1402 1610 Gentibus
1422 1562 1718 1625 occupatur

119 1645 254 1714 (Act.
287 1644 446 1714 xm);
480 1653 536 1700 et
563 1645 690 1701 dum
712 1660 742 1699 a
770 1645 1140 1712 sacerdotibus
1172 1656 1191 1683 ε
1222 1644 1487 1714 perditur,
1535 1660 1565 1700 a
1593 1660 1719 1716 pec-

119 1734 407 1792 catoribus
459 1735 756 1800 invenitur;
803 1737 945 1792 sicut
990 1737 1108 1806 ipse
1160 1737 1235 1790 ait
1273 1753 1288 1790 :
1340 1735 1616 1790 Publicani
1668 1745 1717 1791 et

1817 578 1923 631 que
1950 561 2072 617 ideo
2098 561 2385 631 Apostolus
2409 561 2538 616 dicit
2568 579 2580 613 :
2610 560 2795 633 Surge,
2825 562 2912 632 qui
2956 562 3252 629 deustis,“
3278 561 3405 617 id»

1816 651 2035 706 minabit
2082 660 2129 705 te
2157 649 2391 705 Christus
2429 648 2645 722 (Ephes.
2676 650 2750 720 v).
2782 649 2946 705 Vides
2969 663 3100 718 ergo
3125 659 3420 706 mortuum.

1817 756 1936 796 esse
1962 740 2054 810 qui
2082 741 2156 794 ita
2182 740 2404 806 dormit,
2427 747 2487 796 ut
2510 756 2615 796 nou
2643 739 2911 796 custodiat
2951 739 3313 817 Salvatorem,
3347 749 3408 797 ct

1818 832 1940 887 ideo
1987 832 2063 886 illi
2089 830 2363 898 Pharisaei,
2387 833 2536 888 velut
2563 832 2783 900 mortui,
2831 848 2940 888 non
2966 839 3258 902 potuerunt
3278 848 3414 888 ser--

1817 937 1948 977 vare
1995 923 2285 978 viventem.
2318 921 2634 992 Propterea,
2663 920 2880 991 fratres,
2908 938 3020 978 non
3044 922 3416 992 dormiamus,

1817 1010 1916 1067 sed
1942 1012 2217 1080 vigilemus
2239 1012 2383 1067 circa
2436 1011 2609 1081 ipsum
2633 1011 2919 1067 Dominum
2939 1021 3184 1067 nostrum
3209 1012 3397 1067 Salva-

1821 1110 2015 1164 torem,
2065 1109 2144 1167 ut,
2189 1101 2448 1171 appositis
2485 1100 2686 1170 jugiter
2737 1100 3018 1167 custodiis,
3069 1116 3228 1156 nemo
3250 1101 3400 1156 illum

1819 1193 2028 1248 auferat
2057 1193 2125 1251 de
2165 1194 2439 1262 sepultura
2463 1194 2699 1262 pectoris
2746 1194 2916 1249 nostri
2946 1211 2958 1247 :
2999 1193 3279 1258 Venerunt,
3327 1203 3400 1259 et,

1819 1282 2188 1336 dormientibus
2233 1282 2401 1344 nobis,
2457 1282 2616 1352 furati
2654 1292 2930 1337 suntsunt.
2961 1281 3234 1341 Habunus
3254 1282 3400 1336 enim

1820 1372 2085 1436 inimicos,
2114 1371 2206 1438 qui
2232 1371 2502 1424 Christum
2522 1370 2588 1424 de
2610 1370 2862 1425 cordibus
2883 1371 3170 1435 nostrisgsi
3200 1370 3401 1426 obdor-

1821 1459 2122 1523 mierimus,
2147 1458 2360 1514 auferre
2379 1460 2638 1514 nitantur.
2663 1459 2817 1515 Unde
2861 1460 3102 1529 pervigili
3131 1475 3259 1516 cura
3287 1474 3402 1515 ser-

1819 1539 2006 1603 vemus
2015 1563 2138 1602 eum
2151 1549 2203 1602 in
2220 1549 2464 1617 sepulcro
2479 1549 2778 1603 animarum
2796 1557 3123 1614 nostrarum,
3142 1550 3215 1604 ibi
3236 1549 3252 1587 ί
3273 1565 3402 1620 pcr-

1818 1640 2079 1707 quiescat,
2113 1639 2187 1693 ibi
2205 1639 2457 1704 dormiat,
2484 1639 2578 1704 ibi,
2614 1655 2735 1695 cum
2766 1641 3013 1703 voluerit,
3039 1649 3096 1696 et
3121 1648 3392 1708 resurgat.

1819 1730 1982 1799 398
2009 1728 2169 1796 Ergo,
2200 1738 2225 1776 ε
2248 1727 2463 1790 fratres,
2494 1728 2736 1784 Natalem
2763 1728 2978 1785 Domini
3005 1732 3307 1800 suscepturi
3336 1733 3404 1785 ab

120 1821 144 1860 δ
166 1835 475 1891 peccatores
496 1826 788 1896 precedent
811 1845 899 1881 vos
917 1829 972 1881 in
997 1845 1212 1900 regnum
1239 1830 1478 1883 calorum
1506 1828 1718 1901 (Matth.
1754 1834 1798 1893 Β
1823 1819 1968 1878 omni
1988 1817 2345 1873 conseienliaﬁ
2371 1825 2584 1873 nostras
2609 1816 2740 1873 33908
2764 1818 3124 1884 αλιιηάωωὶ
3177 1834 3404 1876 accure-

123 1916 258 1985 xxi).
295 1925 318 1952 ο
352 1915 633 1985 Raptores
676 1917 840 1985 igitur
892 1928 1096 1975 sumus.
1127 1917 1430 1974 Mirandum
1478 1935 1586 1975 non
1615 1928 1718 1986 est,

121 2004 321 2073 quippe
341 2006 439 2074 qui
468 2020 500 2059 a
529 2005 623 2059 tali
643 2013 863 2061 auctore
889 2007 1288 2063 descendimus.
1318 2007 1592 2078 Scriptum
1637 2016 1723 2064 est

123 2093 265 2147 enim
310 2093 383 2149 de
429 2095 740 2164 patriarcha
774 2104 959 2153 nostro
987 2096 1307 2167 Benjamin:
1350 2096 1528 2167 Lupus
1553 2115 1723 2169 rapax

125 2180 343 2252 (Cenes.
389 2185 576 2255 xux);
619 2187 762 2256 rapit
781 2189 924 2242 enim
948 2188 1097 2258 quod
1118 2174 1284 2245 suum.
1303 2206 1411 2245 non
1435 2199 1537 2246 est.
1561 2190 1638 2247 Ita
1667 2197 1725 2246 et

125 2288 222 2328 nos
246 2273 420 2347 veiuti
447 2273 541 2329 lilii
560 2276 772 2346 rapacis
790 2277 902 2347 lupi
921 2277 1220 2334 alienarum
1244 2287 1518 2348 pastorem
1539 2281 1723 2335 ovium

125 2371 313 2416 nostra
341 2364 651 2420 intentione
675 2367 1033 2436 praeripimus,
1057 2367 1196 2424 sicut
1225 2369 1342 2439 ipse
1368 2369 1498 2424 dicit
1531 2387 1542 2422 :
1592 2368 1721 2424 Non

126 2467 237 2505 sunt
265 2455 464 2508 missus
493 2456 592 2508 nisi
620 2456 692 2508 od
718 2474 833 2510 ones
854 2458 1087 2526 perditas
1107 2457 1290 2514 domus
1312 2458 1482 2515 Israel
1505 2459 1587 2530 (ll
1589 2462 1720 2515 att/1.

131 2542 266 2610 xm).
299 2542 538 2612 Rapitur
568 2544 750 2613 itaque
774 2545 1042 2615 Christus,
1073 2562 1194 2603 cum
1223 2563 1253 2602 a
1273 2548 1470 2604 Judaais
1496 2548 1722 2603 dimitti-

132 2638 238 2700 tur,
275 2641 334 2688 ct
378 2636 452 2690 ab
497 2635 617 2688 aliis
660 2635 1002 2704 praedicatur.
1051 2637 1280 2708 Rapitur
1302 2637 1569 2707 Christus,
1599 2655 1723 2696 cum

133 2721 397 2775 occiditur
419 2737 450 2774 η
477 2719 694 2788 Judzcis,
717 2731 772 2777 et
791 2723 1046 2793 sepelitur
1065 2741 1096 2779 a
1123 2726 1298 2782 nobis.
1327 2725 1553 2797 Rapitur
1568 2727 1724 2782 Chri-

131 2816 244 2862 stus
270 2825 302 2862 a
325 2810 671 2877 vigilantibus
699 2811 991 2881 discipulis,
1015 2828 1047 2868 a
1076 2813 1466 2870 dormientibus
1485 2815 1726 2886 perditur

136 2893 422 2954 l’harisazis
451 2918 465 2953 :
497 2901 635 2956 sicut
660 2902 968 2958 mentiendo
993 2904 1153 2974 397
1184 2905 1288 2974 ipsi
1315 2905 1723 2974 coniessisunt,

134 2986 259 3040 dum
290 2990 571 3045 custodias
590 2999 857 3060 ponerent
875 2993 1181 3063 sepulturae,
1210 3001 1334 3065 post
1366 2997 1724 3052 resurrectio-

138 3091 257 3130 nem
277 3077 494 3134 Domini
518 3080 758 3136 dicentes
788 3099 801 3135 :
837 3079 973 3146 Quia
1001 3083 1240 3155 discipuli
1259 3085 1372 3156 ejus
1391 3095 1540 3141 nocte
1575 3103 1723 3142 uene-

1821 1925 1939 1966 mus
1954 1923 2066 1963 non
2093 1908 2280 1964 sericis
2307 1909 2566 1974 vestibus,
2597 1909 2693 1964 sed
2715 1910 2971 1978 operibus
2997 1909 3274 1979 pretiosis.
3298 1909 3405 1964 Ve-

1821 2001 2073 2056 stimenta
2094 2000 2239 2055 enim
2268 1999 2438 2056 nitida
2459 2001 2703 2056 membra
2730 2002 2948 2071 operire
2973 2009 3220 2071 possunt,
3273 2018 3406 2057 con-

1821 2093 2103 2148 scientiam
2149 2107 2348 2148 crnare
2377 2106 2487 2148 non
2527 2099 2784 2162 possunt;
2837 2093 2942 2149 nisi
2987 2093 3134 2163 quod
3185 2092 3404 2161 majoris
3442 2110 3444 2112 '

1821 2184 2159 2245 verecundia:
2186 2192 2269 2239 est
2313 2183 2539 2240 nitidum
2562 2185 2823 2241 membris
2849 2185 3117 2252 incedere,
3150 2194 3206 2240 et
3231 2186 3406 2255 pollu-

1820 2284 1932 2330 tum
1983 2266 2228 2332 sensibus
2277 2275 2576 2331 ambulare.
2626 2274 2903 2332 Interioris
2962 2277 3124 2343 igitur
3175 2277 3409 2331 hominis

1821 2369 1970 2438 prius
2016 2383 2272 2424 ornemus
2317 2366 2587 2432 affectum,
2639 2375 2700 2421 ut
2746 2368 3032 2423 exterioris
3077 2381 3293 2437 quoque
3337 2369 3407 2422 sit

1822 2460 2051 2514 amictus
2079 2467 2334 2523 ornatus,
2380 2458 2686 2528 spirituales
2741 2459 2979 2515 maculas
3017 2459 3320 2526 abluamns,
3346 2469 3407 2516 ut

1823 2549 1877 2604 in
1926 2549 2082 2604 nobis
2125 2548 2362 2604 carnalia
2406 2547 2640 2616 fulgeant
2679 2550 3015 2604 vestimenta.
3047 2548 3073 2586 δ
3102 2552 3212 2611 Ubi
3261 2552 3421 2606 enim.

1821 2638 2110 2694 tenebrosa
2139 2639 2475 2693 conscientia
2497 2646 2599 2702 est,
2624 2646 2793 2693 totum
2834 2654 3029 2709 corpus
3063 2639 3079 2676 ί
3113 2642 3408 2697 subobscu-

1821 2742 1943 2782 rum
1969 2732 2070 2782 est.
2103 2723 2377 2781 Habemus
2403 2734 2583 2781 autem
2626 2743 2734 2797 quo
2783 2729 3126 2784 conscientia:
3169 2731 3409 2784 maculas

1824 2818 2308 2896 abluamus;_sicut
2332 2821 2593 2887 scriptum
2621 2827 2706 2874 est
2733 2837 2745 2872 :
2775 2817 2910 2873 Date
2929 2819 3323 2891 eleemosynain,
3359 2829 3410 2875 et

1825 2909 2006 2964 omnia
2029 2908 2223 2962 munda
2248 2917 2368 2962 sunt
2393 2908 2532 2962 vobis
2554 2907 2703 2978 (Luc.
2731 2907 2843 2977 xx).
2877 2909 3085 2963 Bonum
3110 2910 3411 2982 eleemosy-

1827 2999 2254 3063 namandatum,
2284 3013 2382 3067 per
2421 2998 2566 3068 quod
2604 2999 2852 3053 manibus
2883 3014 3192 3068 operamur,
3245 3002 3414 3062 corde

1825 3089 2176 3154 mundamur;
2227 3098 2514 3158 prmstante
2560 3089 2787 3144 Domino
2813 3098 3001 3146 nostro
3021 3089 3148 3145 Jesu
3172 3091 3411 3159 Christo,

139 3176 275 3233 runt,
315 3178 366 3224 et
407 3172 570 3241 furati
621 3179 743 3225 sunt
769 3188 902 3238 eum,
929 3171 1075 3228 nobis
1104 3173 1475 3230 dormientibus.
1505 3175 1721 3248 (Matth.
1752 3183 1799 3247 ο
1827 3181 1924 3250 qui
1959 3195 2081 3235 cum
2136 3179 2300 3235 Patre
2351 3188 2408 3235 et
2455 3179 2659 3250 Spiritu
2697 3189 2884 3239 sancto
2911 3182 3043 3238 vivit
3069 3192 3126 3240 et
3145 3191 3337 3251 regnat
3353 3184 3410 3240 in

142 3260 346 3330 xxviii).
378 3260 534 3317 Unde
579 3262 895 3333 spiritaliter
939 3265 1288 3344 intelligimus
1307 3268 1434 3338 quia
1453 3267 1727 3325 Christum

1832 3269 2024 3326 uacula
2053 3269 2390 3325 saeculorum.
2417 3269 2606 3324 Amen.

1573 3384 1843 3446 SERMO
1884 3384 1965 3447 ll.

1203 3478 1280 3535 De
1320 3481 1516 3536 duobus
1544 3483 1598 3536 in
1639 3483 1770 3538 lecto
1799 3500 1904 3538 uno
1933 3481 2150 3552 (Matth.
2184 3483 2354 3549 xxiv).

1585 3571 1972 3628 ADMONITIO.

213 3654 526 3739 llt_‘o‘rdini,
547 3673 717 3739 quem
770 3660 824 3714 in
873 3659 1226 3739 disponendis
1253 3660 1936 3739 homiliis_constituimus,_
1960 3664 2484 3739 sermonum__ser_ies
2537 3665 2922 3739 conformetur,
2971 3667 3305 3739 orationibus
3355 3668 3416 3739 in

146 3722 903 3804 Natalifyoinini'hiasermo
931 3722 1016 3784 est
1059 3729 1439 3804 praeferendus:
1482 3732 1570 3804 pe
1614 3742 1835 3804 auctore
1886 3722 2003 3802 ejus
2052 3742 2239 3804 sancto
2277 3734 2531 3804 Maximo,
2561 3743 2622 3789 ut
2665 3722 2988 3804 legimus'in
3035 3722 3228 3793 codice
3259 3722 3413 3792 Vati:

146 3808 288 3875 rano_
310 3795 471 3875 1:267,
499 3810 621 3875 pag.
651 3797 746 3875 μδ.
772 3798 916 3875 unde
941 3807 1026 3875 est
1049 3795 1386 3875 exscriptus,
1407 3799 1642 3875 dubitari
1672 3795 2038 3875 nequit_;_cum
2069 3802 2147 3875 S._
2156 3804 2382 3875 antistes
2409 3795 2754 3875 Taurinensivs
2792 3805 2860 3860 de
2905 3807 3094 3861 eadem
3139 3805 3413 3875 Evangelii

149 3865 401 3984 Bambola
419 3934 430 3946 ο
451 3865 622 3934 egerit
650 3867 703 3920 in
728 3868 952 3922 homilia
982 3868 1141 3937 hujus
1175 3865 1512 3924 collectionis
1554 3865 1806 3925 secunda.
1839 3870 2076 3926 Titulum
2107 3871 2187 3926 De
2212 3873 2443 3928 Adventu
2472 3872 2712 3942 Domini,
2736 3875 2829 3944 qui
2857 3874 2949 3931 illo
2979 3877 3033 3930 in
3083 3876 3271 3930 codice
3290 3865 3413 3930 Vlia-

183 3941 320 3984 ctur-
349 3939 659 3984 relecimus-
702 3952 821 3984 cum
867 3951 934 3984 en
971 3937 1073 3984 loci
1103 3937 1334 3984 diximus
1363 3952 1427 3984 ex
1481 3939 1806 3984 Mahillnnin-
1858 3949 1914 3984 Al
1965 3939 2260 3984 "nmmﬁn
2299 3943 2466 3984 mnlm
2510 3943 2681 3984 nariam
2709 3946 2897 3984 assintn
2949 3953 3000 3984 Μ
3030 3953 3182 3984 enim
3211 3946 3407 3984 unonln

151 3934 327 4013 betur,
349 3934 659 4013 rejecimus,
702 3952 833 4013 eum
867 3951 934 4013 eo
971 3934 1334 4013 loci_diximus
1363 3952 1431 3992 ex
1478 3939 1914 4013 ﬂabilloniotet
1964 3939 2470 4013 Muratoriogmulto
2510 3943 2681 4013 serius
2699 3934 2917 4013 quinto,
2949 3953 3004 4000 et
3030 3953 3182 4000 sexto
3211 3946 3407 3999 smculo

149 3999 566 4081 i_nv_ec:fum'_es_se
611 3999 664 4059 in
710 4004 1242 4081 Ecclesiam.__lj3xs_t_at
1269 4022 1445 4081 sermo
1489 4009 1543 4062 in
1590 4009 1759 4081 tribus
1787 3999 1905 4068 aliis
1944 4011 2240 4076 codicibus,
2272 4011 2329 4065 in
2354 4011 2617 4081 vaticiano
2646 3999 2885 4081 Reginae,
2904 3999 3050 4080 ΗΒ(
3070 4022 3126 4068 et
3152 4014 3411 4069 Vaticano

154 4067 393 4151 [alatino
423 4074 587 4151 12⁵16ἱ
614 4088 838 4151 necnon
869 4076 938 4151 in_
952 4074 1297 4151 Vgllicellapo
1334 4094 1370 4132 ιι
1400 4075 1698 4151 Augustino
1743 4067 2056 4151 inscriptus,
2111 4089 2171 4135 ut
2223 4067 2277 4134 in
2314 4080 2436 4136 cod.
2477 4067 2520 4135 Ε
2560 4097 2614 4137 ιιι
2654 4067 3028 4139 Μόδόὲὶίθηείί
3081 4067 3194 4138 Sed
3241 4067 3415 4138 Bene-

150 4135 327 4224 dictini
375 4135 629 4224 monachi
679 4159 864 4213 congr.
905 4145 963 4199 S.
1007 4144 1177 4199 Mauri
1220 4146 1360 4201 inter
1411 4135 1827 4215 Augustinianos
1857 4135 2148 4206 ‘sermo'nes
2191 4164 2300 4203 non
2339 4135 3412 4224 susceperunt,inecnejus_inhappendice

149 4212 523 4267 meminerunt.

151 4297 532 4382 Augustas-run.
559 4337 630 4347 —
660 4303 784 4382 Tria
812 4319 923 4358 esse
952 4302 1509 4382 S._Ha:cimusscrib_it
1536 4323 1725 4382 genera
1755 4313 1807 4373 ι)
1830 4322 2030 4378 genera
2057 4309 2336 4365 hominum
2361 4311 2452 4366 hic
2493 4312 2741 4368 videntur
2765 4313 3072 4382 signiﬁcari.
3107 4313 3281 4370 Unum
3318 4330 3435 4370 eo--

211 4369 626 4428 Christianorum
656 4390 674 4427 :
707 4375 837 4428 alios
865 4390 977 4427 esse
1014 4376 1071 4428 in
1098 4377 1221 4440 otio,
1270 4378 1403 4430 alios
1448 4378 1506 4430 in
1536 4369 1726 4431 'swcuti

213 4443 454 4526 negotiis,
483 4443 615 4498 alios
643 4442 753 4526 Deo
792 4443 1114 4526 ministrare;
1129 4439 1316 4526 sese
1340 4446 1502 4526 tribus
1523 4447 1722 4526 generi:

214 4508 306 4563 his
333 4527 496 4564 unum
535 4514 747 4586 assumi,
769 4522 819 4586 et
837 4528 997 4567 unum
1016 4512 1239 4586 relinqui
1261 4531 1279 4568 :
1307 4517 1502 4586 assumi
1523 4508 1617 4569 'eos
1639 4516 1724 4586 qui

214 4589 541 4646 pemanent,
570 4581 788 4655 relinqui
816 4598 930 4655 eos_
941 4583 1027 4655 qui
1055 4581 1267 4655 cadunt.
1298 4583 1380 4636 Ad
1409 4586 1508 4655 tria
1538 4581 1726 4655 genera

215 4664 324 4719 qua
347 4657 700 4715 assumntur,
715 4648 865 4719 'Noe,
887 4648 1077 4705 Daniel
1094 4660 1144 4705 et
1158 4650 1195 4705 Ι
1198 4651 1259 4706 ob
1288 4648 1565 4723 pertinere:

217 4759 314 4826 Qui
337 4769 470 4817 sunt
494 4762 547 4816 in
576 4762 664 4816 illa
692 4769 852 4818 nocte
881 4760 994 4819 duo
1024 4762 1080 4817 in
1108 4763 1270 4831 lecto,
1293 4773 1348 4820 et
1370 4765 1488 4821 dum
1513 4767 1723 4821 molen-

154 4856 231 4904 tes
256 4852 308 4905 in
336 4867 523 4916 unum,
554 4861 610 4908 et
634 4852 741 4908 duo
769 4854 822 4907 in
852 4866 1010 4922 agro,
1033 4853 1102 4909 de
1128 4855 1322 4923 quibus
1351 4857 1600 4912 omnibus
1639 4857 1725 4912 bi-

155 4941 232 4998 nis
250 4944 446 5012 singuli
475 4951 834 5014 assumentur,
865 4953 921 5000 et
945 4944 1144 5015 singuli
1170 4946 1575 5016 relinquentur?
1603 4947 1726 5003 Tria

219 5111 243 5140 ⁸
267 5103 324 5186 In
352 5101 651 5186 edit.Col.,
952 5103 1102 5160 illud.
1135 5102 1304 5160 Codd.
1332 5103 1511 5163 Casin.
1543 5113 1598 5160 et
1623 5104 1723 5161 Ur-

156 5171 340 5239 bcvet.,
377 5173 692 5243 diripiebant
719 5171 870 5228 illud.

221 5241 245 5280 δ
271 5241 415 5297 Edit.
441 5240 585 5299 Col..
614 5242 787 5299 aliena
814 5242 1082 5299 diripiunt.

222 5321 243 5350 ο
268 5283 787 5393 ᾗᾷἐιὶἱῗῦἶῦεῖὲἷζῖ
803 5283 1226 5367 Βὲιὶιῖῑῗῆὲάίοι.
1277 5321 1334 5369 et
1366 5311 1532 5368 Mont.
1560 5311 1721 5378 0|iv.,

161 5381 432 5505 mf
451 5450 648 5518 legitur
675 5449 731 5504 in
753 5449 882 5504 edit.
906 5447 1096 5504 Colon.
1120 5457 1177 5503 et
1195 5450 1316 5505 cod.
1344 5450 1540 5506 Montis
1559 5450 1716 5513 0liv.,

165 5517 414 5574 Publiceni
460 5517 829 5574 etmeretrices
857 5519 1146 5589 precedent
1172 5521 1338 5574 ros-in
1366 5537 1524 5592 regno
1567 5521 1723 5577 caelo-

162 5600 326 5713 ΝΤῆ
354 5659 476 5716 cod.
507 5656 765 5728 Urbevet.
789 5656 1016 5728 etbasil.
1047 5657 1258 5713 Mediol.
1289 5667 1410 5728 post
1454 5659 1542 5714 illa
1563 5660 1725 5714 verba

170 5741 356 5798 regnum
381 5730 628 5787 calorum
655 5725 1031 5790 desiderantur
1051 5728 1260 5800 reliqua
1285 5725 1450 5801 usque
1480 5730 1546 5785 ad
1575 5730 1687 5789 hate
1712 5747 1722 5780 ε

1826 4417 1946 4457 rum
1972 4402 2064 4471 qui
2089 4403 2260 4458 otium
2298 4411 2354 4457 et
2379 4403 2616 4471 quietem
2642 4406 2656 4454 ι
2699 4403 2949 4474 diligunt,
2980 4420 3154 4473 neque
3179 4407 3412 4474 negotiis

1831 4494 2193 4558 saecularibus,
2235 4508 2410 4563 neque
2457 4495 2688 4564 negotiis
2724 4497 3103 4553 ecclesiasticis
3141 4499 3409 4568 occupati,

1829 4600 1949 4654 qua:
1978 4585 2191 4640 illorum
2219 4586 2372 4655 quies
2399 4586 2524 4640 lecti
2552 4588 2772 4642 nomine
2792 4588 3086 4656 significata
3116 4597 3218 4644 est.
3261 4588 3416 4644 Alte-

1825 4690 1945 4730 rum
1971 4689 2160 4730 eorum
2189 4675 2282 4743 qui
2320 4676 2373 4729 in
2399 4675 2642 4744 plebibus
2664 4678 2942 4731 constituti
2969 4687 3230 4746 reguntur
3257 4692 3288 4732 a
3315 4678 3415 4733 do-

1827 4765 2087 4829 ctoribus,
2118 4773 2339 4834 agentes
2365 4781 2430 4821 ea
2462 4781 2582 4835 qua
2619 4775 2745 4822 sunt
2781 4767 2939 4837 hujus
2962 4769 3162 4833 seculi,
3193 4783 3330 4838 quos
3357 4777 3413 4824 et

1827 4856 2145 4912 feminarum
2166 4855 2382 4912 nomine
2403 4855 2742 4924 signiﬁcavit,
2764 4857 2891 4925 quia
2911 4859 3172 4924 consiliis,
3194 4868 3254 4913 ut
3275 4859 3408 4924 dixi,

1829 4949 2127 5008 peritorum
2155 4946 2268 5015 regi
2286 4945 2504 5016 expedit
2531 4947 2628 5001 eis.
2655 4946 2723 5000 Et
2744 4948 3008 5004 molentes
3031 4948 3166 5005 dixit
3191 4960 3416 5020 propter

1829 5101 2235 5213 Ενροέίὲζὰιίζῇ,
2271 5100 2517 5213 1:53.le
2550 5100 2762 5157 Domini
2789 5106 3095 5176 suscepturi,
3126 5114 3232 5162 etc.

1907 5172 1923 5213 ΐ
1954 5172 2098 5226 Edit.
2123 5172 2264 5236 Col.,
2291 5172 2534 5241 quiescat.
2934 5172 2945 5176 ’

1903 5254 1927 5289 ις
1952 5239 2050 5297 Hic
2075 5242 2233 5296 linem
2263 5241 2426 5295 habet
2453 5256 2632 5296 sermo
2661 5241 2714 5295 in
2735 5242 2855 5297 cod.
2879 5241 3060 5298 Casin.

1901 5311 1925 5348 δ
2115 5309 2381 5388 Urbevet...
2400 5309 2753 5388 additailgil
2774 5320 2957 5388 autem
2970 5313 3178 5388 prodest
3217 5313 3412 5388 fulgere

1828 5380 2075 5461 vestibus,
2099 5389 2148 5434 et
2184 5379 2395 5460 sordere
2421 5380 2655 5501 ﬂagitiis.
2689 5380 2764 5462 Ita
2793 5381 2912 5436 cod.
2943 5379 3097 5438 basi].
3134 5379 3263 5451 imp.
3296 5379 3410 5434 Me-

1829 5450 1980 5501 diol..
2018 5458 2073 5501 et
2111 5449 2239 5501 edit.
2276 5448 2440 5501 Maur.
2535 5450 2775 5501 mbrosn.
2822 5465 3032 5501 necnon
3073 5450 3193 5501 cod.
3241 5451 3388 5501 Mont

1829 5450 1981 5530 (li-(31.,
2018 5458 2073 5504 et
2111 5449 2239 5504 edit.
2276 5448 2440 5501 Mauv'.
2488 5448 2775 5517 Ambrosii,
2822 5465 3032 5507 necnon
3073 5448 3388 5507 cod.'Mont

1831 5518 2102 5641 Ollividem
2131 5587 2252 5642 cod.
2285 5584 2451 5640 Mont.
2476 5586 2638 5652 Oliv.,
2666 5586 2935 5641 obscurum
2961 5598 3052 5644 est.

1908 5658 1920 5708 ἰ
1953 5657 2083 5714 Cod.
2119 5655 2374 5711 V'allicell.
2405 5671 2458 5718 ll,
2491 5656 2722 5726 eligunl..
