3910 6238
1726 345 1780 399 S.
1825 343 2064 397 ΜΑΧΙΜΙ
2102 343 2109 360 '

2221 342 2551 400 JRINENSIS
3705 343 3822 405 535

534 465 907 537 teiiiporalium
954 465 1290 534 negotiorum
1339 466 1526 520 orbem
1581 473 1742 531 atque
1794 462 2096 518 circuitum.
2127 461 2176 520 Δ
2196 463 2442 541 _virorum
2469 471 2780 518 sanctorum
2817 477 2954 531 quos
2999 462 3145 518 solos
3183 462 3496 518 liberandos
3537 463 3824 519 Ezediiel

530 558 676 623 Quas
697 566 877 611 tamen
898 558 952 611 in
974 572 1082 610 uno
1106 557 1369 611 molentes
1396 553 1549 618 dixit,
1573 554 1626 607 in
1648 560 1904 623 quantum
1930 550 1999 606 de
2021 552 2103 618 ip-
2206 553 2471 622 propheta
2517 552 2823 620 denuntiat,
2872 552 3004 619 Noe,
3048 552 3232 607 Daniel
3281 561 3334 606 et
3387 551 3510 606 Job.
3562 553 3822 608 Videtur

530 651 610 706 sis
632 648 792 703 rebus
831 657 886 701 et
929 648 1158 716 negotiis
1194 647 1305 702 suis
1339 648 1584 715 pncbent
1621 646 1805 700 usibus
1829 642 2106 699 Ecclesiae.
2204 644 2347 698 enim
2366 643 2472 698 hoc
2494 643 2766 713 pertinere
2794 642 2864 697 ad
2891 657 2986 697 eos
3007 658 3104 712 per
3125 658 3262 712 quos
3289 642 3534 697 Ecclesia
3556 646 3817 710 regitur,

527 740 769 794 Tertium
814 753 1004 793 eorum
1031 739 1121 807 qui
1152 745 1454 806 operantur
1484 737 1537 790 in
1568 734 1824 791 Ecclesia:
1863 735 2104 788 ministe-
2203 735 2344 789 sicut
2369 748 2466 803 per
2483 734 2630 787 illum
2653 733 2805 802 aquis
2825 749 2950 788 arca
2971 733 3263 801 gubernata
3283 741 3386 797 est,
3415 749 3537 803 quae
3560 732 3818 802 ﬁguram

529 828 633 882 rio.
667 835 920 895 tanquam
958 827 1011 880 in
1034 839 1173 894 agro.
1193 826 1321 881 Dei:
1351 825 1420 881 de
1446 841 1557 896 qua
1581 825 1692 893 agri
1721 824 1929 880 cultura
1958 823 2104 892 Apo-
2203 825 2446 894 gestabat
2483 823 2753 880 Ecclesia.
2784 824 2973 879 Daniel
3015 824 3176 894 500
3216 833 3421 890 autem,
3453 825 3582 894 quia
3631 825 3819 892 elegit

528 918 698 972 stolus
726 917 978 985 loquitur.
1007 916 1065 970 in
1089 917 1172 971 his
1199 931 1327 985 ergo
1350 918 1518 971 tribus
1547 916 1800 986 operibus
1825 916 1949 970 bina
1978 921 2105 969 sunt
2203 916 2446 971 cmlihem
2483 917 2669 979 vitam,
2702 915 2754 969 id
2782 921 2865 970 est
2901 915 3116 985 nuptias
3145 923 3387 970 terrenas
3423 917 3815 987 contempsit;

533 1019 555 1044 '
579 1023 765 1062 mrsus
803 1021 1001 1075 genera
1030 1007 1306 1061 hominum
1333 1008 1388 1061 in
1411 1008 1652 1074 singulis,
1684 1014 1739 1061 et
1767 1020 1865 1076 pro
1905 1005 2105 1060 robore
2206 1015 2291 1074 ut,
2315 1007 2454 1062 sicut
2479 1007 2609 1062 dicit
2635 1007 2952 1077 Apostolus,
2987 1008 3104 1064 sine
3144 1007 3510 1063 sollicitudine
3551 1010 3820 1069 viveret,

526 1113 742 1154 suarum
785 1099 980 1152 virium
1027 1097 1424 1153 discernuntur.
1451 1097 1587 1151 Cum
1616 1097 1758 1152 enim
1805 1110 1992 1151 omnes
2035 1093 2103 1148 ad
2203 1102 2445 1170 cogitans
2471 1115 2590 1170 quae
2629 1108 2753 1155 sunt
2795 1100 2909 1166 Dei,
2952 1114 3123 1169 genus
3165 1117 3353 1155 eorum
3397 1098 3683 1169 signiﬁcat
3720 1100 3824 1167 μή

526 1189 782 1244 Ecelesia:
813 1190 1054 1244 membra
1074 1190 1350 1259 pertinere
1369 1189 1672 1254 videantur,
1694 1187 2012 1242 adveniente
2032 1195 2107 1241 ta-
2203 1199 2329 1247 sunt
2349 1191 2404 1245 in
2423 1191 2562 1256 otio,
2585 1190 2681 1245 sed
2701 1198 2883 1244 tamen
2904 1189 3180 1245 fortissimi
3199 1191 3251 1245 in
3274 1191 3732 1260 tempestatibus,
3763 1199 3826 1242 ut

528 1295 652 1333 mon
676 1280 1373 1343 tentationetribulationis,
1402 1280 1564 1350 399
1585 1286 1645 1333 et
1660 1294 1726 1333 ex
1747 1278 1848 1332 illis
1866 1278 1956 1346 qui
1980 1286 2105 1332 sunt
2203 1283 2414 1352 possint
2432 1281 2655 1335 assumi.
2679 1279 2781 1335 Job
2800 1288 3002 1347 autem,
3024 1281 3149 1350 quia
3168 1287 3223 1335 et
3249 1295 3478 1334 uxorem
3502 1280 3741 1347 habuit,
3764 1287 3826 1332 et

2205 1373 2365 1437 ﬁlios,
2393 1379 2450 1425 et
2476 1370 2682 1440 amplas
2709 1377 3046 1424 terrenarum
3092 1385 3273 1425 rerum
3304 1371 3510 1440 ecpias,
3541 1370 3614 1423 ad
3672 1369 3823 1424 illud

2204 1477 2371 1532 genus
2397 1461 2636 1532 pertinet
2662 1459 2748 1514 cui
2777 1459 3149 1514 molendinum
3193 1460 3510 1529 deputatum
3548 1469 3673 1524 est,
3715 1459 3824 1513 sed

2206 1564 2386 1609 tamen
2416 1561 2476 1608 ut
2501 1553 2608 1607 sint
2635 1551 2914 1606 fortissimi
2935 1551 2988 1605 in
3017 1562 3039 1590 ο
3065 1551 3490 1621 tempestatibus,
3522 1551 3678 1605 sicut
3709 1550 3830 1602 fuit

2204 1647 2314 1700 ille.
2351 1645 2469 1700 Non
2497 1644 2654 1697 aliter
2680 1642 2880 1696 assumi
2923 1650 3196 1711 poterunt.
3228 1640 3336 1695 Nec
3366 1649 3501 1710 puto
3526 1641 3634 1694 alia
3685 1655 3827 1695 esse

2205 1749 2403 1802 genera
2430 1733 2712 1788 hominum
2754 1731 2948 1801 quibus
2991 1727 3019 1767 ει
3067 1738 3282 1785 constat
3326 1729 3597 1795 Ecclesia,
3629 1745 3822 1798 quam

527 1819 624 1875 sed
679 1821 748 1876 de
795 1822 1004 1877 duobus
1051 1824 1338 1889 generibus
1383 1824 1728 1880 aﬂ‘ectionum
1775 1826 1830 1880 in
1881 1826 2107 1894 singulis
2135 1821 2179 1880 Β
2207 1826 2307 1879 ista
2334 1825 2437 1878 tria
2466 1822 2722 1877 habentia
2757 1821 2913 1876 binas
2940 1818 3286 1885 diﬂerentias,
3321 1829 3548 1889 propter
3577 1836 3826 1875 assum-

526 1913 815 1980 generibus
853 1913 878 1950 ιι
927 1913 1086 1968 trium
1125 1911 1486 1969 afl'cctionum.
1536 1914 1596 1969 In
1641 1915 1732 1969 illa
1773 1925 1935 1970 nocte
1975 1929 2104 1983 ergo
2213 1917 2454 1987 ptionem
2483 1923 2538 1969 et
2566 1914 2933 1976 relictionem,
2975 1911 3222 1980 quamvis
3251 1911 3306 1965 in
3347 1911 3570 1979 singulis
3612 1912 3824 1965 multa:

525 2001 679 2068 dixit,
714 2002 767 2054 in
799 2002 887 2056 illa
929 2003 1295 2057 tribulatione.
1329 2004 1408 2057 Ad
1449 2004 1564 2073 ipsa
1602 2006 1703 2059 tria
1745 2019 1943 2073 genera
1984 2021 2104 2074 qua:
2209 2007 2509 2062 studiorum
2555 2004 3001 2070 voluntatumque
3046 2000 3388 2055 diversitates
3441 2000 3513 2055 ad
3555 2017 3822 2056 concor-

527 2101 875 2148 asstnnuntnr
897 2093 1135 2150 arbitror
1157 2095 1426 2164 pertinere
1448 2095 1609 2150 etiam
1632 2095 1736 2150 tria
1764 2096 1853 2151 illa
1882 2099 2100 2152 nomina
2207 2098 2349 2152 diam
2377 2096 2746 2162 unitatemque
2772 2097 3159 2149 concurrentes
3180 2098 3406 2160 possunt
3433 2090 3696 2146 inveniri.

1941 2189 2210 2252 SERMO
2251 2189 2361 2251 Ill.

1816 2287 1896 2342 De
1916 2291 2182 2344 nativitate
2201 2289 2415 2344 Domini
2441 2285 2490 2340 1.

1931 2377 2322 2434 ΑῡΜ-ΟΝΙΤΙΟ.

604 2467 718 2522 Etsi
746 2471 932 2522 tertius
953 2470 1039 2522 hic
1063 2484 1242 2538 sermo
1266 2487 1294 2522 e
1312 2468 1632 2522 sermonibus
1655 2470 1970 2523 diversorum
1997 2469 2241 2536 Patrum,
2258 2473 2483 2525 maxime
2503 2486 2622 2524 vero
2645 2469 2941 2538 Augustini,
2963 2467 3270 2536 compilatus
3299 2466 3637 2538 doctissimis
3648 2466 3813 2538 Mau-

525 2539 656 2591 rinis
682 2538 734 2590 in
763 2538 892 2592 edit.
937 2538 1102 2592 Paris.
1302 2538 1359 2592 S.
1383 2539 1631 2591 Ambros.
1668 2546 1800 2593 tom.
1831 2539 1878 2605 l,
1902 2552 2022 2607 pag.
2053 2539 2190 2606 394,
2214 2556 2302 2593 an.
2337 2539 2474 2593 1690
2505 2535 2778 2600 videatur,
2813 2553 2912 2590 nos
2940 2535 3116 2590 tamen
3148 2552 3313 2590 unum
3343 2535 3508 2590 fuisse
3529 2536 3588 2589 8.
3621 2536 3811 2589 laxi-

525 2622 671 2660 nsum
701 2606 818 2660 eius
845 2616 1143 2660 auctorem.
1243 2616 1395 2660 enter
1422 2607 1633 2660 defendi
1662 2623 1820 2660 nosse
1849 2617 2086 2660 veterum
2124 2610 2372 2660 codicum
2420 2625 2646 2660 numero
2688 2607 3075 2660 existimamus.
3104 2604 3225 2659 Jam
3269 2621 3399 2660 vero
3441 2604 3811 2660 nrtcseferunt

525 2622 671 2662 nsum
701 2606 818 2674 ejus
845 2616 1143 2674 auctorem,
1173 2604 1395 2661 ﬁdenter
1422 2607 1633 2661 defendi
1662 2623 1820 2674 posse
1849 2604 2086 2662 veterum
2124 2604 2372 2664 codicum
2420 2625 2646 2663 numero
2688 2607 3075 2661 existimamus.
3104 2604 3225 2674 Jam
3269 2621 3399 2660 vero
3441 2604 3812 2674 przeseferunt

527 2673 929 2748 inscriptionem
942 2673 1305 2748 huiusmodi:
1336 2676 1521 2748 _S_ermo
1542 2676 1610 2748 κδ.
1644 2673 1866 2731 Maximi
1891 2678 2128 2748 episcopi
2145 2679 2280 2732 unde
2308 2697 2488 2748 mpm,
2515 2676 3037 2748 codicesYaticanus
3065 2673 3204 2748 4222
3232 2689 3351 2748 pag.
3382 2673 3478 2748 ζμ,
3508 2673 3811 2748 S._Crucis

528 2747 590 2799 in
607 2743 911 2816 Jerusalem
932 2744 1000 2816 9})
1028 2743 1190 2816 Serm.
1221 2745 1319 2816 172,
1336 2745 1795 2816 vallicellanusgvr
1820 2743 2074 2816 μετ-56(
2091 2746 2399 2803 Casinensis
2439 2747 2538 2800 106
2569 2761 2689 2816 pag.
2722 2744 2824 2797 1‘32
2843 2761 2873 2798 a
2901 2753 3072 2816 tergo,
3104 2743 3470 2816 [ιιιεεέιιςιὶςβίἱ
3483 2753 3556 2816 _et
3577 2744 3806 2816 Neapo-

527 2815 918 2884 litannssancti
942 2814 1256 2884 Joannisiad
1280 2813 1684 2884 Carbonariam.
1711 2812 2111 2881 Quit-ltNonne
2141 2817 2421 2884 Augustini
2449 2812 2744 2884 sententias
2767 2814 2941 2884 sequi,
2968 2822 3024 2867 et
3065 2828 3337 2882 exponere
3365 2812 3425 2867 8.
3454 2812 3810 2867 Μδιὶωοΐειε

529 2885 664 2966 luit-1'.
690 2883 748 2937 Id
777 2884 1126 2966 dici‘qnidem
1155 2883 1221 2938 de
1250 2883 1492 2966 liasim'o.
1513 2893 1705 2966 potest,
1747 2887 1839 2953 qui
1866 2887 2138 2966 posterior
2164 2883 2323 2942 aetate
2368 2886 2662 2966 Augustino
2690 2883 2789 2966 fuit
2807 2883 2920 2964 ;._de
2954 2884 3239 2966 Ambrosio
3263 2892 3656 2966 autem.-qu
3690 2884 3810 2966 Au:

526 2953 768 3018 itustinus
797 2951 1016 3020 audivit,
1048 2970 1155 3008 non
1183 2962 1379 3022 potest.
1412 2954 1589 3008 Nihilo
1619 2951 1797 3009 tamen
1819 2951 1997 3009 minus
2024 2955 2168 3010 idem
2197 2972 2374 3011 sermo
2414 2951 2474 3011 in
2505 2955 2564 3009 8.
2593 2954 2859 3008 Ambrosii
2888 2952 3229 3009 sermonibus
3254 2953 3560 3007 collocatus
3586 2968 3745 3007 num.
3771 2951 3809 3004 4

526 3022 785 3077 cernitur.

528 3115 918 3168 Ancuussruu.
965 3145 1037 3184 g—
1081 3112 1362 3184 Multiplici
1405 3114 1752 3184 explicatione
1793 3131 1826 3184 a
1870 3114 2106 3184 Maximo
2134 3118 2178 3178 C
2211 3116 2352 3184 Ergo
2381 3116 2433 3170 in
2456 3114 2741 3169 nativitate
2760 3112 2967 3167 Domini
2996 3109 3207 3181 prolicit
3227 3114 3362 3166 dies.
3386 3112 3503 3165 Non
3527 3113 3727 3166 mirum
3755 3111 3804 3165 si

597 3182 1290 3280 ξῆῗῗὲαέἶῗζὶίίῗέῗῗξῗῗ
1312 3182 2108 3280 ΒΧΨἿῖἷῗΞΞ¹ἝέἷΕ¹¹Ἧ¹1Ξ
2211 3182 2424 3280 ρι’όθεὲι
2449 3204 2564 3258 dies
2593 3204 2646 3257 ίιι
2673 3218 2779 3272 qua
2807 3218 2978 3257 ηονιιε
3000 3201 3218 3271 ium“?
3247 3201 3342 3257 501
3373 3212 3644 3257 οοηιεαη-
3679 3202 3803 3257 Νοη

599 3251 751 3305 Illum
781 3260 996 3318 oportet
1023 3267 1289 3315 crescere,
1336 3251 1424 3307 me
1470 3261 1651 3307 autem
1692 3253 1894 3318 minui;
1947 3271 2108 3324 eaque
2212 3251 2423 3308 "7“"
2452 3251 2563 3307 T"
2673 3251 2975 3329 j‘",“'h“
3000 3251 3214 3271 ""'""
3248 3251 3342 3257 "‘
3379 3251 3802 3306 ζνς-ζ-π-ς-ν-

600 3323 822 3398 perfecte
846 3323 901 3373 in
923 3319 1113 3375 Christi
1133 3320 1624 3376 Domininativitate
1645 3323 1926 3393 adimpleta
1949 3325 2109 3395 fuisse
2210 3311 2420 3398 ωπξξπξ
2443 3292 2883 3398 ⁵¹η¹ξνθίξθ¹ίέὼῗξ
2977 3308 3138 3397 fluam
3185 3293 3634 3398 spicadfd'ssfm:
3654 3305 3670 3331 ⁸
3693 3295 3802 3398 ,ψί

2209 3387 2455 3441 veritatis
2487 3387 2770 3440 illuminat.
2803 3385 2894 3441 Ait
2919 3386 3060 3439 enim
3107 3386 3434 3453 evangelista
3480 3385 3548 3440 de
3575 3385 3801 3440 Christo

599 3391 1040 3445 demonstrantur.

2210 3475 2438 3531 Domino
2471 3494 2484 3528 :
2516 3474 2649 3528 Erat
2689 3475 2780 3529 lux
2807 3491 2924 3529 vera
2965 3492 3086 3545 qua:-
3108 3476 3365 3528 illuminat
3389 3492 3592 3528 omnem
3621 3476 3797 3530 Iacnti-

533 348 642 403 ⁵55

529 1368 583 1421 in
625 1369 759 1434 otio,
793 1378 848 1422 et
872 1384 940 1423 ex
970 1369 1074 1424 illis
1095 1369 1189 1438 qui
1225 1378 1350 1424 sunt
1376 1370 1431 1424 in
1459 1370 1688 1438 negotiis
1728 1369 1927 1437 sxeculi,
1955 1376 2010 1424 et
2037 1384 2106 1423 ex

527 1459 634 1513 illis
675 1461 765 1527 qui
804 1459 918 1514 Deo
956 1460 1296 1528 ministrant,
1331 1461 1384 1514 in
1424 1459 1662 1515 Ecclesia
1700 1459 1861 1528 aliqui
1899 1474 2109 1529 perma-

527 1558 678 1614 nent,
708 1550 874 1618 aliqui
899 1550 1116 1604 cadunt.
1149 1549 1251 1616 Qui
1280 1558 1596 1620 permanent
1622 1559 1984 1618 assumuntur,
2013 1551 2104 1620 qui

526 1638 728 1693 cadunt
769 1641 1166 1708 relinquuntur.
1195 1639 1336 1708 Ergo
1375 1657 1513 1696 unus
1542 1650 1862 1706 assumetur,
1886 1651 1938 1697 et
1969 1658 2107 1697 unus

526 1728 889 1797 relinquetur.
908 1729 1026 1785 Non
1052 1732 1206 1799 quasi
1226 1731 1294 1785 de
1317 1732 1525 1785 duobus
1546 1732 1852 1788 hominibus
1877 1733 2102 1793 dictum.

600 3564 799 3619 Verum
820 3573 902 3620 est
925 3565 1068 3634 quod
1090 3566 1165 3619 ait
1192 3565 1247 3620 S.
1270 3565 1505 3622 Joannes
1528 3567 1766 3637 Baptista
1793 3567 1860 3622 de
1879 3568 2110 3624 Domino

528 3656 830 3720 Salvatore,
870 3656 1050 3710 dicens
1083 3675 1096 3708 :
1129 3655 1286 3709 Illum
1313 3666 1511 3720 oportet
1540 3674 1784 3723 crescere,
1822 3675 1904 3712 me
1938 3669 2107 3713 autem

531 3749 693 3802 minui
717 3746 898 3820 (Joan.
924 3763 997 3812 ut,
1030 3746 1137 3817 50).
1163 3745 1435 3815 Siquidem
1466 3747 1569 3802 hoc
1593 3749 1824 3817 primum
1846 3749 2006 3803 etiam
2036 3750 2113 3818 ip-

529 3837 605 3891 sis
632 3837 963 3906 temporibus
989 3845 1012 3874 °
1037 3836 1384 3906 approbatur.
1411 3835 1550 3893 Ecce
1574 3838 1716 3892 enim
1746 3839 1798 3891 in
1829 3840 2109 3895 nativitate

531 3924 730 3980 ChriSti
757 3926 872 3980 dies
916 3926 1128 3991 crescit,
1158 3933 1214 3979 et
1257 3924 1476 3981 Joannis
1513 3928 1796 3983 nativitate
1823 3928 2105 3984 decrescit.

531 4013 628 4069 illo
656 4016 863 4069 oriente
892 4016 981 4068 lu",
1011 4016 1238 4086 prolicit,
1269 4016 1373 4070 hoc
1400 4025 1655 4071 nascente
1684 4017 1957 4073 minuitur.
1988 4020 2107 4090 lpsa

533 4105 676 4158 enim
696 4105 1088 4176 quodammodo
1109 4113 1350 4175 tempora
1373 4105 1682 4160 famulantia
1703 4109 1942 4177 partibus
1962 4110 2070 4166 suis
2091 4129 2105 4163 :

533 4211 654 4248 eum
692 4196 1068 4250 detrimentum
1110 4195 1330 4260 faciunt,
1374 4211 1563 4250 servus
1602 4197 1866 4265 gignitur;
1920 4197 1940 4236 ί
1985 4215 2108 4254 cum

534 4294 710 4339 autem
732 4287 989 4340 Dominus
1009 4287 1262 4351 nascitur,
1284 4297 1685 4359 consequuntur
1703 4298 2104 4357 augumentum.

540 4377 845 4432 Profectum
874 4377 1032 4447 plane
1079 4379 1280 4432 faciunt
1317 4379 1434 4436 dies
1474 4399 1593 4438 cum
1623 4383 1807 4437 mundi
1858 4383 2109 4438 Salvator

2209 3583 2326 3620 nem
2356 3565 2537 3632 (Joan.
2586 3565 2646 3633 ι).
2680 3564 2871 3633 Igitur,
2903 3565 2949 3619 si
2997 3576 3116 3618 erat
3163 3565 3253 3618 lux
3309 3580 3435 3618 vera
3489 3581 3608 3634 qua:
3675 3566 3802 3619 illu-

2210 3656 2380 3709 minat
2431 3670 2646 3709 omnem
2705 3655 3005 3718 hominem,
3049 3657 3063 3705 ι
3103 3670 3198 3709 cur
3232 3653 3390 3724 ἀοι
3440 3670 3549 3708 non
3595 3655 3800 3709 illumi-

2212 3754 2365 3800 naret
2410 3745 2701 3799 mundum?
2747 3746 2922 3812 Atque
2968 3744 3090 3798 ideo
3145 3743 3258 3798 dies
3296 3760 3416 3812 qua:
3466 3745 3639 3799 lucem
3695 3747 3798 3800 bu-

2211 3853 2373 3893 mano
2416 3838 2598 3906 generi
2631 3836 2863 3907 peperit,
2889 3837 3037 3905 prius
3074 3837 3187 3905 ipsa
3223 3837 3398 3890 eidem
3427 3836 3559 3891 lucis
3587 3836 3805 3906 fulgore

2210 3925 2578 3995 resplenduit,
2621 3934 2676 3980 et
2721 3926 2977 3980 conclusa
3019 3926 3130 3994 jam
3177 3927 3348 3996 Spatia
3401 3942 3497 3980 sua
3552 3929 3800 3982 noctium

2209 4019 2484 4083 tenebris,
2545 4017 2829 4072 dominia}:
2880 4019 3012 4073 lucis
3061 4020 3237 4073 nitore
3289 4018 3559 4075 discussit.
3613 4020 3799 4078 Occu-

2209 4119 2433 4180 paverat
2461 4112 2604 4164 enim
2628 4118 2798 4164 totam
2827 4110 2966 4164 diem
3016 4113 3253 4165 noctium
3283 4111 3583 4181 longitudo,
3612 4115 3723 4170 nisi
3748 4117 3799 4169 in

2213 4201 2323 4268 ipsa
2353 4201 2460 4254 diei
2487 4201 2752 4254 brevitate
2795 4199 2820 4237 ι
2861 4200 3206 4270 prtefnlsisset
3254 4201 3516 4257 adventus
3552 4202 3673 4272 ejus
3707 4205 3801 4277 qui

2210 4298 2332 4344 ortu
2361 4306 2458 4346 suo
2487 4291 2704 4344 humani
2732 4290 2946 4359 generis
2971 4300 3317 4360 peccatorum
3347 4293 3595 4349 tenebras
3614 4294 3802 4351 discu-

2212 4384 2321 4436 tit:
2368 4383 2440 4436 ita
2480 4391 2537 4438 et
2575 4382 2681 4437 diei
2725 4381 3021 4438 nativitatis
3067 4397 3177 4438 sua
3214 4385 3498 4453 caliginum
3542 4387 3801 4442 tenebras

535 4467 723 4532 oritur,
755 4467 1018 4522 defectum
1045 4469 1243 4537 patitur
1268 4485 1389 4524 cum
1413 4472 1629 4526 ultimus
1656 4472 1918 4542 propheta
1946 4486 2112 4540 gene-
2141 4476 2188 4534 D
2213 4477 2529 4546 amputavit,
2553 4484 2611 4531 et
2647 4493 2756 4532 uno
2781 4477 3083 4547 eodemque
3114 4487 3238 4534 ortu
3268 4479 3443 4535 lucem
3472 4482 3676 4550 pariter
3716 4485 3797 4538 in-

536 4566 703 4611 ratur.
736 4557 1001 4626 Scriptum
1030 4566 1113 4612 est
1139 4559 1279 4613 enim
1314 4579 1326 4611 :
1365 4559 1472 4615 Lex
1498 4571 1549 4615 et
1566 4562 1828 4632 propheta:
1859 4579 2018 4633 usque
2045 4564 2114 4616 ad

535 4648 791 4702 Joannem
823 4645 972 4717 (Luc.
1007 4647 1136 4716 xvi).
1169 4648 1344 4716 Atque
1375 4650 1496 4705 ideo
1524 4667 1745 4706 necesse
1781 4661 1898 4706 erat
1925 4660 1985 4705 ut
2011 4653 2112 4707 ob—

537 4747 844 4794 scuraretur
873 4739 1004 4805 legis
1031 4739 1356 4806 observatio,
1379 4749 1403 4786 8
1429 4742 1516 4796 ubi
1541 4743 1805 4806 evocatio,
1831 4743 1918 4797 ubi
1944 4742 2116 4797 Evan-

537 4831 662 4898 gelii
689 4830 861 4897 gratia
888 4829 1219 4897 refulgebat;
1246 4840 1302 4884 et
1328 4841 1566 4886 cessaret
1591 4833 1872 4901 prophetia
1905 4832 2114 4890 Veteris

537 4920 890 4986 Testamenti,
918 4935 1039 4974 cum
1069 4919 1208 4975 Novi
1228 4920 1556 4976 Testamenti
1582 4923 1754 4990 gloria
1770 4925 2110 4983 succedebat.

610 5045 632 5069 ⁸
657 5034 791 5089 Cod.
813 5032 987 5086 Vatic.
1015 5030 1185 5083 Palat.
1214 5032 1411 5084 omittit
1439 5048 1641 5091 rursus.

610 5105 635 5141 ι
666 5099 1273 5176 Cod.__Vat.__Reg._lf25,
1295 5102 1350 5154 in
1378 5103 1592 5176 singulis
1615 5104 1881 5175 generibus
1908 5107 2112 5176 profes-

2218 4567 2337 4620 tulit
2375 4575 2430 4620 et
2469 4567 2810 4634 hominibus,
2840 4574 2895 4622 et
2928 4568 3135 4624 diebus.
3173 4568 3322 4625 Unde
3358 4586 3463 4625 non
3492 4578 3575 4625 est
3599 4573 3796 4628 mirum

2214 4656 2257 4708 si
2286 4656 2482 4708 crescit
2508 4655 2622 4709 dies
2650 4670 2769 4724 quae
2792 4657 3006 4724 gemino
3043 4656 3056 4695 ¹
3093 4657 3315 4727 fulgoris
3335 4661 3617 4730 splendore
3638 4665 3800 4718 vesti-

2217 4754 2318 4799 tur.
2337 4745 2444 4799 Sed
2467 4744 2744 4801 videamus
2765 4746 2940 4802 adhuc
2966 4750 3241 4818 quomodo
3268 4751 3522 4806 Dominus
3549 4751 3801 4811 Salvator

2213 4843 2448 4902 crescat,
2489 4834 2725 4891 Joannes
2769 4837 3006 4907 Baptista
3056 4839 3348 4896 decrescat.
3393 4853 3430 4878 ιο
3473 4843 3723 4901 Diximus
3746 4849 3796 4901 in

2213 4927 2578 4998 superioribus
2605 4928 2749 4997 quod
2775 4931 2989 4998 quidem
3009 4929 3246 4988 Joannes
3271 4933 3493 5002 figuram
3517 4937 3644 5006 legis
3666 4955 3796 5008 pro-

2299 5037 2313 5074 ί
2345 5037 2481 5092 Cod.
2505 5039 2791 5104 Vallicel‘l.,
2816 5042 2905 5095 (ua:
2935 5044 3162 5097 veritatis
3181 5045 3502 5100 illuminavit.
3535 5046 3619 5101 Ita
3646 5067 3798 5106 eran-

2221 5109 2405 5177 gclista
2435 5109 2497 5162 tle
2519 5107 2724 5163 Christe
2754 5113 2849 5177 ait,
2871 5119 2974 5166 etc.
2999 5112 3133 5167 Cod.
3157 5113 3212 5166 S.
3236 5113 3390 5168 Joan.
3419 5117 3486 5169 ad
3516 5117 3752 5177 Carbon.
3780 5141 3792 5174 :

536 5177 759 5250 sianum.
791 5171 926 5226 Cod.
952 5166 1089 5225 Vat.‘
1105 5168 1275 5223 Palat.
1307 5179 1363 5225 et
1403 5166 1588 5228 vallic.
1615 5166 1677 5239 ἶι,
1717 5176 1872 5233 trium
1908 5166 2116 5249 profes-
2221 5166 2306 5230 ita
2333 5179 2470 5232 enim
2489 5181 2799 5250 evangelista
2829 5166 2892 5233 de
2918 5166 3129 5236 Clwistc
3149 5166 3486 5239 Domino‘ait—
3505 5166 3795 5244 itcrat-lux.

536 5261 755 5298 sianum.

611 5326 631 5351 ε
665 5312 799 5367 Cod.
829 5309 1116 5371 Vallicell.,
1147 5310 1202 5362 in
1231 5310 1614 5366 tentationibus.

609 5381 640 5421 δ
664 5381 801 5436 Cod.
833 5379 954 5434 Vat.
994 5377 1188 5442 Palat.,
1221 5389 1434 5432 constet.

609 5466 631 5490 ο
655 5451 825 5506 Codd.
841 5449 980 5521 Nat.
1013 5447 1155 5521 4222
1180 5456 1235 5501 et
1260 5448 1544 5521 vallicell.,
1571 5452 1894 5521 approbetur.

611 5523 631 5560 ί
655 5521 791 5576 Cod.
833 5520 1115 5590 Vallicell.,
1145 5517 1428 5590 cumDeus
1458 5517 1704 5590 nascitur.

607 5603 629 5639 ε
662 5591 792 5645 Cod.
822 5588 1082 5644 Vallicell.
1116 5589 1315 5641 omittit
1347 5588 1508 5644 voces
1535 5591 1620 5644 ubi
1651 5594 1896 5647 evocatio.

608 5661 632 5700 ιι
673 5661 897 5730 Snpplct
936 5658 1057 5730 cod.
1086 5656 1256 5730 A995.
1287 5657 1475 5730 Crucis
1518 5661 1570 5714 in
1611 5659 1752 5727 Jer.;
1785 5662 2117 5720 concordant

536 5732 703 5790 Codd.
735 5726 856 5789 vn.
887 5728 1040 5796 tm,
1072 5726 1251 5784 Casin.
1277 5738 1329 5783 et
1353 5728 1609 5786 Vallicell.

2221 5265 2355 5322 vera,
2390 5257 2495 5303 etc.
2526 5246 2585 5304 Si
2605 5246 2876 5322 ergouerat
2908 5251 2999 5305 lux
3033 5269 3150 5322 qua:
3187 5255 3446 5307 illuminat
3471 5274 3673 5311 omnem
3700 5265 3794 5316 Ita-

2222 5318 2431 5392 minem,
2459 5334 2549 5371 cur
2576 5318 2681 5392 non
2700 5319 3018 5392 illuminare!
3039 5318 3088 5375 et
3116 5324 3404 5377 mundum?

2293 5387 2305 5434 1'
2345 5387 2500 5462 idem
2519 5387 2638 5462 cod.
2667 5389 2772 5462 qui
2786 5399 3052 5462 suprmet
3080 5393 3382 5462 superiores
3409 5411 3620 5451 omnes.

2291 5463 2310 5491 ⁸
2354 5455 2536 5536 Codd.-
2557 5455 2928 5536 VatJlﬁlliTet
2956 5455 3160 5536 Casin.;
3190 5460 3535 5536 106,_Christi
3564 5469 3790 5536 refulsis-

2217 5527 2687 5604 set‘atl‘veittus,qui
2716 5529 2854 5604 sicut
2873 5538 3107 5604 ortusuo
3134 5532 3344 5585 humani
3374 5538 3598 5604 generis,
3622 5527 3726 5596 ctc.

2295 5594 2307 5632 ¹
2353 5595 2575 5680 Cod_.hS.
2601 5594 2754 5653 Joan.
2787 5598 2858 5652 ad
2884 5597 3142 5669 Carbon.,
3163 5594 3684 5674 gemino'splendoris
3707 5594 3798 5680 (ut.

2218 5683 2339 5736 gore
2367 5674 2595 5736 vcstitur.

2291 5745 2326 5771 ω
2369 5733 2551 5793 Codex
2579 5735 2757 5793 Casin.
2789 5737 2934 5794 addit
2963 5737 3043 5795 Si.
3075 5805 3078 5808 ,
