3910 6238
103 358 207 415 5'57
1596 359 1696 416 SE]

1804 361 1828 416 )
1863 362 1950 418 η’.
3311 372 3418 432 538

101 476 534 548 phetarumque
554 477 817 545 gestavit;
847 491 1068 532 necesse
1086 483 1204 532 erat
1231 489 1360 544 ergo
1388 485 1447 530 ut
1474 474 1726 530 deficeret
1755 481 1805 537 Α
1830 477 1906 530 illi
1938 477 2186 532 universa
2215 477 2563 534 iamulantur.
2595 479 2728 535 Cum
2757 490 2937 538 autem
2970 482 3205 540 Joannes
3225 491 3412 544 conci-

101 568 214 631 lex,
265 567 589 638 Evangelio
635 575 972 634 coruscante,
994 577 1050 624 et
1094 568 1428 623 minueretur
1471 567 1726 622 Judaicus
1829 573 1993 645 pitur,
2017 572 2303 628 Zacharias
2332 574 2677 644 obmutescit,
2702 576 2957 633 solemnis
2977 580 3298 636 conticescit
3325 596 3414 636 sa-

101 659 378 728 populus,
416 660 626 730 popqu
669 658 976 715 Christiano
1004 667 1278 727 surgente.
1303 658 1433 725 Quis
1459 658 1602 713 enim
1627 656 1728 711 du-
1828 665 2040 729 cerdos,
2097 663 2370 721 Elisabeth
2421 676 2597 726 mater
2632 668 2980 726 absconditur
3017 669 3073 736 |';
3105 673 3412 740 signiﬁcans

105 750 250 805 bitat
281 750 358 806 de
391 753 686 806 nativitate
713 752 926 806 Domini
958 751 1257 822 Synagogm
1300 766 1419 806 esse
1445 752 1725 806 conventi-
1825 761 1950 823 post
1979 763 2158 809 ortum
2188 771 2344 810 suum
2365 757 2497 826 legis
2525 758 2824 825 silentium,
2849 761 3192 816 amissionem
3228 777 3411 818 sacer-

105 841 228 895 cula
263 850 545 907 vacuata,
582 843 768 912 plebes
803 841 1188 910 multiplicatas
1221 839 1500 909 Ecclesite,
1538 847 1594 896 et
1622 841 1725 895 mi-
1826 844 1986 910 dotii,
2034 845 2268 900 latebras
2306 846 2622 918 Synagogte.
2681 829 2910 905 Dubium
2959 860 3138 905 autem
3174 867 3282 906 non
3326 859 3411 906 est

104 945 229 984 rum
277 930 336 984 in
391 931 621 986 modum
650 931 889 1000 quotidie
935 929 1204 985 Christum
1252 946 1349 1001 per
1393 929 1726 986 Christianos
1830 945 1852 974 ο
1877 936 2264 1006 quodJoannes
2289 937 2742 993 natusPharisaais
2753 938 3015 1007 justitiam
3035 941 3166 1009 legis
3181 941 3408 996 abstule~

103 1034 236 1074 suos
265 1036 556 1090 crescere,
587 1018 848 1077 Joannem
876 1021 1043 1076 minui
1086 1037 1184 1091 per
1209 1020 1453 1086 Judmos;
1485 1037 1582 1076 nos
1612 1021 1724 1076 diei
1823 1025 1913 1091 rit,
1945 1023 1970 1062 ἀ
2001 1026 2142 1096 quod
2163 1035 2457 1096 conceptus
2485 1030 2623 1097 patri
2653 1029 2874 1084 abstulit
2900 1031 3049 1086 vocis
3067 1031 3409 1101 obsequium.

103 1110 382 1168 dominici
406 1113 698 1183 splendore
726 1113 947 1181 fulgere,
981 1113 1101 1168 illos
1129 1112 1458 1168 obscuritate
1486 1114 1724 1169 noctium
1823 1116 2031 1171 Crescit
2052 1117 2210 1185 igitur
2236 1117 2494 1173 Dominus
2519 1133 2754 1188 semper,
2784 1119 3019 1175 Joannes
3050 1121 3285 1191 Baptista
3307 1122 3407 1175 mi-

105 1200 415 1257 laborare?
441 1203 556 1259 Nox
587 1203 729 1260 enim
759 1219 921 1274 super
945 1202 1159 1258 Judacos
1178 1203 1576 1273 quodammodo
1605 1221 1724 1258 rna-
1823 1207 2025 1261 nuitur.
2055 1207 2173 1262 Non
2196 1207 2323 1262 ideo
2334 1209 2592 1264 minuitur
2616 1211 2759 1278 quod
2786 1211 2994 1266 meritis
3021 1211 3219 1282 aliquid
3246 1211 3407 1267 dero-

101 1288 193 1359 jor
221 1292 509 1360 incubuit,
557 1309 621 1350 ex
652 1311 761 1364 quo
790 1295 1044 1350 dixerunt
1082 1293 1151 1348 de
1200 1308 1331 1348 nece
1381 1293 1674 1348 Salvatoris
1705 1310 1719 1347 :
1823 1283 2000 1364 geiur,
2030 1297 2144 1363 sed,
2179 1298 2431 1368 quoniam
2459 1294 2493 1338 θ’
2511 1298 2762 1367 Salvator
2789 1301 2872 1355 his
2891 1302 3132 1369 quotidie
3160 1316 3409 1357 accumu-

105 1384 356 1455 Sangais
413 1394 444 1422 ιι
497 1385 648 1456 hujus
700 1403 854 1456 super
897 1402 993 1440 nos
1043 1394 1094 1439 et
1129 1401 1285 1455 super
1325 1384 1462 1453 ﬁlios
1519 1391 1722 1438 nostros
1821 1387 1993 1453 latur,
2022 1388 2192 1455 gloria
2231 1389 2372 1444 illius
2415 1390 2591 1444 minor
2631 1390 2744 1444 ﬁeri
2778 1391 3009 1446 videtur.
3040 1392 3283 1447 Lucerna
3310 1393 3407 1448 de-

107 1472 334 1539 (Matth.
363 1476 560 1546 xxvn).
589 1475 880 1546 Maioribus
899 1478 1059 1548 plane
1079 1485 1204 1532 sunt
1225 1476 1462 1531 noctium
1486 1475 1723 1530 tenebris
1822 1479 1985 1548 nique
2015 1489 2236 1535 vocatur
2259 1480 2515 1547 Joannes,
2543 1482 2756 1537 dicente
2776 1483 3004 1538 Domino
3038 1503 3051 1536 :
3089 1483 3108 1522 τ
3143 1483 3265 1554 Ipse
3292 1491 3411 1539 erat

106 1565 422 1632 obscurati,
443 1582 506 1621 ex
525 1583 632 1637 quo
652 1569 830 1625 conati
859 1578 985 1624 sunt
1007 1568 1151 1623 diem
1178 1568 1422 1623 veritatis
1451 1566 1720 1622 occidere.
1820 1569 2029 1623 lucerna
2058 1570 2246 1624 ardens
2279 1570 2470 1640 (Joan.
2503 1571 2580 1640 v).
2611 1571 2871 1626 Lucrrnte
2898 1573 3058 1641 igitur
3084 1575 3409 1630 obscuratur

105 1652 225 1710 Hoc
274 1664 476 1712 autem
505 1658 648 1728 quod
676 1657 923 1725 dicimus,
953 1667 1011 1714 ut
1038 1660 1220 1714 verius
1266 1657 1568 1727 approbare
1595 1671 1724 1726 pos-
1821 1660 2021 1727 lumen,
2073 1677 2196 1716 cum
2245 1647 2446 1716 radius.
2474 1663 2605 1719 solis
2662 1661 2909 1732 eﬂ‘ulget;
2952 1677 3007 1719 et
3045 1666 3412 1722 defectionem

105 1745 304 1813 simus,
357 1748 642 1816 utriusque
683 1751 1018 1805 nativitatem
1070 1750 1304 1805 breviter
1358 1763 1716 1819 exponamus.
1821 1752 2106 1820 quamdam
2137 1753 2396 1822 lampadis
2441 1769 2549 1807 sua:
2576 1755 2795 1823 patitur,
2847 1772 2968 1811 cum
2996 1758 3240 1813 clarioris
3270 1759 3411 1814 lucis

104 1831 251 1889 Ecce
281 1837 464 1903 enim,
495 1853 617 1893 cum
657 1838 818 1911 502
866 1841 1104 1896 nascitur
1142 1841 1409 1904 Christus,
1440 1839 1711 1894 exsultant
1745 1841 1785 1899 Β
1814 1842 2100 1911 splendore
2121 1851 2426 1912 superatur.
2459 1843 2590 1909 Quis
2618 1844 2759 1899 enim
2776 1847 2991 1914 sapiens
3020 1847 3294 1906 lucernam
3315 1865 3406 1903 re-

106 1925 316 1992 angeli.
365 1935 619 1995 pastores
648 1931 986 2003 pervigilant,
1026 1931 1168 1999 magi
1224 1931 1535 1993 adveniunt,
1565 1930 1720 1986 stella
1824 1932 2004 2002 quirat
2024 1932 2077 1986 in
2104 1931 2265 1986 sole?
2293 1931 2410 1987 Non
2439 1932 2656 2001 quidem
2680 1935 3055 2003 exstinguitur,
3087 1935 3181 1991 sed
3211 1952 3406 1992 neces-

104 2016 398 2084 pracedit,
426 2027 483 2073 et
502 2028 694 2074 cuncta
721 2036 841 2091 quae
870 2029 995 2075 sunt
1023 2021 1076 2076 in
1108 2021 1259 2077 cmlis
1297 2022 1565 2090 terrisque
1595 2020 1719 2090 pul—
1818 2023 1961 2078 saria
1991 2037 2100 2076 non
2131 2021 2361 2076 habetur
2393 2040 2406 2074 :
2441 2022 2544 2076 hoc
2572 2031 2658 2077 est
2676 2065 2692 2086 .
2738 2024 2859 2092 quis
2888 2024 2954 2077 ad
2982 2023 3203 2079 Joannis
3231 2028 3406 2096 paeni-

105 2103 392 2161 cherrima
444 2108 544 2177 ipsi
575 2109 804 2164 Domino
833 2109 1165 2164 deferuntur.
1211 2110 1534 2165 Deferuntur
1572 2112 1718 2166 enim
1819 2113 2001 2168 tentim
2028 2113 2351 2182 baptismum
2376 2113 2576 2181 veniat,
2599 2130 2720 2169 cum
2757 2114 2929 2184 possit
2965 2113 3261 2171 Salvatoris
3307 2115 3406 2172 ba-

102 2194 179 2249 illi
206 2196 395 2264 gloria
441 2214 539 2268 per
565 2200 807 2267 angelos,
857 2201 1074 2255 claritas
1111 2215 1209 2270 per
1253 2201 1461 2254 stellam
1482 2243 1498 2272 ,
1528 2200 1717 2268 religio
1816 2203 2016 2273 ptismo
2038 2202 2273 2256 salvari?
2293 2201 2410 2256 Non
2441 2202 2655 2272 quidem
2683 2202 2810 2258 illud
2841 2204 3282 2272 reprelienditur;
3305 2205 3404 2261 sed

103 2300 206 2354 per
227 2302 452 2357 magos,
483 2291 798 2358 simplicitas
841 2306 938 2361 per
958 2299 1238 2360 pastores;
1287 2299 1344 2346 et
1390 2290 1533 2360 quod
1577 2290 1718 2359 apud
1819 2292 1921 2346 hoc
1949 2291 2120 2358 magis
2140 2289 2270 2345 utile
2298 2297 2353 2345 et
2383 2290 2746 2345 necessarium
2778 2301 2802 2338 8
2833 2290 3068 2359 videtur,
3097 2294 3222 2362 quia
3254 2295 3304 2349 in
3335 2312 3403 2348 eo

105 2376 286 2447 ipsum
312 2380 495 2434 solum
519 2380 700 2435 futura
727 2390 910 2437 essent
938 2383 1052 2438 haec
1080 2383 1260 2437 omnia
1278 2424 1292 2448 ,
1320 2381 1443 2436 ideo
1472 2380 1717 2434 nascenti
1820 2382 2066 2436 remissio
2087 2389 2433 2452 peccatorum
2456 2382 2728 2437 tribuitur.

1552 2493 1821 2555 SERMO
1867 2494 1977 2555 IV.

1462 2593 1539 2648 De
1562 2595 1742 2648 eodem
1768 2595 1935 2648 natali
1962 2594 2050 2652 11.

1554 2683 1949 2740 ADMONITIO.

178 2778 351 2852 £03
388 2778 542 2852 Quod
590 2782 839 2852 monachi
867 2781 926 2835 S.
957 2781 1128 2852 Mauri
1153 2781 1258 2852 hoc
1283 2782 1349 2835 de
1375 2795 1625 2852 sermone
1652 2779 2021 2852 conjectantes
2049 2779 2253 2852 Opinati
2283 2787 2425 2852 sunt,
2457 2777 2752 2852 aMaximo
2778 2782 3149 2852 potius_quam
3177 2783 3247 2837 ab
3274 2783 3403 2836 Am-

107 2845 602 2920 brosibprodiisse,
637 2851 796 2904 trium
820 2851 1382 2920 praestantissimorum
1413 2851 1660 2920 codicum
1691 2845 2032 2920 auctoritate,
2078 2845 2432 2920 dictionisque
2471 2845 2820 2920 similitudine
2849 2845 3245 2908 conﬁrmamus.
3280 2852 3400 2906 Pri—

108 2931 232 2972 mus
253 2915 429 2989 codex
449 2929 531 2989 est
553 2915 896 2989 Taurinensis
922 2935 1043 2974 cum
1074 2920 1424 2989 inscriptione
1457 2938 1469 2972 :
1507 2918 1633 2973 Item
1660 2929 1709 2971 et
1734 2918 1799 2989 de
1829 2915 2119 2989 [Vativitate
2159 2915 2367 2989 Domini
2397 2918 2749 2989 homiliahIII
2764 2940 2781 2984 ,-
2816 2920 3082 2976 secundus
3125 2930 3179 2975 et
3212 2924 3400 2976 tertius

107 2995 236 3039 sunt
264 2987 479 3042 codices
499 2987 568 3041 90
588 2999 642 3043 et
667 2988 735 3041 99
763 2989 818 3044 S.
842 2990 1029 3043 Crucis
1058 2990 1111 3044 in
1135 2987 1432 3045 Jerusalem
1461 3008 1474 3042 :
1509 2989 1586 3042 De
1615 2988 1790 3042 natale
1819 2987 2031 3041 Domini
2060 2990 2224 3057 nostri
2269 2988 2579 3044 Saluatoris.
2612 2987 2824 3057 Optime
2865 2992 3024 3045 iidem
3067 2991 3402 3046 Bcnedictini

110 3059 366 3129 monachi
394 3059 631 3129 editores
656 3073 819 3113 serm.
852 3059 908 3114 S.
935 3059 1185 3115 Ambros.
1220 3075 1367 3113 num.
1400 3058 1451 3124 6,
1485 3073 1605 3128 pag.
1637 3058 1744 3129 597
1762 3057 1891 3112 edit.
1924 3057 2093 3111 Paris.
2128 3056 2285 3113 1690.
2318 3074 2622 3129 sermonem
2662 3056 2726 3112 in
2768 3061 2872 3115 hoc
2900 3062 3165 3129 praecipue
3187 3061 3400 3115 versari

113 3122 320 3202 dixere,
352 3128 485 3202 quod
501 3129 819 3202 dies_na_t_a_lis
849 3129 1064 3202 Domini
1085 3131 1165 3184 sol
1192 3147 1351 3202 novus
1377 3122 1659 3202 dice-Quium
1690 3127 1845 3202 idest
1872 3143 2043 3202 novus
2060 3143 2248 3202 annus,
2280 3127 2702 3202 quandoquidem
2737 3130 2801 3202 ab
2847 3122 2915 3183 ea
2938 3130 3020 3202 die
3043 3122 3210 3202 annus
3231 3147 3398 3202 quon-

112 3193 234 3277 ἄστη
263 3193 561 3277 incipiebat.
596 3196 793 3277 Scribit
822 3200 1484 3277 elarissimus_Alexa_nder
1508 3197 1714 3277 Politus
1744 3197 1801 3277 in_
1827 3197 1968 3277 notis
1995 3193 2359 3277 Martyrologii
2384 3193 2613 3277 Romani
2639 3197 2867 3277 addiem
2897 3199 3106 3277 calepd.
3138 3193 3399 3277 Januarii2

112 3266 534 3339 vetustissimum
563 3269 801 3339 omnium
830 3267 1291 3339 Martyrologium,
1320 3268 1632 3339 Hieronymi
1661 3266 1960 3339 presbyteri
1988 3266 2207 3339 nomine
2231 3267 2542 3339 insignitum
2560 3304 2576 3327 ,
2624 3282 2652 3318 a
2680 3267 2766 3320 die
2784 3269 2998 3339 natalis
3014 3266 3227 3339 Domini
3273 3270 3402 3324 anni

117 3286 534 3320 vetustissimum
563 3286 801 3321 omnium
830 3286 968 3322 tuan
1007 3286 1291 3332 ronogium,
1320 3286 1632 3339 meronymt
1661 3286 1960 3335 presbyteri
1988 3286 2207 3319 nomine
2235 3286 2542 3334 insignitum
2560 3304 2576 3327 ,
2624 3286 2652 3318 a
2680 3286 2766 3320 me
2796 3286 2998 3322 natans
3015 3286 3227 3322 nomini
3273 3286 3402 3324 anm

114 3331 324 3408 initium
353 3351 586 3400 sumere,
617 3345 674 3391 et
701 3338 903 3392 Adonis
931 3286 1368 3408 Myartyrologium
1397 3354 1428 3392 a
1455 3338 1634 3406 vigilia
1658 3335 1950 3408 Dominicze
1976 3336 2292 3408 nativitatis.
2326 3335 2403 3408 Eu
2433 3336 2514 3408 his
2542 3338 2795 3402 cognosci
2817 3345 3014 3406 potest,
3039 3337 3092 3390 in
3116 3339 3404 3408 nonnullis

111 3397 368 3460 Ecclesiis
397 3397 594 3460 novum
621 3421 821 3461 annum
852 3423 884 3461 a
911 3408 999 3461 die
1026 3397 1470 3462 natalisvDomini
1510 3397 1832 3474 incapisse;
1857 3420 2000 3470 cum,
2047 3413 2106 3459 ut
2134 3405 2307 3474 inquit
2335 3397 2837 3471 Maximus'noster,
2870 3397 3070 3461 oriente
3098 3403 3397 3474 Saluatore,

113 3487 215 3525 non
245 3482 411 3529 solum
431 3476 642 3529 humani
660 3477 861 3547 generis
883 3477 1044 3543 salus,
1070 3478 1162 3531 sed
1189 3479 1344 3531 etiam
1365 3480 1489 3532 solis
1511 3478 1672 3547 ipsius
1701 3475 1913 3528 claritas
1938 3476 2227 3528 innovetur.

112 3582 610 3658 Mcuunnruu._—
635 3589 729 3643 Sol
747 3606 905 3646 nonus
943 3606 1033 3643 cur
1063 3590 1353 3658 appelletur
1383 3589 1592 3643 Domini
1620 3604 1711 3642 na-
1734 3588 1779 3648 C
1814 3586 1955 3641 diem
1986 3587 2146 3641 alieni
2202 3588 2462 3657 temporis
2513 3588 2746 3646 olﬁcium
2784 3591 3127 3657 ministravit,
3170 3608 3266 3646 cur
3291 3608 3400 3646 non

184 3657 302 3749 talis
315 3655 863 3749 ‘die‘shlvmovgs
882 3655 1205 3749 vetusiguid
1231 3661 1368 3713 inter
1407 3659 1586 3712 mundi
1614 3675 1696 3712 so-

1808 3677 2110 3741 credamus,
2141 3678 2284 3746 quod
2316 3655 2398 3732 sol
2428 3695 2643 3749 quoque
2672 3682 2951 3735 nocturnis
2979 3655 3128 3736 horis
3157 3681 3402 3749 aliquan-

178 3723 277 3778 lem
306 3735 356 3779 et
384 3727 559 3781 Solem
599 3727 862 3781 Christum
888 3729 1112 3782 intersit.

178 3856 328 3914 Bene
370 3859 772 3928 quodammodo
823 3867 1070 3916 sanctum
1120 3861 1262 3916 hunc
1314 3861 1456 3916 diem
1510 3859 1705 3914 natalis

111 3946 322 4004 Domini
350 3951 521 4006 solem
544 3966 743 4005 novum
769 3952 956 4020 vulgus
986 3953 1240 4022 appellat,
1275 3963 1330 4007 et
1358 3960 1505 4006 tanta
1535 3950 1592 4004 id
1620 3951 1703 4005 sui

113 4040 435 4094 auctoritate
459 4038 765 4105 conﬁrmat,
791 4049 850 4095 ut
887 4041 1054 4096 Judaei
1086 4042 1246 4096 etiam
1276 4050 1439 4111 atque
1477 4040 1704 4108 gentiles

112 4126 164 4182 in
185 4129 285 4186 hac
309 4146 446 4185 voce
475 4130 836 4186 consentiant.
868 4130 1025 4199 Quod
1054 4133 1284 4187 libenter
1311 4132 1465 4187 nobis
1494 4132 1701 4201 ample-

113 4211 360 4278 Ctendum
402 4233 505 4290 est,
527 4225 652 4295 quia
678 4225 892 4280 oriente
921 4225 1226 4289 Salvatore,
1257 4241 1365 4280 non
1393 4224 1566 4278 solum
1597 4225 1700 4277 hu-

112 4315 248 4369 mani
277 4315 496 4384 generis
537 4316 702 4379 salus,
734 4316 830 4370 sed
876 4317 1040 4371 etiam
1083 4316 1214 4372 solis
1269 4315 1436 4385 ipsius
1484 4315 1702 4369 claritas

111 4403 411 4461 innovatur.
431 4405 584 4460 Sicut
610 4406 686 4460 ait
712 4406 1003 4476 Apostolus
1035 4424 1048 4459 :
1084 4405 1151 4460 Ut
1179 4422 1270 4476 per
1295 4407 1466 4475 ipsum
1493 4403 1704 4458 restau;

108 4505 238 4550 roret
287 4496 485 4559 omnia,
512 4497 618 4549 sive
639 4512 752 4566 qua:
779 4496 834 4548 in
859 4495 1023 4559 caelis,
1053 4497 1158 4549 sive
1186 4512 1301 4565 qua:
1327 4497 1382 4548 in
1416 4504 1553 4548 terra
1580 4504 1700 4548 sunt

109 4584 324 4656 (Ephes.
351 4587 416 4654 ι).
448 4586 506 4640 Si
535 4588 678 4640 enim
728 4587 1048 4641 obscuratur
1075 4588 1154 4643 sol
1185 4603 1308 4642 cum
1337 4585 1581 4641 Christus
1603 4601 1697 4656 pa-

109 4675 246 4739 titur,
288 4691 511 4730 necesse
539 4685 622 4730 est
650 4676 798 4731 illum
821 4677 1152 4746 splendidius
1177 4678 1337 4732 solito
1366 4677 1548 4732 lucere
1576 4691 1699 4731 cum

107 4769 360 4822 nascitur.
387 4765 455 4819 Et
479 4767 523 4820 si
565 4766 763 4821 Judaeis
790 4776 1023 4823 mortem
1052 4768 1401 4838 operantibus
1446 4765 1476 4804 ³³
1513 4763 1700 4822 eﬂudit

109 4858 372 4922 tenebras,
406 4873 504 4912 cur
535 4873 644 4912 non
683 4857 867 4913 Maria:
902 4859 1223 4929 parturienti
1251 4859 1416 4912 vitam
1446 4858 1698 4914 exhibeat

1806 3769 1974 3821 tulum
2006 3767 2240 3820 adventu
2263 3768 2556 3823 maturiore
2576 3769 2951 3838 decerpserit?
2975 3769 3052 3823 Ex
3076 3785 3143 3825 eo
3171 3771 3402 3838 denique

1805 3855 2003 3912 factum
2035 3867 2193 3927 puto,
2228 3866 2288 3912 ut
2315 3875 2423 3913 nox
2473 3858 2845 3929 decresceret,
2874 3861 3000 3915 dum
3049 3863 3132 3916 sol
3175 3861 3401 3918 festinus

1804 3949 1874 4004 ob
1900 3948 2180 4003 dominica:
2195 3949 2492 4004 nativitatis
2517 3950 2835 4018 obsequium
2852 3962 2977 4004 ante
2997 3951 3199 4006 mundo
3222 3952 3403 4007 lucem

1803 4039 2048 4108 protulit,
2084 4055 2246 4109 quam
2278 4054 2385 4093 nox
2405 4055 2622 4093 cursum
2649 4039 2733 4094 sui
2762 4041 3019 4110 temporis
3053 4057 3403 4096 consumma-

1802 4138 1906 4185 ret.
1947 4131 2086 4197 Quin
2118 4132 2299 4201 potius
2324 4132 2493 4201 ipsam
2540 4138 2756 4187 noctem
2787 4131 2953 4187 fuisse
2975 4147 3083 4187 non
3123 4133 3264 4196 dico,
3299 4147 3403 4188 nec

1803 4222 2004 4292 aliquid
2037 4223 2383 4278 obscuritatis
2409 4221 2684 4286 habuisse,
2717 4223 2769 4276 in
2813 4237 2916 4290 qua
2946 4230 3192 4291 pastores
3219 4222 3400 4292 pervi-

1805 4313 1993 4382 gilant,
2020 4315 2296 4369 exsultant
2315 4315 2512 4382 angeli,
2537 4322 2681 4367 astra
2710 4313 3040 4368 deserviunt.
3072 4313 3184 4367 Nec
3211 4313 3404 4370 mirari

1801 4404 2063 4460 debemus
2082 4405 2226 4473 quod
2257 4405 2310 4459 in
2333 4404 2612 4459 nativitate
2640 4404 2838 4460 Christi
2869 4419 3008 4459 nova
3037 4405 3217 4458 omnia
3257 4403 3398 4459 facta

1803 4495 1907 4549 sint
1925 4538 1940 4560 ,
1965 4511 2087 4550 cum
2117 4511 2316 4549 novum
2341 4495 2445 4549 hoc
2473 4495 2647 4564 ipsum
2689 4493 2852 4548 fuerit
2878 4494 3022 4564 quod
3050 4494 3202 4560 virgo
3232 4509 3400 4563 pepe-

1800 4589 1890 4642 rit.
1922 4587 1980 4641 Si
2008 4593 2186 4641 autem
2210 4593 2410 4654 praeter
2437 4586 2652 4640 solitum
2683 4585 2846 4654 404
2876 4585 3129 4638 nativitas
3166 4584 3396 4648 exstitit,

1801 4684 1856 4731 et
1883 4683 2082 4746 praeter
2108 4675 2323 4730 solitum
2345 4674 2605 4742 obsequia
2627 4681 2751 4727 sunt
2779 4673 2955 4727 dolata
2973 4714 2988 4738 ,
3019 4687 3149 4740 ergo
3182 4673 3402 4728 oriente

1801 4769 2030 4825 Domino
2073 4775 2325 4838 pastores
2373 4767 2712 4836 pervigilant,
2762 4766 3034 4819 exsultant
3071 4765 3270 4835 angeli,
3313 4765 3396 4819 sol

1800 4858 2134 4928 obsequitur,
2183 4855 2339 4910 stella
2387 4853 2695 4910 famulatur.
2725 4851 2795 4908 Et
2839 4855 3059 4923 quidem
3105 4855 3281 4922 angeli
3308 4855 3395 4910 vel

106 4944 443 5002 claritatem?
472 4947 577 5001 Atrt
604 4964 712 5003 non
748 4947 764 4986 ί
794 4949 1063 5003 credimus
1085 4947 1229 5018 quod
1259 4956 1512 5003 nascente
1533 4946 1690 5002 Chri-
1719 4979 1770 5040 Β
1795 4957 2040 5022 pastores
2101 4946 2293 5016 gaudia
2361 4961 2458 5000 sua
2524 4959 2657 5001 voce
2711 4945 2800 4999 vel
2863 4945 3205 5000 sermonibus
3268 4960 3401 5015 pros

108 5043 181 5090 sto
208 5038 296 5095 sol
325 5038 392 5094 ad
421 5039 739 5108 obsequium
766 5039 995 5095 lucidior
1016 5040 1324 5105 advenerit,
1348 5055 1470 5094 cum
1502 5055 1687 5107 magos

108 5129 168 5181 ad
194 5131 452 5187 indicium
482 5130 681 5185 clarior
709 5131 865 5186 stella
913 5132 1284 5201 praecesserit?
1322 5129 1388 5184 Et
1435 5130 1480 5184 si
1531 5130 1687 5183 stella

173 5286 196 5348 Ρ
231 5276 371 5348 Cod.
396 5276 684 5348 Yalljcell.,
710 5277 941 5348 Sanguis
966 5278 1098 5348 ejus.

171 5347 194 5384 δ
233 5347 370 5402 Cod.
395 5347 452 5402 8.
494 5347 649 5401 Joan.
681 5347 747 5402 ad
776 5345 1011 5402 Carbon.
1059 5347 1188 5415 legit
1217 5345 1481 5401 Elisabetlt
1521 5356 1687 5401 mater

109 5415 450 5488 absconditur.
485 5417 830 5488 Signiﬁcatur
856 5427 971 5484 post
1019 5426 1188 5488 ortum
1216 5417 1409 5470 Christi
1439 5417 1565 5488 legis
1609 5418 1686 5472 si-

110 5485 328 5556 lentium,
360 5485 575 5542 amissio
605 5485 902 5550 sacerdotii,
931 5487 1132 5541 latebra
1160 5501 1456 5556 synagogas.

175 5570 193 5628 ς
232 5555 625 5628 Codd.__Casin.
652 5565 711 5628 et
733 5556 1169 5628 Vallicellqiquin
1194 5555 1442 5628 Ioannes.

175 5625 192 5665 ³
220 5625 538 5697 Codd._Yat.
569 5625 704 5679 1267
727 5625 1089 5697 etVallicellJ,
1125 5627 1522 5697 quiconceptus.

175 5707 194 5734 ε
233 5696 364 5752 Cod.
391 5695 682 5761 Vallicel|.,
714 5696 831 5758 sed,
858 5699 1099 5764 quoniam
1134 5695 1422 5766 Saluatoris
1465 5695 1689 5766 quotidie

117 5767 451 5823 accumulatur
475 5767 664 5837 gloria,
711 5766 850 5821 illius
900 5767 1067 5819 minor
1105 5766 1221 5834 ﬁeri
1253 5764 1451 5819 videtur
1478 5764 1683 5836 'gratia.

1793 5554 1973 5609 Casin.
2006 5566 2060 5610 et
2093 5555 2376 5620 Vallicell.,
2409 5555 2548 5623 apud

1787 5625 2086 5695 51‘4immr;
2107 5626 2189 5695 ξιξ
2219 5614 2577 5695 ειίειώρὸὀβχ
2595 5614 2661 5679 ’8.
2688 5620 2845 5695 Joan.
2876 5616 2944 5674 ad
2966 5614 3200 5672 Carbon.

1795 5046 2124 5106 sequuntur;
2181 5037 2446 5090 elementa
2485 5043 2665 5089 autem
2707 5033 2808 5087 ista
2861 5034 3054 5100 gaudia
3100 5049 3217 5097 sua,
3267 5035 3398 5101 quia

1793 5142 1932 5183 voce
1978 5142 2087 5182 non
2123 5133 2410 5196 poterant,
2445 5121 2625 5179 oﬂlcio
2671 5131 3062 5193 protestantur.
3102 5122 3197 5178 Sol
3233 5122 3399 5191 igitur

1787 5276 1925 5330 Cod.
1949 5277 2006 5332 S.
2035 5275 2192 5331 Joan.
2233 5275 2566 5332 ad‘Carbon.
2597 5275 2788 5331 eadem
2834 5272 3029 5339 habet;
3061 5288 3116 5325 ιιι
3167 5269 3392 5336 reliquis

1791 5349 2047 5401 convenit
2077 5346 2269 5401 textui.

1870 5415 1889 5456 ί
1918 5416 2088 5471 Codd.
2113 5415 2181 5468 99
2210 5425 2266 5471 et
2295 5414 2586 5478 Vallicell.,
2613 5414 2714 5468 Ille
2735 5421 2868 5474 erat,
2893 5418 3000 5464 etc.

1865 5495 1890 5533 υ
1920 5484 2056 5541 Cod.
2088 5484 2156 5538 99
2196 5485 2254 5540 S.
2284 5483 2472 5539 Crucis
2501 5485 2553 5539 in
2575 5473 2710 5549 Jer.,
2747 5478 3198 5553 judicatar._ltem
3227 5473 3390 5530 codd.

2618 5569 2715 5608 uos
2736 5549 2823 5607 hic
2849 5549 3144 5604 absolvitur
3172 5558 3389 5607 seruio;

1863 5692 1890 5731 ιι
1920 5689 2308 5756 Edit.Colon.,
2341 5692 2566 5760 o/fundit
2595 5689 2850 5752 tenebras.

1872 5766 1884 5801 ί
1916 5762 2052 5820 Ead.
2086 5764 2243 5829 edit.,
2268 5763 2563 5818 credamus.
