3910 6238
528 334 634 392 559

1749 338 1804 392 S.
1849 335 2088 390 MAXIM
2128 334 2575 393 TAURINENSIS

3669 349 3783 405 διο

526 451 723 518 praeter
750 444 1190 501 consuetudinem
1244 445 1300 502 in
1337 447 1448 503 hac
1474 446 1764 504 festivitate
1811 448 2103 502 matutinus
2137 453 2172 506 Α
2205 454 2314 512 est,
2347 447 2434 502 hic
2480 448 2705 504 Creator
2738 469 2749 502 :
2785 460 2961 506 tamen
3001 451 3160 507 istum
3189 454 3374 510 mundi
3410 456 3578 512 solem
3604 459 3780 528 prius-

526 533 732 599 illuxit;
773 548 874 589 nec
910 537 1106 589 mirum
1139 553 1152 588 :
1201 536 1245 591 si
1291 537 1434 591 enim
1463 537 1530 592 ad
1578 535 1702 592 Jesu
1730 537 1873 591 Nave
1902 540 2106 591 oratio-

523 639 648 678 nem
695 623 900 677 deﬁxus
947 626 1096 679 stetit
1151 625 1204 680 in
1259 625 1368 688 die,
1414 643 1510 682 cur
1547 642 1654 681 non
1701 626 1770 681 ad
1808 627 1934 682 Jesu
1963 627 2107 682 Chri-

523 714 594 767 sti
625 714 957 770 nativitatem
1004 714 1229 772 festinus
1254 724 1601 785 promoveret
1628 718 1683 772 in
1709 707 1974 774 noctem?
1999 717 2104 773 So-

522 803 630 858 lem
654 803 818 873 ixitur
845 820 1040 860 novum
1065 809 1205 862 hanc
1229 807 1372 863 diem
1400 809 1590 876 vulgus
1609 808 1865 879 appellat,
1905 816 1960 864 et
1980 825 2104 865 cum

521 891 655 947 dicit
709 909 928 957 novum,
981 898 1168 967 utique
1212 906 1268 952 et
1315 905 1556 952 veterem
1593 912 1712 955 esse
1749 898 2100 954 demonstrat.

521 978 776 1059 Veterem
803 990 986 1058 autem
1015 985 1243 1051 dixerim
1268 986 1430 1056 hujus
1457 989 1641 1042 mundi
1668 988 1856 1055 solem,
1887 990 1978 1059 qui
2004 989 2104 1045 dc-

521 1055 812 1128 l’ectionem
841 1056 1182 1146 pati-tumqui
1211 1055 1511 1146 parietibus
1537 1078 1860 1142 excluditur,
1886 1055 1978 1148 qui
2003 1095 2104 1134 nu-

523 1158 685 1216 bibus
705 1152 1049 1220 obscuratur.
1060 1156 1311 1222 Veterem
1323 1167 1554 1224 dixerim
1574 1171 1764 1238 solem,
1777 1171 2101 1240 quivanitati

519 1248 783 1317 subiacet,
800 1253 891 1320 qui
913 1257 1310 1326 correptionem
1325 1260 1535 1326 metuit,
1551 1262 1642 1329 qui
1657 1260 1916 1329 judicium
1932 1263 2100 1331 perti-

518 1341 732 1394 mescit.
747 1341 1021 1412 Scriptum
1042 1354 1124 1400 est
1140 1350 1280 1402 enim
1303 1367 1315 1401 :
1333 1347 1428 1405 Sol
1445 1361 1763 1405 convertetur
1774 1354 1828 1406 in
1845 1354 2096 1420 tenebras,

518 1435 568 1482 et
588 1427 712 1482 lana
726 1430 781 1485 in
796 1436 1100 1504 sanguinem
1123 1435 1279 1506 (Joel.
1297 1456 1357 1503 ιι,
1381 1439 1602 1506 51;.4ct.
1616 1457 1673 1505 ιι,
1697 1440 1806 1512 20).
1826 1442 2094 1510 Veterem,

518 1511 992 1587 inquam.dixerim
1003 1523 1094 1592 qui
1109 1526 1401 1582 sceleribus
1413 1528 1636 1584 interest
1646 1511 1942 1594 hominum,
1957 1533 2101 1588 adul-

517 1606 654 1660 teria
666 1623 775 1664 non
786 1610 1353 1688 refugit,homicidium
1368 1632 1475 1672 non
1487 1618 1796 1682 declmat,et
1807 1637 1926 1676 cum
1939 1637 2098 1676 omne

517 1708 689 1763 genus
718 1701 997 1755 hominum
1018 1704 1154 1758 nolit
1179 1721 1300 1760 esse
1327 1708 1582 1773 medium,
1605 1725 1727 1763 cum
1750 1712 1966 1780 aliquod
1993 1715 2097 1768 cri-

2209 551 2368 604 quam
2393 539 2617 606 oriatur,
2643 541 2819 596 adhuc
2840 549 2964 596 ante
2991 541 3166 597 lucem
3197 555 3423 613 propter
3450 549 3779 602 necessarios

2209 643 2338 682 usus
2368 629 2643 687 hominum
2673 633 2810 686 solet
2849 633 3064 687 lucerna
3103 634 3431 703 praecedere.
3480 635 3646 691 [labet
3680 653 3778 691 au-

2209 723 2316 772 tem
2338 726 2393 772 et
2412 719 2654 775 Christus
2680 723 2762 776 sol
2785 722 3061 778 lucernam
3080 739 3254 791 suam,
3273 740 3392 793 qua:
3413 725 3533 795 ejus
3560 743 3782 796 praees-

2206 807 2277 861 sit
2298 807 2584 863 adventum
2609 827 2622 864 :
2650 812 2788 867 sicut
2807 812 2938 867 dicit
2966 812 3234 882 Propheta
3259 833 3272 867 :
3298 814 3494 869 Paravi
3520 817 3780 873 lucernam

2207 896 2409 952 Christo
2434 915 2546 953 meo
2567 899 2738 969 (Psal.
2756 900 3037 972 cxxxvin).
3067 901 3197 968 Quae
3225 912 3405 957 autem
3436 905 3540 959 ista
3569 906 3782 960 lucerna

2204 987 2296 1054 sit,
2323 989 2560 1045 ostendit
2586 991 2741 1046 nobis
2783 992 3060 1059 Dominus,
3091 994 3275 1049 dicens
3313 994 3384 1050 de
3432 994 3639 1050 Joanne
3675 997 3783 1050 Ba~

2202 1077 2364 1146 ptista
2395 1097 2408 1131 :
2442 1077 2541 1133 Ille
2567 1090 2678 1133 erat
2700 1082 2910 1135 lucerna
2939 1083 3129 1137 ardens
3150 1082 3327 1149 (Joan.
3356 1083 3432 1152 v).
3463 1071 3584 1153 Ipse
3604 1096 3782 1138 autem

2210 1166 2457 1231 loannes,
2488 1178 2547 1223 ut
2568 1171 2879 1239 prmcedens
2905 1172 3139 1227 lucerna:
3169 1174 3346 1227 lumen
3375 1175 3628 1241 exiguum
3659 1177 3726 1229 ait
3765 1194 3779 1228 :

2202 1256 2340 1311 Ecce
2365 1261 2502 1313 venit
2526 1269 2643 1330 post
2669 1278 2750 1314 me
2776 1263 2922 1332 cujus
2956 1279 3059 1316 non
3089 1281 3201 1317 sum
3228 1264 3416 1334 dignus
3445 1266 3639 1319 solvere
3665 1282 3784 1318 cor-

2202 1348 2386 1418 rigiam
2406 1349 2871 1405 calceamentorum
2889 1354 2998 1423 ejus
3022 1370 3038 1405 :
3060 1355 3168 1422 ipse
3182 1369 3267 1408 ses
3290 1353 3573 1424 baptisabit
3593 1357 3645 1408 in
3667 1355 3788 1425 Spi-

2199 1437 2302 1490 ritu
2323 1447 2504 1492 sancto
2531 1447 2582 1492 et
2607 1440 2728 1509 igne
2754 1440 2932 1511 (Joan.
2965 1441 3066 1509 ιιι).
3092 1443 3261 1497 Simul
3289 1444 3454 1498 etiam
3481 1445 3787 1513 intelligens

2200 1526 2380 1581 lumen
2427 1542 2583 1582 suum
2620 1529 2750 1584 solis
2795 1530 2961 1586 radiis
3005 1527 3392 1599 offuscandunl‘,
3446 1534 3612 1606 5,06
3656 1545 3786 1590 ante

2205 1624 2226 1652 ε
2245 1617 2486 1684 praedicit
2505 1618 2654 1671 illum
2683 1637 2695 1671 :
2722 1619 2880 1673 Illum
2901 1630 3098 1690 oportet
3119 1620 3362 1689 cratere,
3387 1641 3470 1678 me
3497 1636 3664 1679 autem
3678 1630 3783 1679 mi-

2198 1707 2287 1758 nui
2319 1705 2550 1777 (Ibid.).
2582 1708 2730 1762 Sicut
2767 1710 2912 1764 enim
2957 1711 3189 1766 lucernae
3235 1712 3453 1768 claritas
3491 1714 3788 1770 destmitur

519 1803 639 1842 men
661 1790 980 1857 admittitur,
1004 1794 1092 1850 hic
1113 1796 1259 1852 solus
1285 1801 1335 1852 in
1357 1802 1562 1855 cunctis
1585 1801 1912 1858 facinoribus
1928 1814 1953 1841 ι
1974 1815 2097 1860 stet.

2204 1795 2334 1850 solis
2361 1797 2615 1865 adventu,
2648 1800 2720 1853 ita
2752 1809 2806 1855 et
2835 1801 3055 1856 Joannis
3083 1804 3415 1872 poenitentiae
3456 1807 3786 1876 baptismum

516 1872 660 1944 Ergo
681 1878 804 1947 quia
828 1880 971 1935 hunc
1000 1891 1234 1938 veterem
1264 1901 1382 1941 esse
1411 1890 1748 1946 manifestum
1777 1901 1878 1958 est,
1902 1910 2100 1950 novum

516 1980 695 2037 quem
728 1969 830 2023 nisi
866 1971 1135 2026 Christum
1186 1976 1468 2031 Dominum
1510 1981 1830 2048 reperimus,
1878 1982 1946 2038 de
1991 2001 2100 2054 quo

509 2058 778 2126 scriptum
792 2075 876 2114 est
895 2079 906 2112 :
933 2059 1141 2116 Orietur
1155 2064 1296 2119 vobis
1312 2066 1390 2119 sol
1403 2067 1625 2138 justitiaa
1640 2068 1900 2138 (Halach.
1916 2089 1986 2139 rv,
2009 2073 2096 2145 2);

515 2147 585 2202 de
612 2164 720 2217 quo
750 2152 913 2206 etiam
936 2168 1003 2207 ex
1033 2171 1257 2224 persona
1291 2168 1637 2227 peccatorum
1657 2162 1786 2217 dicit
1808 2167 2093 2235 propheta:

517 2237 615 2293 Sol
641 2256 746 2293 non
788 2250 867 2296 est
905 2253 1048 2297 ortus
1093 2246 1271 2311 nobis,
1297 2256 1347 2300 et
1385 2249 1608 2318 justitite
1635 2251 1807 2306 lumen
1835 2270 1941 2309 non
1967 2255 2099 2310 luxit

515 2327 666 2382 nobis
695 2329 848 2401 (Sap.
877 2347 932 2399 v,
960 2331 1035 2402 6).
1063 2331 1165 2394 llic
1187 2335 1330 2389 enim
1356 2337 1458 2402 sol,
1489 2353 1608 2393 cum
1637 2339 1835 2396 diaboli
1867 2346 2101 2402 tenebris

516 2419 800 2474 universus
843 2423 1072 2479 mundus
1121 2433 1206 2480 est
1251 2441 1566 2496 oppressus,
1595 2437 1650 2482 et
1688 2431 1860 2500 caligo
1897 2434 2098 2491 referta

516 2515 831 2570 criminibus
859 2519 1111 2572 sarculum
1158 2521 1478 2590 possideret,
1523 2522 1770 2590 dignatus
1801 2535 1883 2581 est
1911 2528 2098 2586 ultimo

517 2613 781 2673 tempore,
814 2608 918 2661 hoc
945 2617 1027 2663 est
1057 2610 1397 2665 incumbente
1433 2613 1545 2680 jam
1577 2623 1755 2679 nocte,
1785 2626 1960 2672 ortum
1989 2635 2098 2676 suae

517 2696 812 2752 nativitatis
841 2698 1137 2756 infundere.
1158 2701 1338 2757 Primo
1365 2704 1580 2774 quidem
1611 2716 1735 2762 ante
1764 2710 1961 2767 lucem.
1995 2713 2098 2768 hoc

513 2796 622 2856 est,
648 2787 806 2862 ωδ
836 2799 1121 2861 antequam
1167 2793 1492 2850 illuminaret
1533 2799 1753 2866 justitia:
1797 2799 1922 2864 Sol,
1953 2803 2100 2856 velut

518 2879 842 2933 matutinum
869 2881 1140 2949 quoddam
1169 2885 1555 2954 pr0phetarum
1593 2889 1739 2943 misit
1773 2892 2051 2946 oraculum
2079 2911 2092 2946 :

516 2966 786 3023 Hitlebam
813 2977 1086 3042 prophetas
1109 2987 1247 3029 meos
1274 2984 1395 3030 ante
1415 2976 1578 3032 lucem
1591 2979 1732 3049 (Jer.
1755 2981 1884 3051 vn);
1911 2991 2097 3051 postea

2200 1889 2614 1955 superveniente
2638 1889 2836 1947 Christi
2864 1895 3036 1962 gratia
3065 1905 3350 1951 vacuatum
3380 1899 3790 1955 est.Videamus

2201 1979 2361 2045 igitur
2389 1979 2494 2046 hic,
2526 1981 2608 2035 sol
2637 1991 2823 2039 noster
2850 2001 3020 2041 novus
3047 2001 3155 2055 quo
3185 1988 3333 2044 fonte
3358 2001 3629 2046 nascatur.
3658 1992 3787 2047 Sic-

2199 2077 2258 2123 ut
2287 2078 2371 2125 est
2399 2087 2586 2126 verum
2627 2072 2739 2129 Deo
2785 2077 2957 2131 oritur
2993 2086 3232 2134 auctore.
3269 2081 3285 2112 ¹
3315 2081 3619 2139 Divinitatis
3653 2097 3790 2150 ergo

2198 2167 2280 2214 est
2309 2159 2498 2227 Filius;
2525 2163 2837 2230 divinitatis,
2862 2166 3104 2235 inquam,
3136 2169 3462 2239 incorruptae
3483 2213 3500 2238 ,
3533 2172 3785 2241 integrat,

2197 2248 2431 2303 illibatae.
2451 2249 2695 2319 Intelligo
2707 2253 2867 2322 plane
2888 2256 3231 2325 mysterium;
3248 2257 3371 2313 ideo
3395 2260 3538 2313 enim
3559 2259 3790 2315 fecunda

2197 2339 2446 2392 nativitas
2478 2354 2577 2408 per
2605 2340 3000 2398 immaculatam
3050 2345 3295 2413 Mariam,
3345 2349 3472 2417 quia
3511 2350 3659 2418 prior
3683 2366 3791 2420 per

2199 2429 2531 2484 divinitatem
2558 2433 2877 2487 constiterat
2904 2434 3108 2490 illibata
3140 2455 3154 2490 :
3188 2437 3341 2506 cujus
3363 2440 3514 2508 prior
3536 2442 3792 2495 nativitas

2196 2520 2426 2587 gloriosa
2450 2523 2675 2589 exstitit,
2703 2523 2821 2592 ejus
2857 2527 3089 2581 secunda
3138 2531 3533 2586 contumeliosa
3561 2548 3665 2586 non
3695 2535 3791 2588 lie-

2196 2619 2301 2665 ret.
2325 2611 2438 2666 Hoc
2465 2622 2570 2680 est,
2602 2622 2661 2667 ut
2682 2617 3137 2682 quemadmodum
3166 2621 3316 2689 virgo
3348 2622 3496 2676 illum
3532 2623 3793 2679 divinitas

2197 2700 2470 2768 ediderat,
2501 2703 2575 2756 ita
2606 2711 2660 2757 et
2687 2705 2839 2773 virgo
2862 2705 3024 2760 Maria
3056 2721 3356 2773 generaret.
3383 2711 3592 2768 Habere
3622 2716 3791 2770 etiam

2197 2791 2338 2859 apud
2379 2792 2627 2847 homines
2666 2803 2874 2863 patrem
2925 2797 3210 2864 scribitur;
3261 2800 3401 2855 sicut
3443 2803 3672 2870 legimus
3734 2807 3792 2859 in

2196 2878 2489 2948 Evangelio
2511 2882 2815 2938 dicentibus
2856 2883 3138 2941 Pharismis
3171 2906 3183 2941 :
3213 2888 3407 2944 Nonne
3433 2892 3517 2944 hic
3543 2905 3621 2947 est
3645 2895 3794 2964 ﬁlius

2195 2967 2391 3040 Ioseph
2420 2970 2574 3042 fabri,
2604 2980 2654 3025 et
2701 2982 2869 3026 mater
2896 2976 3008 3044 ejus
3053 2976 3232 3031 Maria
3263 2979 3486 3048 (Matth.
3528 2986 3687 3052 xm)?
3729 2985 3792 3039 In

515 3071 647 3111 vero
676 3058 789 3127 ipse
817 3075 939 3115 cum
968 3063 1078 3118 suis
1103 3063 1291 3126 radiis,
1321 3065 1426 3120 hoc
1453 3075 1536 3122 est
1562 3084 1684 3123 cum
1723 3073 2094 3140 apostolorum

2200 3061 2302 3116 hoc
2323 3077 2539 3131 quoque
2568 3063 2789 3119 adverte
2817 3067 3150 3136 mysterium.
3185 3069 3362 3125 Faber
3399 3081 3557 3141 pater
3584 3073 3797 3130 dicitur

516 3147 722 3216 fulgore
750 3153 1102 3221 τθςριεηαωι,
1134 3171 1200 3210 ac
1227 3165 1433 3212 unum
1461 3160 1647 3216 mundi
1683 3164 1968 3232 caliginem
1997 3181 2093 3222 νο-
2119 3148 2163 3208 C
2196 3151 2457 3209 Christus.
2484 3153 2551 3207 Et
2565 3155 2723 3224 plane
2744 3156 2894 3212 faber
2919 3156 3077 3213 Pater
3091 3159 3253 3229 Deus,
3283 3164 3375 3231 qui
3399 3166 3564 3221 totius
3591 3171 3788 3223 mundi

513 3236 692 3294 ritatis
719 3239 839 3297 luce
875 3242 1144 3310 discussit,
1192 3255 1254 3302 ut
1306 3249 1360 3303 in
1392 3250 1592 3306 diaboli
1631 3255 1883 3310 tenebras
1923 3257 2099 3313 nullus
2197 3258 2363 3312 opera
2395 3244 2688 3300 fabricatus
2715 3254 2825 3312 est;
2855 3255 2939 3302 est
2965 3249 3125 3318 plane
3154 3251 3324 3317 faber.
3356 3255 3451 3310 sed
3478 3257 3570 3326 qui
3623 3259 3679 3313 in
3707 3260 3793 3314 di-

517 3327 835 3387 oil'enderet.
867 3331 966 3387 Hic
993 3343 1076 3389 est
1114 3337 1275 3404 igitur
1316 3341 1398 3394 sol
1427 3356 1598 3398 novus
1624 3345 1714 3413 qui
1743 3346 1977 3402 claustra
2003 3364 2100 3417 pe-

513 3424 712 3483 netrat,
741 3419 946 3476 interna
967 3434 1193 3490 reserat,
1225 3428 1389 3483 corda
1423 3431 1670 3487 rimatur.
1696 3433 1796 3490 llic
1821 3452 1993 3493 novus
2017 3446 2100 3493 est

513 3506 595 3560 sol
616 3508 705 3574 qui
728 3509 916 3578 spiritu
946 3527 1044 3568 suo
1063 3515 1299 3570 viviﬁcat
1325 3527 1556 3586 mortua,
1579 3533 1830 3594 corrupta
1858 3537 2094 3596 reparat,

513 3596 738 3650 suscitat
752 3599 862 3666 jam
891 3600 1174 3669 defuncta;
1196 3606 1284 3659 vel
1311 3607 1401 3674 qui
1431 3609 1611 3664 calore
1638 3627 1735 3666 suo
1764 3624 1956 3682 purgat
1980 3633 2096 3671 sor-

515 3683 660 3751 dida,
692 3689 868 3742 exurit
891 3689 1074 3756 ﬂuida,
1107 3693 1361 3765 decoquit
1401 3699 1612 3755 vitiosa.
1660 3701 1811 3771 Ipse,
1858 3705 2094 3776 inquam,

515 3782 600 3828 est
644 3777 734 3845 qui
773 3778 827 3832 in
865 3782 1073 3837 cunctis
1113 3785 1321 3840 actibus
1367 3788 1566 3843 nostris
1608 3794 1862 3861 perspicit
1915 3795 2094 3852 omnia

514 3880 681 3935 opera
708 3876 920 3934 nostra,
945 3879 999 3924 et
1023 3888 1128 3925 non
1158 3880 1268 3926 tam
1309 3878 1632 3933 condemnat
1667 3882 1892 3937 crimina
1933 3900 2093 3952 quam

514 3957 786 4012 emendat.
820 3955 917 4011 llic
938 3957 1095 4027 plane
1125 3969 1207 4014 est
1233 3963 1314 4017 sol
1337 3963 1515 4032 justus
1543 3975 1597 4020 et
1625 3970 1840 4037 sapiens
1869 3973 1958 4039 qui
1988 3989 2094 4027 non

513 4041 631 4097 sine
657 4042 999 4115 discretione,
1029 4050 1184 4104 sicuti
1213 4051 1240 4090 δ
1288 4053 1440 4109 istius
1476 4058 1660 4111 mundi
1690 4061 1790 4124 sol,
1834 4061 1990 4116 bonis
2031 4079 2095 4118 ac

514 4133 672 4192 malis
701 4136 1093 4206 circumfertur,
1119 4142 1212 4196 sed
1241 4145 1384 4212 quod
1401 4146 1604 4215 judicio
1625 4151 1869 4205 veritatis
1909 4161 2094 4208 sancto

514 4222 710 4288 elucet,
742 4226 940 4280 occidit
971 4233 1263 4296 peccatori.
1295 4233 1410 4290 Hoc
1429 4243 1610 4292 autem
1637 4239 1779 4295 inter
1807 4255 2094 4313 utrumque

511 4309 739 4401 interest
782 4316 974 4386 solem,
1005 4322 1148 4388 quod
1197 4323 1286 4379 ille
1314 4329 1677 4397 corruptionis
1723 4333 1966 4388 minister
1990 4309 2090 4401 est,

511 4397 601 4456 hic
627 4405 943 4463 eternitatis
983 4419 1066 4465 est
1100 4409 1384 4472 Dominus:
1408 4419 1554 4486 quod
1591 4419 1682 4476 ille
1717 4422 1863 4478 circa
1893 4397 2091 4478 terram

2196 3335 2342 3390 luvio
2383 3335 2497 3391 Noe
2543 3352 2724 3391 arcam
2753 3335 2781 3375 ἀ
2812 3339 3078 3396 fabricare
3127 3341 3413 3413 disposuit.
3462 3347 3660 3414 Faber,
3707 3353 3792 3405 in-

2194 3439 2375 3494 quam,
2408 3434 2490 3481 est
2516 3427 2607 3495 qui
2637 3428 2907 3484 ordinavit
2936 3429 3108 3503 Moysi
3139 3434 3571 3502 tabernaculum,
3599 3455 3791 3498 arcam

2197 3519 2778 3584 testamentiinstituit,
2811 3523 3068 3592 templum
3099 3524 3406 3581 Salomonis
3453 3531 3674 3597 erexit;
3711 3531 3789 3586 fa-

2195 3607 2349 3661 brum
2372 3609 2616 3674 dixerim,
2648 3610 2741 3678 qui
2772 3620 2980 3667 mentes
3008 3614 3209 3681 rigidas
3237 3618 3464 3686 expolit,
3493 3622 3788 3688 cogitatio-

2195 3713 2292 3752 ncs
2336 3698 2594 3767 superbas
2648 3699 2872 3767 recidit,
2915 3702 3135 3757 humilia
3180 3703 3319 3759 facta
3360 3710 3634 3765 sublimat.
3688 3713 3788 3769 llic

2195 3788 2354 3842 etiam
2387 3786 2541 3842 faber
2565 3789 2706 3844 circa
2755 3791 2978 3846 arbores
3006 3809 3173 3849 curvo
3215 3797 3387 3851 utitur
3427 3795 3784 3870 ferramento,

2193 3880 2332 3934 sicut
2353 3881 2403 3933 in
2434 3879 2722 3946 Evangelio
2752 3881 2996 3949 legimus,
3034 3884 3243 3939 dicente
3273 3885 3480 3944 Joanne
3505 3910 3516 3943 :
3546 3891 3677 3946 lam
3706 3912 3785 3948 se-

2194 3973 2326 4024 curis
2356 3972 2424 4023 ad
2455 3982 2476 4007 ε
2508 3972 2732 4024 radicem
2762 3971 3001 4026 arborum
3051 3977 3218 4043 posita
3265 3989 3359 4031 est.
3397 3977 3578 4034 Omnis
3624 3986 3786 4039 arbor

2195 4079 2295 4117 non
2326 4063 2522 4133 faciens
2569 4065 2790 4131 fructum
2844 4066 3027 4119 bonum
3077 4070 3358 4137 excidetur,
3415 4083 3466 4126 et
3505 4076 3556 4127 in
3608 4077 3785 4146 ignem

2195 4155 2419 4206 mittetur
2458 4151 2680 4223 (Matth.
2711 4170 2797 4220 ιιι;
2831 4153 2952 4207 Luc.
2987 4157 3097 4226 Ill);
3141 4167 3199 4211 ut
3240 4161 3397 4216 utiles
3444 4164 3684 4220 etelestis
3708 4167 3786 4221 fa-

2195 4244 2357 4297 briczr.
2382 4243 2601 4296 arbores
2622 4243 2672 4296 in
2705 4242 2883 4298 futuro
2921 4256 3241 4317 componat,
3272 4250 3629 4308 intructuosas
3655 4272 3786 4310 vero

2193 4332 2405 4397 evulsas
2429 4332 2681 4388 radicitus
2710 4332 3042 4390 ﬂammarum
3071 4349 3347 4394 consumat
3374 4342 3643 4398 incendio.
3672 4344 3786 4400 Ex-

2194 4425 2359 4494 plicit.

1954 4510 2221 4574 SERMO
2263 4515 2342 4572 V.

1817 4610 1898 4668 De
1924 4616 2101 4668 eodem
2128 4615 2293 4670 natali
2322 4611 2442 4670 III.

1937 4702 2330 4758 ADMONITIO.

581 4771 742 4894 1'07
779 4774 961 4848 Longe
988 4781 1169 4850 plures
1193 4785 1465 4843 orationes
1519 4789 1586 4844 de
1623 4792 1903 4850 nativitate
1945 4793 2175 4860 Domini,
2206 4812 2368 4864 quam
2416 4796 2467 4850 in
2521 4794 2707 4852 codice
2736 4794 3056 4851 Taurinensi
3104 4799 3453 4854 continentur
3476 4840 3490 4864 ,
3522 4800 3787 4861 habuisse

654 4845 903 4894 aximnm_
939 4865 1004 4894 ex
1045 4865 1110 4894 an
1137 4865 1345 4894 nnmrgr
1388 4858 1530 4894 mmd
1578 4861 1630 4894 :n
1656 4862 1846 4894 Mam...
1894 4880 2146 4894 ...ωηο-...η
2201 4881 2381 4894 ...ι-η...
2415 4866 2481 4894 tu:
2507 4867 2789 4894 -A..-.-.....
2831 4867 3129 4894 ..κη-δη...-
3181 4867 3392 4894 η--.,....
3426 4885 3605 4894 “um...
3641 4873 3784 4894 ε-.-ᾼ

1373 4839 1402 4841 γ-
1525 4839 1584 4844 _-
1624 4839 1903 4850 ___--.--_..,
1946 4839 2156 4850 wn"...
2209 4839 2368 4850 -.......
2522 4839 2707 4852 νυνην
2744 4839 3056 4851 -...............
3105 4839 3441 4854 w..............
3525 4839 3787 4861 ..-υυωπ

509 4839 566 4936 S.
593 4839 924 4936 maximum;
939 4839 1006 4903 ex'
1045 4865 1110 4906 eo
1137 4839 1357 4909 constat
1379 4839 1545 4936 quod
1578 4861 1632 4915 in
1656 4862 1848 4936 eodem
1894 4839 2175 4920 numerus,
2200 4839 2384 4920 clarum
2414 4866 2482 4919 55
2505 4867 2792 4920 adnotatus
2831 4867 3144 4936 reperiatur.
3181 4867 3394 4923 Partem
3421 4840 3609 4924 ea’rum
3641 4873 3788 4931 inter

511 4910 758 5007 boniilias
785 4917 1075 5007 edidimus;
1107 4931 1320 5007 partem
1344 4910 1502 4980 aliam
1525 4910 2392 5007 hancjn—clasgm-
2415 4910 2920 5007 Quiﬁiéhisiérsai
2935 4945 3081 5007 sunt,
3110 4939 3194 4992 vel
3222 4940 3290 4992 ab
3311 4940 3632 5007 antiquitate
3656 4910 3788 4998 comni-

510 4983 1193 5067 sumptm..ﬂicnsermo'ab
1221 4994 1412 5067 eodem
1439 4998 1627 5054 codice
1653 4983 2920 5061 Tahiiﬁéiéi‘réoéﬁééiﬁi‘hhaf'Ytioé'iitiib":
3108 4983 3174 5061 εἶ
3178 5009 3240 5061 de
3269 4983 3536 5062 nativit'ate
3559 4983 3785 5067 Domini

510 5049 775 5160 εἶπές]
789 5053 856 5160 νὴ
883 5055 1112 5160 Malim:
1141 5049 1493 5160 fouﬁrtnvatur
1509 5049 2135 5160 iéiddééidihﬁiicis'i‘é
2157 5074 2210 5129 S.
2243 5049 2431 5130 Crucis
2472 5076 2524 5130 in
2550 5075 2668 5158 δεδι..
2702 5093 2850 5131 num.
2893 5076 2976 5160 εξ,
3010 5077 3476 5160 cuiusepigrap‘he
3490 5088 3607 5160 “est.
3644 5097 3662 5160 :_
3711 5082 3788 5160 De

751 5140 779 5160 ι
859 5141 1017 5160 mm...
1107 5146 1220 5160 ......
1249 5149 1349 5160 η..-
1403 5150 1428 5160 -
1505 5152 1562 5160 η-
1610 5155 1700 5160 _-_-
1791 5143 2001 5160 ,
2063 5144 2123 5160 ..,
2224 5145 2256 5160 ..
2301 5147 2390 5160 -..
2620 5148 2630 5160 .

512 5120 779 5175 nativitate
806 5122 1019 5180 Domini
1061 5128 1369 5198 Saluatoris,
1399 5141 1454 5189 et
1502 5120 2038 5197 codicis.
2061 5120 2670 5201 Denvedi‘c-ti-diwmonach‘i
2929 5120 2986 5200 δ’.
3011 5120 3189 5200 Hilari
3223 5120 3441 5202 I'i'nuedIit.
3487 5146 3787 5207 Parisiensi

585 5237 612 5315 ἶ
639 5228 966 5315 £99493"!
984 5245 1122 5315 “9'2
2122 5256 2170 5315 D

512 5357 540 5390 __
552 5294 612 5390 ,ξ’
637 5296 927 5390 Edidit.
949 5294 1079 5374 legit
1090 5311 1266 5380 justus
1297 5315 1475 5369 mundi
1493 5318 1591 5384 sol,
1615 5319 1712 5374 sed
1737 5323 1906 5390 male;
1938 5326 2090 5382 codi-

511 5380 604 5420 ces
634 5368 814 5437 legunt
840 5374 1006 5429 istius.

2272 5269 2293 5328 ς
2321 5256 2459 5328 Cod.
2492 5273 2619 5328 vero
2649 5257 2717 5311 99
2743 5260 2911 5328 ejusd.
2939 5259 2996 5314 S.
3026 5260 3213 5315 Crucis
3255 5260 3310 5314 in
3343 5258 3476 5321 ,ιρι-η
3509 5267 3785 5328 ρνωεεόὶι.

2270 5324 2294 5363 δ
2658 5324 2928 5411 [Crucisjn
2947 5330 3086 5411 εἰει-η
3117 5324 3611 5411 arcamfabricarit.

2272 5407 2294 5434 ε
2317 5396 2453 5453 Cod.
2485 5399 2552 5451 99
2571 5398 2629 5452 S.
2655 5398 2840 5453 Crucis
2860 5400 2912 5451 in
2939 5398 3076 5467 Jer.,
3114 5400 3183 5452 ad
3211 5396 3409 5453 radices
3439 5399 3714 5455 arborum.

585 5480 980 5580 illigant-Ms
997 5489 1349 5580 doctorJusus
1377 5506 1460 5580 est
1482 5502 1649 5580 verbo
1678 5504 2091 5580 abstract_ohpro
2197 5527 2315 5565 mus
2342 5510 2653 5580 praedictum
2697 5513 2763 5567 de
2791 5511 3004 5567 Christo
3038 5532 3049 5564 :
3086 5513 3332 5566 Dominus
3373 5514 3508 5568 dixit
3537 5515 3606 5567 ad
3661 5534 3784 5570 me:

994 5573 1059 5614 ac
1099 5561 1141 5655 si
1171 5563 1439 5655 dixisset‘:
1473 5553 2088 5655 vitiari}?
2193 5553 2768 5655 EXULE
2785 5553 3160 5655 ῖάδύἠδάὶξ
3175 5583 3326 5655 genui
3367 5593 3415 5636 te
3454 5583 3630 5655 (Psal.
3669 5602 3709 5641 ιι
3735 5591 3785 5655 );

1385 5620 1388 5621 ν
1431 5620 1436 5621 7
1474 5620 1496 5621 Π
1529 5620 1569 5623 1-
1622 5620 1658 5625 Ἢ
1710 5620 1732 5627 ⁷
1767 5620 1840 5629 *τ’
1887 5620 1906 5628 _
1938 5620 2054 5630 "'_'
2193 5620 2211 5630 _
2244 5620 2359 5634 ...π
2415 5620 2558 5636 ...νην
2605 5620 2658 5636 ι.
2719 5620 2768 5636 ιι,
2851 5620 2875 5635 ν
2913 5620 2941 5635 υ
2990 5620 3136 5636 νυνι-ιν
3209 5620 3323 5636 νησυσ
3367 5620 3414 5636 σν
3480 5620 3498 5635 l
3527 5620 3630 5637 ’ποι
3670 5620 3709 5641 ιι
3772 5631 3785 5650 ν

511 5620 649 5718 smirnt
678 5621 811 5676 infra
840 5625 972 5718 dicit
994 5645 1007 5681 :
1039 5641 1116 5711 est
1154 5628 1309 5717 plane
1335 5638 1482 5718 [uber
1512 5620 1874 5718 faterapeus,
1907 5620 2086 5701 habita
2189 5664 2349 5718 quem
2418 5651 2596 5707 locum
2659 5651 2716 5706 S.
2785 5620 3043 5706 ’Magimus
3106 5620 3414 5708 doztissime
3454 5620 3788 5714 \illustravlit

510 5699 721 5746 uernae
736 5699 1095 5763 generationis
1123 5699 1358 5760 ratione?
1382 5707 1532 5774 Apud
1558 5699 1891 5769 Psalmistam
1913 5699 2086 5770 habe;
2190 5699 2349 5772 s‘é‘r‘n?
2382 5699 2470 5772 εἰ
