3910 6238
196 489 328 562 Opp.
362 485 425 562 S‘.
459 486 730 562 Ambros.
775 495 895 562 ann.
938 479 1075 562 litat)
1102 480 1249 536 hunc
1276 494 1582 562 sermonem
1609 483 1876 562 superiori
1922 496 2353 562 praeposuerunt,
2385 497 2670 562 monentes
2703 500 2909 561 partem
2939 493 3056 561 ejus
3083 509 3153 549 ex
3181 493 3487 550 Comment.

194 549 360 627 ipsius
381 555 672 632 Ambrosii
705 553 762 632 in
789 551 982 607 Lucam
1011 551 1103 632 lib.
1127 566 1186 632 ιι.
1217 566 1362 631 num.
1395 549 1481 614 50,
1509 549 2017 632 desumptames'se:
2035 549 2308 632 Sed_wm
2337 549 2614 632 utriusque
2641 549 2893 632 dictionis
2923 549 3150 619 fo'rmam
3172 549 3271 619 seu
3296 565 3488 619 chara.

195 619 401 681 cterem
430 625 563 694 plus
593 624 830 694 Maximo
858 635 1043 694 quam“
1061 619 1346 694 Ambrosio
1371 619 1955 694 convenirenoverint,
1999 625 2120 694 ideo
2148 625 2276 680 fassi
2304 635 2448 693 sunt,
2480 619 2644 684 licere
2673 645 2768 686 eos
2796 631 2852 685 S.
2887 634 3113 686 antistiti
3165 633 3489 687 Taurinensi

193 687 547 771 adjudicare._
575 692 722 746 Nihil
754 687 941 771 autem
957 687 1125 771 officit
1145 690 1440 771 sinceritati
1459 690 1970 771 eorumdem,Aqu.od
1994 693 2340 771 S.‘Maximus
2358 687 2785 771 juxtamentem
2800 700 3064 756 Ambrosii
3087 710 3180 756 aut
3205 701 3491 771 Augustini

192 757 377 820 sacras
420 763 747 832 Scripturas
775 762 845 814 sit
871 761 1282 828 interpretatus;
1308 758 1420 827 jam
1443 757 1671 814 diximus
1701 757 2029 829 posteriores
2052 762 2242 820 Patres
2270 781 2300 819 a
2327 757 2618 836 majoribus
2658 770 2813 838 plura
2857 772 3146 840 accepisse.

193 873 602 944 Αεουηαςτυιι.
633 904 707 915 -
732 870 922 925 Cantus
950 868 1250 944 angelorum
1279 868 1332 920 in
1357 869 1622 944 nativitate
1651 867 1801 944 σξη-ᾔ·
1828 877 1872 934 Α
1902 875 2208 942 pastoribus
2235 884 2359 930 sunt
2399 877 2592 944 laetati,
2633 881 2899 935 excelsam
2945 897 3076 937 vero
3105 883 3217 938 Deo
3245 883 3487 938 dicentes

259 947 325 999 sti
355 953 410 997 et
439 943 563 997 Deo
594 944 841 996 honorem
869 932 1202 1008 reprtisetttat
1227 939 1282 990 in
1307 938 1467 1003 caelis,
1494 932 1544 991 et
1574 938 1790 991 homini-

262 1017 356 1041 ι..-
377 1030 571 1041 ---μη
592 1015 869 1041 ..-ηηοηοιιο
887 1012 939 1041 ε..
967 1009 1112 1041 ιρι-οε.
1164 1005 1548 1041 Πηηοονηιιηιιηρ
1600 1023 1790 1041 ,κιαι-οη

1900 965 2147 1032 gloriam.
2178 965 2310 1021 Nam
2339 968 2525 1024 vicinis
2557 971 2953 1040 quodammodo
2983 979 3038 1026 et
3077 973 3278 1041 junctis
3303 975 3486 1028 choris

258 1017 356 1068 θαι
376 1030 574 1084 pacem
591 1015 869 1082 prtesentat
887 1005 942 1062 iit
965 1009 1132 1060 εει-τῖε.
1156 1005 1566 1069 Monstrabatur,
1599 1023 1800 1077 grege)"
1900 1005 2007 1067 '3'":
2021 1005 2310 1067 '“'”’.‘““"
2347 1005 2525 1071 ἠιςηδ
2557 1005 2953 1040 ιιυυυαιυιυυυυ
2983 1005 3038 1026 ηδ
3077 1005 3278 1041 Juuu-Ia
3303 1005 3484 1028 uuvua

258 1099 374 1126 nu
401 1082 680 1126 mulum-
707 1087 906 1126 noctem
933 1077 1199 1126 saeculum.
1220 1087 1453 1126 pastores
1480 1076 1794 1126 sacerdotes.
1901 1053 1996 1108 De'
2032 1055 2256 1124 310mm
2292 1059 2732 1126 Ρηάιοενθτιωῑο
2768 1058 2923 1116 Unde
2963 1069 3018 1116 α
3064 1062 3226 1117 (ἔνθάο
3265 1063 3484 1117 θοεάθῐῐι

258 1076 682 1146 αεέρονιιιιὶπι,
707 1087 906 1133 noctem
933 1077 1199 1141 saxulum,
1213 1087 1453 1146 pastores
1480 1076 1794 1130 sacerdotes.

268 1100 374 1137 esse
516 1100 682 1146 tuum,
707 1100 906 1133 nauem
933 1100 1453 1146 swcutum,paswres
1480 1100 1794 1130 suceruuws.
1901 1100 1996 1108 -ν·
2033 1100 2256 1124 υ·ν’·“····
2293 1100 2732 1126 ιι-νυιιιν--υ--ωιο
2773 1100 2923 1116 ν--υν
2965 1100 3018 1116 υ-
3064 1100 3225 1117 uqu
3265 1100 3484 1117 υνσυνιι.

268 1100 648 1207 animum
670 1148 842 1204 υεαενί
870 1156 1220 1216 εονπραναεατ·
1900 1147 2120 1213 3088105
2141 1147 2194 1201 in
2223 1148 2460 1216 ejusdem
2491 1147 2516 1186 ἀ
2538 1149 2752 1206 Domini
2777 1151 3064 1208 festivitate
3097 1153 3258 1212 simili
3287 1154 3485 1209 laetitia

261 1244 381 1311 Qua
411 1245 600 1312 gratia
643 1243 730 1296 vel
758 1240 952 1309 quibus
981 1238 1227 1293 laudibus
1259 1238 1404 1292 hunc
1434 1237 1575 1294 diem
1605 1236 1800 1292 natalis

189 1333 457 1390 dominici
489 1331 849 1402 przedicemus
876 1343 1096 1398 prorsus
1136 1327 1346 1395 ignoro.
1375 1325 1435 1380 ln
1466 1334 1612 1380 tanta
1654 1326 1798 1380 enim

189 1425 492 1480 festivitate
524 1423 594 1478 ad
641 1419 1091 1490 magniﬁcandum
1119 1419 1288 1472 Deum
1315 1418 1547 1472 humana
1584 1418 1799 1486 loquela

189 1533 298 1572 non
347 1514 584 1572 sufﬁcit.
622 1513 756 1568 Nam
785 1513 830 1567 si
876 1519 1004 1565 tunc
1047 1525 1169 1565 cum
1199 1509 1520 1563 nascebatur
1555 1506 1800 1562 Christus

189 1607 521 1676 angelorum
551 1603 971 1664 voce-laudatus
999 1610 1102 1665 est,
1125 1615 1232 1668 qua
1261 1614 1404 1653 nunc
1430 1599 1660 1651 humana
1683 1599 1799 1651 lau-

187 1697 402 1755 dandus
433 1705 528 1752 est
564 1709 720 1759 voce,
741 1708 863 1749 cum
883 1692 1112 1759 regnat?
1131 1688 1548 1759 Supergreditur.
1561 1688 1705 1742 enim
1735 1688 1799 1741 il-

186 1787 292 1844 lius
320 1785 597 1856 temporis
612 1783 955 1839 festivitatem
976 1788 1161 1835 nostra
1176 1779 1487 1833 solemnitas
1504 1794 1518 1840 ;
1533 1777 1797 1844 siquidem

187 1891 315 1937 tunc
334 1871 670 1950 stupuerunt
691 1877 771 1930 illi
786 1882 996 1929 tantum
1024 1878 1334 1927 nascentem
1362 1868 1666 1937 Dominum,
1697 1885 1799 1925 nos

187 1973 342 2028 illum
371 1971 706 2041 suscipimus
735 1963 1068 2028 nascentem,
1098 1969 1466 2030 resurgentem
1497 1962 1718 2031 pariter,
1742 1970 1798 2017 et

188 2073 544 2133 regnantem.
575 2059 752 2115 Tanto
801 2058 963 2126 igitur
987 2053 1265 2110 fecundior
1290 2052 1528 2107 laudatio
1557 2048 1799 2108 esse'de—

188 2157 282 2211 bet
331 2154 501 2223 hujus
530 2151 810 2221 temporis,
854 2155 1057 2220 quanto
1102 2154 1228 2200 sunt
1273 2145 1476 2215 majora
1515 2145 1792 2199 miracula.

1899 1237 2181 1291 nobiscum
2205 1239 2477 1293 vicinitate
2489 1240 2742 1308 gaudere.
2763 1241 2916 1309 Nam,
2947 1243 3038 1311 qui
3059 1244 3236 1298 solent
3265 1251 3486 1316 propter

1897 1325 2095 1380 Christi
2125 1337 2301 1385 ortum
2332 1329 2530 1398 alloqui
2560 1339 2830 1399 pastores,
2874 1332 2981 1387 non
3011 1341 3237 1403 possunt
3264 1340 3486 1404 propter

1899 1417 2137 1484 ejusdem
2167 1419 2363 1474 Christi
2411 1420 2663 1489 gaudium
2697 1439 2804 1478 non
2847 1425 3118 1493 inquirere
3154 1426 3482 1482 sacerdotes.

1899 1506 2171 1576 Siquidem
2201 1518 2256 1562 et
2295 1511 2441 1578 quod
2488 1519 2615 1566 tunc
2641 1512 2707 1566 ad
2737 1513 2858 1568 illos
2883 1529 3046 1584 super
3080 1529 3294 1582 gregem
3325 1530 3482 1569 suum

1899 1599 2104 1665 vigilias
2157 1600 2504 1656 observantes
2555 1611 2714 1657 nocte
2752 1604 3073 1674 intempesta
3115 1605 3276 1661 locuti
3327 1615 3480 1672 sunt,

1898 1688 2052 1756 hujus
2076 1692 2331 1758 temporis
2352 1693 2667 1762 mysterium
2690 1693 3062 1760 designabant.
3080 1695 3213 1749 Nam
3237 1695 3326 1749 illo
3342 1695 3484 1750 facto

1899 1779 2004 1833 hoc
2025 1780 2212 1848 utique
2237 1784 2671 1848 monstrabatur,
2715 1797 2930 1852 gregem
2962 1786 3236 1853 populum,
3269 1794 3484 1840 noctem
3587 1832 3602 1847 .

1899 1872 2175 1936 saxulum,
2217 1872 2400 1942 ωε,
2450 1875 2757 1928 sacerdotes
2794 1889 2912 1928 esse
2941 1883 3205 1944 pastores,
3254 1877 3345 1943 qui
3370 1876 3482 1944 jugi

1896 1976 2060 2031 super
2085 1962 2295 2031 plebem
2348 1963 2706 2018 sollicitudine
2745 1963 3026 2032 vigilantes
3072 1971 3296 2033 propter
3329 1963 3482 2018 Chri-

1898 2061 2060 2117 stum,
2092 2053 2159 2107 ab
2187 2053 2390 2121 angelis
2419 2055 2637 2108 minime
2664 2054 2999 2108 deseruntur.
3026 2053 3293 2111 Hodierna
3324 2055 3481 2122 igitur

1899 2141 1987 2196 die
2014 2142 2305 2197 secundum
2335 2158 2552 2198 carnem
2581 2153 2737 2199 natus
2764 2151 2846 2199 est
2873 2140 3129 2198 Dominus
3156 2145 3228 2198 ita
3250 2153 3479 2208 secreto,

190 2245 297 2301 Sed
327 2245 594 2316 quoniam
641 2241 853 2310 dignam
901 2238 1335 2309 przedicationem
1377 2235 1633 2291 exhibere
1685 2250 1794 2290 non
1824 2228 1872 2288 Β
1899 2231 1971 2285 ita
2001 2231 2234 2298 silentio,
2266 2241 2324 2287 ut
2352 2242 2528 2288 ortum
2545 2234 2660 2302 ejus
2687 2235 2938 2288 smculum
2954 2235 3166 2304 penitus
3186 2235 3480 2302 ignoraret.

189 2343 377 2408 potest
405 2335 646 2388 humana
677 2332 954 2399 fragilitas,
985 2329 1052 2383 ad
1075 2328 1385 2396 angelorum
1409 2342 1509 2381 nos
1526 2327 1793 2396 przeconia

188 2425 560 2483 conferamus.
592 2422 661 2476 Et
687 2421 814 2490 quia
840 2421 1033 2474 merito
1063 2433 1158 2473 eos
1179 2417 1511 2486 :equiparare
1537 2431 1644 2470 non
1665 2430 1794 2485 pos-

192 2536 406 2588 sumus,
459 2518 750 2576 devotione
778 2513 1127 2575 comitemur;
1158 2510 1261 2564 hoc
1289 2517 1373 2563 est
1413 2507 1466 2561 in
1496 2523 1559 2562 ea
1587 2506 1792 2561 festivi-

191 2619 322 2677 tate,
348 2611 546 2667 eadem
561 2623 665 2677 qua
684 2607 757 2661 illi
782 2605 983 2668 ketitia,
1009 2619 1108 2657 nos
1126 2601 1390 2657 sententia
1412 2599 1792 2670 persultemus,

192 2702 440 2758 dicentes
472 2719 485 2753 :
516 2699 696 2754 Gloria
721 2699 778 2751 in
818 2696 1038 2749 excelsis
1067 2693 1199 2757 Deo,
1229 2701 1279 2745 et
1304 2693 1360 2745 in
1392 2701 1532 2746 terra
1558 2706 1664 2761 pax
1700 2691 1794 2744 ho-

193 2791 419 2846 minibus
459 2790 610 2846 bona
652 2787 931 2843 voluntatis
981 2782 1142 2855 (Luc.
1170 2782 1262 2850 ιι).
1319 2781 1485 2849 Digna
1531 2780 1689 2850 plane
1739 2787 1796 2834 et

195 2879 334 2951 iusta
361 2878 653 2944 sententia,
678 2892 796 2946 quae
825 2874 878 2929 in
926 2873 1206 2928 nativitate
1231 2870 1428 2926 Christi
1457 2877 1513 2925 et
1550 2869 1663 2926 Deo
1690 2869 1793 2924 ho-

197 2986 387 3026 norem
439 2974 794 3039 repraasentat
840 2966 895 3020 in
944 2963 1112 3027 ccelis,
1156 2968 1213 3016 et
1262 2959 1570 3016 hominibus
1600 2973 1793 3029 pacem

196 3069 491 3132 praesentat
521 3061 574 3114 in
606 3058 781 3113 terris.
815 3055 956 3110 Ante
976 3052 1272 3108 Salvatoris
1300 3052 1443 3107 enim
1485 3059 1664 3107 ortum
1691 3065 1793 3105 nec

198 3152 441 3207 omlestia
465 3150 823 3205 reverentiam
844 3145 1187 3207 deserebant,
1206 3158 1306 3198 nec
1320 3150 1535 3198 terrena
1549 3141 1789 3210 requiem

197 3240 565 3311 possidebant.
596 3239 760 3309 408
778 3233 1108 3300 Sed‘videte,
1124 3230 1251 3300 quid
1278 3231 1422 3287 dicat
1440 3231 1553 3302 ipsa
1575 3239 1792 3286 senten-

201 3330 271 3384 tia
298 3349 310 3382 :
337 3330 458 3384 Pax
487 3329 775 3384 hominibus
804 3327 954 3380 bona
993 3324 1292 3379 voluntatis.
1321 3321 1440 3378 Non
1488 3322 1541 3376 in
1564 3322 1787 3390 quibus-

203 3433 416 3490 cunque
438 3418 775 3484 hominibus,
807 3415 902 3471 sed
929 3415 1084 3470 boum
1111 3412 1401 3468 voluntatis
1448 3411 1785 3477 hominibus;

200 3519 258 3563 ut
286 3511 556 3578 intelligas
578 3523 768 3579 pacem
795 3506 996 3562 Christi
1026 3521 1134 3560 non
1162 3505 1327 3559 debiti
1355 3519 1492 3570 esse,
1535 3502 1630 3558 sed
1668 3518 1786 3557 me-

1898 2320 2167 2390 lgnoravit
2187 2323 2328 2378 enim
2351 2325 2621 2390 sarculum,
2645 2326 2770 2394 quia
2800 2333 2856 2379 et
2883 2335 3036 2380 extra
3059 2335 3083 2364 ο
3100 2327 3480 2381 conscientiam

1895 2415 2064 2484 patris
2093 2424 2402 2485 conceptus,
2435 2424 2490 2471 et
2542 2423 2697 2471 extra
2748 2425 2954 2471 natura:
3008 2417 3250 2472 ordinem
3301 2426 3478 2472 natus.

1895 2503 2028 2558 Nam
2068 2504 2269 2576 Ioseph
2317 2516 2638 2577 conceptum
2687 2509 2922 2579 suscepit
2969 2508 3135 2562 lilium
3165 2524 3322 2579 quem
3373 2525 3479 2565 non

1895 2595 2109 2663 genuit;
2145 2594 2314 2649 Maria
2341 2605 2553 2664 partum
2583 2599 2748 2653 edidit
2787 2613 2948 2667 quem
3000 2614 3160 2653 sexus
3188 2606 3479 2663 consuetu-

1894 2684 2019 2739 dine
2049 2700 2154 2740 non
2214 2685 2436 2740 creavit.
2481 2685 2571 2741 Sic
2610 2687 2771 2754 igitur
2798 2697 2954 2741 natus
2982 2689 3065 2741 est
3106 2686 3386 2754 Dominus,
3425 2695 3481 2741 ut

1894 2783 2072 2835 ortum
2118 2759 2235 2845 ejus
2281 2790 2441 2830 nemo
2485 2775 2722 2830 futurum
2751 2777 3141 2846 suspicaretur,
3176 2792 3336 2838 nemo
3365 2792 3483 2832 cre-

1895 2867 2066 2932 deret,
2113 2866 2134 2904 ί
2185 2882 2344 2922 nemo
2391 2868 2634 2922 sentiret.
2683 2865 3145 2934 Quemadmodum
3200 2867 3482 2922 crederent

1894 2960 1999 3014 hoc
2027 2958 2284 3025 futurum,
2322 2959 2467 3028 quod
2496 2969 2846 3029 posteaquam
2894 2957 3092 3016 factum
3141 2968 3241 3024 est,
3284 2958 3482 3017 factum

1894 3064 2015 3106 esse
2035 3048 2126 3122 vix
2159 3047 2424 3103 credunt?
2453 3048 2585 3102 Nam
2613 3037 2758 3119 quod
2785 3049 2859 3103 ita
2907 3040 3139 3104 latenter
3167 3056 3222 3103 et
3268 3049 3481 3103 scereto

1894 3137 2143 3194 Salvator
2162 3139 2516 3193 descensurus
2541 3146 2685 3193 esset
2714 3139 2766 3192 in
2795 3138 3067 3207 Virginem
3084 3139 3196 3208 jam
3226 3135 3481 3212 ante‘D'a-

1891 3228 1981 3284 vid
2003 3228 2264 3299 propheta
2293 3236 2518 3284 testatus
2538 3237 2621 3284 est
2648 3229 2832 3285 dicens
2858 3248 2870 3282 :
2908 3227 3191 3285 Descendet
3207 3233 3337 3284 sicut
3365 3229 3480 3300 plu-

1892 3317 2049 3370 viain
2077 3316 2234 3371 vellus
2265 3316 2436 3387 (Psal.
2471 3315 2639 3386 Lm).
2667 3316 2802 3382 Quid
2840 3319 2983 3373 enim
3019 3327 3127 3372 tam
3161 3319 3382 3374 silenter
3426 3327 3483 3374 et

1892 3407 2010 3462 sine
2060 3408 2288 3477 strepitu
2318 3408 2377 3462 iit
2402 3423 2565 3478 quam
2593 3425 2716 3464 cum
2761 3405 2934 3465 imber
2961 3411 3015 3464 in
3043 3411 3373 3469 lanaaa’ellus
3402 3411 3482 3465 in-

1892 3498 2168 3554 funditur?
2191 3498 2398 3554 Nullius
2437 3515 2595 3554 aures
2615 3515 2750 3581 sono
2787 3503 3057 3572 verberat,
3085 3495 3482 3582 Elolnullius

198 3600 314 3666 riti;
347 3576 640 3657 non—enim
666 3615 785 3655 eam
813 3607 1054 3653 meretur
1081 3596 1339 3661 conditio,
1374 3595 1469 3651 sed
1517 3595 1784 3651 voluntas.
1814 3576 1861 3638 (ἶ
1892 3604 2090 3658 corpus
2130 3590 2360 3644 humore
2388 3599 2412 3636 ε
2442 3579 2866 3660 repercussionis
2911 3592 3182 3660 aspergit;
3226 3576 3319 3647 sed
3367 3595 3483 3648 sine

201 3700 226 3728 ⁸
257 3690 406 3749 llanc
433 3704 681 3764 pastores
703 3707 768 3746 ea
789 3699 948 3746 nocte
971 3702 1082 3759 qua
1104 3697 1360 3744 nascente
1379 3689 1608 3743 Domino
1628 3703 1792 3757 super

198 3795 409 3852 gregem
437 3800 594 3839 suum
610 3782 816 3851 vigilias
843 3780 1202 3836 observabant
1229 3795 1338 3850 pra:
1355 3779 1603 3834 omnibus
1631 3779 1789 3848 primi

200 3873 503 3928 audierunt.
546 3872 650 3941 Ipsi
677 3870 972 3927 Salvatoris
1017 3877 1196 3924 ortum
1238 3869 1397 3939 primi
1444 3877 1570 3923 ante
1597 3884 1788 3924 omnes

198 3960 461 4028 homines,
494 3963 522 4003 δ
545 3962 916 4018 intimantibus
940 3971 964 4000 ο
996 3960 1220 4028 angelis,
1253 3966 1638 4027 cognoverunt.
1674 3957 1786 4012 An—

199 4054 300 4123 geli
328 4057 475 4111 enim
508 4071 614 4110 non
637 4054 870 4123 regibus,
903 4068 1013 4108 non
1045 4050 1334 4121 iudicibus,
1357 4050 1454 4105 sed
1481 4051 1787 4105 hominibus

199 4149 483 4204 nrsticanis
493 4147 673 4203 saeculi
688 4145 1114 4215 redemptionem
1128 4143 1285 4220 prius
1309 4142 1782 4197 annuntiaverunt.

201 4235 309 4293 Nec
336 4240 532 4293 mirum
559 4237 605 4292 si
632 4235 833 4292 Christi
858 4235 1086 4304 gratiam
1126 4241 1252 4286 ante
1279 4234 1441 4286 sciret
1482 4232 1785 4287 innocentia

199 4344 358 4400 quam
387 4339 661 4402 potestas;
685 4337 741 4384 et
785 4328 933 4398 prius
961 4332 1313 4394 cognosceret
1341 4325 1620 4378 veritatem
1652 4325 1782 4377 sini-

202 4420 318 4490 plex
338 4421 618 4476 rusticatio
644 4435 807 4488 quam
850 4416 1080 4487 superba
1109 4415 1425 4470 nominatio.
1454 4413 1607 4480 Quod
1641 4412 1782 4468 eniin

201 4517 567 4579 cognoverunt
593 4515 854 4580 pastores,
879 4506 1150 4577 principes
1177 4517 1504 4572 cognoscere
1533 4504 1786 4574 nequive—

199 4609 353 4668 runt;
403 4601 544 4656 unde
595 4608 652 4655 et
704 4599 894 4654 beatus
940 4597 1233 4667 Apostolus
1271 4597 1390 4650 ait:
1447 4593 1609 4660 Quem
1637 4612 1786 4649 nemo

203 4691 491 4762 principum
535 4689 710 4745 secuti
739 4688 892 4759 hujus
915 4688 1155 4757 cognovit
1183 4684 1251 4757 (1
1279 4685 1399 4740 Cor.
1430 4685 1532 4756 ιι),
1563 4693 1619 4741 et
1655 4685 1784 4740 reli-

1897 3680 2268 3750 inquietudine
2297 3681 2554 3744 omnium,
2580 3683 2752 3734 totum
2784 3672 3007 3754 imbrem
3035 3697 3136 3752 per
3162 3683 3483 3752 multiplices

1893 3771 2119 3829 effusum
2149 3779 2331 3841 partes
2360 3778 2475 3825 toto
2503 3776 2734 3840 corpOre
2763 3769 2816 3824 in
2847 3785 2906 3825 se
2946 3770 3127 3837 trahit,
3152 3772 3309 3826 unius
3336 3787 3483 3832 mea-

1890 3872 1977 3921 tus
1999 3865 2288 3920 scissuram
2321 3862 2585 3926 nesciens,
2608 3861 2776 3915 solida
2794 3861 3019 3916 mollitie
3036 3848 3217 3931 plures
3238 3862 3482 3932 praebens

1890 3965 2128 4020 meatus;
2160 3963 2216 4011 et
2242 3954 2386 4024 quod
2415 3954 2656 4024 clausum
2678 3953 2888 4008 videtur
2911 3969 3008 4024 per
3026 3954 3369 4028 densitatem,
3401 3966 3482 4010 est

1887 4049 2132 4121 patulum
2172 4064 2268 4119 per
2297 4048 2637 4114 tenuitatem.
2660 4045 2828 4101 Recte
2874 4061 3006 4114 ergo
3034 4044 3061 4083 δ
3103 4036 3273 4100 Maria
3293 4047 3480 4101 velleri

1891 4147 2255 4210 comparatur,
2277 4154 2394 4208 qua:
2422 4140 2495 4192 ita
2524 4138 2772 4207 concepit
2793 4129 3095 4204 Dominum,
3127 4145 3185 4194 ut
3214 4147 3329 4193 toto
3356 4153 3479 4193 eum

1890 4230 2131 4287 hauriret
2151 4244 2398 4300 corpore,
2430 4243 2532 4285 nec
2565 4232 2580 4266 ι
2610 4229 2726 4297 ejus
2752 4227 3097 4283 discissnram
3126 4229 3368 4298 corporis
3395 4244 3483 4299 pa-

1892 4322 2124 4386 teretur;
2157 4320 2249 4376 sed
2280 4328 2424 4375 esset
2475 4320 2652 4376 mollis
2700 4321 2768 4376 ad
2825 4313 3188 4388 obsequium,
3217 4320 3386 4375 solida
3415 4320 3483 4377 ad

1891 4416 2323 4472 sanctimoniam.
2349 4413 2536 4481 Recte,
2583 4401 2820 4482 inquam,
2852 4411 3018 4467 Maria
3048 4414 3237 4469 velleri
3261 4428 3483 4484 compa-

1892 4514 2067 4571 ratur,
2109 4505 2178 4560 de
2207 4504 2362 4573 cujus
2410 4505 2586 4561 fructu
2637 4503 2897 4559 salutaria
2924 4505 3139 4574 populis
3163 4505 3483 4560 vestimenta

1893 4604 2170 4652 texuntur.
2197 4595 2380 4651 Vellus
2406 4595 2566 4667 plane
2587 4602 2673 4649 est
2697 4592 2886 4660 Maria,
2915 4594 3183 4663 siquidem
3227 4595 3296 4650 de
3333 4594 3483 4650 molli

1893 4691 2014 4746 sinu
2043 4688 2160 4759 ejus
2176 4688 2358 4757 Agnus
2384 4702 2633 4756 egressus
2661 4695 2764 4752 est,
2786 4686 2879 4755 qui
2906 4692 2962 4740 et
2989 4685 3105 4755 ipse
3135 4687 3321 4740 matris
3345 4686 3482 4740 lani-

202 4792 320 4850 (ιω.
351 4782 498 4851 Ergo
536 4781 591 4836 in
633 4781 915 4836 nativitate
961 4779 1184 4835 Domini
1203 4777 1376 4848 angeli
1423 4779 1630 4849 pariter
1664 4794 1787 4836 cum
1816 4773 1865 4836 Ι)
1892 4782 2053 4846 ciem,
2081 4780 2187 4836 hoc
2204 4787 2288 4834 est
2332 4794 2549 4834 carnem
2582 4779 2596 4828 l
2633 4787 2889 4849 portans,
2929 4777 3079 4833 molli
3130 4777 3326 4832 vellere
3352 4793 3482 4832 cun-

267 4948 296 4979 ⁸
321 4941 460 4999 Cod.
490 4940 559 4994 99
585 4939 643 4994 S.
671 4937 859 4996 Crucis
904 4939 958 5009 in
996 4936 1108 4993 Jer.
1135 4937 1268 5006 legit
1294 4955 1307 4990 :
1352 4937 1471 4991 Hac
1513 4955 1637 5009 ergo
1664 4955 1784 4994 voce

205 5014 565 5093 mutuarum
593 5012 766 5082 angeli
786 5013 840 5064 in
866 5008 958 5062 illa
993 5016 1162 5072 nocte,
1192 5018 1257 5089 et_
1280 5017 1534 5093 pastores,
1563 5008 1782 5063 nascen-

205 5078 298 5166 tem
323 5081 607 5137 Dominum
633 5078 785 5164 super
805 5095 1009 5202 gae/gem
1035 5094 1184 5132 suum
1206 5078 1411 5158 viqilias
1432 5078 1778 5159 observantes,

205 5156 348 5221 prmi
379 5167 489 5221 prta
521 5151 756 5229 omnibus
809 5149 868 5229 d_
904 5145 1292 5229 tcerunt..Co.d:
1333 5147 1455 5202 Vat.
1498 5156 1612 5212 CIL,
1662 5147 1781 5204 Hac

205 5217 315 5294 ergo
343 5217 464 5276 voce
503 5223 871 5290 presultarunt
917 5217 1094 5289 angeli
1134 5219 1189 5271 in
1224 5218 1318 5271 illa
1356 5229 1524 5286 nocte,
1560 5235 1662 5289 qua
1686 5237 1782 5284 pa-

205 5300 385 5355 stores,
410 5299 515 5346 etc.

270 5361 294 5400 δ
321 5361 471 5415 Idem
500 5359 619 5414 cod.
645 5356 713 5429 99
732 5357 789 5412 S.
813 5356 1002 5413 Crucis
1029 5357 1084 5429 in
1105 5355 1237 5422 Jer.,
1261 5359 1636 5429 nuntiantibus.

273 5441 296 5470 ο
323 5429 464 5485 Cod.
486 5429 630 5494 Vat.,
657 5427 771 5498 Ipsi
794 5431 933 5482 enim
953 5428 1109 5496 primi
1148 5436 1318 5498 ortum
1347 5427 1784 5498 Saluatorisgante

209 5516 377 5556 omnes
395 5499 623 5553 homines
651 5496 1008 5568 nuntiantibus
1033 5497 1231 5568 angelis
1245 5507 1605 5567 cognoverunt.
1635 5496 1783 5551 Unde

210 5573 390 5624 mirum
406 5585 511 5622 non
538 5578 615 5621 est
641 5567 776 5638 quod
797 5566 1198 5638 redemptionem
1218 5566 1393 5620 secuti
1412 5577 1532 5638 ante
1551 5575 1782 5636 pastores

209 5640 374 5694 seculi
419 5634 714 5716 meruerunt
759 5638 911 5703 scire,
958 5634 1112 5723 auiam
1152 5634 1597 5723 principgs.p1idn
1648 5640 1784 5723 enim

211 5713 370 5781 angeli
419 5709 857 5761 annnntiarerunt
904 5706 1141 5776 regibus,
1185 5722 1290 5761 non
1341 5706 1639 5775 judicibus,
1695 5707 1785 5759 sed

214 5777 491 5835 hminibus
539 5777 836 5831 rusticanis.
884 5774 1005 5831 Non
1048 5793 1170 5848 ergo
1207 5777 1313 5838 iam
1354 5775 1642 5829 mirandum
1679 5787 1788 5839 est,

1888 4941 1934 4994 si
1974 4939 2179 4994 Christi
2225 4939 2453 5012 gratiam
2512 4947 2634 4993 ante
2676 4940 2812 4993 scire
2875 4938 3118 4993 meruerit
3181 4939 3478 4992 innocentia

1883 5018 2461 5161 Ψῗᾚοῗιξῗῆειιίαειιη
2479 5081 2533 5134 in
2561 5079 2791 5150 ejusdem
2819 5078 3092 5151 {clavum
3118 5076 3278 5131 simili
3307 5076 3480 5130 nobis-

1882 5166 1999 5203 cum
2026 5148 2209 5204 latitia
2236 5150 2477 5218 gaudere.

1959 5230 1982 5257 υ
2021 5219 2156 5272 Cod.
2189 5217 2333 5286 vsa,
2375 5221 2493 5286 quia
2513 5227 2563 5273 et
2600 5217 3029 5285 extraordinem
3057 5224 3261 5270 natura
3289 5231 3477 5269 cance-

1881 5298 2022 5361 ptus.
2048 5286 2191 5342 Nam
2217 5286 2408 5358 Jescplt
2430 5290 2654 5358 suscepit
2678 5290 2864 5358 ﬁlium,
2894 5303 3043 5357 quem
3063 5301 3166 5341 non
3186 5287 3377 5356 genuit.

1963 5359 1980 5397 ί
2022 5358 2082 5412 In
2111 5357 2403 5414 θοὰ-ναι..
2425 5358 2748 5412 omittuntur
2768 5357 2862 5414 illa
2883 5357 3070 5411 verba.

1959 5436 1986 5476 α
2023 5395 2252 5510 c9539
2276 5425 2333 5482 S.
2356 5397 2541 5481 C’rucis
2560 5428 2612 5481 in
2633 5425 2768 5493 Jer.,
2800 5395 3013 5480 laniare
3040 5425 3327 5496 repercussi
3346 5425 3480 5478 roris

1889 5507 2193 5622 a‘ﬁe’gd‘dd.
2215 5567 2295 5634 .99
2339 5566 2394 5620 S.
2432 5565 2618 5622 Crucis
2665 5566 2718 5620 in
2749 5565 2875 5624 .Jer.
2919 5575 2976 5622 et
3003 5565 3213 5634 Vatia,
3249 5563 3479 5623 Mariam

1890 5639 2064 5692 velleri
2093 5653 2468 5704 comparamus.

1970 5707 1982 5745 ί
2027 5707 2158 5762 Cod.
2188 5707 2455 5776 Yat.,’_n_ec
2478 5705 2709 5776 ejusdem
2736 5705 3019 5758 scissuram
3041 5707 3293 5772 corporis.

1969 5779 1981 5826 i
2030 5776 2162 5830 Cod.
2199 5775 2316 5829 Vat.
2350 5774 2512 5834 1267.
2542 5776 2634 5829 hoc
2663 5785 2738 5830 est
2767 5789 2973 5828 carnem
2994 5784 3224 5842 gestans.
