3910 6238
183 327 276 376 5,,
1625 322 1853 379 scnno
1891 321 2022 381 vui.
3355 340 3467 398 εις

179 435 542 520 diguoscendis
580 438 920 521 impenderit
942 481 955 504 ,
991 439 1132 495 hunc
1169 438 1526 521 S_.'antistitis‘
1544 438 2265 521 .Taprinepsis_sermonc_tn,
2299 443 2595 521 animum
2615 457 2688 521 ne
2715 455 3032 521 memorans
3045 450 3285 521 quidem,
3321 455 3460 512 inter

181 519 332 591 opera
360 510 544 589 spuria
580 507 1164 591 Hieronymianatom.
1201 509 1264 574 ll,
1298 523 1419 591 pag.
1462 507 1583 574 504,
1623 508 1762 591 φρι)ε
1793 509 1852 564 S.
1889 509 2111 591 Hieron.
2141 507 2270 567 edit.
2305 513 2504 568 Veron.
2533 515 2690 591 1742,
2713 517 2967 591 coniecit.
3014 507 3460 591 Nostrum'igitur

179 582 252 625 est
280 583 334 652 u_t
365 593 473 652 non
506 579 834 652 ineruditam
874 580 1235 652 incultamque
1273 580 1674 652 orationemab
1709 580 2046 652 obscuritate
2093 597 2369 647 eruamus,
2409 579 2732 652 proprioque
2761 579 2998 642 auctoris
3041 594 3258 645 nomine
3295 579 3462 647 orna—

181 649 277 728 tam
312 645 362 697 in
397 647 580 726 lucem
631 649 958 728 emittamus.
999 648 1077 728 ld_
1100 645 1392 728 ostendunt
1423 648 1678 728 praeclari
1709 649 1939 728 codices
1963 658 2094 728 tres,
2140 645 2469 728 nempegduo
2576 645 2763 709 Cr'ueis
2790 656 2843 728 in
2871 655 3164 728 Jerusalem
3196 660 3265 712 90
3289 645 3344 715 et
3362 645 3459 728 59,

179 719 228 762 et
249 710 650 799 haurentianus
675 734 693 770 ι
727 717 862 798 Plut.
889 735 994 799 xiv,
1027 718 1119 799 ubi
1144 719 1306 798 plane
1334 710 1529 799 legi-tur
1559 725 1683 786 post
1711 719 1922 799 titulum
1951 737 1963 771 :
1987 710 2093 799 “De
2133 721 2192 774 S.
2245 710 2565 799 Epiphania,
2604 740 2772 777 sermo
2794 723 2853 778 S.
2879 710 3105 799 Μᾳὶίὶηιῖ
3119 710 3461 799 audiit;

179 782 452 867 codicibus
479 783 540 838 S.
585 784 782 867 Crucis
820 788 871 840 in
910 782 1575 867 .Jerusalemninscrihitur'
1591 802 1776 867 sermo
1802 790 1924 867 :mDe
1947 789 2070 867 .dien
2086 782 2831 867 sanctw'ljipiphanire,quem
2857 795 3067 867 titulum
3094 782 3194 851 no's
3224 782 3460 867 aniplesi

179 854 368 905 sumus.
411 852 654 908 Consule
674 870 747 935 ea
769 856 1176 935 imprimisqum
1215 855 1565 935 S.__Maximus
1596 856 1648 909 in
1679 857 1901 911 homilia
1931 856 1998 912 de
2031 859 2202 914 Cruce
2227 852 2448 925 scribil;
2482 852 2807 917 unde-facile
2830 865 3114 933 percipies
3149 867 3294 921 hunc
3317 852 3460 935 24m;

178 932 274 987 que
299 935 611 977 sermonem
635 925 812 978 eidem
837 926 1044 980 auctori
1073 940 1193 979 esse
1221 925 1585 979 tribuendum.

182 1029 326 1102 513
353 1033 870 1113 ..βίκουῃεβτρδικτῖ
903 1035 1145 1113 Explicat
1185 1046 1392 1113 sanctus
1441 1037 1774 1113 doctor_my-
1802 1040 1848 1097 Α
1881 1035 2177 1109 Utrumque
2222 1042 2534 1112 mysterium
2583 1056 2761 1096 meum
2809 1050 2918 1109 est;
2949 1049 3179 1113 utraque
3208 1053 3232 1082 ε
3261 1045 3466 1102 utilitas

242 1104 452 1176 sterium
504 1105 610 1176 diei
658 1105 717 1158 S.
772 1104 1110 1176 Epiphaniae;
1152 1106 1498 1176 pluribusque
1538 1104 1770 1159 declarat

243 1173 386 1244 nobis
407 1173 698 1242 pro/icere,
742 1173 843 1228 non
874 1173 1107 1228 Christo.
1145 1173 1276 1244 Ejus
1306 1173 1569 1228 humilitas
1593 1184 1772 1228 nostra

241 1242 530 1314 sublimitas
570 1253 677 1314 est,
713 1261 839 1297 eruas
869 1254 1048 1298 nostra
1074 1242 1324 1311 victoria,
1367 1243 1773 1314 patibulumno-

240 1319 341 1363 ster
370 1313 688 1382 triumphus.

246 1491 412 1546 Hodie
440 1507 609 1552 verus
644 1491 725 1546 sol
766 1499 919 1545 ortus
958 1498 1042 1545 est
1079 1488 1313 1554 mundo;
1347 1487 1506 1542 hodie
1535 1487 1588 1540 in
1620 1494 1773 1541 tene-

183 1583 285 1638 bris
312 1585 494 1637 saaculi
526 1584 708 1636 lumen
737 1596 1016 1649 egressum
1047 1581 1164 1635 est:
1195 1579 1338 1635 Deus
1366 1579 1538 1634 factus
1566 1585 1648 1632 est
1677 1579 1777 1632 ho-

185 1687 285 1736 mo,
333 1682 390 1726 ut
438 1673 609 1726 homo
654 1671 798 1725 Deus
847 1670 1029 1736 fieret;
1079 1669 1307 1724 formam
1347 1667 1488 1721 servi
1519 1666 1778 1720 Dominus

184 1764 404 1832 excepit,
439 1772 501 1817 ut
531 1779 720 1817 servus
743 1770 1048 1816 verteretur
1070 1761 1123 1814 in
1155 1760 1460 1813 Dominum.
1501 1757 1775 1812 leorum

184 1862 234 1906 et
259 1855 535 1909 habitator
564 1863 619 1910 et
653 1854 904 1909 conditor
932 1853 1195 1910 habitavit
1230 1853 1284 1906 in
1315 1852 1500 1917 terris,
1534 1859 1592 1905 ut
1613 1851 1777 1905 homo

184 1944 397 1997 colonus
437 1953 599 1998 terra:
633 1943 890 2012 migraret
931 1942 997 1996 ad
1039 1942 1224 1996 caelos.
1269 1938 1314 1994 Ο
1343 1940 1459 1995 dies
1487 1940 1634 1994 omni
1664 1940 1777 1994 sole

186 2031 431 2088 lucidior!
500 2033 547 2088 Ο
599 2043 810 2104 tempus
849 2035 1057 2090 cunctis
1102 2034 1311 2089 sarculis
1360 2043 1386 2071 ι
1435 2035 1771 2102 expetitum!

191 2123 338 2190 Quod
386 2128 843 2195 pnestolabantur
889 2128 1097 2196 angeli,
1129 2127 1274 2197 quod
1304 2128 1580 2181 cherubim
1611 2136 1664 2183 et
1693 2145 1776 2183 se-

188 2218 391 2284 raphim
441 2229 498 2273 et
537 2220 799 2274 caelorum
838 2219 863 2256 δ
903 2220 1157 2290 mysteria
1199 2220 1538 2283 nescierunt,
1579 2219 1684 2274 hoc
1723 2221 1776 2274 in

189 2321 364 2366 nostro
411 2324 662 2382 tempore
707 2313 1003 2367 revelatum
1053 2319 1155 2366 est.
1207 2311 1360 2377 Quod
1409 2312 1482 2364 illi
1525 2311 1778 2369 videbant

1875 1144 1994 1183 mea
2026 1139 2125 1184 est.
2164 1131 2260 1186 Dei
2292 1132 2455 1186 Filius
2489 1149 2596 1187 non
2632 1134 2868 1188 habebat
2896 1135 3256 1190 necessarium
3284 1144 3344 1190 ut
3369 1151 3466 1190 na-

1874 1233 2135 1289 sceretur,
2176 1233 2235 1278 ut
2261 1225 2643 1295 baptizaretur,
2686 1242 2861 1294 neque
2903 1227 3046 1280 enim
3076 1235 3357 1295 peccatum
3385 1226 3466 1281 fe-

1876 1319 2026 1364 cerat
2071 1313 2214 1382 quod
2262 1314 2310 1368 ei
2358 1315 2723 1369 remitteretur
2777 1317 2830 1370 in
2871 1316 3170 1385 baptismo;
3201 1317 3294 1372 sed
3326 1317 3468 1372 illius

1876 1397 2149 1455 humilitas
2195 1409 2380 1456 nostra
2426 1400 2727 1457 sublimitas
2770 1413 2872 1460 est.
2931 1405 3076 1460 Illius
3120 1422 3254 1461 crux
3284 1415 3468 1463 nostra

1876 1487 2102 1542 victoria
2143 1498 2256 1555 est;
2306 1492 2450 1546 illius
2478 1493 2775 1562 patibulum
2804 1503 2888 1549 est
2917 1505 3103 1550 noster
3138 1497 3464 1566 triumphus.

1878 1572 2186 1637 Gaudentes
2237 1579 2476 1634 levemus
2516 1581 2618 1636 hoc
2664 1582 2875 1650 signum
2906 1584 2957 1637 iu
2979 1585 3220 1638 humeris
3245 1587 3465 1650 nostris,

1877 1666 2223 1722 victoriarum
2251 1671 2766 1740 vexilla'portemus,
2808 1675 3114 1730 immortale
3140 1674 3160 1714 τ
3195 1678 3469 1734 lavacrum

1880 1764 2156 1824 portemus
2186 1759 2238 1812 in
2278 1758 2560 1815 frontibus.
2615 1762 2749 1817 Cum
2788 1765 2892 1819 hoc
2915 1766 3127 1832 signum
3151 1767 3204 1820 in
3224 1770 3471 1838 postibus

1880 1845 2123 1900 diabolus
2145 1850 2416 1916 aspexerit
2439 1891 2453 1914 ,
2483 1853 2894 1919 contremiscet;
2943 1862 3000 1908 et
3026 1841 3119 1923 qui
3154 1865 3342 1911 aurata
3365 1857 3472 1913 Ca-

1880 1929 2067 2005 pitolia
2096 1954 2200 1992 non
2231 1940 2452 2005 timent,
2485 1958 2701 1997 crucem
2744 1946 2966 2013 timent;
2999 1948 3089 2017 qui
3118 1958 3472 2007 contemnunt

1881 2035 2090 2094 sceptra
2137 2029 2370 2096 regalia;
2414 2038 2466 2083 et
2499 2047 2762 2101 purpuras
2820 2031 3117 2102 Caesarum,
3169 2045 3224 2092 et
3268 2039 3469 2110 dapes,

1883 2128 1910 2166 ϐ
1932 2119 2126 2174 Christi
2150 2121 2336 2175 sordes
2365 2129 2420 2175 et
2456 2123 2658 2191 jejunia
2698 2126 3103 2194 pertimescunt.
3146 2128 3388 2200 Denique
3415 2132 3471 2187 in

1883 2209 2131 2264 Ezechiel
2157 2213 2417 2280 propheta
2443 2212 2656 2282 (Ezech.
2681 2215 2776 2283 Ix),
2802 2230 2922 2268 cum
2945 2231 3134 2270 omnes
3157 2218 3246 2285 qui
3275 2219 3474 2274 missus

1883 2306 2055 2359 fuerat
2099 2306 2318 2373 angelus
2363 2305 2684 2374 occidisset,
2736 2317 2792 2362 et
2836 2308 3137 2364 interfectio
3161 2311 3412 2379 cmpisset
3439 2326 3472 2367 ι

189 2415 281 2468 per
325 2404 603 2472 speculum
631 2447 644 2469 ,
691 2413 746 2457 et
794 2419 894 2472 per
939 2403 1224 2470 imaginem
1249 2444 1264 2466 ,
1299 2419 1396 2456 nos
1425 2403 1694 2457 cernimus
1725 2404 1776 2457 in
1812 2404 1856 2463 Β
1883 2397 2082 2450 sanctis
2105 2437 2117 2459 ,
2160 2397 2234 2450 illi
2287 2397 2657 2452 tantummodo
2701 2399 3315 2467 sospites-reservantur
3339 2417 3475 2472 quos

191 2493 425 2546 veritate.
503 2494 609 2560 Qui
677 2494 998 2563 loquebatur
1077 2493 1371 2565 Israelitico
1425 2495 1624 2563 p0pulo
1690 2511 1785 2563 per

192 2581 386 2639 Isaiam.
424 2585 714 2639 Jeremiam
753 2593 808 2639 et
835 2593 1059 2639 ceteros
1091 2584 1384 2653 prophetas
1405 2624 1420 2648 ,
1461 2599 1601 2637 nunc
1633 2585 1787 2638 nobis

194 2687 282 2739 per
308 2672 497 2728 Filium
539 2676 793 2742 loquitur.
841 2675 1034 2728 Videte
1057 2673 1185 2742 quid
1223 2684 1243 2712 ε
1280 2674 1493 2728 intersit
1521 2673 1660 2726 inter
1683 2674 1789 2729 Ve-

196 2770 273 2814 tus
301 2762 705 2819 Testamentum
736 2777 791 2819 et
825 2765 1054 2820 Novum.
1125 2765 1181 2818 In
1219 2766 1310 2819 illo
1351 2756 1670 2834 loquebatur
1691 2783 1788 2836 per

198 2850 456 2916 nubilum;
507 2855 664 2908 nobis
701 2855 937 2924 loquitur
977 2871 1075 2923 per
1099 2870 1374 2909 serenum.
1431 2855 1505 2907 lbi
1538 2855 1677 2910 Deus
1704 2856 1785 2909 vi-

198 2940 417 2995 debatur
449 2944 500 2996 in
531 2944 701 3006 rubo;
751 2946 837 3000 hic
876 2944 945 2999 de
982 2945 1190 3012 virgine
1221 2927 1361 2999 Deus
1405 2945 1659 2999 nascitur.
1709 2945 1786 3000 lbi

198 3026 324 3096 ignis
352 3041 467 3085 erat
495 3034 684 3103 populi
715 3044 938 3103 peccata
967 3050 1323 3100 consumens;
1353 3032 1377 3070 ά
1402 3035 1488 3089 hic
1516 3035 1678 3089 homo
1701 3044 1786 3090 est

199 3123 372 3189 populi
403 3133 627 3192 peccata
658 3126 964 3192 dimittens;
1003 3127 1112 3180 imo
1140 3127 1280 3180 Deus
1309 3128 1591 3194 ignoscens
1613 3129 1786 3183 servis

197 3211 318 3265 suis.
343 3211 509 3269 Nemo
540 3217 683 3269 enim
716 3224 895 3284 potest
923 3226 1145 3286 peccata
1175 3218 1445 3271 dimittere
1464 3257 1479 3282 ,
1513 3218 1610 3272 nisi
1641 3220 1786 3274 solus

202 3297 348 3354 Deus.
382 3304 508 3358 Sive
551 3305 709 3359 hodie
747 3314 902 3360 natus
931 3315 1014 3360 est
1042 3307 1303 3362 Dominus
1340 3305 1513 3373 Jesus,
1547 3309 1785 3364 sive‘ho-

201 3387 278 3441 die
314 3390 616 3460 baptizatus
658 3404 740 3449 est
771 3415 782 3448 :
839 3397 1051 3451 diversa
1081 3399 1278 3467 quippe
1313 3400 1495 3468 opinio
1535 3399 1704 3454 fertur
1733 3401 1786 3455 in

203 3483 388 3538 mundo
413 3527 426 3548 ,
475 3495 529 3540 et
562 3503 659 3556 pro
703 3487 1052 3543 traditionum
1101 3491 1368 3544 varietate
1408 3493 1673 3546 sententia
1703 3499 1788 3546 est

203 3571 362 3637 nobis,
407 3576 537 3630 illud
585 3587 796 3632 constat
843 3579 909 3632 ad
956 3580 1237 3648 liquidum,
1289 3580 1435 3650 quod
1473 3581 1587 3635 sive
1623 3581 1787 3637 hodie

204 3672 347 3718 natus
368 3676 448 3719 est
476 3685 543 3722 ex
569 3668 817 3737 Virgine,
851 3671 964 3724 sive
1003 3679 1223 3724 renatus
1253 3673 1304 3726 in
1333 3673 1634 3742 baptismo,
1671 3675 1787 3742 ejus

1887 2486 2001 2542 Tau
2031 2488 2207 2541 littera
2228 2529 2240 2553 ,
2293 2489 2343 2541 id
2382 2496 2466 2543 est
2495 2490 2670 2543 crucis
2706 2490 2915 2559 pictura
2945 2492 3272 2560 signaverat.
3305 2493 3331 2531 δ
3360 2494 3474 2548 Ex-

1885 2579 2145 2632 sultemus
2176 2578 2376 2646 itaque,
2403 2577 2596 2633 fratres
2625 2580 2914 2642 carissimi,
2945 2589 3001 2635 et
3026 2582 3092 2635 ad
3124 2584 3299 2638 crucis
3324 2585 3476 2638 simi-

1888 2669 2168 2724 litudinem
2217 2677 2431 2725 sanctas
2479 2669 2548 2724 ad
2595 2671 2791 2725 caelum
2822 2671 3061 2726 levemus
3086 2688 3294 2728 manus.
3343 2675 3478 2729 Cum

1886 2760 1965 2814 sic
2012 2775 2109 2815 nos
2157 2760 2428 2813 daemones
2480 2767 2716 2814 armatos
2762 2761 3034 2829 viderint,
3083 2763 3477 2831 opprimentur.

1888 2836 2114 2916 Quando
2153 2849 2360 2920 Moyses
2394 2849 2590 2919 (Exod.
2625 2850 2753 2919 xvn)
2792 2850 3002 2906 erectas
3029 2852 3258 2906 habebat
3287 2869 3478 2908 manus

1884 2940 2204 2993 vincebatur
2245 2939 2533 3005 Amalech;
2582 2941 2626 2995 si
2656 2941 2671 2978 ι
2699 2940 2915 3009 paulum
2958 2941 3060 2995 illa:
3103 2943 3474 3008 conciderant,

1888 3030 2318 3085 convalescebat.
2368 3031 2628 3084 Antennre
2663 3033 2878 3085 navium
2921 3042 2975 3087 et
3003 3033 3244 3087 velorum
3275 3050 3480 3089 cornua

1887 3119 1987 3173 sub
2009 3117 2174 3187 figura
2202 3127 2398 3173 nostra
2427 3121 2600 3175 crucis
2627 3121 2875 3175 volitant.
2929 3121 3070 3176 Aves
3092 3138 3309 3192 quoque
3331 3124 3481 3193 ipsa,

1888 3211 2103 3280 quando
2153 3213 2206 3265 in
2255 3212 2565 3268 sublimiora
2597 3214 2879 3284 tolluntur,
2911 3224 2967 3271 et
2996 3217 3233 3286 pendent
3261 3233 3361 3288 per
3388 3234 3482 3274 ae-

1887 3319 2025 3368 rem,
2063 3305 2302 3358 extensis
2329 3305 2448 3366 alis,
2482 3304 2762 3358 imitantur
2790 3321 3026 3360 crucem.
3058 3307 3165 3361 Sed
3195 3316 3250 3363 et
3276 3317 3479 3379 tropaea

1888 3402 1944 3449 et
1980 3395 2221 3448 victoriae
2258 3393 2653 3463 triumphorum
2699 3403 2901 3449 ornata:
2947 3413 3110 3451 cruce
3138 3406 3283 3461 sunt,
3318 3414 3480 3469 quam

1888 3502 1996 3540 non
2026 3486 2196 3540 solum
2228 3485 2278 3538 in
2311 3484 2573 3538 frontibus
2593 3524 2607 3547 ,
2639 3484 2733 3539 sed
2756 3486 2808 3538 in
2841 3486 3119 3541 animabus
3144 3503 3360 3558 quoque
3383 3504 3482 3545 no-

1888 3579 2016 3632 stris
2063 3579 2261 3632 habere
2308 3577 2596 3642 debemus,
2632 3586 2689 3631 ut
2717 3594 2838 3633 cum
2878 3581 2955 3634 sic
2984 3581 3239 3636 fuerimus
3267 3585 3480 3653 amiati,

1889 3672 2158 3725 calcemus
2208 3683 2370 3737 super
2419 3666 2657 3736 aspidem
2713 3676 2768 3722 et
2807 3669 3114 3724 basiliscum
3163 3673 3215 3725 in
3262 3671 3482 3729 Christo

203 3748 355 3824 814
401 3759 656 3813 nativitas
705 3769 760 3814 et
797 3761 975 3814 carnis
1011 3769 1066 3815 et
1105 3761 1324 3831 spiritus
1359 3765 1514 3820 nobis
1554 3766 1784 3835 prolicit.
1818 3759 1863 3821 C
1893 3763 2038 3826 Jesu,
2070 3760 2157 3816 cui
2185 3767 2267 3813 est
2288 3758 2458 3826 gloria
2487 3758 2542 3813 in
2571 3759 2765 3814 saecula
2790 3762 3128 3818 seculorum.
3156 3765 3347 3822 Amen.

1589 3855 1860 3917 SERMO
1905 3852 2072 3914 VIII.

1442 3950 1586 4006 Idem
1619 3955 1682 4006 de
1722 3953 1782 4008 S.
1817 3949 2116 4023 Epiphania
2146 3945 2229 4000 ΙΙ.

1650 4039 2043 4097 ADMONITIO.

271 4127 426 4204 415
454 4132 642 4218 Cod‘ici
674 4132 1016 4218 Taurin'ensi,
1056 4135 1525 4218 qui_Maxir_nianis
1574 4139 1626 4218 in
1674 4139 1913 4218 homiliis
1943 4138 2094 4218 hunc
2135 4131 2849 4218 sermonem‘septimoilocp
2872 4141 3139 4216 numeral.
3172 4138 3482 4218 n9n0solum

205 4202 463 4288 fpnsonat.
479 4203 752 4288 cedes?
778 4205 1047 4288 Crucis
1072 4202 1124 4261 in
1151 4206 1470 4288 Jerusalem,
1489 4209 1598 4288 sed
1622 4210 1785 4288 etiam
1807 4204 2273 4288 Combeﬂsius,qui
2296 4202 2553 4288 eumdem.
2565 4204 2664 4288 sub
2679 4202 3137 4288 M'aximi‘nomine
3159 4205 3480 4288 edidittom.

208 4262 265 4355 [1,
294 4284 426 4355 ρᾶς..
444 4272 567 4355 με.
600 4273 811 4355 ‘Dilfert‘
824 4283 1008 4355 tamen
1035 4292 1226 4355 eorum
1258 4262 1567 4355 inscriptio;
1598 4262 1882 4355 siquidem;
1895 4262 2629 4355 co‘dexlTaurinensislhabet
2655 4291 2683 4355 ε.
2701 4271 2833 4352 Item
2861 4282 2911 4355 et
2952 4273 3013 4326 de
3037 4275 3216 4355 eadem
3239 4262 3484 4355 Epiplta;

207 4338 377 4425 offset.
391 4342 454 4393 de
483 4343 741 4425 baptismo
772 4343 998 4424 Christi;
1030 4346 1206 4425 codex
1229 4362 1358 4401 vero
1386 4338 1443 4400 S'.
1475 4338 1711 4425 Crucis-1
1723 4348 1782 4425 _D

1893 4387 1905 4400 .
1930 4345 2246 4425 Epiphania,
2279 4351 2338 4397 ut
2365 4351 2419 4396 et
2447 4341 2815 4425 Comhelisius.
2860 4338 3487 4425 .ftccurat‘ionvidebitur

208 4403 460 4492 aliquibus
489 4403 622 4492 mss.
658 4403 1006 4492 Taurinensis
1036 4416 1220 4492 titulus
1241 4455 1255 4478 ,
1293 4432 1419 4492 curn
1446 4433 1572 4492 vere
1602 4417 1657 4472 S.
1692 4416 1957 4492 Manimos
1979 4403 2093 4492 hoc
2127 4415 2179 4466 in
2209 4403 2459 4492 sermone
2487 4412 2743 4492 nonnulla
2769 4411 2969 4492 scribat
2990 4413 3056 4492 de
3083 4412 3280 4492 Christi
3307 4420 3483 4471 mani-

209 4470 475 4562 festatione
500 4521 515 4544 ,
536 4549 552 4562 θ
564 4481 765 4562 deque
793 4482 934 4562 illius
984 4470 1325 4562 baptismate.
1387 4470 1502 4562 Sed
1523 4470 1646 4562 cum
1675 4487 1881 4562 duplex
1903 4474 2511 4562 illud$mysterﬁiumuno
2544 4479 2857 4562 Epiphaniae
2884 4484 3101 4562 nomine
3125 4470 3482 4562 enpnrimatiir,

209 4544 488 4634 faciemque
518 4549 612 4603 die
636 4544 957 4634 celebretur,
1008 4544 1113 4634 non
1157 4563 1239 4634 est
1276 4555 1625 4634 improbanda
1675 4544 1958 4634 inscriptio
1980 4574 1996 4634 Ξ
2029 4544 2196 4608 υίδ.
2223 4549 2541 4634 Epiphania.
2585 4544 2858 4634 lp'codicc
2889 4551 3156 4634 Vaticano.
3179 4544 3338 4618 1.276,
3386 4544 3484 4634 fol;

210 4609 322 4694 1‘05,
350 4631 377 4668 a
407 4609 562 4694 iergo
586 4659 601 4681 ,
647 4620 692 4673 is
721 4609 1072 4694 idem_se'rmo
1099 4624 1294 4694 legitur
1334 4609 1458 4679 eum
1499 4609 1674 4691 titulo,
1727 4609 2088 4694 alia'quidem
2126 4609 2287 4694 manu
2317 4609 2565 4694 scripto;
2594 4620 2662 4694 ιη
2689 4629 2868 4694 octava
2890 4619 3203 4694 Epiphaniae
3229 4609 3396 4679 sermo
3414 4609 3482 4681 ἐξ

210 4680 470 4742 Ambrosii.
491 4680 596 4742 'At
635 4705 742 4742 non
791 4690 949 4744 video
984 4707 1078 4746 cur
1119 4709 1152 4746 o

1236 4694 1394 4746 unius
1437 4689 1668 4750 tantum»
1694 4689 1904 4750 codicis
1921 4695 2150 4756 titulum,
2181 4691 2282 4762 alia
2311 4706 2474 4762 manu
2499 4692 2759 4758 scriptum
2791 4689 3075 4762 Ambrosio
3096 4695 3489 4762 nuncupandus

209 4762 375 4809 sermo
396 4759 480 4824 sit,
511 4774 637 4813 cum
667 4768 720 4811 et
754 4759 878 4829 styli
908 4761 1070 4828 ratio,
1102 4770 1158 4816 et
1185 4777 1313 4817 mss.
1343 4765 1524 4818 czeteri
1556 4765 1774 4820 codices
1795 4765 2086 4818 Maximum
2117 4762 2233 4830 ejus
2254 4761 2414 4815 fuisse
2443 4768 2722 4815 auctorem
2744 4760 3056 4814 ostendant.

278 4894 306 4971 ξ
337 4887 515 4971 ϐοὰλι
540 4889 810 4971 ,Ριξξι-χεν
840 4891 1117 4971 Laurent,
1151 4897 1348 4950 cunctis
1377 4899 1580 4952 sazculis
1605 4915 1788 4971 exspe-

211 4960 406 5029 ctatum.
439 4957 590 5029 Cod.
610 4959 760 5024 Vat.,
789 4957 1123 5029 expectatius’.

277 5024 301 5062 λ
337 5025 462 5082 Cod.
489 5027 643 5095 Vat,
674 5038 723 5082 et
751 5024 992 5084 caelorum
1019 5034 1306 5087 ministeria
1330 5039 1643 5090 nescierunt.

213 5160 222 5172 .
270 5105 301 5176 f
338 5096 498 5152 Codd.
549 5097 606 5176 S_.
645 5098 832 5154 Crucis
861 5102 914 5154 in
943 5100 1053 5157 Jer.
1097 5112 1153 5157 et
1179 5102 1328 5169 Vat.,
1367 5105 1545 5160 Videte
1573 5109 1695 5176 quid
1725 5109 1790 5162 sit

207 5171 514 5236 interiectus,
547 5173 655 5222 etc.

278 5231 300 5269 ἀ
339 5235 446 5291 Duo
467 5231 634 5293 codd.
666 5237 723 5292 S.
754 5236 942 5293 Crucis
962 5239 1013 5294 in
1043 5240 1152 5294 Jer.
1184 5251 1240 5296 et
1269 5243 1390 5297 Vat.

249 5314 305 5422 ιε
343 5305 479 5362 Idem
509 5306 634 5362 cod.
669 5307 956 5373 Laurent.,
1001 5321 1219 5382 utraque
1261 5313 1525 5367 humilitas
1551 5331 1664 5369 mea
1692 5325 1788 5384 est,

269 5386 314 5422 c.

219 5383 314 5425 εις.

284 5439 302 5476 ί
339 5441 463 5512 Cod.
497 5445 570 5500 90
598 5447 657 5500 S.
693 5445 882 5502 Crucis
905 5450 957 5501 in
982 5446 1116 5512 Jer.,
1144 5451 1438 5506 immortale
1459 5452 1716 5506 laborant.

283 5518 306 5582 ϐ
343 5511 468 5582 Cod.
498 5516 559 5570 S.
588 5517 778 5571 Crucis
807 5517 858 5569 in
886 5516 996 5572 Jer.
1028 5527 1084 5571 et
1106 5511 1388 5582 Laurent.,
1421 5521 1730 5576 Christiani.

285 5581 306 5614 ι·
343 5581 648 5661 signauerat
825 5586 945 5639 Vat.
974 5587 1137 5651 1267;
1170 5589 1250 5642 his
1270 5581 1643 5661 proSequitur:
1674 5592 1789 5646 Ita-

218 5661 319 5713 que,
364 5652 682 5730 dilectissimi
712 5659 904 5730 fratres
923 5697 944 5730 ,
969 5673 1132 5726 pauca
1146 5652 1318 5730 etiam
1349 5662 1410 5714 de
1431 5652 1668 5730 baptismi
1697 5680 1788 5714 sa-

221 5733 458 5777 cramento
496 5723 733 5790 accipite.
793 5723 1096 5790 Baptizatur
1137 5727 1386 5783 Dominus
1419 5748 1450 5782 a
1482 5723 1645 5792 s'ervo,
1678 5743 1726 5782 et
1755 5750 1786 5784 a

1816 4904 1869 4965 D
1897 4898 2004 4952 Deo
2035 4896 2206 4951 Filius
2237 4897 2546 4967 appellatur.
2581 4896 2720 4961 Quid
2747 4897 2844 4950 hac
2871 4897 3164 4967 humilitate
3189 4897 3489 4956 sublimius?

1894 4969 2015 5038 quid
2035 4968 2130 5020 hac
2158 4966 2353 5020 vilitate
2381 4966 2642 5038 nobilius?
2665 4967 2810 5020 Inter
2832 4966 3152 5036 publicanos,
3179 4979 3228 5020 et
3250 4976 3485 5026 meretrio

1893 5037 1998 5104 ces,
2026 5046 2075 5090 et
2098 5046 2392 5106 peccatores
2418 5037 2487 5089 ad
2509 5039 2769 5091 lavacrum
2792 5040 2948 5103 venit,
2971 5048 3020 5090 et
3040 5041 3271 5093 sanctior
3287 5049 3362 5093 est
3386 5042 3482 5094 bc-

1892 5105 2145 5179 ptizatore
2180 5123 2296 5179 suo.
2326 5105 2578 5179 gignuntur
2617 5124 2647 5159 a
2675 5107 2881 5160 Joanne
2915 5109 2969 5158 in
3015 5123 3206 5172 carne;
3241 5110 3336 5162 sed
3375 5113 3485 5179 ipse

1892 5177 2147 5231 Joannem
2171 5176 2226 5230 in
2256 5178 2437 5247 spiritu
2465 5177 2620 5229 lavat.
2665 5179 2828 5247 Aqua:
2857 5192 2976 5246 qua:
3013 5187 3202 5230 cwtera
3231 5176 3489 5234 mundare

1895 5257 2292 5314 consueverant,
2333 5245 2556 5299 Domino
2585 5245 2761 5300 nostro
2790 5245 3022 5312 locante,
3052 5247 3314 5302 mundata!
3342 5259 3482 5306 sunt.

1895 5316 2143 5386 Iordanis
2189 5317 2412 5385 ﬂuvius,
2459 5318 2544 5386 qui
2589 5333 2647 5369 eo
2689 5325 2948 5386 tempore,
2995 5316 3201 5386 quando
3239 5315 3484 5386 populum

1899 5385 2067 5439 Israel
2095 5386 2199 5437 dua:
2229 5386 2298 5438 ad
2333 5393 2526 5438 terram
2553 5385 2965 5453 repromissionis
3001 5385 3172 5455 [uerat
3208 5385 3479 5451 excitatus,

1895 5464 2015 5508 tunc
2057 5455 2174 5508 totis
2221 5456 2266 5508 si
2291 5456 2538 5524 potuisset
2573 5456 2724 5508 undis
2765 5456 2819 5510 in
2865 5472 3022 5508 unum
3063 5455 3486 5524 locantroluerat

1894 5541 2196 5595 congregari
2225 5564 2238 5587 ,
2289 5521 2816 5595 ut_Domini__corpus
2861 5528 3156 5595 attingeret.
3209 5522 3340 5595 Post
3368 5529 3483 5583 bmc

1895 5593 2280 5648 codex'ruhris
2325 5593 2729 5648 characteribus
2773 5595 2935 5650 habet
2979 5593 3164 5660 verba,
3210 5594 3275 5648 de
3302 5596 3480 5653 eodem

1891 5679 2142 5717 sermone.

1974 5734 1984 5768 ί
2028 5733 2157 5785 Cod.
2193 5731 2471 5791 Laurent..
2503 5735 2546 5787 si
2575 5733 2837 5801 paululum
2858 5737 2963 5790 illa:
2990 5740 3332 5794 considerent.
