3910 6238
430 313 535 369 547

1637 309 1692 361 S.
1736 305 1975 361 MAXIM]
2016 306 2463 367 TAURINENSIS

3589 318 3712 374 548

433 420 1182 487 [incongruum—Christus,
1221 432 1276 497 ut
1316 422 1476 497 bonus
1524 419 1788 497 magister,
1812 420 2008 497 doct-ri-
2040 429 2083 481 Α
2113 423 2230 475 sinu
2261 421 2439 476 Patris
2476 422 2654 492 (Joan.
2689 424 2749 493 ι).
2786 425 3038 481 Libenter
3066 442 3195 497 ergo
3217 429 3242 466 δ
3268 428 3323 482 in
3353 430 3471 484 sinu
3498 444 3715 486 sancto~

504 514 625 549 num
657 506 805 550 suam
834 508 947 547 ’non
975 501 1101 569 tant
1135 490 1296 569 uerbis
1336 488 1613 569 insinuavit
1642 504 1793 555 quam
1817 488 2013 569 actibus

502 567 763 627 exercuit;
790 573 941 616 natus
965 560 1275 626 hominibus,
1304 567 1511 612 renatus
1539 566 1614 610 est
1637 560 2013 622 sacramentis;

500 635 569 686 ibi
596 635 738 687 sinus
769 633 957 686 Christi
979 640 1082 695 est,
1118 628 1202 681 ubi
1222 627 1570 681 habitaculum
1596 636 1671 680 est
1698 628 1955 680 virtutum.

504 791 824 861 Evangelica
851 791 1131 858 Scriptura
1176 787 1379 850 refert,
1428 787 1567 841 sicut
1613 787 1807 841 lectum
1844 802 2017 856 nuper

432 886 749 955 audivimus,
793 885 1075 939 Dominum
1116 882 1183 936 ad
1227 880 1514 936 Jordanem
1561 880 1813 948 baptismi
1853 895 2012 933 causa

429 978 641 1032 venisse
661 1021 675 1045 ,
702 986 757 1031 et
786 976 840 1029 in
862 975 1056 1030 eodem
1084 970 1596 1042 llumine'mysteriis
1620 985 1680 1025 se
1708 970 2014 1026 ccelestibus

428 1072 734 1127 consecrari
771 1070 1028 1124 voluisse.
1080 1066 1233 1133 Quod
1262 1065 1443 1118 mirari
1472 1079 1580 1118 non
1602 1062 1887 1127 debemus,
1918 1077 2015 1117 cur

426 1162 532 1215 hoc
570 1159 904 1230 baptismatis
943 1158 1111 1231 ipsius
1139 1156 1399 1211 Dominus
1431 1156 1486 1237 et
1512 1155 1767 1224 magister
1801 1152 2009 1219 fecerit,

426 1254 553 1321 quia
582 1250 696 1323 ipse
721 1252 798 1307 ait
823 1270 839 1305 :
890 1248 992 1315 Qui
1036 1251 1248 1323 fecerit,
1278 1244 1334 1304 et
1348 1250 1609 1315 docuerit,
1637 1251 1896 1303 maximus
1924 1266 2013 1304 vo-

424 1340 623 1398 cabitur
664 1342 721 1394 iu
768 1357 925 1411 regno
972 1341 1214 1408 σφισι-ατη
1256 1338 1469 1413 (Matth.
1492 1338 1572 1408 v).
1621 1337 1823 1393 Facere
1851 1338 2014 1408 igitur

423 1429 572 1498 prius
591 1429 792 1495 voluit,
821 1428 969 1495 quod
1001 1426 1300 1483 faciendum
1325 1428 1573 1482 omnibus
1601 1428 1921 1497 imperabat,
1954 1437 2011 1483 ut

423 1521 596 1575 bonus
625 1520 883 1588 magister
911 1518 1213 1572 doctrinam
1242 1534 1395 1573 suam
1426 1534 1532 1572 non
1565 1527 1676 1572 tam
1716 1519 1897 1573 verbis
1924 1520 2009 1573 in-

422 1610 663 1663 sinuaret
706 1623 867 1677 quam
914 1608 1123 1662 actibus
1167 1616 1476 1674 exerceret,
1528 1616 1585 1662 et
1623 1608 1691 1663 ad
1720 1611 1879 1664 ﬁnem
1912 1625 2011 1663 nos

423 1699 798 1771 gestupariter
822 1698 1165 1753 conﬁrmaret
1192 1706 1243 1751 et
1273 1714 1451 1751 sensu.
1486 1697 1598 1752 Hoc
1627 1707 1803 1753 autem
1836 1709 2004 1754 totum

2119 526 2239 566 rum
2262 514 2548 582 requiescit
2568 514 2846 583 Dominus,
2878 517 3018 571 unde
3038 525 3093 571 et
3110 517 3333 573 Joannis
3363 524 3717 591 evangelista:

2117 601 2322 666 sinum,
2354 608 2414 655 ιιι
2458 602 2510 657 in
2548 618 2615 657 eo
2655 606 3024 671 accumberet,
3067 606 3297 662 libenter
3322 609 3502 678 elegit.
3544 611 3717 667 Sinus

2117 686 2246 759 ergo
2273 693 2326 746 in
2351 709 2459 762 quo
2486 692 2732 750 Christus
2754 699 3062 767 requiescit,
3097 714 3202 753 non
3230 704 3477 770 corporis
3500 706 3715 769 gremio

2118 792 2464 853 praeparatur,
2510 801 2618 839 non
2665 788 3106 842 vestimentorum
3146 790 3443 845 ambitione
3480 808 3715 862 compo-

2118 875 2281 939 nitur,
2320 874 2413 929 sed
2439 875 2736 931 cmlestium
2776 878 3034 933 virtutum
3063 880 3347 948 colligitur.
3382 881 3519 936 Nam
3546 882 3709 938 Chri-

2116 964 2184 1017 sti
2232 964 2380 1019 sinus
2424 975 2544 1019 erat
2591 966 2644 1020 in
2689 965 2897 1023 Joanne
2942 971 3270 1038 evangelista
3301 971 3466 1036 ﬁdes,
3510 974 3562 1027 in
3591 974 3711 1029 Deo

2117 1051 2276 1108 Patre
2299 1053 2549 1110 divinitas
2567 1094 2582 1120 ,
2628 1057 2680 1109 in
2711 1057 2879 1111 Maria
2906 1066 3077 1113 matre
3105 1054 3404 1128 virginitas.
3458 1062 3534 1117 lbi
3555 1065 3711 1119 sinus

2115 1144 2313 1199 Christi
2342 1154 2453 1211 est,
2492 1149 2579 1202 ubi
2624 1148 2988 1206 habitaculum
3014 1159 3098 1207 est
3124 1155 3404 1208 virtutum.
3438 1156 3519 1211 lbi
3546 1159 3709 1211 mli-

2117 1244 2209 1289 nat
2252 1246 2414 1307 caput
2457 1255 2645 1304 suum,
2689 1242 2779 1295 ubi
2807 1240 3138 1297 domicilium
3170 1246 3471 1301 caelestium
3503 1250 3709 1304 invenit

2114 1336 2522 1395 praceptorum.
2573 1330 2707 1383 Nam
2740 1332 2860 1386 ideo
2894 1334 3267 1401 peccatoribus
3304 1346 3360 1391 et
3398 1339 3709 1395 inﬁdelibus

2112 1413 2278 1467 dicit:
2332 1414 2520 1486 Vulpes
2559 1420 2729 1487 foveas
2774 1420 2983 1490 habent,
3031 1433 3081 1475 et
3118 1425 3342 1478 volucres
3386 1429 3503 1480 caeli
3530 1430 3703 1494 nidos,

2112 1501 2281 1556 Filius
2320 1515 2487 1558 autem
2526 1507 2748 1561 hominis
2789 1526 2891 1564 non
2934 1512 3086 1565 habet
3130 1500 3404 1581 ubicbput
3439 1528 3462 1556 ε
3491 1522 3707 1574 reclinet

2114 1594 2263 1665 (Luc.
2296 1596 2392 1665 rx).
2444 1596 2608 1664 Igitur
2654 1598 2911 1655 Dominus
2955 1601 3107 1657 Jesus
3137 1606 3295 1660 hodie
3323 1610 3473 1662 venit
3504 1611 3570 1663 ad
3614 1612 3707 1666 ba-

2108 1685 2391 1753 ptismum,
2424 1694 2478 1766 et
2506 1701 2702 1755 corpus
2728 1705 2883 1743 suum
2912 1701 3155 1746 sanctum
3185 1696 3356 1749 voluit
3377 1713 3517 1766 aqua
3548 1700 3700 1755 dilui.

421 1764 682 1841 ᾗοάίωῖιῇε
709 1785 796 1841 die
832 1792 1041 1855 μεωειλ
1070 1800 1191 1840 esse
1225 1784 1563 1840 manifestum
1592 1795 1695 1840 εει,
1747 1786 1902 1853 ρυοά
1930 1789 2005 1843 δια
2037 1789 2080 1846 Β
2110 1774 2262 1828 Dicet
2298 1764 2524 1831 fortasse
2570 1777 2779 1847 aliquis.
2823 1779 2925 1846 Qui
2972 1793 3186 1839 sanctus
3228 1795 3342 1853 est,
3394 1764 3494 1843 cur
3536 1791 3705 1846 voluit

421 1890 611 1932 verum
639 1891 759 1931 esse
782 1917 798 1941 ,
846 1876 963 1945 ipsa
984 1889 1271 1944 possumus
1297 1874 1552 1944 colligere
1578 1871 1804 1932 ratione.
1847 1874 2005 1933 Ratio

421 1967 564 2022 enim
610 1967 779 2035 exigit
828 1974 889 2020 ut
934 1973 1058 2035 post
1081 1964 1224 2020 diem
1248 1966 1439 2021 natalis
1464 1966 1742 2036 dominici,
1764 1970 1890 2024 licet
1919 1971 2005 2025 in-

422 2058 699 2127 terpositis
727 2058 901 2123 annis,
933 2056 1128 2112 eodem
1158 2064 1334 2111 tamen
1364 2066 1628 2128 tempore,
1659 2060 1774 2116 hzec
1800 2059 2005 2116 festivi-

420 2158 501 2204 tas
528 2156 865 2218 sequeretur,
902 2163 1064 2217 quam
1102 2142 1160 2203 et
1196 2148 1365 2217 ipsam
1404 2149 1749 2206 festivitatem
1770 2151 2002 2206 natalem

418 2239 792 2309 appellandam
822 2246 973 2308 puto.
1008 2237 1160 2293 Tunc
1187 2238 1327 2292 enim
1355 2246 1512 2293 natus
1534 2239 1869 2306 hominibus,
1900 2241 2001 2295 ho-

416 2327 507 2383 die
533 2336 757 2384 renatus
782 2336 868 2384 est
896 2328 1278 2394 sacramentis;
1313 2336 1438 2384 tunc
1465 2344 1562 2399 per
1589 2330 1850 2399 virginem
1883 2331 2003 2386 edi-

416 2426 527 2488 tus,
554 2418 715 2474 hodie
741 2434 840 2488 per
866 2419 1180 2490 mysterium
1210 2428 1515 2488 generatus.
1554 2420 1633 2475 Ita
1661 2422 1805 2476 enim
1822 2422 2005 2492 dispo-

416 2508 529 2562 suit
576 2508 863 2574 Dominus,
915 2523 1024 2563 uon
1072 2508 1231 2578 longe
1273 2509 1415 2564 inter
1458 2525 1517 2565 se
1557 2510 1835 2566 hominum
1876 2520 2003 2568 vota

417 2597 646 2662 distare,
678 2604 739 2650 ut
766 2612 872 2651 uno
898 2604 1173 2667 tempore,
1203 2615 1363 2669 quem
1392 2600 1629 2668 genitum
1658 2602 2002 2672 gratulaban-

423 2694 513 2741 tur
538 2687 591 2740 in
618 2686 806 2753 terris,
854 2688 1244 2742 sanctiﬁcatum
1294 2690 1606 2745 laetarentur
1644 2692 1697 2746 in
1728 2694 1913 2759 caelis;
1946 2702 2007 2748 ut

417 2778 508 2847 qui
538 2787 751 2847 partum
782 2777 1022 2847 virginis,
1046 2780 1249 2849 angelis
1272 2782 1733 2849 annuntiantibus,
1762 2784 2003 2853 posside-

418 2868 551 2922 bant
574 2867 668 2922 Dei
697 2866 893 2922 Filium
917 2908 932 2935 ,
957 2869 1109 2924 cmlis
1154 2870 1473 2925 testantibus
1499 2873 1815 2939 retinerent,
1839 2875 2004 2929 certi-

415 2974 522 3028 que
558 2968 742 3027 essent
785 2960 1030 3015 homines
1057 2961 1182 3030 quia
1215 2963 1330 3031 ipse
1352 2970 1494 3018 esset
1523 2963 1687 3018 Filius
1716 2964 1811 3020 Dei
1839 2981 2002 3035 quem

415 3049 566 3119 virgo
618 3057 943 3119 pepererat,
991 3043 1252 3105 Divinitas
1297 3052 1639 3118 agnoscebat.
1690 3053 1825 3109 Novi
1860 3056 2003 3111 enim

2109 1865 2408 1935 baptizari?
2428 1866 2562 1921 Audi
2590 1882 2722 1937 ergo
2746 1888 2759 1921 :
2793 1870 2918 1925 ideo
2938 1872 3242 1943 baptizatur
3268 1875 3518 1932 Christus
3538 1920 3554 1944 ,
3587 1896 3693 1934 non

2109 1964 2170 2010 ut
2191 1956 2553 2013 sanctiﬁcetur
2586 1960 2653 2013 ab
2682 1962 2864 2029 aquis,
2903 1963 2998 2017 sed
3026 1974 3083 2018 ut
3114 1965 3229 2035 ipse
3254 1982 3426 2035 aquas
3453 1970 3699 2025 sanctiﬁ-

2106 2054 2213 2109 cet,
2245 2054 2301 2101 et
2326 2048 2697 2116 puriﬁcatione
2727 2052 2810 2105 sui
2839 2051 3086 2122 puriﬁcet
3118 2052 3315 2110 fluenta
3345 2073 3468 2127 quas
3506 2061 3697 2129 tangit.

2110 2132 2459 2192 Consecratio
2488 2139 2632 2193 enim
2660 2138 2858 2196 Christi
2888 2146 3226 2202 consecratio
3256 2146 3432 2217 major
3469 2158 3555 2204 est
3589 2153 3703 2206 ele—

2106 2229 2297 2283 menti.
2327 2231 2460 2285 Cum
2486 2231 2646 2304 417
2676 2235 2819 2295 enim
2858 2234 3108 2292 Salvator
3144 2239 3395 2301 abluitur.
3424 2240 3540 2309 jam
3579 2253 3705 2299 tmze

2106 2318 2162 2372 in
2189 2326 2433 2402 nostrum
2466 2321 2793 2392 baptismum
2831 2332 2945 2379 tota
2987 2341 3125 2395 aqua
3164 2328 3472 2395 mandatur,
3516 2341 3572 2387 et
3602 2349 3705 2402 pn-

2106 2400 2347 2462 riﬁcatuf
2372 2407 2524 2475 fons,
2551 2418 2611 2464 ut
2640 2414 2909 2468 secuturis
2932 2416 3276 2484 postmodum
3306 2419 3522 2488 populis
3552 2400 3706 2475 lava-

2105 2496 2184 2550 cri
2225 2498 2398 2566 gratia
2440 2499 2795 2556 ministretur.
2854 2501 3116 2558 Priecedit
3156 2520 3286 2575 ergo
3328 2507 3580 2564 Christus
3604 2526 3706 2581 per

2111 2586 2457 2655 baptismum,
2489 2596 2549 2642 ut
2585 2587 2882 2645 Christiani
2926 2599 3049 2661 post
3085 2608 3205 2647 eum
3236 2593 3574 2654 conﬁdenter
3599 2614 3707 2669 po-

2105 2676 2219 2745 puli
2260 2675 2678 2746 subsequantur.
2708 2676 2735 2715 ἀ
2763 2679 3007 2749 Intellige
3050 2695 3182 2752 ergo
3221 2686 3557 2755 mysterium.
3622 2687 3709 2744 Ita

2105 2764 2248 2818 enim
2272 2774 2294 2801 ε
2312 2772 2369 2819 ει
2389 2766 2641 2822 columna
2671 2768 2807 2837 ignis
2828 2771 3103 2838 praecessit
3127 2786 3226 2841 per
3254 2788 3403 2829 mare
3430 2773 3707 2845 Rubrum,

2104 2863 2167 2909 ut
2207 2856 2535 2927 intrepidum
2580 2857 2686 2913 iter
2730 2859 2895 2917 Israel
3075 2859 3096 2900 ί
3134 2864 3618 2935 Subsequerentur,
3651 2878 3711 2925 et

2106 2946 2220 3017 ipsa
2256 2948 2409 3017 prius
2450 2964 2550 3020 per
2594 2965 2760 3020 aquas
2781 2962 2806 3001 ε
2832 2966 3015 3022 gressa
3062 2963 3176 3021 est,
3211 2953 3241 2993 1³
3270 2965 3329 3011 ιιι
3353 2959 3711 3017 venientibus

2106 3047 2229 3110 post
2268 3055 2328 3095 se
2354 3042 2537 3097 viandi
2577 3044 2827 3099 semitam
2863 3055 3213 3116 prazpararet.
3270 3048 3427 3115 Quod
3470 3050 3707 3118 factum,

413 3146 604 3209 partus
640 3153 780 3193 nova
808 3140 971 3211 5.16
997 3148 1272 3195 merentur
1318 3140 1595 3209 obsequia.
1646 3142 1723 3196 lbi
1765 3158 1885 3197 cum
1923 3160 2002 3198 se-

2112 3128 2252 3183 sicut
2278 3129 2571 3199 Apostolus
2591 3133 2723 3189 dicit
2749 3133 2804 3207 (1
2831 3136 2952 3191 Cor.
2983 3137 3040 3205 ι)
3058 3177 3075 3204 ,
3100 3140 3415 3210 mysterium
3443 3141 3713 3212 baptismi

413 3228 646 3283 cundum
692 3229 964 3285 hominem
996 3230 1259 3299 nascitur,
1301 3240 1475 3285 mater
1520 3245 1647 3285 eum
1675 3231 1838 3286 Maria
1881 3234 2002 3289 sinu

412 3317 782 3375 circumfovet.
814 3318 916 3376 Hie
940 3335 1065 3375 cum
1084 3320 1380 3377 secundum
1405 3323 1722 3394 mysterium
1747 3324 1999 3395 gignitur,

415 3409 577 3467 Pater
605 3424 729 3465 eum
765 3409 907 3465 Deus
942 3424 1079 3466 voce
1120 3410 1515 3482 complectitur.
1546 3412 1638 3467 Ait
1664 3413 1843 3467 enim:
1895 3414 2000 3469 Hic

412 3509 489 3554 est
520 3509 541 3536 ⁸
573 3502 711 3553 enim
732 3498 900 3553 Filius
922 3515 1085 3564 meus,
1108 3501 1161 3553 in
1191 3518 1289 3571 quo
1312 3502 1437 3555 bene
1464 3504 1749 3571 complacui
1779 3502 1993 3573 (Matth.

412 3593 511 3659 ιιι).
544 3589 714 3643 Mater
742 3604 871 3659 ergo
893 3589 1070 3659 partui
1105 3589 1253 3643 molli
1283 3589 1553 3644 blanditur
1581 3592 1808 3659 gremio,
1836 3590 1999 3647 Pater

412 3680 547 3733 Filio
576 3680 663 3748 pio
693 3679 1001 3733 testimonio
1030 3678 1337 3733 famulatur.
1380 3678 1573 3745 Mater,
1609 3681 1846 3749 inquam.
1874 3698 1998 3737 eum

408 3770 741 3824 adorandum
774 3769 943 3838 magis
986 3768 1208 3838 ingerit,
1256 3768 1415 3822 Pater
1442 3770 1723 3825 colendum
1752 3772 1999 3840 gentibus

412 3859 737 3915 manifestat.
796 3860 931 3913 Sinu
970 3859 1129 3927 igitur
1172 3859 1437 3913 retinetur
1488 3875 1518 3913 a
1563 3869 1737 3915 matre
1762 3876 1883 3915 cum
1909 3877 1998 3915 na-

407 3954 595 4016 scitur,
628 3951 723 4005 sed
753 3950 914 4004 Pater
948 3950 997 4004 ei
1026 3950 1174 4004 sinus
1201 3950 1283 4004 sui
1312 3948 1481 4004 fotum
1507 3951 1705 4021 jugitcr
1732 3953 1993 4007 submini-

407 4053 561 4098 strat.
609 4042 853 4110 Legimus
891 4042 1034 4095 enim
1081 4056 1203 4094 eum
1244 4041 1358 4095 sine
1396 4041 1863 4097 intermissioneiu
1892 4042 1995 4097 Pa-

411 4135 507 4188 tris
535 4134 741 4201 grcmio
763 4132 1127 4201 quiescentem
1142 4169 1160 4194 ,
1183 4130 1397 4186 dicente
1414 4131 1759 4201 Evangelista
1783 4151 1794 4185 :
1829 4132 1993 4188 Deum

406 4241 553 4280 nemo
582 4225 704 4279 uidit
736 4240 995 4291 unquam,
1026 4224 1128 4277 nisi
1157 4223 1449 4293 unigenims
1476 4224 1679 4291 Filius,
1723 4227 1808 4297 qui
1838 4236 1913 4280 est
1938 4230 1993 4281 in

2108 3223 2238 3291 fuit,
2281 3225 2375 3279 ubi
2418 3226 2667 3281 homines
2695 3226 2858 3298 418
2881 3229 3052 3283 nubes
3076 3230 3371 3299 operiebat,
3405 3232 3545 3286 unda
3570 3248 3715 3302 por-

2109 3316 2275 3371 tabat.
2317 3315 2421 3371 Sed
2441 3316 2557 3370 haec
2576 3317 2757 3371 omnia
2776 3326 3027 3387 operatus
3055 3328 3138 3373 est
3161 3319 3407 3376 Christus
3436 3322 3712 3380 Dominus

2109 3404 2250 3459 idem
2297 3406 2389 3473 qui
2414 3413 2469 3459 et
2497 3406 2686 3471 modo,
2740 3408 2863 3476 qui,
2890 3408 3030 3463 sicut
3069 3415 3197 3464 tunc
3224 3425 3324 3479 per
3368 3427 3518 3466 mare
3555 3412 3709 3474 ﬁlios

2104 3493 2268 3548 Israel
2291 3495 2341 3548 in
2372 3495 2619 3549 columna
2663 3496 2800 3565 ignis
2838 3498 3147 3566 praecessit,
3171 3498 3281 3568 jam
3311 3509 3443 3555 tunc
3471 3516 3569 3570 per
3593 3503 3703 3558 ba-

2104 3584 2356 3653 ptismqu
2403 3584 2739 3640 Christianos
2785 3587 3015 3658 populos
3050 3588 3104 3642 in
3146 3592 3389 3659 corporis
3416 3593 3499 3646 sui
3537 3593 3704 3669 colu-

2101 3689 2225 3728 mna
2254 3676 2547 3743 pnccessit.
2587 3675 2734 3745 Ipsa,
2770 3677 3009 3746 inquam,
3041 3686 3125 3734 est
3152 3680 3547 3751 columna,qum
3563 3693 3703 3742 tunc

2098 3774 2421 3835 sequentum
2460 3766 2627 3821 oculis
2664 3767 2841 3821 lumen
2870 3770 3148 3838 praestitit,
3175 3770 3336 3826 modo
3367 3771 3543 3827 lucem
3573 3790 3703 3831 cre—

2097 3857 2339 3914 dentium
2382 3860 2641 3915 cordibus
2678 3849 3072 3917 subministrat.
3128 3863 3279 3921 Tunc
3326 3868 3377 3919 in
3426 3866 3439 3903 ί
3475 3867 3700 3926 fluentis

2096 3949 2358 4005 undarum
2398 3950 2650 4004 solilavit
2687 3952 2965 4016 semitam;
3013 3954 3179 4010 modo
3227 3956 3279 4010 in
3322 3958 3537 4014 lavacro
3567 3958 3697 4016 ﬁdei

2096 4041 2318 4109 vestigia
2377 4040 2697 4095 corroborat
2739 4060 2751 4093 :
2800 4058 2901 4113 per
2944 4059 3107 4113 quam
3161 4045 3359 4112 ﬁdem,
3408 4049 3549 4105 sicut
3594 4051 3695 4108 ﬁlii

2096 4133 2259 4187 Israel
2284 4173 2298 4197 ,
2361 4135 2450 4203 qui
2494 4134 2789 4204 intrepidus
2849 4136 3241 4204 ambulaverit,
3282 4150 3692 4210 persecutore:-

2098 4226 2387 4297 A‘Zgyptunt
2420 4243 2525 4279 non
2551 4228 2775 4284 timebit.

1832 4336 2101 4397 SERMO
2144 4336 2257 4395 1X.

1640 4434 1643 4435 ⁷
1706 4434 1786 4489 De
1815 4435 1875 4491 S.
1901 4434 2199 4507 Epiphania
2229 4434 2348 4488 ΙΙΙ.

1852 4526 2241 4582 ADMONITIO.

478 4621 631 4691 llunc
658 4620 897 4691 apprimis
924 4618 1221 4691 editoribus
1242 4617 1525 4691 Ambrosio
1554 4618 1846 4691 ascriptum
1876 4634 2181 4691 sermonem
2200 4657 2215 4681 ,
2238 4617 2493 4691 Erasmus
2519 4618 2577 4675 S.
2610 4619 2844 4679 Maximo
2869 4634 3153 4691 acceptum
3183 4643 3303 4683 esse
3342 4630 3683 4691 referendum

405 4689 579 4744 duxit.
610 4686 735 4769 lude
756 4705 886 4769 vero
916 4689 1164 4743 monachi
1184 4688 1615 4769 congregationis
1638 4686 2073 4769 Benedictinmns.
2097 4688 2411 4769 Mauricum
2436 4691 2489 4744 in
2506 4692 2789 4769 appendice
2983 4686 3241 4752 Ambrosii
3256 4716 3433 4769 opera,
3457 4686 3605 4756 num.
3624 4686 3680 4769 εξ

403 4776 614 4813 rursum
657 4758 919 4813 edendum
966 4766 1259 4837 curassent_
1299 4755 1405 4837 hoc
1444 4757 1599 4837 titulo
1626 4776 1637 4809 :
1663 4755 1741 4810 De
1763 4758 1822 4811 S.
1851 4757 2203 4837 Epiphania!
2221 4768 2236 4826 ',
2270 4755 2600 4837 tunc‘multo
2630 4776 2750 4815 esse
2799 4764 3026 4820 similius
3068 4769 3181 4837 veri
3225 4755 3680 4837 animadvertunt:

405 4846 529 4884 eum
560 4829 793 4883 Maximo
816 4830 995 4897 potius
1021 4843 1181 4896 quam
1202 4828 1366 4902 alteri
1396 4828 1639 4902 cuiquam
1672 4843 1788 4881 esse
1816 4826 2237 4902 attribuendum.
2272 4830 2348 4902 Ac
2374 4830 2417 4902 si
2452 4831 2966 4902 styli_veterumque
2992 4836 3235 4892 codicum
3264 4839 3507 4894 habenda
3538 4826 3684 4898 ratio

404 4912 507 4965 est,
534 4898 777 4953 habenda
807 4896 936 4978 vero
962 4906 1047 4950 est
1071 4897 1324 4957 maxima,
1357 4896 1721 4978 couiitendum
1748 4899 1873 4960 erit,
1900 4899 2109 4978 restitui
2140 4900 2357 4952 omnino
2382 4896 2552 4978 ipsum
2584 4896 2903 4978 Taurinensi
2932 4915 3118 4960 nostro
3149 4908 3374 4962 antistiti
3398 4896 3676 4978 oportere.

403 4968 483 5024 Ac
509 4970 576 5023 de
596 4969 734 5045 ston
763 4968 978 5045 quidem
1007 4980 1113 5020 non
1142 4974 1223 5021 est
1246 4980 1342 5045 cur
1362 4966 1794 5045 disputem,_ctt_tu
1823 4969 2160 5037 perspicuum
2192 4982 2313 5022 esse
2331 4966 2531 5045 cuique
2559 4971 2857 5045 possit,qui
2884 4974 3029 5045 hunc
3048 4992 3168 5029 cum
3190 4966 3680 5045 genuinis'llaximi

399 5037 739 5093 sertnonibus
764 5037 1008 5092 conferre
1035 5052 1138 5103 non
1161 5042 1433 5103 gravatur.

1553 5037 1828 5116 codicibus
1858 5046 2092 5116 non_est
2108 5052 2209 5091 cur
2234 5039 2415 5116 multis
2443 5037 2575 5116 esse
2614 5037 2996 5116 disputandum
3043 5037 3247 5113 putem.
3305 5047 3489 5116 Itaque
3519 5063 3681 5116 agam

400 5107 670 5169 brevibus.
701 5106 761 5165 lu
783 5105 910 5162 cod.
943 5105 1079 5157 1267
1105 5102 1376 5159 vaticana:
1404 5105 1742 5161 bibliotheca:
1782 5114 1956 5163 exstat
1976 5107 2063 5161 hic
2090 5122 2268 5162 sermo
2288 5149 2303 5175 ,
2328 5104 2485 5177 eique
2532 5110 2648 5164 haec
2672 5102 2756 5165 est
2801 5111 3018 5181 prmﬁxa
3044 5102 3348 5185 'inscriptio
3381 5102 3679 5186 {Ejusdem

466 5232 499 5274 ’⁸
540 5234 671 5299 Cod.
704 5233 826 5288 Vat.
850 5232 1029 5289 omitit
1055 5232 1212 5289 enim.

474 5302 502 5342 δ
542 5303 673 5359 Cod.
708 5303 852 5371 Vat.,
884 5302 1125 5357 Libenter
1144 5319 1265 5373 ergo
1289 5303 1503 5372 quiescit
1528 5302 1778 5358 Dominus
1800 5305 1852 5357 in
1868 5305 1985 5357 sinu

402 5382 723 5429 sanctorum.

478 5457 501 5527 ξ
536 5444 674 5527 9)εὲ
706 5441 1011 5527 Vat-.3916,
1042 5443 1128 5523 αρε
1148 5450 1307 5527 suam
1328 5458 1512 5527 σαεεηιε,
1530 5526 1533 5527 ,
1554 5512 1587 5527 ..
1694 5510 1823 5527 ω...

474 5512 501 5551 ἀ
531 5514 698 5569 Codd.
749 5512 816 5566 99
844 5512 902 5567 S.
931 5511 1117 5571 Crucis
1146 5510 1336 5568 iu'Jer.
1368 5520 1425 5567 et
1472 5511 1642 5568 Valle.
1689 5510 1855 5581 1276,
1882 5511 1977 5566 In-

402 5585 677 5733 ωξῗίειιι
698 5653 817 5733 εοιὶἶ
837 5651 1269 5733 _Va‘tn.,ninnsign_is
1288 5652 1538 5733 columna
1567 5646 1845 5733 ρνέςεεειξί.

482 5727 497 5762 ι
532 5723 695 5779 Iidem
720 5722 875 5780 codd.
900 5720 968 5777 99
992 5720 1046 5776 S.
1081 5719 1267 5777 Crucis
1288 5723 1342 5777 in
1367 5721 1498 5791 Jer.,
1541 5719 1597 5777 et
1625 5722 1767 5789 Vat,
1796 5739 1973 5794 seque-

2018 5248 2065 5305 D
2094 5244 2288 5305 rentur.

2168 5316 2192 5385 ξ
2224 5304 2335 5385 Cod
2541 5306 2731 5363 Crucis
2760 5311 2812 5364 in
2841 5312 2975 5385 Jer.,
2999 5331 3205 5385 egressa
3223 5325 3317 5369 est.

2151 5372 2352 5457 _h.Cod.
2378 5374 2454 5457 ’10
2484 5376 2777 5448 Laurent.,
2821 5391 2877 5435 ut
2931 5372 3102 5438 lum'en
3156 5387 3469 5455 sequattiuus
3510 5390 3679 5444 oculis

2090 5454 2425 5499 ministraret.

2168 5516 2182 5551 ί
2216 5513 2381 5593 Codd.
2414 5515 2483 5593 99
2508 5516 2565 5570 S.
2607 5515 2794 5593 Crucis
2842 5520 2899 5593 in
2914 5519 3052 5593 pler.
3091 5534 3147 5579 et
3192 5524 3258 5579 l0
3309 5525 3588 5593 Laurent.,
3620 5531 3679 5584 is

2084 5585 2510 5665 Ῑζιιιτίὶιιιικιεριιἶ
2540 5587 2809 5665 vero_Vat.
2842 5589 3007 5657 1276Σ
3041 5593 3181 5648 Tunc
3202 5595 3265 5649 de
3303 5598 3541 5665 [lucibus
3572 5585 3676 5654 ius-

2084 5655 2268 5707 damni
2294 5656 2532 5711 solidavit
2561 5659 2829 5726 semitam;
2860 5655 3035 5719 nostra
3067 5664 3128 5729 in
3152 5655 3375 5721 lavacro.
