  <div class='ocr_page' id='page_1' title='image "/cluster/home/n/w/nwhite01/storage/ocr_20150623/57/uva.x000827099/278.png"; bbox 0 0 3910 6238; ppageno 0'>
   <div class='ocr_carea' id='block_1_1' title="bbox 103 292 199 352">
    <p class='ocr_par' dir='ltr' id='par_1_1' title="bbox 103 292 199 352">
     <span class='ocr_line' id='line_1_1' title="bbox 103 292 199 352; baseline 0.052 -5"><span class='ocrx_word' id='word_1_1' title='bbox 103 292 199 352; x_wconf 82' lang='lat' dir='ltr'><strong>5i9</strong></span> 
     </span>
    </p>
   </div>
   <div class='ocr_carea' id='block_1_2' title="bbox 99 392 227 441">
    <p class='ocr_par' dir='ltr' id='par_1_2' title="bbox 99 392 227 441">
     <span class='ocr_line' id='line_1_2' title="bbox 99 392 227 441; baseline 0.016 -2"><span class='ocrx_word' id='word_1_2' title='bbox 99 392 227 441; x_wconf 71' lang='lat' dir='ltr'><strong>unde</strong></span> 
     </span>
    </p>
   </div>
   <div class='ocr_carea' id='block_1_3' title="bbox 1533 274 1884 330">
    <p class='ocr_par' dir='ltr' id='par_1_3' title="bbox 1533 274 1884 330">
     <span class='ocr_line' id='line_1_3' title="bbox 1533 274 1884 330; baseline -0.006 -1"><span class='ocrx_word' id='word_1_3' title='bbox 1533 274 1763 330; x_wconf 79' lang='lat' dir='ltr'><strong>SERMO</strong></span> <span class='ocrx_word' id='word_1_4' title='bbox 1799 274 1884 328; x_wconf 74' lang='lat' dir='ltr'><strong>IX.</strong></span> 
     </span>
    </p>
   </div>
   <div class='ocr_carea' id='block_1_4' title="bbox 251 385 3371 457">
    <p class='ocr_par' dir='ltr' id='par_1_4' title="bbox 251 385 3371 457">
     <span class='ocr_line' id='line_1_4' title="bbox 251 385 3371 457; baseline 0.001 -18"><span class='ocrx_word' id='word_1_5' title='bbox 251 402 434 456; x_wconf 70' lang='lat' dir='ltr'><strong>supra.</strong></span> <span class='ocrx_word' id='word_1_6' title='bbox 463 387 515 442; x_wconf 87' lang='lat' dir='ltr'><strong>Is</strong></span> <span class='ocrx_word' id='word_1_7' title='bbox 541 394 724 443; x_wconf 90' lang='lat' dir='ltr'><strong>autem</strong></span> <span class='ocrx_word' id='word_1_8' title='bbox 752 388 888 443; x_wconf 82' lang='lat' dir='ltr'><strong>unde</strong></span> <span class='ocrx_word' id='word_1_9' title='bbox 910 404 1068 457; x_wconf 85' lang='lat' dir='ltr'><strong>supra</strong></span> <span class='ocrx_word' id='word_1_10' title='bbox 1098 397 1178 443; x_wconf 88' lang='lat' dir='ltr'><strong>est</strong></span> <span class='ocrx_word' id='word_1_11' title='bbox 1202 388 1485 455; x_wconf 75' lang='lat' dir='ltr'><strong>Maximus,</strong></span> <span class='ocrx_word' id='word_1_12' title='bbox 1519 389 1606 442; x_wconf 91' lang='lat' dir='ltr'><strong>cui</strong></span> <span class='ocrx_word' id='word_1_13' title='bbox 1634 403 1913 443; x_wconf 87' lang='lat' dir='ltr'><strong>sermones</strong></span> <span class='ocrx_word' id='word_1_14' title='bbox 1941 389 2030 457; x_wconf 86' lang='lat' dir='ltr'><strong>qui</strong></span> <span class='ocrx_word' id='word_1_15' title='bbox 2067 386 2374 457; x_wconf 65' lang='lat' dir='ltr'><strong>praecedunt</strong></span> <span class='ocrx_word' id='word_1_16' title='bbox 2397 386 2621 456; x_wconf 81' lang='lat' dir='ltr'><strong>ascripti</strong></span> <span class='ocrx_word' id='word_1_17' title='bbox 2640 395 2792 457; x_wconf 80' lang='lat' dir='ltr'><strong>sunt.</strong></span> <span class='ocrx_word' id='word_1_18' title='bbox 2824 386 2879 441; x_wconf 82' lang='lat' dir='ltr'><strong>In</strong></span> <span class='ocrx_word' id='word_1_19' title='bbox 2910 385 3098 441; x_wconf 81' lang='lat' dir='ltr'><strong>codice</strong></span> <span class='ocrx_word' id='word_1_20' title='bbox 3126 385 3371 457; x_wconf 73' lang='lat' dir='ltr'><strong>Palatino</strong></span> 
     </span>
    </p>
   </div>
   <div class='ocr_carea' id='block_1_5' title="bbox 3262 276 3369 333">
    <p class='ocr_par' dir='ltr' id='par_1_5' title="bbox 3262 276 3369 333">
     <span class='ocr_line' id='line_1_5' title="bbox 3262 276 3369 333; baseline 0.019 -2"><span class='ocrx_word' id='word_1_21' title='bbox 3262 276 3369 333; x_wconf 82' lang='lat'><strong>550</strong></span> 
     </span>
    </p>
   </div>
   <div class='ocr_carea' id='block_1_6' title="bbox 99 454 3371 537">
    <p class='ocr_par' dir='ltr' id='par_1_6' title="bbox 99 454 3371 537">
     <span class='ocr_line' id='line_1_6' title="bbox 99 454 3371 537; baseline 0.001 -29"><span class='ocrx_word' id='word_1_22' title='bbox 99 455 262 509; x_wconf 86' lang='lat' dir='ltr'><strong>Vatic.</strong></span> <span class='ocrx_word' id='word_1_23' title='bbox 294 454 449 537; x_wconf 81' lang='lat' dir='ltr'><strong>num.</strong></span> <span class='ocrx_word' id='word_1_24' title='bbox 478 456 708 537; x_wconf 50' lang='lat'><strong>1357,15</strong></span> <span class='ocrx_word' id='word_1_25' title='bbox 730 458 868 537; x_wconf 75' lang='lat' dir='ltr'><strong>idem</strong></span> <span class='ocrx_word' id='word_1_26' title='bbox 893 454 1588 537; x_wconf 42' lang='lat' dir='ltr'><strong>habetursermohcuntliac</strong></span> <span class='ocrx_word' id='word_1_27' title='bbox 1610 458 1901 537; x_wconf 44' lang='lat' dir='ltr'><strong>epigrapl‘ie</strong></span> <span class='ocrx_word' id='word_1_28' title='bbox 1926 454 2369 537; x_wconf 41' lang='lat' dir='ltr'><strong>:De&#39;Epiphania</strong></span> <span class='ocrx_word' id='word_1_29' title='bbox 2389 499 2405 523; x_wconf 92' lang='lat'><strong>,</strong></span> <span class='ocrx_word' id='word_1_30' title='bbox 2426 454 2593 536; x_wconf 71' lang='lat' dir='ltr'><strong>sermo</strong></span> <span class='ocrx_word' id='word_1_31' title='bbox 2625 456 2685 510; x_wconf 85' lang='lat' dir='ltr'><strong>S.</strong></span> <span class='ocrx_word' id='word_1_32' title='bbox 2718 455 2942 537; x_wconf 62' lang='lat' dir='ltr'><strong>Maximi</strong></span> <span class='ocrx_word' id='word_1_33' title='bbox 2961 458 3207 537; x_wconf 34' lang='lat' dir='ltr'><strong>misso-pi.</strong></span> <span class='ocrx_word' id='word_1_34' title='bbox 3236 454 3371 537; x_wconf 75' lang='lat' dir='ltr'><strong>Huic</strong></span> 
     </span>
    </p>
   </div>
   <div class='ocr_carea' id='block_1_7' title="bbox 99 524 2926 593">
    <p class='ocr_par' dir='ltr' id='par_1_7' title="bbox 99 524 2926 593">
     <span class='ocr_line' id='line_1_7' title="bbox 99 524 2926 593; baseline 0 -15"><span class='ocrx_word' id='word_1_35' title='bbox 99 535 389 579; x_wconf 92' lang='lat' dir='ltr'><strong>consonant</strong></span> <span class='ocrx_word' id='word_1_36' title='bbox 409 526 633 580; x_wconf 85' lang='lat' dir='ltr'><strong>codices</strong></span> <span class='ocrx_word' id='word_1_37' title='bbox 656 526 999 581; x_wconf 82' lang='lat' dir='ltr'><strong>Taurinensts</strong></span> <span class='ocrx_word' id='word_1_38' title='bbox 1018 569 1031 593; x_wconf 91' lang='lat'><strong>,</strong></span> <span class='ocrx_word' id='word_1_39' title='bbox 1057 528 1283 581; x_wconf 69' lang='lat' dir='ltr'><strong>abbatia:</strong></span> <span class='ocrx_word' id='word_1_40' title='bbox 1311 526 1368 581; x_wconf 89' lang='lat' dir='ltr'><strong>S.</strong></span> <span class='ocrx_word' id='word_1_41' title='bbox 1402 524 1681 589; x_wconf 69' lang='lat' dir='ltr'><strong>Dalmatii,</strong></span> <span class='ocrx_word' id='word_1_42' title='bbox 1714 524 2094 581; x_wconf 83' lang='lat' dir='ltr'><strong>Lambacensis</strong></span> <span class='ocrx_word' id='word_1_43' title='bbox 2112 524 2130 588; x_wconf 61' lang='grc' dir='ltr'><strong><em>ς</em></strong></span> <span class='ocrx_word' id='word_1_44' title='bbox 2151 524 2205 579; x_wconf 87' lang='lat' dir='ltr'><strong>et</strong></span> <span class='ocrx_word' id='word_1_45' title='bbox 2259 526 2642 593; x_wconf 86' lang='lat' dir='ltr'><strong>nonagesimus</strong></span> <span class='ocrx_word' id='word_1_46' title='bbox 2669 541 2843 579; x_wconf 84' lang='lat' dir='ltr'><strong>nonus</strong></span> <span class='ocrx_word' id='word_1_47' title='bbox 2868 525 2926 579; x_wconf 88' lang='lat' dir='ltr'><strong>S.</strong></span> 
     </span>
    </p>
   </div>
   <div class='ocr_carea' id='block_1_8' title="bbox 3023 524 3369 580">
    <p class='ocr_par' dir='ltr' id='par_1_8' title="bbox 3023 524 3369 580">
     <span class='ocr_line' id='line_1_8' title="bbox 3023 524 3369 580; baseline 0.006 -2"><span class='ocrx_word' id='word_1_48' title='bbox 3023 524 3165 579; x_wconf 90' lang='lat' dir='ltr'><strong>rucis</strong></span> <span class='ocrx_word' id='word_1_49' title='bbox 3194 526 3246 579; x_wconf 92' lang='lat' dir='ltr'><strong>in</strong></span> <span class='ocrx_word' id='word_1_50' title='bbox 3274 524 3369 580; x_wconf 85' lang='lat' dir='ltr'><strong>Je-</strong></span> 
     </span>
    </p>
   </div>
   <div class='ocr_carea' id='block_1_9' title="bbox 99 593 3369 675">
    <p class='ocr_par' dir='ltr' id='par_1_9' title="bbox 99 593 3369 675">
     <span class='ocr_line' id='line_1_9' title="bbox 99 593 3369 675; baseline 0.001 -30"><span class='ocrx_word' id='word_1_51' title='bbox 99 595 345 675; x_wconf 72' lang='lat' dir='ltr'><strong>rusalem.</strong></span> <span class='ocrx_word' id='word_1_52' title='bbox 380 594 571 661; x_wconf 76' lang='lat' dir='ltr'><strong>itaque</strong></span> <span class='ocrx_word' id='word_1_53' title='bbox 597 593 877 649; x_wconf 88' lang='lat' dir='ltr'><strong>Ceillerius</strong></span> <span class='ocrx_word' id='word_1_54' title='bbox 904 598 959 649; x_wconf 90' lang='lat' dir='ltr'><strong>in</strong></span> <span class='ocrx_word' id='word_1_55' title='bbox 980 607 1173 675; x_wconf 87' lang='lat' dir='ltr'><strong>quarto</strong></span> <span class='ocrx_word' id='word_1_56' title='bbox 1196 612 1261 675; x_wconf 71' lang='lat' dir='ltr'><strong>ac</strong></span> <span class='ocrx_word' id='word_1_57' title='bbox 1278 598 1489 675; x_wconf 60' lang='lat' dir='ltr'><strong>decimo</strong></span> <span class='ocrx_word' id='word_1_58' title='bbox 1512 607 1641 675; x_wconf 81' lang='lat' dir='ltr'><strong>tom.</strong></span> <span class='ocrx_word' id='word_1_59' title='bbox 1668 594 1872 649; x_wconf 80' lang='lat' dir='ltr'><strong>Hister.</strong></span> <span class='ocrx_word' id='word_1_60' title='bbox 1902 596 2159 665; x_wconf 80' lang='lat' dir='ltr'><strong>generatis</strong></span> <span class='ocrx_word' id='word_1_61' title='bbox 2188 604 2455 649; x_wconf 80' lang='lat' dir='ltr'><strong>auctorum</strong></span> <span class='ocrx_word' id='word_1_62' title='bbox 2475 636 2490 661; x_wconf 90' lang='lat'><strong>,</strong></span> <span class='ocrx_word' id='word_1_63' title='bbox 2514 603 2617 649; x_wconf 89' lang='lat' dir='ltr'><strong>etc.</strong></span> <span class='ocrx_word' id='word_1_64' title='bbox 2641 631 2656 657; x_wconf 89' lang='lat'><strong>,</strong></span> <span class='ocrx_word' id='word_1_65' title='bbox 2686 596 2816 649; x_wconf 90' lang='lat' dir='ltr'><strong>satis</strong></span> <span class='ocrx_word' id='word_1_66' title='bbox 2843 603 3094 649; x_wconf 84' lang='lat' dir='ltr'><strong>constare</strong></span> <span class='ocrx_word' id='word_1_67' title='bbox 3115 593 3369 659; x_wconf 73' lang='lat' dir='ltr'><strong>allii-mat,</strong></span> 
     </span>
    </p>
   </div>
   <div class='ocr_carea' id='block_1_10' title="bbox 101 662 1690 734">
    <p class='ocr_par' dir='ltr' id='par_1_10' title="bbox 101 662 1690 734">
     <span class='ocr_line' id='line_1_10' title="bbox 101 662 1690 734; baseline 0.003 -20"><span class='ocrx_word' id='word_1_68' title='bbox 101 662 233 716; x_wconf 86' lang='lat' dir='ltr'><strong>hunc</strong></span> <span class='ocrx_word' id='word_1_69' title='bbox 261 664 441 732; x_wconf 90' lang='lat' dir='ltr'><strong>ipsum</strong></span> <span class='ocrx_word' id='word_1_70' title='bbox 472 679 777 719; x_wconf 81' lang='lat' dir='ltr'><strong>sermonem</strong></span> <span class='ocrx_word' id='word_1_71' title='bbox 806 662 1162 734; x_wconf 71' lang='lat' dir='ltr'><strong>perscriptum</strong></span> <span class='ocrx_word' id='word_1_72' title='bbox 1189 665 1351 723; x_wconf 83' lang='lat' dir='ltr'><strong>fuisse</strong></span> <span class='ocrx_word' id='word_1_73' title='bbox 1381 682 1412 719; x_wconf 91' lang='lat' dir='ltr'><strong>a</strong></span> <span class='ocrx_word' id='word_1_74' title='bbox 1439 666 1690 720; x_wconf 78' lang='lat' dir='ltr'><strong>Maximo.</strong></span> 
     </span>
    </p>
   </div>
   <div class='ocr_carea' id='block_1_11' title="bbox 102 795 3372 881">
    <p class='ocr_par' dir='ltr' id='par_1_11' title="bbox 102 795 3372 881">
     <span class='ocr_line' id='line_1_11' title="bbox 102 795 3372 881; baseline -0.001 -29"><span class='ocrx_word' id='word_1_75' title='bbox 102 800 491 881; x_wconf 58' lang='lat' dir='ltr'><strong>Auge-surum.</strong></span> <span class='ocrx_word' id='word_1_76' title='bbox 520 830 593 841; x_wconf 89' lang='lat'><strong>-—</strong></span> <span class='ocrx_word' id='word_1_77' title='bbox 618 799 921 881; x_wconf 54' lang='lat' dir='ltr'><strong>Epiphania</strong></span> <span class='ocrx_word' id='word_1_78' title='bbox 942 798 1139 881; x_wconf 70' lang='lat' dir='ltr'><strong>Graece,</strong></span> <span class='ocrx_word' id='word_1_79' title='bbox 1188 799 1682 881; x_wconf 47' lang='lat' dir='ltr'><strong>Catine&#39;apparitiq.</strong></span> <span class='ocrx_word' id='word_1_80' title='bbox 1714 801 1764 860; x_wconf 80' lang='grc' dir='ltr'>Α</span> <span class='ocrx_word' id='word_1_81' title='bbox 1791 795 1910 861; x_wconf 68' lang='lat' dir='ltr'><strong>dmi,</strong></span> <span class='ocrx_word' id='word_1_82' title='bbox 1942 811 2101 867; x_wconf 85' lang='lat' dir='ltr'><strong>quem</strong></span> <span class='ocrx_word' id='word_1_83' title='bbox 2150 804 2541 864; x_wconf 77' lang='lat' dir='ltr'><strong>perspexerant</strong></span> <span class='ocrx_word' id='word_1_84' title='bbox 2580 796 2781 860; x_wconf 89' lang='lat' dir='ltr'><strong>oculis,</strong></span> <span class='ocrx_word' id='word_1_85' title='bbox 2806 795 3160 864; x_wconf 86' lang='lat' dir='ltr'><strong>palpaverunt</strong></span> <span class='ocrx_word' id='word_1_86' title='bbox 3195 797 3372 850; x_wconf 89' lang='lat' dir='ltr'><strong>mani-</strong></span> 
     </span>
    </p>
   </div>
   <div class='ocr_carea' id='block_1_12' title="bbox 168 868 1687 939">
    <p class='ocr_par' dir='ltr' id='par_1_12' title="bbox 168 868 1687 939">
     <span class='ocr_line' id='line_1_12' title="bbox 168 868 1687 939; baseline 0 -17"><span class='ocrx_word' id='word_1_87' title='bbox 168 869 306 922; x_wconf 79' lang='lat' dir='ltr'><strong>Tunc</strong></span> <span class='ocrx_word' id='word_1_88' title='bbox 328 871 560 939; x_wconf 81' lang='lat' dir='ltr'><strong>primum</strong></span> <span class='ocrx_word' id='word_1_89' title='bbox 585 868 742 939; x_wconf 70' lang='lat' dir='ltr'><strong>signis</strong></span> <span class='ocrx_word' id='word_1_90' title='bbox 769 870 1085 939; x_wconf 71' lang='lat' dir='ltr'><strong>credentium</strong></span> <span class='ocrx_word' id='word_1_91' title='bbox 1112 870 1348 924; x_wconf 75' lang='lat' dir='ltr'><strong>cordibus</strong></span> <span class='ocrx_word' id='word_1_92' title='bbox 1379 868 1515 921; x_wconf 85' lang='lat' dir='ltr'><strong>Deus</strong></span> <span class='ocrx_word' id='word_1_93' title='bbox 1533 868 1687 922; x_wconf 82' lang='lat' dir='ltr'><strong>Chri-</strong></span> 
     </span>
    </p>
   </div>
   <div class='ocr_carea' id='block_1_13' title="bbox 165 930 1690 1021">
    <p class='ocr_par' dir='ltr' id='par_1_13' title="bbox 165 930 1690 1021">
     <span class='ocr_line' id='line_1_13' title="bbox 165 930 1690 1021; baseline -0.002 -30"><span class='ocrx_word' id='word_1_94' title='bbox 165 949 272 1021; x_wconf 51' lang='lat' dir='ltr'><strong>stus</strong></span> <span class='ocrx_word' id='word_1_95' title='bbox 291 930 509 1021; x_wconf 66' lang='lat' dir='ltr'><strong>_i_llu_:§it_;</strong></span> <span class='ocrx_word' id='word_1_96' title='bbox 532 930 785 1021; x_wconf 69' lang='lat' dir='ltr'><strong>apparens</strong></span> <span class='ocrx_word' id='word_1_97' title='bbox 812 930 915 1021; x_wconf 56' lang='lat' dir='ltr'><strong>rion</strong></span> <span class='ocrx_word' id='word_1_98' title='bbox 937 949 1046 1019; x_wconf 77' lang='lat' dir='ltr'><strong>tam</strong></span> <span class='ocrx_word' id='word_1_99' title='bbox 1066 940 1229 994; x_wconf 80' lang='lat' dir='ltr'><strong>oculis</strong></span> <span class='ocrx_word' id='word_1_100' title='bbox 1256 939 1521 1021; x_wconf 72' lang='lat' dir='ltr'><strong>hominum</strong></span> <span class='ocrx_word' id='word_1_101' title='bbox 1536 953 1690 1018; x_wconf 79' lang='lat' dir='ltr'><strong>quam</strong></span> 
     </span>
    </p>
   </div>
   <div class='ocr_carea' id='block_1_14' title="bbox 168 1008 1686 1078">
    <p class='ocr_par' dir='ltr' id='par_1_14' title="bbox 168 1008 1686 1078">
     <span class='ocr_line' id='line_1_14' title="bbox 168 1008 1686 1078; baseline -0.002 -18"><span class='ocrx_word' id='word_1_102' title='bbox 168 1008 339 1061; x_wconf 78' lang='lat' dir='ltr'><strong>saluti.</strong></span> <span class='ocrx_word' id='word_1_103' title='bbox 372 1008 604 1078; x_wconf 72' lang='lat' dir='ltr'><strong>Mutatio</strong></span> <span class='ocrx_word' id='word_1_104' title='bbox 633 1025 782 1076; x_wconf 75' lang='lat' dir='ltr'><strong>aqua:</strong></span> <span class='ocrx_word' id='word_1_105' title='bbox 832 1010 889 1061; x_wconf 85' lang='lat' dir='ltr'><strong>in</strong></span> <span class='ocrx_word' id='word_1_106' title='bbox 936 1009 1126 1071; x_wconf 82' lang='lat' dir='ltr'><strong>vinum,</strong></span> <span class='ocrx_word' id='word_1_107' title='bbox 1158 1025 1403 1078; x_wconf 86' lang='lat' dir='ltr'><strong>magnum</strong></span> <span class='ocrx_word' id='word_1_108' title='bbox 1433 1008 1585 1076; x_wconf 87' lang='lat' dir='ltr'><strong>plane</strong></span> <span class='ocrx_word' id='word_1_109' title='bbox 1612 1009 1686 1058; x_wconf 86' lang='lat' dir='ltr'><strong>si—</strong></span> 
     </span>
    </p>
   </div>
   <div class='ocr_carea' id='block_1_15' title="bbox 168 1077 1693 1147">
    <p class='ocr_par' dir='ltr' id='par_1_15' title="bbox 168 1077 1693 1147">
     <span class='ocr_line' id='line_1_15' title="bbox 168 1077 1693 1147; baseline -0.001 -18"><span class='ocrx_word' id='word_1_110' title='bbox 168 1093 342 1147; x_wconf 83' lang='lat' dir='ltr'><strong>gnum,</strong></span> <span class='ocrx_word' id='word_1_111' title='bbox 368 1078 438 1130; x_wconf 85' lang='lat' dir='ltr'><strong>ad</strong></span> <span class='ocrx_word' id='word_1_112' title='bbox 460 1077 561 1131; x_wconf 83' lang='lat' dir='ltr'><strong>Dei</strong></span> <span class='ocrx_word' id='word_1_113' title='bbox 583 1078 893 1131; x_wconf 82' lang='lat' dir='ltr'><strong>credendam</strong></span> <span class='ocrx_word' id='word_1_114' title='bbox 934 1078 1191 1146; x_wconf 75' lang='lat' dir='ltr'><strong>sufﬁciens</strong></span> <span class='ocrx_word' id='word_1_115' title='bbox 1230 1077 1573 1146; x_wconf 84' lang='lat' dir='ltr'><strong>majestatem,</strong></span> <span class='ocrx_word' id='word_1_116' title='bbox 1616 1085 1693 1127; x_wconf 86' lang='lat' dir='ltr'><strong>at-</strong></span> 
     </span>
    </p>
   </div>
   <div class='ocr_carea' id='block_1_16' title="bbox 171 1148 1333 1217">
    <p class='ocr_par' dir='ltr' id='par_1_16' title="bbox 171 1148 1333 1217">
     <span class='ocr_line' id='line_1_16' title="bbox 171 1148 1333 1217; baseline 0.001 -17"><span class='ocrx_word' id='word_1_117' title='bbox 171 1163 263 1216; x_wconf 76' lang='lat' dir='ltr'><strong>que</strong></span> <span class='ocrx_word' id='word_1_118' title='bbox 289 1148 691 1200; x_wconf 75' lang='lat' dir='ltr'><strong>resurrectionis</strong></span> <span class='ocrx_word' id='word_1_119' title='bbox 717 1149 1015 1217; x_wconf 77' lang='lat' dir='ltr'><strong>mysterium</strong></span> <span class='ocrx_word' id='word_1_120' title='bbox 1042 1148 1333 1201; x_wconf 85' lang='lat' dir='ltr'><strong>continens.</strong></span> 
     </span>
    </p>
   </div>
   <div class='ocr_carea' id='block_1_17' title="bbox 171 1236 1693 1306">
    <p class='ocr_par' dir='ltr' id='par_1_17' title="bbox 171 1236 1693 1306">
     <span class='ocr_line' id='line_1_17' title="bbox 171 1236 1693 1306; baseline -0.002 -14"><span class='ocrx_word' id='word_1_121' title='bbox 171 1236 563 1292; x_wconf 82' lang='lat' dir='ltr'><strong>Exsultandum</strong></span> <span class='ocrx_word' id='word_1_122' title='bbox 584 1246 667 1293; x_wconf 91' lang='lat' dir='ltr'><strong>est</strong></span> <span class='ocrx_word' id='word_1_123' title='bbox 694 1239 870 1305; x_wconf 88' lang='lat' dir='ltr'><strong>nobis,</strong></span> <span class='ocrx_word' id='word_1_124' title='bbox 894 1237 1089 1292; x_wconf 83' lang='lat' dir='ltr'><strong>fratres</strong></span> <span class='ocrx_word' id='word_1_125' title='bbox 1117 1237 1406 1303; x_wconf 86' lang='lat' dir='ltr'><strong>carissimi,</strong></span> <span class='ocrx_word' id='word_1_126' title='bbox 1428 1236 1573 1306; x_wconf 92' lang='lat' dir='ltr'><strong>quod</strong></span> <span class='ocrx_word' id='word_1_127' title='bbox 1604 1254 1693 1291; x_wconf 83' lang='lat' dir='ltr'><strong>vo-</strong></span> 
     </span>
    </p>
   </div>
   <div class='ocr_carea' id='block_1_18' title="bbox 110 1329 1692 1397">
    <p class='ocr_par' dir='ltr' id='par_1_18' title="bbox 110 1329 1692 1397">
     <span class='ocr_line' id='line_1_18' title="bbox 110 1329 1692 1397; baseline -0.002 -13"><span class='ocrx_word' id='word_1_128' title='bbox 110 1330 171 1384; x_wconf 84' lang='lat' dir='ltr'><strong>tis</strong></span> <span class='ocrx_word' id='word_1_129' title='bbox 197 1330 393 1384; x_wconf 88' lang='lat' dir='ltr'><strong>nostris</strong></span> <span class='ocrx_word' id='word_1_130' title='bbox 414 1336 546 1383; x_wconf 88' lang='lat' dir='ltr'><strong>vota</strong></span> <span class='ocrx_word' id='word_1_131' title='bbox 568 1329 863 1385; x_wconf 90' lang='lat' dir='ltr'><strong>succedunt</strong></span> <span class='ocrx_word' id='word_1_132' title='bbox 882 1371 898 1396; x_wconf 93' lang='lat'><strong>,</strong></span> <span class='ocrx_word' id='word_1_133' title='bbox 929 1338 985 1383; x_wconf 87' lang='lat' dir='ltr'><strong>et</strong></span> <span class='ocrx_word' id='word_1_134' title='bbox 1011 1329 1220 1397; x_wconf 75' lang='lat' dir='ltr'><strong>gaudiis</strong></span> <span class='ocrx_word' id='word_1_135' title='bbox 1261 1329 1455 1397; x_wconf 90' lang='lat' dir='ltr'><strong>gaudia</strong></span> <span class='ocrx_word' id='word_1_136' title='bbox 1505 1344 1692 1384; x_wconf 90' lang='lat' dir='ltr'><strong>cumu-</strong></span> 
     </span>
    </p>
   </div>
   <div class='ocr_carea' id='block_1_19' title="bbox 111 1419 1693 1483">
    <p class='ocr_par' dir='ltr' id='par_1_19' title="bbox 111 1419 1693 1483">
     <span class='ocr_line' id='line_1_19' title="bbox 111 1419 1693 1483; baseline 0.001 -10"><span class='ocrx_word' id='word_1_137' title='bbox 111 1420 295 1475; x_wconf 84' lang='lat' dir='ltr'><strong>lantur.</strong></span> <span class='ocrx_word' id='word_1_138' title='bbox 322 1419 469 1475; x_wconf 83' lang='lat' dir='ltr'><strong>Ecce</strong></span> <span class='ocrx_word' id='word_1_139' title='bbox 492 1420 635 1483; x_wconf 82' lang='lat' dir='ltr'><strong>enim</strong></span> <span class='ocrx_word' id='word_1_140' title='bbox 666 1420 840 1474; x_wconf 89' lang='lat' dir='ltr'><strong>adhuc</strong></span> <span class='ocrx_word' id='word_1_141' title='bbox 859 1420 1054 1474; x_wconf 89' lang='lat' dir='ltr'><strong>natalis</strong></span> <span class='ocrx_word' id='word_1_142' title='bbox 1076 1419 1330 1474; x_wconf 86' lang='lat' dir='ltr'><strong>dominici</strong></span> <span class='ocrx_word' id='word_1_143' title='bbox 1350 1421 1693 1475; x_wconf 86' lang='lat' dir='ltr'><strong>solemnitate</strong></span> 
     </span>
    </p>
   </div>
   <div class='ocr_carea' id='block_1_20' title="bbox 113 1508 1694 1579">
    <p class='ocr_par' dir='ltr' id='par_1_20' title="bbox 113 1508 1694 1579">
     <span class='ocr_line' id='line_1_20' title="bbox 113 1508 1694 1579; baseline -0.001 -15"><span class='ocrx_word' id='word_1_144' title='bbox 113 1508 263 1564; x_wconf 89' lang='lat' dir='ltr'><strong>corda</strong></span> <span class='ocrx_word' id='word_1_145' title='bbox 291 1518 481 1565; x_wconf 89' lang='lat' dir='ltr'><strong>nostra</strong></span> <span class='ocrx_word' id='word_1_146' title='bbox 514 1519 541 1549; x_wconf 75' lang='grc' dir='ltr'>ι</span> <span class='ocrx_word' id='word_1_147' title='bbox 564 1510 884 1579; x_wconf 77' lang='lat' dir='ltr'><strong>persultant,</strong></span> <span class='ocrx_word' id='word_1_148' title='bbox 917 1517 973 1564; x_wconf 91' lang='lat' dir='ltr'><strong>et</strong></span> <span class='ocrx_word' id='word_1_149' title='bbox 995 1508 1107 1577; x_wconf 83' lang='lat' dir='ltr'><strong>jam</strong></span> <span class='ocrx_word' id='word_1_150' title='bbox 1159 1509 1453 1565; x_wconf 80' lang='lat' dir='ltr'><strong>festivitate</strong></span> <span class='ocrx_word' id='word_1_151' title='bbox 1480 1508 1537 1564; x_wconf 90' lang='lat' dir='ltr'><strong>S.</strong></span> <span class='ocrx_word' id='word_1_152' title='bbox 1566 1508 1694 1579; x_wconf 87' lang='lat' dir='ltr'><strong>Epi-</strong></span> 
     </span>
    </p>
   </div>
   <div class='ocr_carea' id='block_1_21' title="bbox 113 1599 1692 1669">
    <p class='ocr_par' dir='ltr' id='par_1_21' title="bbox 113 1599 1692 1669">
     <span class='ocr_line' id='line_1_21' title="bbox 113 1599 1692 1669; baseline 0.001 -17"><span class='ocrx_word' id='word_1_153' title='bbox 113 1600 314 1668; x_wconf 74' lang='lat' dir='ltr'><strong>phaniae</strong></span> <span class='ocrx_word' id='word_1_154' title='bbox 339 1600 659 1669; x_wconf 72' lang='lat' dir='ltr'><strong>gloriamur.</strong></span> <span class='ocrx_word' id='word_1_155' title='bbox 691 1599 906 1653; x_wconf 86' lang='lat' dir='ltr'><strong>Gratias</strong></span> <span class='ocrx_word' id='word_1_156' title='bbox 935 1599 1098 1668; x_wconf 88' lang='lat' dir='ltr'><strong>igitur</strong></span> <span class='ocrx_word' id='word_1_157' title='bbox 1124 1613 1285 1668; x_wconf 86' lang='lat' dir='ltr'><strong>agere</strong></span> <span class='ocrx_word' id='word_1_158' title='bbox 1303 1599 1561 1654; x_wconf 88' lang='lat' dir='ltr'><strong>debemus</strong></span> <span class='ocrx_word' id='word_1_159' title='bbox 1582 1599 1692 1654; x_wconf 92' lang='lat' dir='ltr'><strong>Do-</strong></span> 
     </span>
    </p>
   </div>
   <div class='ocr_carea' id='block_1_22' title="bbox 114 1690 1694 1762">
    <p class='ocr_par' dir='ltr' id='par_1_22' title="bbox 114 1690 1694 1762">
     <span class='ocr_line' id='line_1_22' title="bbox 114 1690 1694 1762; baseline -0.001 -18"><span class='ocrx_word' id='word_1_160' title='bbox 114 1691 269 1756; x_wconf 89' lang='lat' dir='ltr'><strong>mino,</strong></span> <span class='ocrx_word' id='word_1_161' title='bbox 300 1692 393 1762; x_wconf 90' lang='lat' dir='ltr'><strong>qui</strong></span> <span class='ocrx_word' id='word_1_162' title='bbox 420 1706 525 1746; x_wconf 90' lang='lat' dir='ltr'><strong>nos</strong></span> <span class='ocrx_word' id='word_1_163' title='bbox 552 1690 866 1761; x_wconf 87' lang='lat' dir='ltr'><strong>frequenter</strong></span> <span class='ocrx_word' id='word_1_164' title='bbox 890 1690 1090 1757; x_wconf 88' lang='lat' dir='ltr'><strong>visitat,</strong></span> <span class='ocrx_word' id='word_1_165' title='bbox 1112 1697 1165 1744; x_wconf 92' lang='lat' dir='ltr'><strong>et</strong></span> <span class='ocrx_word' id='word_1_166' title='bbox 1194 1706 1336 1760; x_wconf 74' lang='lat' dir='ltr'><strong>saepe</strong></span> <span class='ocrx_word' id='word_1_167' title='bbox 1364 1690 1617 1757; x_wconf 63' lang='lat' dir='ltr'><strong>lattilleat,</strong></span> <span class='ocrx_word' id='word_1_168' title='bbox 1639 1697 1694 1744; x_wconf 89' lang='lat' dir='ltr'><strong>et</strong></span> 
     </span>
    </p>
   </div>
   <div class='ocr_carea' id='block_1_23' title="bbox 115 1780 1692 1853">
    <p class='ocr_par' dir='ltr' id='par_1_23' title="bbox 115 1780 1692 1853">
     <span class='ocr_line' id='line_1_23' title="bbox 115 1780 1692 1853; baseline -0.001 -17"><span class='ocrx_word' id='word_1_169' title='bbox 115 1782 376 1851; x_wconf 87' lang='lat' dir='ltr'><strong>copiosius</strong></span> <span class='ocrx_word' id='word_1_170' title='bbox 404 1783 653 1853; x_wconf 86' lang='lat' dir='ltr'><strong>requirit,</strong></span> <span class='ocrx_word' id='word_1_171' title='bbox 681 1789 740 1835; x_wconf 93' lang='lat' dir='ltr'><strong>ut</strong></span> <span class='ocrx_word' id='word_1_172' title='bbox 769 1782 1107 1837; x_wconf 88' lang='lat' dir='ltr'><strong>numerosius</strong></span> <span class='ocrx_word' id='word_1_173' title='bbox 1154 1781 1456 1837; x_wconf 90' lang='lat' dir='ltr'><strong>benedicat.</strong></span> <span class='ocrx_word' id='word_1_174' title='bbox 1490 1780 1692 1847; x_wconf 83' lang='lat' dir='ltr'><strong>Quam-</strong></span> 
     </span>
    </p>
   </div>
   <div class='ocr_carea' id='block_1_24' title="bbox 115 1871 1694 1941">
    <p class='ocr_par' dir='ltr' id='par_1_24' title="bbox 115 1871 1694 1941">
     <span class='ocr_line' id='line_1_24' title="bbox 115 1871 1694 1941; baseline 0 -16"><span class='ocrx_word' id='word_1_175' title='bbox 115 1872 188 1925; x_wconf 89' lang='lat' dir='ltr'><strong>vis</strong></span> <span class='ocrx_word' id='word_1_176' title='bbox 213 1872 373 1939; x_wconf 78' lang='lat' dir='ltr'><strong>igitur</strong></span> <span class='ocrx_word' id='word_1_177' title='bbox 401 1872 621 1940; x_wconf 74' lang='lat' dir='ltr'><strong>gentilis</strong></span> <span class='ocrx_word' id='word_1_178' title='bbox 643 1874 663 1941; x_wconf 90' lang='lat'><strong>(</strong></span> <span class='ocrx_word' id='word_1_179' title='bbox 689 1871 815 1926; x_wconf 90' lang='lat' dir='ltr'><strong>licet</strong></span> <span class='ocrx_word' id='word_1_180' title='bbox 838 1871 1007 1941; x_wconf 88' lang='lat' dir='ltr'><strong>vane)</strong></span> <span class='ocrx_word' id='word_1_181' title='bbox 1040 1886 1327 1926; x_wconf 90' lang='lat' dir='ltr'><strong>numerosa</strong></span> <span class='ocrx_word' id='word_1_182' title='bbox 1347 1871 1694 1925; x_wconf 85' lang='lat' dir='ltr'><strong>solemnitate</strong></span> 
     </span>
    </p>
   </div>
   <div class='ocr_carea' id='block_1_25' title="bbox 116 1960 1689 2031">
    <p class='ocr_par' dir='ltr' id='par_1_25' title="bbox 116 1960 1689 2031">
     <span class='ocr_line' id='line_1_25' title="bbox 116 1960 1689 2031; baseline -0.001 -17"><span class='ocrx_word' id='word_1_183' title='bbox 116 1961 315 2015; x_wconf 65' lang='lat' dir='ltr'><strong>laetetur</strong></span> <span class='ocrx_word' id='word_1_184' title='bbox 365 1971 597 2031; x_wconf 89' lang='lat' dir='ltr'><strong>propter</strong></span> <span class='ocrx_word' id='word_1_185' title='bbox 639 1961 1010 2018; x_wconf 83' lang='lat' dir='ltr'><strong>diversitatem</strong></span> <span class='ocrx_word' id='word_1_186' title='bbox 1062 1960 1401 2015; x_wconf 91' lang='lat' dir='ltr'><strong>dominorum</strong></span> <span class='ocrx_word' id='word_1_187' title='bbox 1451 1974 1689 2023; x_wconf 90' lang='lat' dir='ltr'><strong>suorum,</strong></span> 
     </span>
    </p>
   </div>
   <div class='ocr_carea' id='block_1_26' title="bbox 119 2049 1693 2123">
    <p class='ocr_par' dir='ltr' id='par_1_26' title="bbox 119 2049 1693 2123">
     <span class='ocr_line' id='line_1_26' title="bbox 119 2049 1693 2123; baseline -0.002 -17"><span class='ocrx_word' id='word_1_188' title='bbox 119 2062 287 2109; x_wconf 85' lang='lat' dir='ltr'><strong>tamen</strong></span> <span class='ocrx_word' id='word_1_189' title='bbox 308 2054 495 2123; x_wconf 88' lang='lat' dir='ltr'><strong>plures</strong></span> <span class='ocrx_word' id='word_1_190' title='bbox 515 2053 670 2108; x_wconf 90' lang='lat' dir='ltr'><strong>nobis</strong></span> <span class='ocrx_word' id='word_1_191' title='bbox 708 2052 1025 2108; x_wconf 72' lang='lat' dir='ltr'><strong>festivitates</strong></span> <span class='ocrx_word' id='word_1_192' title='bbox 1078 2060 1298 2122; x_wconf 78' lang='lat' dir='ltr'><strong>praestat</strong></span> <span class='ocrx_word' id='word_1_193' title='bbox 1350 2051 1506 2105; x_wconf 90' lang='lat' dir='ltr'><strong>unius</strong></span> <span class='ocrx_word' id='word_1_194' title='bbox 1528 2049 1556 2088; x_wconf 68' lang='grc' dir='ltr'><strong>ι’</strong></span> <span class='ocrx_word' id='word_1_195' title='bbox 1586 2050 1693 2104; x_wconf 90' lang='lat' dir='ltr'><strong>diei</strong></span> 
     </span>
    </p>
   </div>
   <div class='ocr_carea' id='block_1_27' title="bbox 118 2141 1695 2213">
    <p class='ocr_par' dir='ltr' id='par_1_27' title="bbox 118 2141 1695 2213">
     <span class='ocr_line' id='line_1_27' title="bbox 118 2141 1695 2213; baseline -0.001 -18"><span class='ocrx_word' id='word_1_196' title='bbox 118 2142 360 2208; x_wconf 76' lang='lat' dir='ltr'><strong>visitatio,</strong></span> <span class='ocrx_word' id='word_1_197' title='bbox 385 2158 549 2213; x_wconf 89' lang='lat' dir='ltr'><strong>quam</strong></span> <span class='ocrx_word' id='word_1_198' title='bbox 578 2143 683 2197; x_wconf 89' lang='lat' dir='ltr'><strong>illis</strong></span> <span class='ocrx_word' id='word_1_199' title='bbox 713 2143 1005 2197; x_wconf 90' lang='lat' dir='ltr'><strong>multorum</strong></span> <span class='ocrx_word' id='word_1_200' title='bbox 1026 2141 1408 2197; x_wconf 69' lang='lat' dir='ltr'><strong>daemoniorum</strong></span> <span class='ocrx_word' id='word_1_201' title='bbox 1436 2141 1695 2211; x_wconf 87' lang='lat' dir='ltr'><strong>supersti-</strong></span> 
     </span>
    </p>
   </div>
   <div class='ocr_carea' id='block_1_28' title="bbox 119 2230 1695 2302">
    <p class='ocr_par' dir='ltr' id='par_1_28' title="bbox 119 2230 1695 2302">
     <span class='ocr_line' id='line_1_28' title="bbox 119 2230 1695 2302; baseline -0.001 -18"><span class='ocrx_word' id='word_1_202' title='bbox 119 2230 247 2287; x_wconf 90' lang='lat' dir='ltr'><strong>tiosa</strong></span> <span class='ocrx_word' id='word_1_203' title='bbox 271 2232 640 2302; x_wconf 66' lang='lat' dir='ltr'><strong>pmumptio.</strong></span> <span class='ocrx_word' id='word_1_204' title='bbox 670 2231 803 2286; x_wconf 86' lang='lat' dir='ltr'><strong>Nam</strong></span> <span class='ocrx_word' id='word_1_205' title='bbox 851 2231 991 2287; x_wconf 86' lang='lat' dir='ltr'><strong>sicut</strong></span> <span class='ocrx_word' id='word_1_206' title='bbox 1017 2246 1112 2286; x_wconf 91' lang='lat' dir='ltr'><strong>eos</strong></span> <span class='ocrx_word' id='word_1_207' title='bbox 1151 2231 1377 2286; x_wconf 83' lang='lat' dir='ltr'><strong>veritate</strong></span> <span class='ocrx_word' id='word_1_208' title='bbox 1420 2230 1695 2299; x_wconf 76' lang='lat' dir='ltr'><strong>religionis</strong></span> 
     </span>
    </p>
   </div>
   <div class='ocr_carea' id='block_1_29' title="bbox 122 2318 1699 2390">
    <p class='ocr_par' dir='ltr' id='par_1_29' title="bbox 122 2318 1699 2390">
     <span class='ocr_line' id='line_1_29' title="bbox 122 2318 1699 2390; baseline 0 -17"><span class='ocrx_word' id='word_1_209' title='bbox 122 2320 403 2386; x_wconf 89' lang='lat' dir='ltr'><strong>vincimus;</strong></span> <span class='ocrx_word' id='word_1_210' title='bbox 436 2323 515 2375; x_wconf 91' lang='lat' dir='ltr'><strong>ita</strong></span> <span class='ocrx_word' id='word_1_211' title='bbox 536 2330 783 2376; x_wconf 89' lang='lat' dir='ltr'><strong>votorum</strong></span> <span class='ocrx_word' id='word_1_212' title='bbox 834 2336 1059 2375; x_wconf 89' lang='lat' dir='ltr'><strong>numero</strong></span> <span class='ocrx_word' id='word_1_213' title='bbox 1104 2334 1439 2390; x_wconf 88' lang='lat' dir='ltr'><strong>superamus.</strong></span> <span class='ocrx_word' id='word_1_214' title='bbox 1471 2318 1699 2389; x_wconf 88' lang='lat' dir='ltr'><strong>Epipha-</strong></span> 
     </span>
    </p>
   </div>
   <div class='ocr_carea' id='block_1_30' title="bbox 124 2408 1696 2481">
    <p class='ocr_par' dir='ltr' id='par_1_30' title="bbox 124 2408 1696 2481">
     <span class='ocr_line' id='line_1_30' title="bbox 124 2408 1696 2481; baseline 0 -18"><span class='ocrx_word' id='word_1_215' title='bbox 124 2410 218 2464; x_wconf 76' lang='lat' dir='ltr'><strong>nia:</strong></span> <span class='ocrx_word' id='word_1_216' title='bbox 241 2424 369 2479; x_wconf 89' lang='lat' dir='ltr'><strong>ergo</strong></span> <span class='ocrx_word' id='word_1_217' title='bbox 390 2410 559 2466; x_wconf 86' lang='lat' dir='ltr'><strong>hodie</strong></span> <span class='ocrx_word' id='word_1_218' title='bbox 585 2425 940 2481; x_wconf 87' lang='lat' dir='ltr'><strong>procuramus</strong></span> <span class='ocrx_word' id='word_1_219' title='bbox 984 2409 1195 2478; x_wconf 88' lang='lat' dir='ltr'><strong>gaudia.</strong></span> <span class='ocrx_word' id='word_1_220' title='bbox 1238 2408 1454 2475; x_wconf 75' lang='lat' dir='ltr'><strong>Quaerat</strong></span> <span class='ocrx_word' id='word_1_221' title='bbox 1482 2409 1696 2477; x_wconf 87' lang='lat' dir='ltr'><strong>aliquis,</strong></span> 
     </span>
    </p>
   </div>
   <div class='ocr_carea' id='block_1_31' title="bbox 126 2497 1698 2570">
    <p class='ocr_par' dir='ltr' id='par_1_31' title="bbox 126 2497 1698 2570">
     <span class='ocr_line' id='line_1_31' title="bbox 126 2497 1698 2570; baseline -0.001 -18"><span class='ocrx_word' id='word_1_222' title='bbox 126 2500 243 2567; x_wconf 89' lang='lat' dir='ltr'><strong>quid</strong></span> <span class='ocrx_word' id='word_1_223' title='bbox 272 2501 660 2570; x_wconf 85' lang='lat' dir='ltr'><strong>interpretetur</strong></span> <span class='ocrx_word' id='word_1_224' title='bbox 682 2500 787 2555; x_wconf 91' lang='lat' dir='ltr'><strong>hoc</strong></span> <span class='ocrx_word' id='word_1_225' title='bbox 813 2500 1059 2566; x_wconf 85' lang='lat' dir='ltr'><strong>verbum,</strong></span> <span class='ocrx_word' id='word_1_226' title='bbox 1087 2499 1293 2554; x_wconf 91' lang='lat' dir='ltr'><strong>scilicet</strong></span> <span class='ocrx_word' id='word_1_227' title='bbox 1315 2500 1439 2567; x_wconf 90' lang='lat' dir='ltr'><strong>quia</strong></span> <span class='ocrx_word' id='word_1_228' title='bbox 1460 2497 1698 2568; x_wconf 86' lang='lat' dir='ltr'><strong>Epipha-</strong></span> 
     </span>
    </p>
   </div>
   <div class='ocr_carea' id='block_1_32' title="bbox 127 2588 1701 2658">
    <p class='ocr_par' dir='ltr' id='par_1_32' title="bbox 127 2588 1701 2658">
     <span class='ocr_line' id='line_1_32' title="bbox 127 2588 1701 2658; baseline 0.001 -16"><span class='ocrx_word' id='word_1_229' title='bbox 127 2590 206 2642; x_wconf 89' lang='lat' dir='ltr'><strong>nia</strong></span> <span class='ocrx_word' id='word_1_230' title='bbox 230 2588 430 2653; x_wconf 74' lang='lat' dir='ltr'><strong>Grmce,</strong></span> <span class='ocrx_word' id='word_1_231' title='bbox 458 2589 651 2644; x_wconf 89' lang='lat' dir='ltr'><strong>Latine</strong></span> <span class='ocrx_word' id='word_1_232' title='bbox 676 2590 875 2644; x_wconf 90' lang='lat' dir='ltr'><strong>dicitur</strong></span> <span class='ocrx_word' id='word_1_233' title='bbox 901 2600 922 2627; x_wconf 73' lang='grc' dir='ltr'><strong>ο</strong></span> <span class='ocrx_word' id='word_1_234' title='bbox 946 2589 1235 2658; x_wconf 89' lang='lat' dir='ltr'><strong>apparitio.</strong></span> <span class='ocrx_word' id='word_1_235' title='bbox 1261 2588 1398 2657; x_wconf 84' lang='lat' dir='ltr'><strong>Ergo</strong></span> <span class='ocrx_word' id='word_1_236' title='bbox 1427 2590 1552 2658; x_wconf 89' lang='lat' dir='ltr'><strong>quia</strong></span> <span class='ocrx_word' id='word_1_237' title='bbox 1573 2597 1701 2644; x_wconf 91' lang='lat' dir='ltr'><strong>tunc</strong></span> 
     </span>
    </p>
   </div>
   <div class='ocr_carea' id='block_1_33' title="bbox 130 2678 1704 2750">
    <p class='ocr_par' dir='ltr' id='par_1_33' title="bbox 130 2678 1704 2750">
     <span class='ocr_line' id='line_1_33' title="bbox 130 2678 1704 2750; baseline 0.001 -18"><span class='ocrx_word' id='word_1_238' title='bbox 130 2680 348 2747; x_wconf 89' lang='lat' dir='ltr'><strong>primum</strong></span> <span class='ocrx_word' id='word_1_239' title='bbox 377 2681 629 2750; x_wconf 87' lang='lat' dir='ltr'><strong>apparuit</strong></span> <span class='ocrx_word' id='word_1_240' title='bbox 657 2679 917 2734; x_wconf 80' lang='lat' dir='ltr'><strong>Salvator</strong></span> <span class='ocrx_word' id='word_1_241' title='bbox 936 2678 960 2715; x_wconf 72' lang='grc' dir='ltr'><strong><em>ἀ</em></strong></span> <span class='ocrx_word' id='word_1_242' title='bbox 988 2681 1042 2733; x_wconf 91' lang='lat' dir='ltr'><strong>in</strong></span> <span class='ocrx_word' id='word_1_243' title='bbox 1062 2678 1260 2734; x_wconf 88' lang='lat' dir='ltr'><strong>mundo</strong></span> <span class='ocrx_word' id='word_1_244' title='bbox 1279 2718 1293 2743; x_wconf 91' lang='lat'><strong>,</strong></span> <span class='ocrx_word' id='word_1_245' title='bbox 1326 2680 1441 2749; x_wconf 90' lang='lat' dir='ltr'><strong>ipsa</strong></span> <span class='ocrx_word' id='word_1_246' title='bbox 1470 2679 1585 2734; x_wconf 91' lang='lat' dir='ltr'><strong>dies</strong></span> <span class='ocrx_word' id='word_1_247' title='bbox 1608 2694 1704 2734; x_wconf 82' lang='lat' dir='ltr'><strong>eo-</strong></span> 
     </span>
    </p>
   </div>
   <div class='ocr_carea' id='block_1_34' title="bbox 131 2767 1701 2838">
    <p class='ocr_par' dir='ltr' id='par_1_34' title="bbox 131 2767 1701 2838">
     <span class='ocr_line' id='line_1_34' title="bbox 131 2767 1701 2838; baseline 0.002 -18"><span class='ocrx_word' id='word_1_248' title='bbox 131 2767 242 2822; x_wconf 89' lang='lat' dir='ltr'><strong>dem</strong></span> <span class='ocrx_word' id='word_1_249' title='bbox 272 2770 531 2825; x_wconf 87' lang='lat' dir='ltr'><strong>vocabulo</strong></span> <span class='ocrx_word' id='word_1_250' title='bbox 582 2768 879 2838; x_wconf 88' lang='lat' dir='ltr'><strong>Epiphania</strong></span> <span class='ocrx_word' id='word_1_251' title='bbox 924 2776 1233 2837; x_wconf 87' lang='lat' dir='ltr'><strong>nuncupata</strong></span> <span class='ocrx_word' id='word_1_252' title='bbox 1279 2777 1379 2823; x_wconf 89' lang='lat' dir='ltr'><strong>est.</strong></span> <span class='ocrx_word' id='word_1_253' title='bbox 1422 2767 1701 2833; x_wconf 84' lang='lat' dir='ltr'><strong>Quomodo</strong></span> 
     </span>
    </p>
   </div>
   <div class='ocr_carea' id='block_1_35' title="bbox 134 2860 1702 2932">
    <p class='ocr_par' dir='ltr' id='par_1_35' title="bbox 134 2860 1702 2932">
     <span class='ocr_line' id='line_1_35' title="bbox 134 2860 1702 2932; baseline 0.001 -19"><span class='ocrx_word' id='word_1_254' title='bbox 134 2870 301 2915; x_wconf 83' lang='lat' dir='ltr'><strong>autem</strong></span> <span class='ocrx_word' id='word_1_255' title='bbox 330 2862 665 2932; x_wconf 88' lang='lat' dir='ltr'><strong>apparuerit,</strong></span> <span class='ocrx_word' id='word_1_256' title='bbox 694 2862 1064 2931; x_wconf 87' lang='lat' dir='ltr'><strong>requiramus;</strong></span> <span class='ocrx_word' id='word_1_257' title='bbox 1098 2876 1206 2914; x_wconf 93' lang='lat' dir='ltr'><strong>non</strong></span> <span class='ocrx_word' id='word_1_258' title='bbox 1230 2860 1374 2928; x_wconf 89' lang='lat' dir='ltr'><strong>quod</strong></span> <span class='ocrx_word' id='word_1_259' title='bbox 1417 2860 1470 2913; x_wconf 92' lang='lat' dir='ltr'><strong>in</strong></span> <span class='ocrx_word' id='word_1_260' title='bbox 1501 2860 1702 2914; x_wconf 84' lang='lat' dir='ltr'><strong>mundo</strong></span> 
     </span>
    </p>
   </div>
   <div class='ocr_carea' id='block_1_36' title="bbox 134 2948 1699 3019">
    <p class='ocr_par' dir='ltr' id='par_1_36' title="bbox 134 2948 1699 3019">
     <span class='ocr_line' id='line_1_36' title="bbox 134 2948 1699 3019; baseline 0 -18"><span class='ocrx_word' id='word_1_261' title='bbox 134 2961 248 3004; x_wconf 86' lang='lat' dir='ltr'><strong>ante</strong></span> <span class='ocrx_word' id='word_1_262' title='bbox 274 2967 379 3005; x_wconf 90' lang='lat' dir='ltr'><strong>non</strong></span> <span class='ocrx_word' id='word_1_263' title='bbox 401 2950 585 3013; x_wconf 89' lang='lat' dir='ltr'><strong>fuerit,</strong></span> <span class='ocrx_word' id='word_1_264' title='bbox 612 2966 733 3005; x_wconf 90' lang='lat' dir='ltr'><strong>cum</strong></span> <span class='ocrx_word' id='word_1_265' title='bbox 756 2950 985 3004; x_wconf 90' lang='lat' dir='ltr'><strong>mundus</strong></span> <span class='ocrx_word' id='word_1_266' title='bbox 1028 2964 1126 3019; x_wconf 90' lang='lat' dir='ltr'><strong>per</strong></span> <span class='ocrx_word' id='word_1_267' title='bbox 1154 2950 1329 3019; x_wconf 91' lang='lat' dir='ltr'><strong>ipsum</strong></span> <span class='ocrx_word' id='word_1_268' title='bbox 1381 2948 1555 3003; x_wconf 88' lang='lat' dir='ltr'><strong>factus</strong></span> <span class='ocrx_word' id='word_1_269' title='bbox 1602 2949 1699 3015; x_wconf 89' lang='lat' dir='ltr'><strong>sit;</strong></span> 
     </span>
    </p>
   </div>
   <div class='ocr_carea' id='block_1_37' title="bbox 135 3037 1704 3108">
    <p class='ocr_par' dir='ltr' id='par_1_37' title="bbox 135 3037 1704 3108">
     <span class='ocr_line' id='line_1_37' title="bbox 135 3037 1704 3108; baseline -0.001 -17"><span class='ocrx_word' id='word_1_270' title='bbox 135 3037 220 3091; x_wconf 88' lang='lat' dir='ltr'><strong>sed</strong></span> <span class='ocrx_word' id='word_1_271' title='bbox 245 3038 384 3107; x_wconf 93' lang='lat' dir='ltr'><strong>quod</strong></span> <span class='ocrx_word' id='word_1_272' title='bbox 416 3048 544 3093; x_wconf 90' lang='lat' dir='ltr'><strong>tunc</strong></span> <span class='ocrx_word' id='word_1_273' title='bbox 574 3039 808 3108; x_wconf 90' lang='lat' dir='ltr'><strong>primum</strong></span> <span class='ocrx_word' id='word_1_274' title='bbox 855 3038 1021 3105; x_wconf 88' lang='lat' dir='ltr'><strong>signis</strong></span> <span class='ocrx_word' id='word_1_275' title='bbox 1059 3046 1220 3106; x_wconf 88' lang='lat' dir='ltr'><strong>atque</strong></span> <span class='ocrx_word' id='word_1_276' title='bbox 1263 3037 1534 3093; x_wconf 89' lang='lat' dir='ltr'><strong>miraculis</strong></span> <span class='ocrx_word' id='word_1_277' title='bbox 1587 3052 1704 3091; x_wconf 82' lang='lat' dir='ltr'><strong>cre—</strong></span> 
     </span>
    </p>
   </div>
   <div class='ocr_carea' id='block_1_38' title="bbox 137 3126 1705 3193">
    <p class='ocr_par' dir='ltr' id='par_1_38' title="bbox 137 3126 1705 3193">
     <span class='ocr_line' id='line_1_38' title="bbox 137 3126 1705 3193; baseline 0.001 -14"><span class='ocrx_word' id='word_1_278' title='bbox 137 3126 362 3182; x_wconf 84' lang='lat' dir='ltr'><strong>dentium</strong></span> <span class='ocrx_word' id='word_1_279' title='bbox 388 3130 641 3184; x_wconf 87' lang='lat' dir='ltr'><strong>cordibus</strong></span> <span class='ocrx_word' id='word_1_280' title='bbox 658 3129 799 3184; x_wconf 90' lang='lat' dir='ltr'><strong>Deus</strong></span> <span class='ocrx_word' id='word_1_281' title='bbox 824 3129 1069 3183; x_wconf 88' lang='lat' dir='ltr'><strong>Christus</strong></span> <span class='ocrx_word' id='word_1_282' title='bbox 1096 3129 1348 3193; x_wconf 78' lang='lat' dir='ltr'><strong>illuxerit,</strong></span> <span class='ocrx_word' id='word_1_283' title='bbox 1381 3130 1507 3182; x_wconf 82' lang='lat' dir='ltr'><strong>etin</strong></span> <span class='ocrx_word' id='word_1_284' title='bbox 1558 3138 1705 3182; x_wconf 87' lang='lat' dir='ltr'><strong>lene-</strong></span> 
     </span>
    </p>
   </div>
   <div class='ocr_carea' id='block_1_39' title="bbox 139 3219 1709 3290">
    <p class='ocr_par' dir='ltr' id='par_1_39' title="bbox 139 3219 1709 3290">
     <span class='ocr_line' id='line_1_39' title="bbox 139 3219 1709 3290; baseline 0.001 -18"><span class='ocrx_word' id='word_1_285' title='bbox 139 3219 313 3274; x_wconf 88' lang='lat' dir='ltr'><strong>brosas</strong></span> <span class='ocrx_word' id='word_1_286' title='bbox 339 3222 697 3276; x_wconf 88' lang='lat' dir='ltr'><strong>conscientias</strong></span> <span class='ocrx_word' id='word_1_287' title='bbox 728 3222 1005 3275; x_wconf 88' lang='lat' dir='ltr'><strong>hominum</strong></span> <span class='ocrx_word' id='word_1_288' title='bbox 1036 3230 1059 3257; x_wconf 72' lang='grc' dir='ltr'>θ</span> <span class='ocrx_word' id='word_1_289' title='bbox 1092 3221 1212 3274; x_wconf 84' lang='lat' dir='ltr'><strong>lidei</strong></span> <span class='ocrx_word' id='word_1_290' title='bbox 1260 3220 1514 3290; x_wconf 90' lang='lat' dir='ltr'><strong>splendor</strong></span> <span class='ocrx_word' id='word_1_291' title='bbox 1554 3220 1709 3273; x_wconf 76' lang='lat' dir='ltr'><strong>adve~</strong></span> 
     </span>
    </p>
   </div>
   <div class='ocr_carea' id='block_1_40' title="bbox 140 3310 1706 3382">
    <p class='ocr_par' dir='ltr' id='par_1_40' title="bbox 140 3310 1706 3382">
     <span class='ocr_line' id='line_1_40' title="bbox 140 3310 1706 3382; baseline 0.003 -22"><span class='ocrx_word' id='word_1_292' title='bbox 140 3310 284 3363; x_wconf 87' lang='lat' dir='ltr'><strong>nerit.</strong></span> <span class='ocrx_word' id='word_1_293' title='bbox 317 3310 478 3382; x_wconf 70' lang='grc'><strong>419</strong></span> <span class='ocrx_word' id='word_1_294' title='bbox 504 3311 637 3365; x_wconf 92' lang='lat' dir='ltr'><strong>Cum</strong></span> <span class='ocrx_word' id='word_1_295' title='bbox 665 3311 826 3379; x_wconf 80' lang='lat' dir='ltr'><strong>igitur</strong></span> <span class='ocrx_word' id='word_1_296' title='bbox 854 3311 995 3365; x_wconf 88' lang='lat' dir='ltr'><strong>Deus</strong></span> <span class='ocrx_word' id='word_1_297' title='bbox 1022 3312 1219 3379; x_wconf 88' lang='lat' dir='ltr'><strong>ubique</strong></span> <span class='ocrx_word' id='word_1_298' title='bbox 1247 3311 1350 3378; x_wconf 91' lang='lat' dir='ltr'><strong>sit,</strong></span> <span class='ocrx_word' id='word_1_299' title='bbox 1376 3319 1431 3365; x_wconf 89' lang='lat' dir='ltr'><strong>et</strong></span> <span class='ocrx_word' id='word_1_300' title='bbox 1459 3310 1706 3365; x_wconf 91' lang='lat' dir='ltr'><strong>universa</strong></span> 
     </span>
    </p>
   </div>
   <div class='ocr_carea' id='block_1_41' title="bbox 138 3397 1709 3470">
    <p class='ocr_par' dir='ltr' id='par_1_41' title="bbox 138 3397 1709 3470">
     <span class='ocr_line' id='line_1_41' title="bbox 138 3397 1709 3470; baseline 0.001 -21"><span class='ocrx_word' id='word_1_301' title='bbox 138 3400 425 3465; x_wconf 86' lang='lat' dir='ltr'><strong>possideat,</strong></span> <span class='ocrx_word' id='word_1_302' title='bbox 458 3410 712 3470; x_wconf 90' lang='lat' dir='ltr'><strong>tanquam</strong></span> <span class='ocrx_word' id='word_1_303' title='bbox 743 3416 847 3454; x_wconf 87' lang='lat' dir='ltr'><strong>non</strong></span> <span class='ocrx_word' id='word_1_304' title='bbox 882 3400 1024 3456; x_wconf 90' lang='lat' dir='ltr'><strong>visus</strong></span> <span class='ocrx_word' id='word_1_305' title='bbox 1076 3408 1239 3453; x_wconf 89' lang='lat' dir='ltr'><strong>antea</strong></span> <span class='ocrx_word' id='word_1_306' title='bbox 1288 3399 1601 3469; x_wconf 87' lang='lat' dir='ltr'><strong>apparuisse</strong></span> <span class='ocrx_word' id='word_1_307' title='bbox 1627 3397 1709 3451; x_wconf 61' lang='lat' dir='ltr'><strong>dio</strong></span> 
     </span>
    </p>
   </div>
   <div class='ocr_carea' id='block_1_42' title="bbox 1791 885 3374 955">
    <p class='ocr_par' dir='ltr' id='par_1_42' title="bbox 1791 885 3374 955">
     <span class='ocr_line' id='line_1_42' title="bbox 1791 885 3374 955; baseline 0 -15"><span class='ocrx_word' id='word_1_308' title='bbox 1791 886 1910 949; x_wconf 89' lang='lat' dir='ltr'><strong>bus,</strong></span> <span class='ocrx_word' id='word_1_309' title='bbox 1943 885 2211 954; x_wconf 87' lang='lat' dir='ltr'><strong>hodieque</strong></span> <span class='ocrx_word' id='word_1_310' title='bbox 2239 900 2343 939; x_wconf 92' lang='lat' dir='ltr'><strong>non</strong></span> <span class='ocrx_word' id='word_1_311' title='bbox 2368 885 2604 939; x_wconf 87' lang='lat' dir='ltr'><strong>videant.</strong></span> <span class='ocrx_word' id='word_1_312' title='bbox 2640 885 2998 953; x_wconf 84' lang='lat' dir='ltr'><strong>Requiramus</strong></span> <span class='ocrx_word' id='word_1_313' title='bbox 3040 885 3200 952; x_wconf 86' lang='lat' dir='ltr'><strong>igitur</strong></span> <span class='ocrx_word' id='word_1_314' title='bbox 3227 886 3374 955; x_wconf 89' lang='lat' dir='ltr'><strong>quod</strong></span> 
     </span>
    </p>
   </div>
   <div class='ocr_carea' id='block_1_43' title="bbox 1790 973 3373 1043">
    <p class='ocr_par' dir='ltr' id='par_1_43' title="bbox 1790 973 3373 1043">
     <span class='ocr_line' id='line_1_43' title="bbox 1790 973 3373 1043; baseline -0.001 -15"><span class='ocrx_word' id='word_1_315' title='bbox 1790 976 2000 1043; x_wconf 89' lang='lat' dir='ltr'><strong>signum</strong></span> <span class='ocrx_word' id='word_1_316' title='bbox 2028 982 2283 1042; x_wconf 85' lang='lat' dir='ltr'><strong>operatus</strong></span> <span class='ocrx_word' id='word_1_317' title='bbox 2308 974 2378 1027; x_wconf 91' lang='lat' dir='ltr'><strong>sit</strong></span> <span class='ocrx_word' id='word_1_318' title='bbox 2401 983 2461 1026; x_wconf 87' lang='lat' dir='ltr'><strong>ut</strong></span> <span class='ocrx_word' id='word_1_319' title='bbox 2488 973 2825 1027; x_wconf 89' lang='lat' dir='ltr'><strong>divinitatem</strong></span> <span class='ocrx_word' id='word_1_320' title='bbox 2854 988 3006 1027; x_wconf 91' lang='lat' dir='ltr'><strong>suam</strong></span> <span class='ocrx_word' id='word_1_321' title='bbox 3037 974 3247 1042; x_wconf 82' lang='lat' dir='ltr'><strong>populis</strong></span> <span class='ocrx_word' id='word_1_322' title='bbox 3273 974 3373 1027; x_wconf 88' lang='lat' dir='ltr'><strong>de-</strong></span> 
     </span>
    </p>
   </div>
   <div class='ocr_carea' id='block_1_44' title="bbox 1792 1062 3375 1132">
    <p class='ocr_par' dir='ltr' id='par_1_44' title="bbox 1792 1062 3375 1132">
     <span class='ocr_line' id='line_1_44' title="bbox 1792 1062 3375 1132; baseline -0.002 -14"><span class='ocrx_word' id='word_1_323' title='bbox 1792 1066 2044 1119; x_wconf 90' lang='lat' dir='ltr'><strong>clararet.</strong></span> <span class='ocrx_word' id='word_1_324' title='bbox 2078 1063 2285 1117; x_wconf 90' lang='lat' dir='ltr'><strong>Dicitur</strong></span> <span class='ocrx_word' id='word_1_325' title='bbox 2313 1063 2418 1118; x_wconf 89' lang='lat' dir='ltr'><strong>hoc</strong></span> <span class='ocrx_word' id='word_1_326' title='bbox 2445 1064 2679 1132; x_wconf 83' lang='lat' dir='ltr'><strong>primum</strong></span> <span class='ocrx_word' id='word_1_327' title='bbox 2709 1062 2898 1117; x_wconf 89' lang='lat' dir='ltr'><strong>fecisse</strong></span> <span class='ocrx_word' id='word_1_328' title='bbox 2944 1063 3283 1127; x_wconf 89' lang='lat' dir='ltr'><strong>miraculum,</strong></span> <span class='ocrx_word' id='word_1_329' title='bbox 3315 1070 3375 1117; x_wconf 87' lang='lat' dir='ltr'><strong>ut</strong></span> 
     </span>
    </p>
   </div>
   <div class='ocr_carea' id='block_1_45' title="bbox 1792 1151 3381 1223">
    <p class='ocr_par' dir='ltr' id='par_1_45' title="bbox 1792 1151 3381 1223">
     <span class='ocr_line' id='line_1_45' title="bbox 1792 1151 3381 1223; baseline -0.001 -16"><span class='ocrx_word' id='word_1_330' title='bbox 1792 1168 1987 1223; x_wconf 87' lang='lat' dir='ltr'><strong>aquam</strong></span> <span class='ocrx_word' id='word_1_331' title='bbox 2007 1160 2241 1207; x_wconf 89' lang='lat' dir='ltr'><strong>mutaret</strong></span> <span class='ocrx_word' id='word_1_332' title='bbox 2268 1153 2323 1207; x_wconf 91' lang='lat' dir='ltr'><strong>in</strong></span> <span class='ocrx_word' id='word_1_333' title='bbox 2347 1154 2551 1207; x_wconf 82' lang='lat' dir='ltr'><strong>vinum.</strong></span> <span class='ocrx_word' id='word_1_334' title='bbox 2576 1151 2824 1221; x_wconf 79' lang='lat' dir='ltr'><strong>Magnum</strong></span> <span class='ocrx_word' id='word_1_335' title='bbox 2846 1152 3006 1221; x_wconf 91' lang='lat' dir='ltr'><strong>plane</strong></span> <span class='ocrx_word' id='word_1_336' title='bbox 3046 1151 3257 1220; x_wconf 88' lang='lat' dir='ltr'><strong>signum</strong></span> <span class='ocrx_word' id='word_1_337' title='bbox 3277 1193 3293 1219; x_wconf 94' lang='lat'><strong>,</strong></span> <span class='ocrx_word' id='word_1_338' title='bbox 3319 1158 3381 1207; x_wconf 88' lang='lat' dir='ltr'><strong>et</strong></span> 
     </span>
    </p>
   </div>
   <div class='ocr_carea' id='block_1_46' title="bbox 1790 1239 3377 1310">
    <p class='ocr_par' dir='ltr' id='par_1_46' title="bbox 1790 1239 3377 1310">
     <span class='ocr_line' id='line_1_46' title="bbox 1790 1239 3377 1310; baseline 0.001 -15"><span class='ocrx_word' id='word_1_339' title='bbox 1790 1241 1859 1295; x_wconf 85' lang='lat' dir='ltr'><strong>ad</strong></span> <span class='ocrx_word' id='word_1_340' title='bbox 1880 1241 1976 1295; x_wconf 88' lang='lat' dir='ltr'><strong>Dei</strong></span> <span class='ocrx_word' id='word_1_341' title='bbox 2002 1240 2327 1297; x_wconf 87' lang='lat' dir='ltr'><strong>credendam</strong></span> <span class='ocrx_word' id='word_1_342' title='bbox 2372 1239 2643 1296; x_wconf 78' lang='lat' dir='ltr'><strong>suﬂicieus</strong></span> <span class='ocrx_word' id='word_1_343' title='bbox 2689 1241 3047 1310; x_wconf 71' lang='lat' dir='ltr'><strong>maiestatem.</strong></span> <span class='ocrx_word' id='word_1_344' title='bbox 3077 1241 3209 1308; x_wconf 85' lang='lat' dir='ltr'><strong>Quis</strong></span> <span class='ocrx_word' id='word_1_345' title='bbox 3227 1243 3377 1298; x_wconf 87' lang='lat' dir='ltr'><strong>enim</strong></span> 
     </span>
    </p>
   </div>
   <div class='ocr_carea' id='block_1_47' title="bbox 1792 1329 3378 1400">
    <p class='ocr_par' dir='ltr' id='par_1_47' title="bbox 1792 1329 3378 1400">
     <span class='ocr_line' id='line_1_47' title="bbox 1792 1329 3378 1400; baseline 0.003 -17"><span class='ocrx_word' id='word_1_346' title='bbox 1792 1345 1901 1384; x_wconf 89' lang='lat' dir='ltr'><strong>non</strong></span> <span class='ocrx_word' id='word_1_347' title='bbox 1937 1330 2166 1383; x_wconf 88' lang='lat' dir='ltr'><strong>miretur</strong></span> <span class='ocrx_word' id='word_1_348' title='bbox 2202 1331 2257 1383; x_wconf 89' lang='lat' dir='ltr'><strong>in</strong></span> <span class='ocrx_word' id='word_1_349' title='bbox 2304 1329 2478 1397; x_wconf 89' lang='lat' dir='ltr'><strong>aliud,</strong></span> <span class='ocrx_word' id='word_1_350' title='bbox 2506 1344 2671 1400; x_wconf 85' lang='lat' dir='ltr'><strong>quam</strong></span> <span class='ocrx_word' id='word_1_351' title='bbox 2722 1339 2911 1396; x_wconf 86' lang='lat' dir='ltr'><strong>erant,</strong></span> <span class='ocrx_word' id='word_1_352' title='bbox 2942 1332 3209 1387; x_wconf 79' lang='lat' dir='ltr'><strong>elementa</strong></span> <span class='ocrx_word' id='word_1_353' title='bbox 3253 1346 3378 1388; x_wconf 76' lang='lat' dir='ltr'><strong>esse</strong></span> 
     </span>
    </p>
   </div>
   <div class='ocr_carea' id='block_1_48' title="bbox 1793 1418 3385 1488">
    <p class='ocr_par' dir='ltr' id='par_1_48' title="bbox 1793 1418 3385 1488">
     <span class='ocr_line' id='line_1_48' title="bbox 1793 1418 3385 1488; baseline 0.003 -17"><span class='ocrx_word' id='word_1_354' title='bbox 1793 1419 2093 1472; x_wconf 83' lang='lat' dir='ltr'><strong>translata?</strong></span> <span class='ocrx_word' id='word_1_355' title='bbox 2135 1418 2306 1473; x_wconf 84' lang='lat' dir='ltr'><strong>Nemo</strong></span> <span class='ocrx_word' id='word_1_356' title='bbox 2327 1418 2473 1473; x_wconf 88' lang='lat' dir='ltr'><strong>enim</strong></span> <span class='ocrx_word' id='word_1_357' title='bbox 2502 1426 2681 1488; x_wconf 87' lang='lat' dir='ltr'><strong>potest</strong></span> <span class='ocrx_word' id='word_1_358' title='bbox 2724 1428 2938 1475; x_wconf 89' lang='lat' dir='ltr'><strong>mutare</strong></span> <span class='ocrx_word' id='word_1_359' title='bbox 2974 1428 3251 1484; x_wconf 83' lang='lat' dir='ltr'><strong>naturam,</strong></span> <span class='ocrx_word' id='word_1_360' title='bbox 3274 1421 3385 1476; x_wconf 82' lang='lat' dir='ltr'><strong>nisi</strong></span> 
     </span>
    </p>
   </div>
   <div class='ocr_carea' id='block_1_49' title="bbox 1793 1507 3381 1579">
    <p class='ocr_par' dir='ltr' id='par_1_49' title="bbox 1793 1507 3381 1579">
     <span class='ocr_line' id='line_1_49' title="bbox 1793 1507 3381 1579; baseline 0.004 -18"><span class='ocrx_word' id='word_1_361' title='bbox 1793 1509 1885 1576; x_wconf 88' lang='lat' dir='ltr'><strong>qui</strong></span> <span class='ocrx_word' id='word_1_362' title='bbox 1903 1507 2162 1562; x_wconf 89' lang='lat' dir='ltr'><strong>Dominus</strong></span> <span class='ocrx_word' id='word_1_363' title='bbox 2189 1516 2273 1562; x_wconf 92' lang='lat' dir='ltr'><strong>est</strong></span> <span class='ocrx_word' id='word_1_364' title='bbox 2300 1515 2526 1563; x_wconf 70' lang='lat' dir='ltr'><strong>natum.</strong></span> <span class='ocrx_word' id='word_1_365' title='bbox 2558 1508 2898 1567; x_wconf 88' lang='lat' dir='ltr'><strong>Credendum</strong></span> <span class='ocrx_word' id='word_1_366' title='bbox 2944 1518 3028 1566; x_wconf 89' lang='lat' dir='ltr'><strong>est</strong></span> <span class='ocrx_word' id='word_1_367' title='bbox 3050 1509 3163 1579; x_wconf 83' lang='lat' dir='ltr'><strong>jam</strong></span> <span class='ocrx_word' id='word_1_368' title='bbox 3186 1526 3253 1565; x_wconf 80' lang='lat' dir='ltr'><strong>ex</strong></span> <span class='ocrx_word' id='word_1_369' title='bbox 3272 1512 3381 1567; x_wconf 88' lang='lat' dir='ltr'><strong>hoc</strong></span> 
     </span>
    </p>
   </div>
   <div class='ocr_carea' id='block_1_50' title="bbox 1793 1598 3377 1671">
    <p class='ocr_par' dir='ltr' id='par_1_50' title="bbox 1793 1598 3377 1671">
     <span class='ocr_line' id='line_1_50' title="bbox 1793 1598 3377 1671; baseline 0.001 -19"><span class='ocrx_word' id='word_1_370' title='bbox 1793 1599 2078 1654; x_wconf 84' lang='lat' dir='ltr'><strong>mortalem</strong></span> <span class='ocrx_word' id='word_1_371' title='bbox 2099 1599 2371 1653; x_wconf 88' lang='lat' dir='ltr'><strong>hominem</strong></span> <span class='ocrx_word' id='word_1_372' title='bbox 2393 1599 2445 1671; x_wconf 85' lang='lat' dir='ltr'><strong>in</strong></span> <span class='ocrx_word' id='word_1_373' title='bbox 2463 1598 2920 1653; x_wconf 87' lang='lat' dir='ltr'><strong>immortalitatem</strong></span> <span class='ocrx_word' id='word_1_374' title='bbox 2935 1614 3093 1669; x_wconf 87' lang='lat' dir='ltr'><strong>posse</strong></span> <span class='ocrx_word' id='word_1_375' title='bbox 3113 1600 3377 1665; x_wconf 86' lang='lat' dir='ltr'><strong>converti,</strong></span> 
     </span>
    </p>
   </div>
   <div class='ocr_carea' id='block_1_51' title="bbox 1795 1688 3380 1765">
    <p class='ocr_par' dir='ltr' id='par_1_51' title="bbox 1795 1688 3380 1765">
     <span class='ocr_line' id='line_1_51' title="bbox 1795 1688 3380 1765; baseline 0.001 -22"><span class='ocrx_word' id='word_1_376' title='bbox 1795 1689 2010 1759; x_wconf 85' lang='lat' dir='ltr'><strong>quando</strong></span> <span class='ocrx_word' id='word_1_377' title='bbox 2047 1689 2168 1743; x_wconf 89' lang='lat' dir='ltr'><strong>vilis</strong></span> <span class='ocrx_word' id='word_1_378' title='bbox 2195 1689 2492 1744; x_wconf 87' lang='lat' dir='ltr'><strong>substantia</strong></span> <span class='ocrx_word' id='word_1_379' title='bbox 2546 1688 2601 1742; x_wconf 90' lang='lat' dir='ltr'><strong>in</strong></span> <span class='ocrx_word' id='word_1_380' title='bbox 2653 1689 2955 1765; x_wconf 25' lang='lat' dir='ltr'><strong>pretiosam.</strong></span> <span class='ocrx_word' id='word_1_381' title='bbox 2996 1697 3080 1744; x_wconf 88' lang='lat' dir='ltr'><strong>est</strong></span> <span class='ocrx_word' id='word_1_382' title='bbox 3120 1704 3380 1745; x_wconf 86' lang='lat' dir='ltr'><strong>conversa</strong></span> 
     </span>
    </p>
   </div>
   <div class='ocr_carea' id='block_1_52' title="bbox 1794 1776 3378 1844">
    <p class='ocr_par' dir='ltr' id='par_1_52' title="bbox 1794 1776 3378 1844">
     <span class='ocr_line' id='line_1_52' title="bbox 1794 1776 3378 1844; baseline 0.001 -13"><span class='ocrx_word' id='word_1_383' title='bbox 1794 1777 2166 1832; x_wconf 80' lang='lat' dir='ltr'><strong>substantiam.</strong></span> <span class='ocrx_word' id='word_1_384' title='bbox 2225 1776 2361 1832; x_wconf 84' lang='lat' dir='ltr'><strong>Nolo</strong></span> <span class='ocrx_word' id='word_1_385' title='bbox 2390 1779 2565 1844; x_wconf 89' lang='lat' dir='ltr'><strong>enim,</strong></span> <span class='ocrx_word' id='word_1_386' title='bbox 2614 1777 2849 1844; x_wconf 83' lang='lat' dir='ltr'><strong>auditor,</strong></span> <span class='ocrx_word' id='word_1_387' title='bbox 2903 1778 3120 1832; x_wconf 87' lang='lat' dir='ltr'><strong>nomina</strong></span> <span class='ocrx_word' id='word_1_388' title='bbox 3167 1786 3378 1833; x_wconf 89' lang='lat' dir='ltr'><strong>tantum</strong></span> 
     </span>
    </p>
   </div>
   <div class='ocr_carea' id='block_1_53' title="bbox 1796 1866 3379 1940">
    <p class='ocr_par' dir='ltr' id='par_1_53' title="bbox 1796 1866 3379 1940">
     <span class='ocr_line' id='line_1_53' title="bbox 1796 1866 3379 1940; baseline -0.001 -16"><span class='ocrx_word' id='word_1_389' title='bbox 1796 1871 2092 1940; x_wconf 87' lang='lat' dir='ltr'><strong>perspicias</strong></span> <span class='ocrx_word' id='word_1_390' title='bbox 2113 1869 2222 1922; x_wconf 91' lang='lat' dir='ltr'><strong>vini</strong></span> <span class='ocrx_word' id='word_1_391' title='bbox 2250 1877 2304 1923; x_wconf 90' lang='lat' dir='ltr'><strong>et</strong></span> <span class='ocrx_word' id='word_1_392' title='bbox 2330 1884 2515 1937; x_wconf 69' lang='lat' dir='ltr'><strong>aqum;</strong></span> <span class='ocrx_word' id='word_1_393' title='bbox 2545 1868 2640 1922; x_wconf 89' lang='lat' dir='ltr'><strong>sed</strong></span> <span class='ocrx_word' id='word_1_394' title='bbox 2667 1868 2712 1922; x_wconf 90' lang='lat' dir='ltr'><strong>si</strong></span> <span class='ocrx_word' id='word_1_395' title='bbox 2739 1868 2821 1923; x_wconf 85' lang='lat' dir='ltr'><strong>vis</strong></span> <span class='ocrx_word' id='word_1_396' title='bbox 2851 1866 2878 1903; x_wconf 73' lang='grc' dir='ltr'><strong>¹δ</strong></span> <span class='ocrx_word' id='word_1_397' title='bbox 2902 1870 3199 1938; x_wconf 85' lang='lat' dir='ltr'><strong>potentiam</strong></span> <span class='ocrx_word' id='word_1_398' title='bbox 3229 1884 3379 1923; x_wconf 90' lang='lat' dir='ltr'><strong>com—</strong></span> 
     </span>
    </p>
   </div>
   <div class='ocr_carea' id='block_1_54' title="bbox 1795 1956 3383 2030">
    <p class='ocr_par' dir='ltr' id='par_1_54' title="bbox 1795 1956 3383 2030">
     <span class='ocr_line' id='line_1_54' title="bbox 1795 1956 3383 2030; baseline -0.001 -18"><span class='ocrx_word' id='word_1_399' title='bbox 1795 1959 2028 2030; x_wconf 88' lang='lat' dir='ltr'><strong>probare</strong></span> <span class='ocrx_word' id='word_1_400' title='bbox 2045 2000 2059 2024; x_wconf 92' lang='lat'><strong>,</strong></span> <span class='ocrx_word' id='word_1_401' title='bbox 2087 1958 2339 2013; x_wconf 81' lang='lat' dir='ltr'><strong>virtutem</strong></span> <span class='ocrx_word' id='word_1_402' title='bbox 2367 1973 2551 2012; x_wconf 89' lang='lat' dir='ltr'><strong>rerum</strong></span> <span class='ocrx_word' id='word_1_403' title='bbox 2573 1958 2774 2027; x_wconf 90' lang='lat' dir='ltr'><strong>aspice.</strong></span> <span class='ocrx_word' id='word_1_404' title='bbox 2800 1956 2974 2012; x_wconf 81' lang='lat' dir='ltr'><strong>Tanto</strong></span> <span class='ocrx_word' id='word_1_405' title='bbox 3004 1958 3146 2011; x_wconf 89' lang='lat' dir='ltr'><strong>enim</strong></span> <span class='ocrx_word' id='word_1_406' title='bbox 3174 1957 3280 2011; x_wconf 91' lang='lat' dir='ltr'><strong>hoc</strong></span> <span class='ocrx_word' id='word_1_407' title='bbox 3301 1957 3383 2011; x_wconf 89' lang='lat' dir='ltr'><strong>al-</strong></span> 
     </span>
    </p>
   </div>
   <div class='ocr_carea' id='block_1_55' title="bbox 1797 2045 3385 2118">
    <p class='ocr_par' dir='ltr' id='par_1_55' title="bbox 1797 2045 3385 2118">
     <span class='ocr_line' id='line_1_55' title="bbox 1797 2045 3385 2118; baseline -0.002 -15"><span class='ocrx_word' id='word_1_408' title='bbox 1797 2049 1902 2103; x_wconf 86' lang='lat' dir='ltr'><strong>tius</strong></span> <span class='ocrx_word' id='word_1_409' title='bbox 1941 2050 2120 2103; x_wconf 88' lang='lat' dir='ltr'><strong>nescio</strong></span> <span class='ocrx_word' id='word_1_410' title='bbox 2150 2048 2279 2118; x_wconf 90' lang='lat' dir='ltr'><strong>quid</strong></span> <span class='ocrx_word' id='word_1_411' title='bbox 2318 2048 2740 2102; x_wconf 89' lang='lat' dir='ltr'><strong>demonstratur.</strong></span> <span class='ocrx_word' id='word_1_412' title='bbox 2788 2045 2922 2100; x_wconf 88' lang='lat' dir='ltr'><strong>Nam</strong></span> <span class='ocrx_word' id='word_1_413' title='bbox 2951 2062 3073 2101; x_wconf 90' lang='lat' dir='ltr'><strong>cum</strong></span> <span class='ocrx_word' id='word_1_414' title='bbox 3126 2046 3385 2100; x_wconf 83' lang='lat' dir='ltr'><strong>Dominus</strong></span> 
     </span>
    </p>
   </div>
   <div class='ocr_carea' id='block_1_56' title="bbox 1798 2136 3384 2208">
    <p class='ocr_par' dir='ltr' id='par_1_56' title="bbox 1798 2136 3384 2208">
     <span class='ocr_line' id='line_1_56' title="bbox 1798 2136 3384 2208; baseline -0.002 -16"><span class='ocrx_word' id='word_1_415' title='bbox 1798 2153 1992 2208; x_wconf 90' lang='lat' dir='ltr'><strong>aquam</strong></span> <span class='ocrx_word' id='word_1_416' title='bbox 2014 2138 2175 2192; x_wconf 86' lang='lat' dir='ltr'><strong>vertit</strong></span> <span class='ocrx_word' id='word_1_417' title='bbox 2196 2138 2250 2191; x_wconf 90' lang='lat' dir='ltr'><strong>in</strong></span> <span class='ocrx_word' id='word_1_418' title='bbox 2276 2138 2479 2201; x_wconf 88' lang='lat' dir='ltr'><strong>vinum,</strong></span> <span class='ocrx_word' id='word_1_419' title='bbox 2506 2152 2616 2190; x_wconf 90' lang='lat' dir='ltr'><strong>non</strong></span> <span class='ocrx_word' id='word_1_420' title='bbox 2639 2144 2849 2189; x_wconf 90' lang='lat' dir='ltr'><strong>tantum</strong></span> <span class='ocrx_word' id='word_1_421' title='bbox 2876 2136 2981 2191; x_wconf 88' lang='lat' dir='ltr'><strong>hoc</strong></span> <span class='ocrx_word' id='word_1_422' title='bbox 3010 2142 3289 2205; x_wconf 90' lang='lat' dir='ltr'><strong>operatur,</strong></span> <span class='ocrx_word' id='word_1_423' title='bbox 3314 2148 3384 2189; x_wconf 85' lang='lat' dir='ltr'><strong>ne</strong></span> 
     </span>
    </p>
   </div>
   <div class='ocr_carea' id='block_1_57' title="bbox 1797 2226 3385 2304">
    <p class='ocr_par' dir='ltr' id='par_1_57' title="bbox 1797 2226 3385 2304">
     <span class='ocr_line' id='line_1_57' title="bbox 1797 2226 3385 2304; baseline -0.001 -20"><span class='ocrx_word' id='word_1_424' title='bbox 1797 2229 2251 2285; x_wconf 88' lang='lat' dir='ltr'><strong>discumbentibus</strong></span> <span class='ocrx_word' id='word_1_425' title='bbox 2277 2228 2418 2283; x_wconf 89' lang='lat' dir='ltr'><strong>desit</strong></span> <span class='ocrx_word' id='word_1_426' title='bbox 2452 2226 2467 2264; x_wconf 77' lang='grc' dir='ltr'><strong>ί</strong></span> <span class='ocrx_word' id='word_1_427' title='bbox 2501 2228 2767 2304; x_wconf 76' lang='lat' dir='ltr'><strong>ebrietas,</strong></span> <span class='ocrx_word' id='word_1_428' title='bbox 2814 2226 2906 2282; x_wconf 89' lang='lat' dir='ltr'><strong>sed</strong></span> <span class='ocrx_word' id='word_1_429' title='bbox 2936 2237 2995 2281; x_wconf 91' lang='lat' dir='ltr'><strong>ut</strong></span> <span class='ocrx_word' id='word_1_430' title='bbox 3039 2226 3385 2282; x_wconf 80' lang='lat' dir='ltr'><strong>credentibus</strong></span> 
     </span>
    </p>
   </div>
   <div class='ocr_carea' id='block_1_58' title="bbox 1802 2316 3387 2391">
    <p class='ocr_par' dir='ltr' id='par_1_58' title="bbox 1802 2316 3387 2391">
     <span class='ocr_line' id='line_1_58' title="bbox 1802 2316 3387 2391; baseline 0.001 -22"><span class='ocrx_word' id='word_1_431' title='bbox 1802 2323 1816 2369; x_wconf 79' lang='lat' dir='ltr'><strong>t</strong></span> <span class='ocrx_word' id='word_1_432' title='bbox 1850 2319 2013 2391; x_wconf 64' lang='lat'><strong>420</strong></span> <span class='ocrx_word' id='word_1_433' title='bbox 2058 2318 2295 2374; x_wconf 87' lang='lat' dir='ltr'><strong>abundet</strong></span> <span class='ocrx_word' id='word_1_434' title='bbox 2340 2317 2635 2373; x_wconf 67' lang='lat' dir='ltr'><strong>aeternitas.</strong></span> <span class='ocrx_word' id='word_1_435' title='bbox 2690 2316 2964 2386; x_wconf 91' lang='lat' dir='ltr'><strong>Siquidem</strong></span> <span class='ocrx_word' id='word_1_436' title='bbox 2994 2324 3282 2386; x_wconf 78' lang='lat' dir='ltr'><strong>propterea</strong></span> <span class='ocrx_word' id='word_1_437' title='bbox 3331 2316 3387 2370; x_wconf 91' lang='lat' dir='ltr'><strong>in</strong></span> 
     </span>
    </p>
   </div>
   <div class='ocr_carea' id='block_1_59' title="bbox 1798 2409 3388 2475">
    <p class='ocr_par' dir='ltr' id='par_1_59' title="bbox 1798 2409 3388 2475">
     <span class='ocr_line' id='line_1_59' title="bbox 1798 2409 3388 2475; baseline -0.001 -10"><span class='ocrx_word' id='word_1_438' title='bbox 1798 2412 2052 2465; x_wconf 90' lang='lat' dir='ltr'><strong>mundum</strong></span> <span class='ocrx_word' id='word_1_439' title='bbox 2073 2411 2221 2466; x_wconf 91' lang='lat' dir='ltr'><strong>venit</strong></span> <span class='ocrx_word' id='word_1_440' title='bbox 2247 2409 2493 2464; x_wconf 89' lang='lat' dir='ltr'><strong>Christus</strong></span> <span class='ocrx_word' id='word_1_441' title='bbox 2509 2450 2524 2475; x_wconf 93' lang='lat'><strong>,</strong></span> <span class='ocrx_word' id='word_1_442' title='bbox 2556 2425 2665 2465; x_wconf 91' lang='lat' dir='ltr'><strong>non</strong></span> <span class='ocrx_word' id='word_1_443' title='bbox 2686 2417 2747 2464; x_wconf 90' lang='lat' dir='ltr'><strong>ut</strong></span> <span class='ocrx_word' id='word_1_444' title='bbox 2767 2410 3113 2464; x_wconf 88' lang='lat' dir='ltr'><strong>convivarum</strong></span> <span class='ocrx_word' id='word_1_445' title='bbox 3167 2409 3388 2464; x_wconf 90' lang='lat' dir='ltr'><strong>cellaria</strong></span> 
     </span>
    </p>
   </div>
   <div class='ocr_carea' id='block_1_60' title="bbox 1799 2499 3387 2572">
    <p class='ocr_par' dir='ltr' id='par_1_60' title="bbox 1799 2499 3387 2572">
     <span class='ocr_line' id='line_1_60' title="bbox 1799 2499 3387 2572; baseline -0.003 -15"><span class='ocrx_word' id='word_1_446' title='bbox 1799 2509 2131 2572; x_wconf 87' lang='lat' dir='ltr'><strong>procuraret,</strong></span> <span class='ocrx_word' id='word_1_447' title='bbox 2159 2501 2255 2556; x_wconf 90' lang='lat' dir='ltr'><strong>sed</strong></span> <span class='ocrx_word' id='word_1_448' title='bbox 2283 2508 2342 2555; x_wconf 89' lang='lat' dir='ltr'><strong>ut</strong></span> <span class='ocrx_word' id='word_1_449' title='bbox 2362 2500 2524 2556; x_wconf 87' lang='lat' dir='ltr'><strong>saluti</strong></span> <span class='ocrx_word' id='word_1_450' title='bbox 2544 2501 2823 2555; x_wconf 90' lang='lat' dir='ltr'><strong>hominum</strong></span> <span class='ocrx_word' id='word_1_451' title='bbox 2851 2499 3181 2569; x_wconf 84' lang='lat' dir='ltr'><strong>provideret,</strong></span> <span class='ocrx_word' id='word_1_452' title='bbox 3213 2513 3313 2553; x_wconf 90' lang='lat' dir='ltr'><strong>nec</strong></span> <span class='ocrx_word' id='word_1_453' title='bbox 3326 2508 3387 2552; x_wconf 89' lang='lat' dir='ltr'><strong>ut</strong></span> 
     </span>
    </p>
   </div>
   <div class='ocr_carea' id='block_1_61' title="bbox 1802 2589 3390 2664">
    <p class='ocr_par' dir='ltr' id='par_1_61' title="bbox 1802 2589 3390 2664">
     <span class='ocr_line' id='line_1_61' title="bbox 1802 2589 3390 2664; baseline -0.002 -17"><span class='ocrx_word' id='word_1_454' title='bbox 1802 2593 2022 2664; x_wconf 86' lang='lat' dir='ltr'><strong>hydrias</strong></span> <span class='ocrx_word' id='word_1_455' title='bbox 2042 2592 2344 2647; x_wconf 88' lang='lat' dir='ltr'><strong>substantia</strong></span> <span class='ocrx_word' id='word_1_456' title='bbox 2366 2591 2497 2647; x_wconf 92' lang='lat' dir='ltr'><strong>boni</strong></span> <span class='ocrx_word' id='word_1_457' title='bbox 2522 2590 2707 2646; x_wconf 88' lang='lat' dir='ltr'><strong>odoris</strong></span> <span class='ocrx_word' id='word_1_458' title='bbox 2730 2590 3010 2660; x_wconf 90' lang='lat' dir='ltr'><strong>impleret,</strong></span> <span class='ocrx_word' id='word_1_459' title='bbox 3040 2590 3135 2643; x_wconf 89' lang='lat' dir='ltr'><strong>sed</strong></span> <span class='ocrx_word' id='word_1_460' title='bbox 3162 2596 3225 2643; x_wconf 94' lang='lat' dir='ltr'><strong>ut</strong></span> <span class='ocrx_word' id='word_1_461' title='bbox 3272 2589 3390 2644; x_wconf 84' lang='lat' dir='ltr'><strong>ani-</strong></span> 
     </span>
    </p>
   </div>
   <div class='ocr_carea' id='block_1_62' title="bbox 1800 2681 3385 2756">
    <p class='ocr_par' dir='ltr' id='par_1_62' title="bbox 1800 2681 3385 2756">
     <span class='ocr_line' id='line_1_62' title="bbox 1800 2681 3385 2756; baseline -0.003 -15"><span class='ocrx_word' id='word_1_462' title='bbox 1800 2703 1916 2741; x_wconf 89' lang='lat' dir='ltr'><strong>mas</strong></span> <span class='ocrx_word' id='word_1_463' title='bbox 1959 2687 2131 2756; x_wconf 83' lang='lat' dir='ltr'><strong>gratia</strong></span> <span class='ocrx_word' id='word_1_464' title='bbox 2172 2685 2345 2741; x_wconf 87' lang='lat' dir='ltr'><strong>sancti</strong></span> <span class='ocrx_word' id='word_1_465' title='bbox 2390 2684 2623 2755; x_wconf 89' lang='lat' dir='ltr'><strong>Spiritus</strong></span> <span class='ocrx_word' id='word_1_466' title='bbox 2651 2684 2921 2753; x_wconf 84' lang='lat' dir='ltr'><strong>irrigaret.</strong></span> <span class='ocrx_word' id='word_1_467' title='bbox 2975 2681 3135 2750; x_wconf 86' lang='lat' dir='ltr'><strong>Ergo,</strong></span> <span class='ocrx_word' id='word_1_468' title='bbox 3167 2697 3290 2736; x_wconf 91' lang='lat' dir='ltr'><strong>cum</strong></span> <span class='ocrx_word' id='word_1_469' title='bbox 3320 2696 3385 2736; x_wconf 82' lang='lat' dir='ltr'><strong>ex</strong></span> 
     </span>
    </p>
   </div>
   <div class='ocr_carea' id='block_1_63' title="bbox 1802 2773 3392 2847">
    <p class='ocr_par' dir='ltr' id='par_1_63' title="bbox 1802 2773 3392 2847">
     <span class='ocr_line' id='line_1_63' title="bbox 1802 2773 3392 2847; baseline -0.003 -15"><span class='ocrx_word' id='word_1_470' title='bbox 1802 2780 1891 2833; x_wconf 92' lang='lat' dir='ltr'><strong>illa</strong></span> <span class='ocrx_word' id='word_1_471' title='bbox 1936 2778 2029 2832; x_wconf 86' lang='lat' dir='ltr'><strong>vili</strong></span> <span class='ocrx_word' id='word_1_472' title='bbox 2077 2793 2217 2847; x_wconf 91' lang='lat' dir='ltr'><strong>aqua</strong></span> <span class='ocrx_word' id='word_1_473' title='bbox 2264 2777 2377 2831; x_wconf 90' lang='lat' dir='ltr'><strong>vini</strong></span> <span class='ocrx_word' id='word_1_474' title='bbox 2418 2775 2608 2844; x_wconf 92' lang='lat' dir='ltr'><strong>optimi</strong></span> <span class='ocrx_word' id='word_1_475' title='bbox 2652 2790 2903 2844; x_wconf 89' lang='lat' dir='ltr'><strong>saporem</strong></span> <span class='ocrx_word' id='word_1_476' title='bbox 2953 2773 3122 2826; x_wconf 93' lang='lat' dir='ltr'><strong>voluit</strong></span> <span class='ocrx_word' id='word_1_477' title='bbox 3172 2779 3392 2841; x_wconf 87' lang='lat' dir='ltr'><strong>gustare</strong></span> 
     </span>
    </p>
   </div>
   <div class='ocr_carea' id='block_1_64' title="bbox 1804 2862 3387 2933">
    <p class='ocr_par' dir='ltr' id='par_1_64' title="bbox 1804 2862 3387 2933">
     <span class='ocr_line' id='line_1_64' title="bbox 1804 2862 3387 2933; baseline -0.004 -12"><span class='ocrx_word' id='word_1_478' title='bbox 1804 2865 1829 2904; x_wconf 76' lang='grc' dir='ltr'><strong>¹ί</strong></span> <span class='ocrx_word' id='word_1_479' title='bbox 1852 2867 2098 2930; x_wconf 89' lang='lat' dir='ltr'><strong>conviva,</strong></span> <span class='ocrx_word' id='word_1_480' title='bbox 2123 2865 2294 2933; x_wconf 89' lang='lat' dir='ltr'><strong>magis</strong></span> <span class='ocrx_word' id='word_1_481' title='bbox 2321 2864 2492 2919; x_wconf 88' lang='lat' dir='ltr'><strong>voluit</strong></span> <span class='ocrx_word' id='word_1_482' title='bbox 2510 2879 2579 2918; x_wconf 79' lang='lat' dir='ltr'><strong>ex</strong></span> <span class='ocrx_word' id='word_1_483' title='bbox 2606 2863 2708 2917; x_wconf 90' lang='lat' dir='ltr'><strong>hac</strong></span> <span class='ocrx_word' id='word_1_484' title='bbox 2736 2862 2825 2917; x_wconf 90' lang='lat' dir='ltr'><strong>vili</strong></span> <span class='ocrx_word' id='word_1_485' title='bbox 2855 2876 3015 2916; x_wconf 86' lang='lat' dir='ltr'><strong>carne</strong></span> <span class='ocrx_word' id='word_1_486' title='bbox 3036 2862 3387 2915; x_wconf 81' lang='lat' dir='ltr'><strong>resurrectio-</strong></span> 
     </span>
    </p>
   </div>
   <div class='ocr_carea' id='block_1_65' title="bbox 1804 2951 3392 3023">
    <p class='ocr_par' dir='ltr' id='par_1_65' title="bbox 1804 2951 3392 3023">
     <span class='ocr_line' id='line_1_65' title="bbox 1804 2951 3392 3023; baseline -0.001 -14"><span class='ocrx_word' id='word_1_487' title='bbox 1804 2958 1887 3010; x_wconf 91' lang='lat' dir='ltr'><strong>nis</strong></span> <span class='ocrx_word' id='word_1_488' title='bbox 1911 2955 2147 3011; x_wconf 72' lang='lat' dir='ltr'><strong>cmlestis</strong></span> <span class='ocrx_word' id='word_1_489' title='bbox 2170 2954 2487 3023; x_wconf 86' lang='lat' dir='ltr'><strong>sapientiam</strong></span> <span class='ocrx_word' id='word_1_490' title='bbox 2521 2961 2736 3022; x_wconf 87' lang='lat' dir='ltr'><strong>gustare</strong></span> <span class='ocrx_word' id='word_1_491' title='bbox 2771 2952 3072 3007; x_wconf 90' lang='lat' dir='ltr'><strong>credentes.</strong></span> <span class='ocrx_word' id='word_1_492' title='bbox 3125 2951 3257 3005; x_wconf 86' lang='lat' dir='ltr'><strong>Nam</strong></span> <span class='ocrx_word' id='word_1_493' title='bbox 3287 2952 3392 3007; x_wconf 86' lang='lat' dir='ltr'><strong>hoc</strong></span> 
     </span>
    </p>
   </div>
   <div class='ocr_carea' id='block_1_66' title="bbox 1818 3041 3393 3115">
    <p class='ocr_par' dir='ltr' id='par_1_66' title="bbox 1818 3041 3393 3115">
     <span class='ocr_line' id='line_1_66' title="bbox 1818 3041 3393 3115; baseline -0.005 -13"><span class='ocrx_word' id='word_1_494' title='bbox 1818 3046 1835 3084; x_wconf 79' lang='grc' dir='ltr'><strong>ι</strong></span> <span class='ocrx_word' id='word_1_495' title='bbox 1861 3048 2071 3115; x_wconf 89' lang='lat' dir='ltr'><strong>signum</strong></span> <span class='ocrx_word' id='word_1_496' title='bbox 2094 3052 2268 3100; x_wconf 90' lang='lat' dir='ltr'><strong>totum</strong></span> <span class='ocrx_word' id='word_1_497' title='bbox 2281 3044 2467 3112; x_wconf 90' lang='lat' dir='ltr'><strong>utique</strong></span> <span class='ocrx_word' id='word_1_498' title='bbox 2486 3042 2895 3097; x_wconf 88' lang='lat' dir='ltr'><strong>resurrectionis</strong></span> <span class='ocrx_word' id='word_1_499' title='bbox 2920 3041 3231 3111; x_wconf 84' lang='lat' dir='ltr'><strong>mysterium</strong></span> <span class='ocrx_word' id='word_1_500' title='bbox 3260 3055 3393 3095; x_wconf 70' lang='lat'><strong>€0.1-</strong></span> 
     </span>
    </p>
   </div>
   <div class='ocr_carea' id='block_1_67' title="bbox 1806 3131 3393 3206">
    <p class='ocr_par' dir='ltr' id='par_1_67' title="bbox 1806 3131 3393 3206">
     <span class='ocr_line' id='line_1_67' title="bbox 1806 3131 3393 3206; baseline -0.003 -15"><span class='ocrx_word' id='word_1_501' title='bbox 1806 3138 1961 3191; x_wconf 77' lang='lat' dir='ltr'><strong>tinct.</strong></span> <span class='ocrx_word' id='word_1_502' title='bbox 1991 3138 2142 3206; x_wconf 83' lang='lat' dir='ltr'><strong>Aqua</strong></span> <span class='ocrx_word' id='word_1_503' title='bbox 2173 3135 2315 3189; x_wconf 90' lang='lat' dir='ltr'><strong>enim</strong></span> <span class='ocrx_word' id='word_1_504' title='bbox 2345 3133 2481 3197; x_wconf 90' lang='lat' dir='ltr'><strong>vilis,</strong></span> <span class='ocrx_word' id='word_1_505' title='bbox 2514 3142 2555 3169; x_wconf 77' lang='grc' dir='ltr'>ω</span> <span class='ocrx_word' id='word_1_506' title='bbox 2584 3132 2793 3202; x_wconf 80' lang='lat' dir='ltr'><strong>pallens</strong></span> <span class='ocrx_word' id='word_1_507' title='bbox 2824 3139 2879 3186; x_wconf 92' lang='lat' dir='ltr'><strong>et</strong></span> <span class='ocrx_word' id='word_1_508' title='bbox 2907 3131 3097 3198; x_wconf 85' lang='lat' dir='ltr'><strong>frigida</strong></span> <span class='ocrx_word' id='word_1_509' title='bbox 3128 3131 3179 3185; x_wconf 91' lang='lat' dir='ltr'><strong>in</strong></span> <span class='ocrx_word' id='word_1_510' title='bbox 3208 3132 3393 3186; x_wconf 86' lang='lat' dir='ltr'><strong>vinum</strong></span> 
     </span>
    </p>
   </div>
   <div class='ocr_carea' id='block_1_68' title="bbox 1806 3222 3395 3294">
    <p class='ocr_par' dir='ltr' id='par_1_68' title="bbox 1806 3222 3395 3294">
     <span class='ocr_line' id='line_1_68' title="bbox 1806 3222 3395 3294; baseline -0.003 -13"><span class='ocrx_word' id='word_1_511' title='bbox 1806 3243 1980 3294; x_wconf 78' lang='lat' dir='ltr'><strong>versa,</strong></span> <span class='ocrx_word' id='word_1_512' title='bbox 2012 3226 2219 3283; x_wconf 87' lang='lat' dir='ltr'><strong>scilicet</strong></span> <span class='ocrx_word' id='word_1_513' title='bbox 2247 3225 2565 3294; x_wconf 88' lang='lat' dir='ltr'><strong>pretiosum,</strong></span> <span class='ocrx_word' id='word_1_514' title='bbox 2595 3232 2622 3258; x_wconf 74' lang='grc' dir='ltr'><strong>ιι</strong></span> <span class='ocrx_word' id='word_1_515' title='bbox 2653 3223 2875 3277; x_wconf 84' lang='lat' dir='ltr'><strong>rubrum</strong></span> <span class='ocrx_word' id='word_1_516' title='bbox 2902 3223 2988 3276; x_wconf 90' lang='lat' dir='ltr'><strong>vel</strong></span> <span class='ocrx_word' id='word_1_517' title='bbox 3013 3223 3255 3289; x_wconf 89' lang='lat' dir='ltr'><strong>ignitum,</strong></span> <span class='ocrx_word' id='word_1_518' title='bbox 3289 3222 3395 3278; x_wconf 88' lang='lat' dir='ltr'><strong>hoc</strong></span> 
     </span>
    </p>
   </div>
   <div class='ocr_carea' id='block_1_69' title="bbox 1808 3311 3395 3383">
    <p class='ocr_par' dir='ltr' id='par_1_69' title="bbox 1808 3311 3395 3383">
     <span class='ocr_line' id='line_1_69' title="bbox 1808 3311 3395 3383; baseline -0.003 -12"><span class='ocrx_word' id='word_1_519' title='bbox 1808 3314 2077 3383; x_wconf 84' lang='lat' dir='ltr'><strong>significat</strong></span> <span class='ocrx_word' id='word_1_520' title='bbox 2104 3314 2338 3368; x_wconf 88' lang='lat' dir='ltr'><strong>hominis</strong></span> <span class='ocrx_word' id='word_1_521' title='bbox 2361 3312 2720 3367; x_wconf 87' lang='lat' dir='ltr'><strong>substantiam</strong></span> <span class='ocrx_word' id='word_1_522' title='bbox 2745 3311 3054 3366; x_wconf 89' lang='lat' dir='ltr'><strong>conditione</strong></span> <span class='ocrx_word' id='word_1_523' title='bbox 3082 3312 3262 3377; x_wconf 81' lang='lat' dir='ltr'><strong>vilem,</strong></span> <span class='ocrx_word' id='word_1_524' title='bbox 3290 3312 3395 3367; x_wconf 83' lang='lat' dir='ltr'><strong>im-</strong></span> 
     </span>
    </p>
   </div>
   <div class='ocr_carea' id='block_1_70' title="bbox 1810 3386 3397 3475">
    <p class='ocr_par' dir='ltr' id='par_1_70' title="bbox 1810 3386 3397 3475">
     <span class='ocr_line' id='line_1_70' title="bbox 1810 3386 3397 3475; baseline -0.003 -14"><span class='ocrx_word' id='word_1_525' title='bbox 1810 3407 2101 3461; x_wconf 86' lang='lat' dir='ltr'><strong>becillitate</strong></span> <span class='ocrx_word' id='word_1_526' title='bbox 2125 3405 2438 3475; x_wconf 90' lang='lat' dir='ltr'><strong>pallentem,</strong></span> <span class='ocrx_word' id='word_1_527' title='bbox 2460 3410 2638 3457; x_wconf 87' lang='lat' dir='ltr'><strong>morte</strong></span> <span class='ocrx_word' id='word_1_528' title='bbox 2668 3410 2693 3438; x_wconf 83' lang='lat'><strong><em>°</em></strong></span> <span class='ocrx_word' id='word_1_529' title='bbox 2724 3401 3006 3470; x_wconf 88' lang='lat' dir='ltr'><strong>frigentem</strong></span> <span class='ocrx_word' id='word_1_530' title='bbox 3053 3402 3107 3455; x_wconf 92' lang='lat' dir='ltr'><strong>in</strong></span> <span class='ocrx_word' id='word_1_531' title='bbox 3156 3386 3397 3457; x_wconf 53' lang='grc' dir='ltr'><strong>ἔδεαι-τες</strong></span> 
     </span>
    </p>
   </div>
   <div class='ocr_carea' id='block_1_71' title="bbox 140 3488 3389 3577">
    <p class='ocr_par' dir='ltr' id='par_1_71' title="bbox 140 3488 3389 3577">
     <span class='ocr_line' id='line_1_71' title="bbox 140 3488 3389 3577; baseline 0.002 -37"><span class='ocrx_word' id='word_1_532' title='bbox 140 3488 286 3543; x_wconf 89' lang='lat' dir='ltr'><strong>citur.</strong></span> <span class='ocrx_word' id='word_1_533' title='bbox 317 3488 576 3559; x_wconf 80' lang='lat' dir='ltr'><strong>Apparuit</strong></span> <span class='ocrx_word' id='word_1_534' title='bbox 591 3498 769 3543; x_wconf 88' lang='lat' dir='ltr'><strong>autem</strong></span> <span class='ocrx_word' id='word_1_535' title='bbox 791 3496 1029 3543; x_wconf 90' lang='lat' dir='ltr'><strong>nontam</strong></span> <span class='ocrx_word' id='word_1_536' title='bbox 1052 3490 1222 3572; x_wconf 81' lang='lat' dir='ltr'><strong>oculis</strong></span> <span class='ocrx_word' id='word_1_537' title='bbox 1249 3489 1526 3543; x_wconf 90' lang='lat' dir='ltr'><strong>hominum</strong></span> <span class='ocrx_word' id='word_1_538' title='bbox 1546 3503 1707 3558; x_wconf 89' lang='lat' dir='ltr'><strong>quam</strong></span> <span class='ocrx_word' id='word_1_539' title='bbox 1735 3516 1780 3577; x_wconf 66' lang='grc' dir='ltr'>ρ</span> <span class='ocrx_word' id='word_1_540' title='bbox 1812 3498 2005 3554; x_wconf 70' lang='grc' dir='ltr'><strong>θιίοηίε</strong></span> <span class='ocrx_word' id='word_1_541' title='bbox 2025 3496 2251 3566; x_wconf 74' lang='lat' dir='ltr'><strong>gloriam</strong></span> <span class='ocrx_word' id='word_1_542' title='bbox 2280 3493 2748 3556; x_wconf 83' lang='lat' dir='ltr'><strong>commutandam,</strong></span> <span class='ocrx_word' id='word_1_543' title='bbox 2779 3507 2899 3562; x_wconf 66' lang='lat' dir='ltr'><strong>qua;</strong></span> <span class='ocrx_word' id='word_1_544' title='bbox 2949 3500 3032 3547; x_wconf 84' lang='lat' dir='ltr'><strong>est</strong></span> <span class='ocrx_word' id='word_1_545' title='bbox 3084 3493 3389 3548; x_wconf 67' lang='lat' dir='ltr'><strong>aeternitate</strong></span> 
     </span>
    </p>
   </div>
   <div class='ocr_carea' id='block_1_72' title="bbox 142 3577 1711 3650">
    <p class='ocr_par' dir='ltr' id='par_1_72' title="bbox 142 3577 1711 3650">
     <span class='ocr_line' id='line_1_72' title="bbox 142 3577 1711 3650; baseline 0.001 -17"><span class='ocrx_word' id='word_1_546' title='bbox 142 3579 306 3634; x_wconf 80' lang='lat' dir='ltr'><strong>saluti.</strong></span> <span class='ocrx_word' id='word_1_547' title='bbox 336 3580 466 3634; x_wconf 89' lang='lat' dir='ltr'><strong>Nam</strong></span> <span class='ocrx_word' id='word_1_548' title='bbox 496 3590 552 3636; x_wconf 93' lang='lat' dir='ltr'><strong>et</strong></span> <span class='ocrx_word' id='word_1_549' title='bbox 580 3580 625 3636; x_wconf 92' lang='lat' dir='ltr'><strong>si</strong></span> <span class='ocrx_word' id='word_1_550' title='bbox 651 3581 800 3650; x_wconf 92' lang='lat' dir='ltr'><strong>prius</strong></span> <span class='ocrx_word' id='word_1_551' title='bbox 820 3587 978 3634; x_wconf 88' lang='lat' dir='ltr'><strong>natus</strong></span> <span class='ocrx_word' id='word_1_552' title='bbox 998 3595 1066 3635; x_wconf 79' lang='lat' dir='ltr'><strong>ex</strong></span> <span class='ocrx_word' id='word_1_553' title='bbox 1088 3577 1307 3649; x_wconf 81' lang='lat' dir='ltr'><strong>Virgine</strong></span> <span class='ocrx_word' id='word_1_554' title='bbox 1326 3581 1495 3637; x_wconf 86' lang='lat' dir='ltr'><strong>oculis</strong></span> <span class='ocrx_word' id='word_1_555' title='bbox 1519 3580 1711 3636; x_wconf 75' lang='lat' dir='ltr'><strong>carna-</strong></span> 
     </span>
    </p>
   </div>
   <div class='ocr_carea' id='block_1_73' title="bbox 143 3665 1709 3740">
    <p class='ocr_par' dir='ltr' id='par_1_73' title="bbox 143 3665 1709 3740">
     <span class='ocr_line' id='line_1_73' title="bbox 143 3665 1709 3740; baseline 0.004 -22"><span class='ocrx_word' id='word_1_556' title='bbox 143 3665 269 3724; x_wconf 85' lang='lat' dir='ltr'><strong>libus</strong></span> <span class='ocrx_word' id='word_1_557' title='bbox 295 3669 604 3735; x_wconf 89' lang='lat' dir='ltr'><strong>videbatur;</strong></span> <span class='ocrx_word' id='word_1_558' title='bbox 633 3680 812 3724; x_wconf 89' lang='lat' dir='ltr'><strong>tamen</strong></span> <span class='ocrx_word' id='word_1_559' title='bbox 860 3685 973 3725; x_wconf 85' lang='lat' dir='ltr'><strong>non</strong></span> <span class='ocrx_word' id='word_1_560' title='bbox 1028 3671 1348 3740; x_wconf 87' lang='lat' dir='ltr'><strong>apparebat,</strong></span> <span class='ocrx_word' id='word_1_561' title='bbox 1406 3670 1423 3709; x_wconf 73' lang='grc' dir='ltr'><em>τ</em></span> <span class='ocrx_word' id='word_1_562' title='bbox 1456 3672 1709 3740; x_wconf 90' lang='lat' dir='ltr'><strong>quoniam</strong></span> 
     </span>
    </p>
   </div>
   <div class='ocr_carea' id='block_1_74' title="bbox 144 3758 1711 3829">
    <p class='ocr_par' dir='ltr' id='par_1_74' title="bbox 144 3758 1711 3829">
     <span class='ocr_line' id='line_1_74' title="bbox 144 3758 1711 3829; baseline 0.003 -17"><span class='ocrx_word' id='word_1_563' title='bbox 144 3758 385 3813; x_wconf 80' lang='lat' dir='ltr'><strong>virtutem</strong></span> <span class='ocrx_word' id='word_1_564' title='bbox 411 3760 528 3828; x_wconf 91' lang='lat' dir='ltr'><strong>ejus</strong></span> <span class='ocrx_word' id='word_1_565' title='bbox 550 3760 722 3815; x_wconf 89' lang='lat' dir='ltr'><strong>adhuc</strong></span> <span class='ocrx_word' id='word_1_566' title='bbox 745 3759 867 3816; x_wconf 83' lang='lat' dir='ltr'><strong>ﬁdei</strong></span> <span class='ocrx_word' id='word_1_567' title='bbox 914 3762 1059 3816; x_wconf 91' lang='lat' dir='ltr'><strong>acies</strong></span> <span class='ocrx_word' id='word_1_568' title='bbox 1090 3762 1385 3829; x_wconf 88' lang='lat' dir='ltr'><strong>ignorabat.</strong></span> <span class='ocrx_word' id='word_1_569' title='bbox 1440 3760 1592 3817; x_wconf 88' lang='lat' dir='ltr'><strong>Unde</strong></span> <span class='ocrx_word' id='word_1_570' title='bbox 1620 3761 1711 3816; x_wconf 83' lang='lat' dir='ltr'><strong>Ju-</strong></span> 
     </span>
    </p>
   </div>
   <div class='ocr_carea' id='block_1_75' title="bbox 150 3847 1712 3923">
    <p class='ocr_par' dir='ltr' id='par_1_75' title="bbox 150 3847 1712 3923">
     <span class='ocr_line' id='line_1_75' title="bbox 150 3847 1712 3923; baseline 0.005 -21"><span class='ocrx_word' id='word_1_571' title='bbox 150 3847 268 3904; x_wconf 62' lang='lat' dir='ltr'><strong>daeis</strong></span> <span class='ocrx_word' id='word_1_572' title='bbox 295 3866 390 3919; x_wconf 87' lang='lat' dir='ltr'><strong>per</strong></span> <span class='ocrx_word' id='word_1_573' title='bbox 416 3853 734 3923; x_wconf 88' lang='lat' dir='ltr'><strong>prophetam</strong></span> <span class='ocrx_word' id='word_1_574' title='bbox 788 3853 1021 3909; x_wconf 84' lang='lat' dir='ltr'><strong>dicitur:</strong></span> <span class='ocrx_word' id='word_1_575' title='bbox 1064 3853 1306 3907; x_wconf 79' lang='lat' dir='ltr'><strong>Videntes</strong></span> <span class='ocrx_word' id='word_1_576' title='bbox 1356 3854 1613 3919; x_wconf 73' lang='lat' dir='ltr'><strong>videbitis,</strong></span> <span class='ocrx_word' id='word_1_577' title='bbox 1662 3866 1712 3910; x_wconf 86' lang='lat' dir='ltr'><strong>et</strong></span> 
     </span>
    </p>
   </div>
   <div class='ocr_carea' id='block_1_76' title="bbox 144 3938 1708 4013">
    <p class='ocr_par' dir='ltr' id='par_1_76' title="bbox 144 3938 1708 4013">
     <span class='ocr_line' id='line_1_76' title="bbox 144 3938 1708 4013; baseline 0.008 -26"><span class='ocrx_word' id='word_1_578' title='bbox 144 3952 235 3989; x_wconf 85' lang='lat' dir='ltr'><strong>non</strong></span> <span class='ocrx_word' id='word_1_579' title='bbox 261 3938 485 3995; x_wconf 81' lang='lat' dir='ltr'><strong>ridebitis</strong></span> <span class='ocrx_word' id='word_1_580' title='bbox 517 3940 680 4011; x_wconf 86' lang='lat' dir='ltr'><strong>(Isai.</strong></span> <span class='ocrx_word' id='word_1_581' title='bbox 724 3941 830 4013; x_wconf 75' lang='lat' dir='ltr'><strong>vr).</strong></span> <span class='ocrx_word' id='word_1_582' title='bbox 863 3942 978 3996; x_wconf 86' lang='lat' dir='ltr'><strong>Hoc</strong></span> <span class='ocrx_word' id='word_1_583' title='bbox 1024 3950 1106 3997; x_wconf 90' lang='lat' dir='ltr'><strong>est</strong></span> <span class='ocrx_word' id='word_1_584' title='bbox 1148 3942 1516 4011; x_wconf 86' lang='lat' dir='ltr'><strong>Salvatorem&#39;,</strong></span> <span class='ocrx_word' id='word_1_585' title='bbox 1549 3960 1708 4013; x_wconf 90' lang='lat' dir='ltr'><strong>quem</strong></span> 
     </span>
    </p>
   </div>
   <div class='ocr_carea' id='block_1_77' title="bbox 146 4032 1709 4102">
    <p class='ocr_par' dir='ltr' id='par_1_77' title="bbox 146 4032 1709 4102">
     <span class='ocr_line' id='line_1_77' title="bbox 146 4032 1709 4102; baseline 0.008 -25"><span class='ocrx_word' id='word_1_586' title='bbox 146 4038 409 4083; x_wconf 86' lang='lat' dir='ltr'><strong>cernerent</strong></span> <span class='ocrx_word' id='word_1_587' title='bbox 437 4032 610 4086; x_wconf 91' lang='lat' dir='ltr'><strong>oculis</strong></span> <span class='ocrx_word' id='word_1_588' title='bbox 636 4032 1030 4100; x_wconf 88' lang='lat' dir='ltr'><strong>corporalibus,</strong></span> <span class='ocrx_word' id='word_1_589' title='bbox 1061 4034 1326 4102; x_wconf 86' lang='lat' dir='ltr'><strong>spirituali</strong></span> <span class='ocrx_word' id='word_1_590' title='bbox 1374 4034 1571 4089; x_wconf 90' lang='lat' dir='ltr'><strong>lumine</strong></span> <span class='ocrx_word' id='word_1_591' title='bbox 1600 4051 1709 4091; x_wconf 92' lang='lat' dir='ltr'><strong>non</strong></span> 
     </span>
    </p>
   </div>
   <div class='ocr_carea' id='block_1_78' title="bbox 146 4116 1710 4191">
    <p class='ocr_par' dir='ltr' id='par_1_78' title="bbox 146 4116 1710 4191">
     <span class='ocr_line' id='line_1_78' title="bbox 146 4116 1710 4191; baseline 0.008 -24"><span class='ocrx_word' id='word_1_592' title='bbox 146 4116 392 4174; x_wconf 86' lang='lat' dir='ltr'><strong>viderent.</strong></span> <span class='ocrx_word' id='word_1_593' title='bbox 426 4120 621 4177; x_wconf 89' lang='lat' dir='ltr'><strong>Postea</strong></span> <span class='ocrx_word' id='word_1_594' title='bbox 674 4124 819 4177; x_wconf 89' lang='lat' dir='ltr'><strong>enim</strong></span> <span class='ocrx_word' id='word_1_595' title='bbox 863 4138 1026 4191; x_wconf 91' lang='lat' dir='ltr'><strong>quam</strong></span> <span class='ocrx_word' id='word_1_596' title='bbox 1072 4133 1097 4169; x_wconf 78' lang='grc' dir='ltr'><strong><em>κ</em></strong></span> <span class='ocrx_word' id='word_1_597' title='bbox 1144 4124 1528 4179; x_wconf 89' lang='lat' dir='ltr'><strong>humanitatem</strong></span> <span class='ocrx_word' id='word_1_598' title='bbox 1558 4141 1710 4179; x_wconf 89' lang='lat' dir='ltr'><strong>suam</strong></span> 
     </span>
    </p>
   </div>
   <div class='ocr_carea' id='block_1_79' title="bbox 149 4209 1711 4285">
    <p class='ocr_par' dir='ltr' id='par_1_79' title="bbox 149 4209 1711 4285">
     <span class='ocr_line' id='line_1_79' title="bbox 149 4209 1711 4285; baseline 0.007 -26"><span class='ocrx_word' id='word_1_599' title='bbox 149 4209 464 4271; x_wconf 83' lang='lat' dir='ltr'><strong>mirabilibus</strong></span> <span class='ocrx_word' id='word_1_600' title='bbox 516 4215 833 4277; x_wconf 86' lang='lat' dir='ltr'><strong>declaravit,</strong></span> <span class='ocrx_word' id='word_1_601' title='bbox 862 4215 1111 4270; x_wconf 87' lang='lat' dir='ltr'><strong>hmuanis</strong></span> <span class='ocrx_word' id='word_1_602' title='bbox 1158 4216 1426 4270; x_wconf 88' lang='lat' dir='ltr'><strong>mentibus</strong></span> <span class='ocrx_word' id='word_1_603' title='bbox 1457 4224 1711 4285; x_wconf 87' lang='lat' dir='ltr'><strong>tanquam</strong></span> 
     </span>
    </p>
   </div>
   <div class='ocr_carea' id='block_1_80' title="bbox 148 4305 1709 4375">
    <p class='ocr_par' dir='ltr' id='par_1_80' title="bbox 148 4305 1709 4375">
     <span class='ocr_line' id='line_1_80' title="bbox 148 4305 1709 4375; baseline 0.008 -26"><span class='ocrx_word' id='word_1_604' title='bbox 148 4312 305 4354; x_wconf 84' lang='lat' dir='ltr'><strong>novus</strong></span> <span class='ocrx_word' id='word_1_605' title='bbox 324 4306 377 4356; x_wconf 82' lang='lat' dir='ltr'><strong>et</strong></span> <span class='ocrx_word' id='word_1_606' title='bbox 403 4305 711 4375; x_wconf 81' lang='lat' dir='ltr'><strong>inopinatus</strong></span> <span class='ocrx_word' id='word_1_607' title='bbox 762 4320 1060 4375; x_wconf 88' lang='lat' dir='ltr'><strong>apparens,</strong></span> <span class='ocrx_word' id='word_1_608' title='bbox 1091 4306 1276 4361; x_wconf 89' lang='lat' dir='ltr'><strong>oculos</strong></span> <span class='ocrx_word' id='word_1_609' title='bbox 1301 4308 1558 4374; x_wconf 91' lang='lat' dir='ltr'><strong>quosdam</strong></span> <span class='ocrx_word' id='word_1_610' title='bbox 1588 4324 1709 4363; x_wconf 89' lang='lat' dir='ltr'><strong>cor-</strong></span> 
     </span>
    </p>
   </div>
   <div class='ocr_carea' id='block_1_81' title="bbox 150 4384 1713 4465">
    <p class='ocr_par' dir='ltr' id='par_1_81' title="bbox 150 4384 1713 4465">
     <span class='ocr_line' id='line_1_81' title="bbox 150 4384 1713 4465; baseline 0.01 -28"><span class='ocrx_word' id='word_1_611' title='bbox 150 4384 222 4440; x_wconf 90' lang='lat' dir='ltr'><strong>dis</strong></span> <span class='ocrx_word' id='word_1_612' title='bbox 246 4389 452 4460; x_wconf 85' lang='lat' dir='ltr'><strong>infudit,</strong></span> <span class='ocrx_word' id='word_1_613' title='bbox 480 4401 540 4446; x_wconf 91' lang='lat' dir='ltr'><strong>ut</strong></span> <span class='ocrx_word' id='word_1_614' title='bbox 569 4402 918 4459; x_wconf 86' lang='lat' dir='ltr'><strong>cognosceret</strong></span> <span class='ocrx_word' id='word_1_615' title='bbox 946 4410 1155 4460; x_wconf 90' lang='lat' dir='ltr'><strong>sensus,</strong></span> <span class='ocrx_word' id='word_1_616' title='bbox 1186 4409 1344 4462; x_wconf 90' lang='lat' dir='ltr'><strong>quem</strong></span> <span class='ocrx_word' id='word_1_617' title='bbox 1382 4412 1491 4450; x_wconf 92' lang='lat' dir='ltr'><strong>non</strong></span> <span class='ocrx_word' id='word_1_618' title='bbox 1514 4411 1713 4465; x_wconf 81' lang='lat' dir='ltr'><strong>cogno-</strong></span> 
     </span>
    </p>
   </div>
   <div class='ocr_carea' id='block_1_82' title="bbox 151 4474 1717 4554">
    <p class='ocr_par' dir='ltr' id='par_1_82' title="bbox 151 4474 1717 4554">
     <span class='ocr_line' id='line_1_82' title="bbox 151 4474 1717 4554; baseline 0.008 -28"><span class='ocrx_word' id='word_1_619' title='bbox 151 4474 218 4528; x_wconf 91' lang='lat' dir='ltr'><strong>vit</strong></span> <span class='ocrx_word' id='word_1_620' title='bbox 243 4491 500 4548; x_wconf 90' lang='lat' dir='ltr'><strong>aspectus.</strong></span> <span class='ocrx_word' id='word_1_621' title='bbox 537 4478 689 4536; x_wconf 88' lang='lat' dir='ltr'><strong>Unde</strong></span> <span class='ocrx_word' id='word_1_622' title='bbox 720 4480 778 4535; x_wconf 83' lang='lat' dir='ltr'><strong>fit</strong></span> <span class='ocrx_word' id='word_1_623' title='bbox 806 4491 865 4536; x_wconf 91' lang='lat' dir='ltr'><strong>ut</strong></span> <span class='ocrx_word' id='word_1_624' title='bbox 886 4498 982 4541; x_wconf 90' lang='lat' dir='ltr'><strong>nos</strong></span> <span class='ocrx_word' id='word_1_625' title='bbox 1010 4483 1277 4536; x_wconf 87' lang='lat' dir='ltr'><strong>Christum</strong></span> <span class='ocrx_word' id='word_1_626' title='bbox 1310 4483 1592 4538; x_wconf 90' lang='lat' dir='ltr'><strong>Dominum</strong></span> <span class='ocrx_word' id='word_1_627' title='bbox 1621 4501 1717 4554; x_wconf 83' lang='lat' dir='ltr'><strong>per</strong></span> 
     </span>
    </p>
   </div>
   <div class='ocr_carea' id='block_1_83' title="bbox 152 4560 1707 4643">
    <p class='ocr_par' dir='ltr' id='par_1_83' title="bbox 152 4560 1707 4643">
     <span class='ocr_line' id='line_1_83' title="bbox 152 4560 1707 4643; baseline 0.007 -26"><span class='ocrx_word' id='word_1_628' title='bbox 152 4560 312 4633; x_wconf 74' lang='lat' dir='ltr'><strong>ﬁdem,</strong></span> <span class='ocrx_word' id='word_1_629' title='bbox 340 4586 497 4640; x_wconf 90' lang='lat' dir='ltr'><strong>quem</strong></span> <span class='ocrx_word' id='word_1_630' title='bbox 520 4586 793 4639; x_wconf 88' lang='lat' dir='ltr'><strong>nunquam</strong></span> <span class='ocrx_word' id='word_1_631' title='bbox 822 4571 1051 4626; x_wconf 88' lang='lat' dir='ltr'><strong>vidimus</strong></span> <span class='ocrx_word' id='word_1_632' title='bbox 1073 4612 1088 4637; x_wconf 94' lang='lat'><strong>,</strong></span> <span class='ocrx_word' id='word_1_633' title='bbox 1120 4574 1550 4643; x_wconf 88' lang='lat' dir='ltr'><strong>contemplemur</strong></span> <span class='ocrx_word' id='word_1_634' title='bbox 1576 4592 1587 4627; x_wconf 92' lang='lat'><strong>:</strong></span> <span class='ocrx_word' id='word_1_635' title='bbox 1612 4574 1707 4628; x_wconf 74' lang='lat' dir='ltr'><strong>Ju—</strong></span> 
     </span>
    </p>
   </div>
   <div class='ocr_carea' id='block_1_84' title="bbox 1817 3582 3401 3657">
    <p class='ocr_par' dir='ltr' id='par_1_84' title="bbox 1817 3582 3401 3657">
     <span class='ocr_line' id='line_1_84' title="bbox 1817 3582 3401 3657; baseline -0.001 -17"><span class='ocrx_word' id='word_1_636' title='bbox 1817 3586 2086 3657; x_wconf 73' lang='lat' dir='ltr'><strong>pretiosa,</strong></span> <span class='ocrx_word' id='word_1_637' title='bbox 2139 3584 2311 3653; x_wconf 90' lang='lat' dir='ltr'><strong>gratia</strong></span> <span class='ocrx_word' id='word_1_638' title='bbox 2386 3584 2662 3648; x_wconf 87' lang='lat' dir='ltr'><strong>colorata,</strong></span> <span class='ocrx_word' id='word_1_639' title='bbox 2716 3582 2905 3652; x_wconf 87' lang='lat' dir='ltr'><strong>spiritu</strong></span> <span class='ocrx_word' id='word_1_640' title='bbox 2980 3582 3401 3640; x_wconf 85' lang='lat' dir='ltr'><strong>immortalitatis</strong></span> 
     </span>
    </p>
   </div>
   <div class='ocr_carea' id='block_1_85' title="bbox 1817 3672 3399 3744">
    <p class='ocr_par' dir='ltr' id='par_1_85' title="bbox 1817 3672 3399 3744">
     <span class='ocr_line' id='line_1_85' title="bbox 1817 3672 3399 3744; baseline -0.002 -13"><span class='ocrx_word' id='word_1_641' title='bbox 1817 3677 2000 3744; x_wconf 87' lang='lat' dir='ltr'><strong>ignita.</strong></span> <span class='ocrx_word' id='word_1_642' title='bbox 2024 3675 2140 3731; x_wconf 86' lang='lat' dir='ltr'><strong>Hoc</strong></span> <span class='ocrx_word' id='word_1_643' title='bbox 2167 3675 2330 3743; x_wconf 87' lang='lat' dir='ltr'><strong>igitur</strong></span> <span class='ocrx_word' id='word_1_644' title='bbox 2368 3684 2395 3723; x_wconf 84' lang='lat' dir='ltr'><strong>P</strong></span> <span class='ocrx_word' id='word_1_645' title='bbox 2441 3673 2660 3741; x_wconf 89' lang='lat' dir='ltr'><strong>dignum</strong></span> <span class='ocrx_word' id='word_1_646' title='bbox 2708 3680 2793 3728; x_wconf 91' lang='lat' dir='ltr'><strong>est</strong></span> <span class='ocrx_word' id='word_1_647' title='bbox 2837 3672 3086 3735; x_wconf 89' lang='lat' dir='ltr'><strong>credere,</strong></span> <span class='ocrx_word' id='word_1_648' title='bbox 3113 3672 3399 3728; x_wconf 90' lang='lat' dir='ltr'><strong>Dominum</strong></span> 
     </span>
    </p>
   </div>
   <div class='ocr_carea' id='block_1_86' title="bbox 1816 3763 3401 3837">
    <p class='ocr_par' dir='ltr' id='par_1_86' title="bbox 1816 3763 3401 3837">
     <span class='ocr_line' id='line_1_86' title="bbox 1816 3763 3401 3837; baseline -0.002 -15"><span class='ocrx_word' id='word_1_649' title='bbox 1816 3767 2029 3837; x_wconf 89' lang='lat' dir='ltr'><strong>operari</strong></span> <span class='ocrx_word' id='word_1_650' title='bbox 2060 3767 2311 3830; x_wconf 89' lang='lat' dir='ltr'><strong>voluisse,</strong></span> <span class='ocrx_word' id='word_1_651' title='bbox 2344 3771 2404 3818; x_wconf 89' lang='lat' dir='ltr'><strong>ut</strong></span> <span class='ocrx_word' id='word_1_652' title='bbox 2430 3778 2528 3834; x_wconf 88' lang='lat' dir='ltr'><strong>per</strong></span> <span class='ocrx_word' id='word_1_653' title='bbox 2546 3763 2650 3818; x_wconf 87' lang='lat' dir='ltr'><strong>hoc</strong></span> <span class='ocrx_word' id='word_1_654' title='bbox 2678 3770 2951 3817; x_wconf 87' lang='lat' dir='ltr'><strong>terrenum</strong></span> <span class='ocrx_word' id='word_1_655' title='bbox 2993 3763 3221 3832; x_wconf 82' lang='lat' dir='ltr'><strong>signum,</strong></span> <span class='ocrx_word' id='word_1_656' title='bbox 3254 3763 3401 3820; x_wconf 87' lang='lat' dir='ltr'><strong>futu-</strong></span> 
     </span>
    </p>
   </div>
   <div class='ocr_carea' id='block_1_87' title="bbox 1816 3855 3400 3927">
    <p class='ocr_par' dir='ltr' id='par_1_87' title="bbox 1816 3855 3400 3927">
     <span class='ocr_line' id='line_1_87' title="bbox 1816 3855 3400 3927; baseline 0 -15"><span class='ocrx_word' id='word_1_657' title='bbox 1816 3874 1935 3913; x_wconf 91' lang='lat' dir='ltr'><strong>rum</strong></span> <span class='ocrx_word' id='word_1_658' title='bbox 1960 3857 2071 3927; x_wconf 90' lang='lat' dir='ltr'><strong>jam</strong></span> <span class='ocrx_word' id='word_1_659' title='bbox 2100 3866 2229 3912; x_wconf 89' lang='lat' dir='ltr'><strong>tunc</strong></span> <span class='ocrx_word' id='word_1_660' title='bbox 2257 3873 2286 3911; x_wconf 91' lang='lat' dir='ltr'><strong>a</strong></span> <span class='ocrx_word' id='word_1_661' title='bbox 2314 3856 2647 3927; x_wconf 90' lang='lat' dir='ltr'><strong>sapientibus</strong></span> <span class='ocrx_word' id='word_1_662' title='bbox 2666 3855 2885 3910; x_wconf 72' lang='lat' dir='ltr'><strong>cmleste</strong></span> <span class='ocrx_word' id='word_1_663' title='bbox 2909 3856 3222 3926; x_wconf 84' lang='lat' dir='ltr'><strong>mysterium</strong></span> <span class='ocrx_word' id='word_1_664' title='bbox 3250 3857 3400 3912; x_wconf 87' lang='lat' dir='ltr'><strong>vide-</strong></span> 
     </span>
    </p>
   </div>
   <div class='ocr_carea' id='block_1_88' title="bbox 1817 3944 3399 4014">
    <p class='ocr_par' dir='ltr' id='par_1_88' title="bbox 1817 3944 3399 4014">
     <span class='ocr_line' id='line_1_88' title="bbox 1817 3944 3399 4014; baseline -0.001 -12"><span class='ocrx_word' id='word_1_665' title='bbox 1817 3958 1984 4002; x_wconf 88' lang='lat' dir='ltr'><strong>retur.</strong></span> <span class='ocrx_word' id='word_1_666' title='bbox 2030 3947 2165 4001; x_wconf 85' lang='lat' dir='ltr'><strong>Nam</strong></span> <span class='ocrx_word' id='word_1_667' title='bbox 2206 3947 2253 4001; x_wconf 91' lang='lat' dir='ltr'><strong>si</strong></span> <span class='ocrx_word' id='word_1_668' title='bbox 2285 3946 2529 4001; x_wconf 89' lang='lat' dir='ltr'><strong>mirabile</strong></span> <span class='ocrx_word' id='word_1_669' title='bbox 2577 3953 2659 4000; x_wconf 89' lang='lat' dir='ltr'><strong>est</strong></span> <span class='ocrx_word' id='word_1_670' title='bbox 2705 3944 2889 4014; x_wconf 89' lang='lat' dir='ltr'><strong>utique</strong></span> <span class='ocrx_word' id='word_1_671' title='bbox 2925 3960 3045 4014; x_wconf 74' lang='lat' dir='ltr'><strong>qua:</strong></span> <span class='ocrx_word' id='word_1_672' title='bbox 3089 3944 3399 4001; x_wconf 82' lang='lat' dir='ltr'><strong>defecerant</strong></span> 
     </span>
    </p>
   </div>
   <div class='ocr_carea' id='block_1_89' title="bbox 1812 4034 3400 4106">
    <p class='ocr_par' dir='ltr' id='par_1_89' title="bbox 1812 4034 3400 4106">
     <span class='ocr_line' id='line_1_89' title="bbox 1812 4034 3400 4106; baseline -0.003 -13"><span class='ocrx_word' id='word_1_673' title='bbox 1812 4038 2070 4093; x_wconf 90' lang='lat' dir='ltr'><strong>conviviis</strong></span> <span class='ocrx_word' id='word_1_674' title='bbox 2096 4038 2219 4091; x_wconf 89' lang='lat' dir='ltr'><strong>vina</strong></span> <span class='ocrx_word' id='word_1_675' title='bbox 2239 4037 2552 4106; x_wconf 89' lang='lat' dir='ltr'><strong>supplesse,</strong></span> <span class='ocrx_word' id='word_1_676' title='bbox 2592 4044 2795 4103; x_wconf 90' lang='lat' dir='ltr'><strong>quanto</strong></span> <span class='ocrx_word' id='word_1_677' title='bbox 2845 4042 2928 4088; x_wconf 90' lang='lat' dir='ltr'><strong>est</strong></span> <span class='ocrx_word' id='word_1_678' title='bbox 2976 4034 3271 4088; x_wconf 89' lang='lat' dir='ltr'><strong>mirabilius</strong></span> <span class='ocrx_word' id='word_1_679' title='bbox 3318 4037 3400 4089; x_wconf 89' lang='lat' dir='ltr'><strong>vi-</strong></span> 
     </span>
    </p>
   </div>
   <div class='ocr_carea' id='block_1_90' title="bbox 1812 4124 3395 4197">
    <p class='ocr_par' dir='ltr' id='par_1_90' title="bbox 1812 4124 3395 4197">
     <span class='ocr_line' id='line_1_90' title="bbox 1812 4124 3395 4197; baseline -0.003 -15"><span class='ocrx_word' id='word_1_680' title='bbox 1812 4136 1945 4193; x_wconf 89' lang='lat' dir='ltr'><strong>tam,</strong></span> <span class='ocrx_word' id='word_1_681' title='bbox 1975 4143 2093 4197; x_wconf 71' lang='lat' dir='ltr'><strong>qua:</strong></span> <span class='ocrx_word' id='word_1_682' title='bbox 2116 4135 2198 4183; x_wconf 89' lang='lat' dir='ltr'><strong>est</strong></span> <span class='ocrx_word' id='word_1_683' title='bbox 2243 4128 2501 4181; x_wconf 81' lang='lat' dir='ltr'><strong>exhausta</strong></span> <span class='ocrx_word' id='word_1_684' title='bbox 2521 4167 2535 4190; x_wconf 89' lang='lat'><strong>,</strong></span> <span class='ocrx_word' id='word_1_685' title='bbox 2560 4125 2868 4179; x_wconf 86' lang='lat' dir='ltr'><strong>hominibus</strong></span> <span class='ocrx_word' id='word_1_686' title='bbox 2914 4125 3233 4193; x_wconf 80' lang='lat' dir='ltr'><strong>reparasse?</strong></span> <span class='ocrx_word' id='word_1_687' title='bbox 3256 4124 3323 4178; x_wconf 88' lang='lat' dir='ltr'><strong>Et</strong></span> <span class='ocrx_word' id='word_1_688' title='bbox 3350 4126 3395 4179; x_wconf 90' lang='lat' dir='ltr'><strong>si</strong></span> 
     </span>
    </p>
   </div>
   <div class='ocr_carea' id='block_1_91' title="bbox 1814 4215 3403 4285">
    <p class='ocr_par' dir='ltr' id='par_1_91' title="bbox 1814 4215 3403 4285">
     <span class='ocr_line' id='line_1_91' title="bbox 1814 4215 3403 4285; baseline 0 -16"><span class='ocrx_word' id='word_1_689' title='bbox 1814 4217 2107 4284; x_wconf 86' lang='lat' dir='ltr'><strong>gloriosum</strong></span> <span class='ocrx_word' id='word_1_690' title='bbox 2145 4224 2227 4270; x_wconf 91' lang='lat' dir='ltr'><strong>est</strong></span> <span class='ocrx_word' id='word_1_691' title='bbox 2256 4230 2450 4285; x_wconf 86' lang='lat' dir='ltr'><strong>aquam</strong></span> <span class='ocrx_word' id='word_1_692' title='bbox 2498 4215 2552 4267; x_wconf 92' lang='lat' dir='ltr'><strong>in</strong></span> <span class='ocrx_word' id='word_1_693' title='bbox 2605 4215 2787 4267; x_wconf 89' lang='lat' dir='ltr'><strong>vinum</strong></span> <span class='ocrx_word' id='word_1_694' title='bbox 2814 4222 3059 4279; x_wconf 85' lang='lat' dir='ltr'><strong>mutare,</strong></span> <span class='ocrx_word' id='word_1_695' title='bbox 3092 4222 3295 4282; x_wconf 91' lang='lat' dir='ltr'><strong>quanto</strong></span> <span class='ocrx_word' id='word_1_696' title='bbox 3322 4222 3403 4269; x_wconf 89' lang='lat' dir='ltr'><strong>cst</strong></span> 
     </span>
    </p>
   </div>
   <div class='ocr_carea' id='block_1_92' title="bbox 1814 4303 3403 4374">
    <p class='ocr_par' dir='ltr' id='par_1_92' title="bbox 1814 4303 3403 4374">
     <span class='ocr_line' id='line_1_92' title="bbox 1814 4303 3403 4374; baseline -0.003 -16"><span class='ocrx_word' id='word_1_697' title='bbox 1814 4306 2097 4374; x_wconf 86' lang='lat' dir='ltr'><strong>gloriosius</strong></span> <span class='ocrx_word' id='word_1_698' title='bbox 2126 4313 2343 4374; x_wconf 88' lang='lat' dir='ltr'><strong>peccata</strong></span> <span class='ocrx_word' id='word_1_699' title='bbox 2374 4304 2425 4357; x_wconf 93' lang='lat' dir='ltr'><strong>in</strong></span> <span class='ocrx_word' id='word_1_700' title='bbox 2450 4303 2715 4372; x_wconf 87' lang='lat' dir='ltr'><strong>justitiam</strong></span> <span class='ocrx_word' id='word_1_701' title='bbox 2734 4310 3073 4357; x_wconf 88' lang='lat' dir='ltr'><strong>commutare</strong></span> <span class='ocrx_word' id='word_1_702' title='bbox 3093 4340 3108 4365; x_wconf 94' lang='lat'><strong>,</strong></span> <span class='ocrx_word' id='word_1_703' title='bbox 3140 4310 3195 4355; x_wconf 91' lang='lat' dir='ltr'><strong>et</strong></span> <span class='ocrx_word' id='word_1_704' title='bbox 3221 4316 3403 4355; x_wconf 90' lang='lat' dir='ltr'><strong>mores</strong></span> 
     </span>
    </p>
   </div>
   <div class='ocr_carea' id='block_1_93' title="bbox 1816 4392 3403 4465">
    <p class='ocr_par' dir='ltr' id='par_1_93' title="bbox 1816 4392 3403 4465">
     <span class='ocr_line' id='line_1_93' title="bbox 1816 4392 3403 4465; baseline -0.002 -16"><span class='ocrx_word' id='word_1_705' title='bbox 1816 4397 1994 4465; x_wconf 87' lang='lat' dir='ltr'><strong>potius</strong></span> <span class='ocrx_word' id='word_1_706' title='bbox 2024 4404 2349 4464; x_wconf 88' lang='lat' dir='ltr'><strong>temperare,</strong></span> <span class='ocrx_word' id='word_1_707' title='bbox 2377 4408 2539 4461; x_wconf 88' lang='lat' dir='ltr'><strong>quam</strong></span> <span class='ocrx_word' id='word_1_708' title='bbox 2561 4393 2790 4461; x_wconf 87' lang='lat' dir='ltr'><strong>pocula?</strong></span> <span class='ocrx_word' id='word_1_709' title='bbox 2816 4392 3005 4446; x_wconf 87' lang='lat' dir='ltr'><strong>Audeo</strong></span> <span class='ocrx_word' id='word_1_710' title='bbox 3060 4392 3242 4446; x_wconf 91' lang='lat' dir='ltr'><strong>dicere</strong></span> <span class='ocrx_word' id='word_1_711' title='bbox 3284 4392 3403 4446; x_wconf 89' lang='lat' dir='ltr'><strong>illas</strong></span> 
     </span>
    </p>
   </div>
   <div class='ocr_carea' id='block_1_94' title="bbox 1821 4483 3404 4556">
    <p class='ocr_par' dir='ltr' id='par_1_94' title="bbox 1821 4483 3404 4556">
     <span class='ocr_line' id='line_1_94' title="bbox 1821 4483 3404 4556; baseline -0.003 -17"><span class='ocrx_word' id='word_1_712' title='bbox 1821 4486 2053 4556; x_wconf 85' lang='lat' dir='ltr'><strong>hydrias,</strong></span> <span class='ocrx_word' id='word_1_713' title='bbox 2084 4501 2191 4539; x_wconf 91' lang='lat' dir='ltr'><strong>non</strong></span> <span class='ocrx_word' id='word_1_714' title='bbox 2207 4485 2380 4539; x_wconf 90' lang='lat' dir='ltr'><strong>solum</strong></span> <span class='ocrx_word' id='word_1_715' title='bbox 2406 4483 2481 4538; x_wconf 92' lang='lat' dir='ltr'><strong>illi</strong></span> <span class='ocrx_word' id='word_1_716' title='bbox 2506 4484 2773 4549; x_wconf 89' lang='lat' dir='ltr'><strong>convivio,</strong></span> <span class='ocrx_word' id='word_1_717' title='bbox 2798 4483 2893 4538; x_wconf 88' lang='lat' dir='ltr'><strong>sed</strong></span> <span class='ocrx_word' id='word_1_718' title='bbox 2924 4483 3173 4536; x_wconf 90' lang='lat' dir='ltr'><strong>universo</strong></span> <span class='ocrx_word' id='word_1_719' title='bbox 3202 4484 3404 4536; x_wconf 88' lang='lat' dir='ltr'><strong>mundo</strong></span> 
     </span>
    </p>
   </div>
   <div class='ocr_carea' id='block_1_95' title="bbox 1818 4572 3402 4645">
    <p class='ocr_par' dir='ltr' id='par_1_95' title="bbox 1818 4572 3402 4645">
     <span class='ocr_line' id='line_1_95' title="bbox 1818 4572 3402 4645; baseline 0.001 -15"><span class='ocrx_word' id='word_1_720' title='bbox 1818 4576 2112 4645; x_wconf 89' lang='lat' dir='ltr'><strong>pretiosam</strong></span> <span class='ocrx_word' id='word_1_721' title='bbox 2156 4575 2300 4629; x_wconf 90' lang='lat' dir='ltr'><strong>illam</strong></span> <span class='ocrx_word' id='word_1_722' title='bbox 2354 4572 2662 4630; x_wconf 88' lang='lat' dir='ltr'><strong>ministrare</strong></span> <span class='ocrx_word' id='word_1_723' title='bbox 2707 4574 3096 4639; x_wconf 85' lang='lat' dir='ltr'><strong>substantiam,</strong></span> <span class='ocrx_word' id='word_1_724' title='bbox 3128 4574 3229 4627; x_wconf 91' lang='lat' dir='ltr'><strong>nisi</strong></span> <span class='ocrx_word' id='word_1_725' title='bbox 3260 4576 3402 4645; x_wconf 80' lang='lat' dir='ltr'><strong>quod</strong></span> 
     </span>
    </p>
   </div>
   <div class='ocr_carea' id='block_1_96' title="bbox 218 4811 3401 4887">
    <p class='ocr_par' dir='ltr' id='par_1_96' title="bbox 218 4811 3401 4887">
     <span class='ocr_line' id='line_1_96' title="bbox 218 4811 3401 4887; baseline 0.001 -22"><span class='ocrx_word' id='word_1_726' title='bbox 218 4818 242 4845; x_wconf 80' lang='grc'><strong><em>⁸</em></strong></span> <span class='ocrx_word' id='word_1_727' title='bbox 266 4811 390 4887; x_wconf 82' lang='lat' dir='ltr'><strong>Cod.</strong></span> <span class='ocrx_word' id='word_1_728' title='bbox 417 4812 484 4866; x_wconf 88' lang='lat'><strong>99</strong></span> <span class='ocrx_word' id='word_1_729' title='bbox 505 4814 565 4869; x_wconf 86' lang='lat' dir='ltr'><strong>S.</strong></span> <span class='ocrx_word' id='word_1_730' title='bbox 588 4812 771 4870; x_wconf 90' lang='lat' dir='ltr'><strong>Crucis</strong></span> <span class='ocrx_word' id='word_1_731' title='bbox 818 4816 873 4870; x_wconf 90' lang='lat' dir='ltr'><strong>in</strong></span> <span class='ocrx_word' id='word_1_732' title='bbox 909 4813 1042 4882; x_wconf 58' lang='grc' dir='ltr'><strong>εἰει-η</strong></span> <span class='ocrx_word' id='word_1_733' title='bbox 1074 4816 1233 4871; x_wconf 85' lang='lat' dir='ltr'><strong>corda</strong></span> <span class='ocrx_word' id='word_1_734' title='bbox 1284 4826 1461 4871; x_wconf 86' lang='lat' dir='ltr'><strong>nostra</strong></span> <span class='ocrx_word' id='word_1_735' title='bbox 1501 4820 1717 4887; x_wconf 74' lang='lat' dir='ltr'><strong>prwsul-</strong></span> <span class='ocrx_word' id='word_1_736' title='bbox 1744 4823 1796 4883; x_wconf 88' lang='lat' dir='ltr'><strong>D</strong></span> <span class='ocrx_word' id='word_1_737' title='bbox 1821 4834 1918 4887; x_wconf 87' lang='lat' dir='ltr'><strong>pro</strong></span> <span class='ocrx_word' id='word_1_738' title='bbox 1949 4820 2217 4881; x_wconf 84' lang='lat' dir='ltr'><strong>satietate;</strong></span> <span class='ocrx_word' id='word_1_739' title='bbox 2249 4818 2514 4887; x_wconf 70' lang='lat' dir='ltr'><strong>iiihmrens</strong></span> <span class='ocrx_word' id='word_1_740' title='bbox 2535 4813 2826 4887; x_wconf 84' lang='lat' dir='ltr'><strong>Evangelio</strong></span> <span class='ocrx_word' id='word_1_741' title='bbox 2853 4812 3011 4887; x_wconf 6' lang='lat' dir='ltr'><strong>Jgoan.</strong></span> <span class='ocrx_word' id='word_1_742' title='bbox 3062 4829 3182 4887; x_wconf 81' lang='lat' dir='ltr'><strong>cap.</strong></span> <span class='ocrx_word' id='word_1_743' title='bbox 3220 4832 3286 4887; x_wconf 89' lang='lat' dir='ltr'><strong>n._</strong></span> <span class='ocrx_word' id='word_1_744' title='bbox 3311 4816 3401 4868; x_wconf 64' lang='lat' dir='ltr'><strong>ulli</strong></span> 
     </span>
    </p>
   </div>
   <div class='ocr_carea' id='block_1_97' title="bbox 158 4882 605 4947">
    <p class='ocr_par' dir='ltr' id='par_1_97' title="bbox 158 4882 605 4947">
     <span class='ocr_line' id='line_1_97' title="bbox 158 4882 605 4947; baseline 0.02 -19"><span class='ocrx_word' id='word_1_745' title='bbox 158 4886 274 4945; x_wconf 84' lang='lat' dir='ltr'><strong>tant,</strong></span> <span class='ocrx_word' id='word_1_746' title='bbox 300 4882 468 4947; x_wconf 80' lang='lat' dir='ltr'><strong>etiam,</strong></span> <span class='ocrx_word' id='word_1_747' title='bbox 494 4892 605 4937; x_wconf 84' lang='lat' dir='ltr'><strong>etc.</strong></span> 
     </span>
    </p>
   </div>
   <div class='ocr_carea' id='block_1_98' title="bbox 220 4947 1713 5025">
    <p class='ocr_par' dir='ltr' id='par_1_98' title="bbox 220 4947 1713 5025">
     <span class='ocr_line' id='line_1_98' title="bbox 220 4947 1713 5025; baseline 0.006 -23"><span class='ocrx_word' id='word_1_748' title='bbox 220 4947 243 4985; x_wconf 67' lang='grc' dir='ltr'>δ</span> <span class='ocrx_word' id='word_1_749' title='bbox 264 4948 485 5025; x_wconf 60' lang='lat' dir='ltr'><strong>Cod._l0</strong></span> <span class='ocrx_word' id='word_1_750' title='bbox 516 4952 797 5025; x_wconf 49' lang='lat' dir='ltr'><strong>Laurent&quot;</strong></span> <span class='ocrx_word' id='word_1_751' title='bbox 829 4963 1036 5025; x_wconf 62' lang='lat' dir='ltr'><strong>prastat</strong></span> <span class='ocrx_word' id='word_1_752' title='bbox 1056 4955 1206 5007; x_wconf 86' lang='lat' dir='ltr'><strong>unius</strong></span> <span class='ocrx_word' id='word_1_753' title='bbox 1237 4953 1446 5008; x_wconf 85' lang='lat' dir='ltr'><strong>Domini</strong></span> <span class='ocrx_word' id='word_1_754' title='bbox 1470 4958 1713 5025; x_wconf 78' lang='lat' dir='ltr'><strong>visitatio,</strong></span> 
     </span>
    </p>
   </div>
   <div class='ocr_carea' id='block_1_99' title="bbox 157 5021 1717 5099">
    <p class='ocr_par' dir='ltr' id='par_1_99' title="bbox 157 5021 1717 5099">
     <span class='ocr_line' id='line_1_99' title="bbox 157 5021 1717 5099; baseline 0.008 -29"><span class='ocrx_word' id='word_1_755' title='bbox 157 5021 446 5099; x_wconf 38' lang='lat' dir='ltr'><strong>quam&#39;illis</strong></span> <span class='ocrx_word' id='word_1_756' title='bbox 489 5023 769 5075; x_wconf 81' lang='lat' dir='ltr'><strong>multorum</strong></span> <span class='ocrx_word' id='word_1_757' title='bbox 824 5022 1113 5077; x_wconf 64' lang='lat' dir='ltr'><strong>daemonum</strong></span> <span class='ocrx_word' id='word_1_758' title='bbox 1183 5027 1537 5094; x_wconf 81' lang='lat' dir='ltr'><strong>superstitiosa</strong></span> <span class='ocrx_word' id='word_1_759' title='bbox 1581 5021 1717 5097; x_wconf 51' lang='lat' dir='ltr'><strong>prta;</strong></span> 
     </span>
    </p>
   </div>
   <div class='ocr_carea' id='block_1_100' title="bbox 158 5098 1714 5241">
    <p class='ocr_par' dir='ltr' id='par_1_100' title="bbox 158 5098 1714 5241">
     <span class='ocr_line' id='line_1_100' title="bbox 158 5098 1714 5241; baseline 0.006 -32"><span class='ocrx_word' id='word_1_760' title='bbox 158 5098 590 5241; x_wconf 43' lang='lat' dir='ltr'><strong>&quot;‘?I§c¢:id.‘yatr</strong></span> <span class='ocrx_word' id='word_1_761' title='bbox 781 5169 837 5214; x_wconf 90' lang='lat' dir='ltr'><strong>et</strong></span> <span class='ocrx_word' id='word_1_762' title='bbox 884 5159 1005 5214; x_wconf 90' lang='lat' dir='ltr'><strong>Vat.</strong></span> <span class='ocrx_word' id='word_1_763' title='bbox 1025 5161 1237 5241; x_wconf 56' lang='lat' dir='ltr'><strong>“Palat;</strong></span> <span class='ocrx_word' id='word_1_764' title='bbox 1265 5161 1420 5231; x_wconf 73' lang='lat'><strong>1257,</strong></span> <span class='ocrx_word' id='word_1_765' title='bbox 1450 5180 1714 5233; x_wconf 80' lang='lat' dir='ltr'><strong>apparere.</strong></span> 
     </span>
    </p>
   </div>
   <div class='ocr_carea' id='block_1_101' title="bbox 222 5222 1073 5294">
    <p class='ocr_par' dir='ltr' id='par_1_101' title="bbox 222 5222 1073 5294">
     <span class='ocr_line' id='line_1_101' title="bbox 222 5222 1073 5294; baseline 0.002 -13"><span class='ocrx_word' id='word_1_766' title='bbox 222 5222 245 5258; x_wconf 69' lang='grc' dir='ltr'><em>δ</em></span> <span class='ocrx_word' id='word_1_767' title='bbox 272 5223 397 5294; x_wconf 83' lang='lat' dir='ltr'><strong>Cod.</strong></span> <span class='ocrx_word' id='word_1_768' title='bbox 428 5229 577 5294; x_wconf 86' lang='lat' dir='ltr'><strong>Vat.,</strong></span> <span class='ocrx_word' id='word_1_769' title='bbox 611 5230 852 5284; x_wconf 80' lang='lat' dir='ltr'><strong>Salvator</strong></span> <span class='ocrx_word' id='word_1_770' title='bbox 877 5230 1073 5284; x_wconf 85' lang='lat' dir='ltr'><strong>mundi.</strong></span> 
     </span>
    </p>
   </div>
   <div class='ocr_carea' id='block_1_102' title="bbox 229 5293 1273 5369">
    <p class='ocr_par' dir='ltr' id='par_1_102' title="bbox 229 5293 1273 5369">
     <span class='ocr_line' id='line_1_102' title="bbox 229 5293 1273 5369; baseline 0.004 -20"><span class='ocrx_word' id='word_1_771' title='bbox 229 5293 395 5369; x_wconf 62' lang='lat' dir='ltr'><strong>jgnd.</strong></span> <span class='ocrx_word' id='word_1_772' title='bbox 426 5298 550 5369; x_wconf 69' lang='lat' dir='ltr'><strong>Vat.</strong></span> <span class='ocrx_word' id='word_1_773' title='bbox 582 5295 777 5369; x_wconf 50' lang='grc' dir='ltr'><strong>ἐδίψη..</strong></span> <span class='ocrx_word' id='word_1_774' title='bbox 803 5300 932 5367; x_wconf 75' lang='lat' dir='ltr'><strong>ﬁdes</strong></span> <span class='ocrx_word' id='word_1_775' title='bbox 962 5299 1273 5369; x_wconf 80' lang='lat' dir='ltr'><strong>splendoris.</strong></span> 
     </span>
    </p>
   </div>
   <div class='ocr_carea' id='block_1_103' title="bbox 234 5359 941 5439">
    <p class='ocr_par' dir='ltr' id='par_1_103' title="bbox 234 5359 941 5439">
     <span class='ocr_line' id='line_1_103' title="bbox 234 5359 941 5439; baseline 0.003 -20"><span class='ocrx_word' id='word_1_776' title='bbox 234 5359 250 5399; x_wconf 73' lang='grc'><strong><em>⁸</em></strong></span> <span class='ocrx_word' id='word_1_777' title='bbox 426 5366 550 5439; x_wconf 77' lang='lat' dir='ltr'><strong>Vat.</strong></span> <span class='ocrx_word' id='word_1_778' title='bbox 585 5359 779 5433; x_wconf 78' lang='lat' dir='ltr'><strong>Palat.,</strong></span> <span class='ocrx_word' id='word_1_779' title='bbox 802 5359 941 5439; x_wconf 54' lang='lat' dir='ltr'><strong>quia.</strong></span> 
     </span>
    </p>
   </div>
   <div class='ocr_carea' id='block_1_104' title="bbox 170 5430 1724 5556">
    <p class='ocr_par' dir='ltr' id='par_1_104' title="bbox 170 5430 1724 5556">
     <span class='ocr_line' id='line_1_104' title="bbox 230 5430 1724 5503; baseline 0.005 -15"><span class='ocrx_word' id='word_1_780' title='bbox 230 5440 253 5476; x_wconf 76' lang='grc' dir='ltr'><strong><em>ε</em></strong></span> <span class='ocrx_word' id='word_1_781' title='bbox 270 5430 394 5489; x_wconf 84' lang='lat' dir='ltr'><strong>Cod.</strong></span> <span class='ocrx_word' id='word_1_782' title='bbox 424 5438 490 5491; x_wconf 81' lang='grc'><strong>10</strong></span> <span class='ocrx_word' id='word_1_783' title='bbox 512 5430 775 5493; x_wconf 64' lang='lat' dir='ltr'><strong>Laurent.</strong></span> <span class='ocrx_word' id='word_1_784' title='bbox 799 5430 854 5491; x_wconf 72' lang='grc' dir='ltr'><strong>ἐι</strong></span> <span class='ocrx_word' id='word_1_785' title='bbox 876 5436 945 5490; x_wconf 88' lang='lat'><strong>99</strong></span> <span class='ocrx_word' id='word_1_786' title='bbox 972 5437 1035 5493; x_wconf 67' lang='lat' dir='ltr'><strong>St</strong></span> <span class='ocrx_word' id='word_1_787' title='bbox 1064 5437 1251 5493; x_wconf 88' lang='lat' dir='ltr'><strong>Crucis</strong></span> <span class='ocrx_word' id='word_1_788' title='bbox 1284 5438 1339 5493; x_wconf 83' lang='lat' dir='ltr'><strong>in</strong></span> <span class='ocrx_word' id='word_1_789' title='bbox 1385 5438 1495 5495; x_wconf 78' lang='lat' dir='ltr'><strong>Jer.</strong></span> <span class='ocrx_word' id='word_1_790' title='bbox 1541 5440 1724 5503; x_wconf 78' lang='lat' dir='ltr'><strong>legunt</strong></span> 
     </span>
     <span class='ocr_line' id='line_1_105' title="bbox 170 5498 476 5556; baseline 0 0"><span class='ocrx_word' id='word_1_791' title='bbox 170 5498 476 5556; x_wconf 67' lang='lat' dir='ltr'><strong>divinitatm-</strong></span> 
     </span>
    </p>
   </div>
   <div class='ocr_carea' id='block_1_105' title="bbox 232 5514 1417 5657">
    <p class='ocr_par' dir='ltr' id='par_1_105' title="bbox 232 5514 1417 5657">
     <span class='ocr_line' id='line_1_106' title="bbox 232 5514 1417 5657; baseline 0.014 -38"><span class='ocrx_word' id='word_1_792' title='bbox 232 5514 773 5657; x_wconf 29' lang='lat' dir='ltr'><strong>wastzpaht“</strong></span> <span class='ocrx_word' id='word_1_793' title='bbox 810 5575 1096 5657; x_wconf 72' lang='lat' dir='ltr'><strong>Saluatoris</strong></span> <span class='ocrx_word' id='word_1_794' title='bbox 1115 5580 1417 5657; x_wconf 72' lang='lat' dir='ltr'><strong>potentiam.</strong></span> 
     </span>
    </p>
   </div>
   <div class='ocr_carea' id='block_1_106' title="bbox 237 5637 1722 5718">
    <p class='ocr_par' dir='ltr' id='par_1_106' title="bbox 237 5637 1722 5718">
     <span class='ocr_line' id='line_1_107' title="bbox 237 5637 1722 5718; baseline 0.001 -19"><span class='ocrx_word' id='word_1_795' title='bbox 237 5637 253 5676; x_wconf 70' lang='grc' dir='ltr'><strong>ί</strong></span> <span class='ocrx_word' id='word_1_796' title='bbox 278 5640 494 5703; x_wconf 81' lang='lat' dir='ltr'><strong>Sanctus</strong></span> <span class='ocrx_word' id='word_1_797' title='bbox 520 5637 804 5718; x_wconf 76' lang='lat' dir='ltr'><strong>Maximus,</strong></span> <span class='ocrx_word' id='word_1_798' title='bbox 831 5645 917 5703; x_wconf 83' lang='lat' dir='ltr'><strong>hic</strong></span> <span class='ocrx_word' id='word_1_799' title='bbox 945 5637 1226 5718; x_wconf 77' lang='lat' dir='ltr'><strong>usurpavit</strong></span> <span class='ocrx_word' id='word_1_800' title='bbox 1247 5662 1434 5703; x_wconf 87' lang='lat' dir='ltr'><strong>vocem</strong></span> <span class='ocrx_word' id='word_1_801' title='bbox 1461 5648 1722 5702; x_wconf 76' lang='lat' dir='ltr'><strong>ebrietatis</strong></span> 
     </span>
    </p>
   </div>
   <div class='ocr_carea' id='block_1_107' title="bbox 1840 4881 3401 4970">
    <p class='ocr_par' dir='ltr' id='par_1_107' title="bbox 1840 4881 3401 4970">
     <span class='ocr_line' id='line_1_108' title="bbox 1840 4881 3401 4970; baseline -0.003 -28"><span class='ocrx_word' id='word_1_802' title='bbox 1840 4890 2107 4970; x_wconf 76' lang='lat' dir='ltr'><strong>egiturde</strong></span> <span class='ocrx_word' id='word_1_803' title='bbox 2136 4887 2375 4941; x_wconf 81' lang='lat' dir='ltr'><strong>convivis</strong></span> <span class='ocrx_word' id='word_1_804' title='bbox 2407 4904 2417 4937; x_wconf 93' lang='lat'>:</span> <span class='ocrx_word' id='word_1_805' title='bbox 2451 4886 2519 4937; x_wconf 82' lang='lat' dir='ltr'><strong>Et</strong></span> <span class='ocrx_word' id='word_1_806' title='bbox 2557 4901 2675 4937; x_wconf 79' lang='lat' dir='ltr'><strong>cum</strong></span> <span class='ocrx_word' id='word_1_807' title='bbox 2697 4881 2703 4882; x_wconf 58' lang='grc'><strong><em>⁷</em></strong></span> <span class='ocrx_word' id='word_1_808' title='bbox 2723 4881 2963 4936; x_wconf 77' lang='lat' dir='ltr'><strong>inebriati</strong></span> <span class='ocrx_word' id='word_1_809' title='bbox 2984 4884 3209 4954; x_wconf 77' lang='lat' dir='ltr'><strong>fuerint,</strong></span> <span class='ocrx_word' id='word_1_810' title='bbox 3240 4885 3291 4939; x_wconf 88' lang='lat' dir='ltr'><strong>id</strong></span> <span class='ocrx_word' id='word_1_811' title='bbox 3323 4898 3401 4938; x_wconf 77' lang='lat' dir='ltr'><strong>est</strong></span> 
     </span>
    </p>
   </div>
   <div class='ocr_carea' id='block_1_108' title="bbox 1818 4968 3403 5108">
    <p class='ocr_par' dir='ltr' id='par_1_108' title="bbox 1818 4968 3403 5108">
     <span class='ocr_line' id='line_1_109' title="bbox 1818 4968 3403 5108; baseline -0.003 -32"><span class='ocrx_word' id='word_1_812' title='bbox 1818 4968 2128 5108; x_wconf 35' lang='grc' dir='ltr'><strong>δέῗῗέἷίθι</strong></span> <span class='ocrx_word' id='word_1_813' title='bbox 2150 5023 2219 5077; x_wconf 88' lang='lat'><strong>99</strong></span> <span class='ocrx_word' id='word_1_814' title='bbox 2246 5024 2456 5079; x_wconf 70' lang='lat' dir='ltr'><strong>Sancta:</strong></span> <span class='ocrx_word' id='word_1_815' title='bbox 2479 5022 2666 5079; x_wconf 87' lang='lat' dir='ltr'><strong>Crucis</strong></span> <span class='ocrx_word' id='word_1_816' title='bbox 2707 5023 2763 5078; x_wconf 86' lang='lat' dir='ltr'><strong>in</strong></span> <span class='ocrx_word' id='word_1_817' title='bbox 2802 5020 3097 5081; x_wconf 79' lang='lat' dir='ltr'><strong>Jerusalem</strong></span> <span class='ocrx_word' id='word_1_818' title='bbox 3115 5058 3131 5085; x_wconf 87' lang='lat'><strong>,</strong></span> <span class='ocrx_word' id='word_1_819' title='bbox 3158 5021 3227 5075; x_wconf 79' lang='lat' dir='ltr'><strong>sit</strong></span> <span class='ocrx_word' id='word_1_820' title='bbox 3250 5029 3403 5073; x_wconf 74' lang='lat' dir='ltr'><strong>teter-</strong></span> 
     </span>
    </p>
   </div>
   <div class='ocr_carea' id='block_1_109' title="bbox 1821 5106 3402 5245">
    <p class='ocr_par' dir='ltr' id='par_1_109' title="bbox 1821 5106 3402 5245">
     <span class='ocr_line' id='line_1_110' title="bbox 1821 5106 3402 5245; baseline -0.007 -27"><span class='ocrx_word' id='word_1_821' title='bbox 1821 5106 1957 5201; x_wconf 44' lang='lat' dir='ltr'><strong>milia</strong></span> <span class='ocrx_word' id='word_1_822' title='bbox 1944 5136 2109 5245; x_wconf 77' lang='lat' dir='ltr'><strong>Codd.</strong></span> <span class='ocrx_word' id='word_1_823' title='bbox 2146 5164 2212 5217; x_wconf 70' lang='lat'><strong>{0</strong></span> <span class='ocrx_word' id='word_1_824' title='bbox 2240 5164 2493 5217; x_wconf 86' lang='lat' dir='ltr'><strong>Laurent.</strong></span> <span class='ocrx_word' id='word_1_825' title='bbox 2525 5171 2582 5217; x_wconf 90' lang='lat' dir='ltr'><strong>et</strong></span> <span class='ocrx_word' id='word_1_826' title='bbox 2624 5160 2744 5216; x_wconf 86' lang='lat' dir='ltr'><strong>Vat.</strong></span> <span class='ocrx_word' id='word_1_827' title='bbox 2775 5159 2942 5223; x_wconf 72' lang='grc'><strong>1267,</strong></span> <span class='ocrx_word' id='word_1_828' title='bbox 2986 5158 3147 5212; x_wconf 81' lang='lat' dir='ltr'><strong>voluit</strong></span> <span class='ocrx_word' id='word_1_829' title='bbox 3194 5164 3402 5225; x_wconf 72' lang='lat' dir='ltr'><strong>gustare</strong></span> 
     </span>
    </p>
   </div>
   <div class='ocr_carea' id='block_1_110' title="bbox 1822 5249 3403 5369">
    <p class='ocr_par' dir='ltr' id='par_1_110' title="bbox 1822 5249 3403 5369">
     <span class='ocr_line' id='line_1_111' title="bbox 1822 5249 3403 5369; baseline -0.008 -13"><span class='ocrx_word' id='word_1_830' title='bbox 1822 5249 2116 5357; x_wconf 31' lang='lat' dir='ltr'><strong>wglggdtl.</strong></span> <span class='ocrx_word' id='word_1_831' title='bbox 2148 5304 2263 5369; x_wconf 79' lang='lat' dir='ltr'><strong>cit.,</strong></span> <span class='ocrx_word' id='word_1_832' title='bbox 2296 5301 2437 5355; x_wconf 87' lang='lat' dir='ltr'><strong>Nam</strong></span> <span class='ocrx_word' id='word_1_833' title='bbox 2458 5301 2550 5353; x_wconf 82' lang='lat' dir='ltr'><strong>hoc</strong></span> <span class='ocrx_word' id='word_1_834' title='bbox 2579 5299 2726 5369; x_wconf 84' lang='lat' dir='ltr'><strong>signa</strong></span> <span class='ocrx_word' id='word_1_835' title='bbox 2750 5307 2910 5353; x_wconf 79' lang='lat' dir='ltr'><strong>totum</strong></span> <span class='ocrx_word' id='word_1_836' title='bbox 2956 5297 3129 5367; x_wconf 76' lang='lat' dir='ltr'><strong>utique</strong></span> <span class='ocrx_word' id='word_1_837' title='bbox 3174 5307 3403 5349; x_wconf 61' lang='lat' dir='ltr'><strong>restare-</strong></span> 
     </span>
    </p>
   </div>
   <div class='ocr_carea' id='block_1_111' title="bbox 1824 5372 2667 5441">
    <p class='ocr_par' dir='ltr' id='par_1_111' title="bbox 1824 5372 2667 5441">
     <span class='ocr_line' id='line_1_112' title="bbox 1824 5372 2667 5441; baseline -0.006 -16"><span class='ocrx_word' id='word_1_838' title='bbox 1824 5372 2006 5425; x_wconf 79' lang='lat' dir='ltr'><strong>ctionis</strong></span> <span class='ocrx_word' id='word_1_839' title='bbox 2036 5374 2333 5441; x_wconf 78' lang='lat' dir='ltr'><strong>mysterium</strong></span> <span class='ocrx_word' id='word_1_840' title='bbox 2362 5372 2667 5441; x_wconf 59' lang='lat' dir='ltr'><strong>continent].</strong></span> 
     </span>
    </p>
   </div>
   <div class='ocr_carea' id='block_1_112' title="bbox 1894 5437 2975 5504">
    <p class='ocr_par' dir='ltr' id='par_1_112' title="bbox 1894 5437 2975 5504">
     <span class='ocr_line' id='line_1_113' title="bbox 1894 5437 2975 5504; baseline -0.009 -8"><span class='ocrx_word' id='word_1_841' title='bbox 1894 5452 1933 5478; x_wconf 75' lang='grc' dir='ltr'>ω</span> <span class='ocrx_word' id='word_1_842' title='bbox 1961 5437 2107 5495; x_wconf 52' lang='lat' dir='ltr'><strong>Cod:</strong></span> <span class='ocrx_word' id='word_1_843' title='bbox 2126 5440 2193 5494; x_wconf 89' lang='lat'><strong>99</strong></span> <span class='ocrx_word' id='word_1_844' title='bbox 2223 5441 2277 5494; x_wconf 91' lang='lat' dir='ltr'><strong>S.</strong></span> <span class='ocrx_word' id='word_1_845' title='bbox 2306 5440 2493 5494; x_wconf 91' lang='lat' dir='ltr'><strong>Crucis</strong></span> <span class='ocrx_word' id='word_1_846' title='bbox 2520 5439 2573 5491; x_wconf 92' lang='lat' dir='ltr'><strong>in</strong></span> <span class='ocrx_word' id='word_1_847' title='bbox 2603 5437 2737 5504; x_wconf 83' lang='lat' dir='ltr'><strong>Jer.,</strong></span> <span class='ocrx_word' id='word_1_848' title='bbox 2761 5437 2975 5504; x_wconf 82' lang='lat' dir='ltr'><strong>pallida.</strong></span> 
     </span>
    </p>
   </div>
   <div class='ocr_carea' id='block_1_113' title="bbox 1896 5505 3145 5569">
    <p class='ocr_par' dir='ltr' id='par_1_113' title="bbox 1896 5505 3145 5569">
     <span class='ocr_line' id='line_1_114' title="bbox 1896 5505 3145 5569; baseline -0.005 -6"><span class='ocrx_word' id='word_1_849' title='bbox 1896 5520 1920 5546; x_wconf 76' lang='grc' dir='ltr'><strong>ιι</strong></span> <span class='ocrx_word' id='word_1_850' title='bbox 1953 5511 2097 5564; x_wconf 87' lang='lat' dir='ltr'><strong>Idem</strong></span> <span class='ocrx_word' id='word_1_851' title='bbox 2126 5511 2248 5564; x_wconf 87' lang='lat' dir='ltr'><strong>cod.</strong></span> <span class='ocrx_word' id='word_1_852' title='bbox 2276 5510 2343 5562; x_wconf 90' lang='lat'><strong>99</strong></span> <span class='ocrx_word' id='word_1_853' title='bbox 2370 5509 2426 5562; x_wconf 90' lang='lat' dir='ltr'><strong>S.</strong></span> <span class='ocrx_word' id='word_1_854' title='bbox 2460 5507 2645 5561; x_wconf 88' lang='lat' dir='ltr'><strong>Crucis</strong></span> <span class='ocrx_word' id='word_1_855' title='bbox 2669 5506 2720 5559; x_wconf 89' lang='lat' dir='ltr'><strong>in</strong></span> <span class='ocrx_word' id='word_1_856' title='bbox 2749 5505 2885 5569; x_wconf 84' lang='lat' dir='ltr'><strong>Jer.,</strong></span> <span class='ocrx_word' id='word_1_857' title='bbox 2916 5505 3145 5565; x_wconf 68' lang='lat' dir='ltr'><strong>rubeam.</strong></span> 
     </span>
    </p>
   </div>
   <div class='ocr_carea' id='block_1_114' title="bbox 1899 5578 2862 5646">
    <p class='ocr_par' dir='ltr' id='par_1_114' title="bbox 1899 5578 2862 5646">
     <span class='ocr_line' id='line_1_115' title="bbox 1899 5578 2862 5646; baseline -0.004 -15"><span class='ocrx_word' id='word_1_858' title='bbox 1899 5588 1923 5614; x_wconf 87' lang='lat'><strong>°</strong></span> <span class='ocrx_word' id='word_1_859' title='bbox 1950 5580 2081 5633; x_wconf 88' lang='lat' dir='ltr'><strong>Cod.</strong></span> <span class='ocrx_word' id='word_1_860' title='bbox 2110 5578 2229 5632; x_wconf 86' lang='lat' dir='ltr'><strong>Vat.</strong></span> <span class='ocrx_word' id='word_1_861' title='bbox 2264 5578 2459 5642; x_wconf 87' lang='lat' dir='ltr'><strong>Palat.,</strong></span> <span class='ocrx_word' id='word_1_862' title='bbox 2488 5578 2862 5646; x_wconf 64' lang='lat' dir='ltr'><strong>frigescentem.</strong></span> 
     </span>
    </p>
   </div>
   <div class='ocr_carea' id='block_1_115' title="bbox 1899 5637 3402 5711">
    <p class='ocr_par' dir='ltr' id='par_1_115' title="bbox 1899 5637 3402 5711">
     <span class='ocr_line' id='line_1_116' title="bbox 1899 5637 3402 5711; baseline -0.002 -15"><span class='ocrx_word' id='word_1_863' title='bbox 1899 5658 1924 5696; x_wconf 84' lang='lat' dir='ltr'><strong>P</strong></span> <span class='ocrx_word' id='word_1_864' title='bbox 1953 5648 2083 5701; x_wconf 70' lang='lat' dir='ltr'><strong>Cod.</strong></span> <span class='ocrx_word' id='word_1_865' title='bbox 2118 5647 2233 5701; x_wconf 87' lang='lat' dir='ltr'><strong>Vat.</strong></span> <span class='ocrx_word' id='word_1_866' title='bbox 2272 5637 2463 5711; x_wconf 74' lang='lat' dir='ltr'><strong>Palat.,</strong></span> <span class='ocrx_word' id='word_1_867' title='bbox 2488 5637 2612 5698; x_wconf 80' lang='grc' dir='ltr'><strong>Ἠόε</strong></span> <span class='ocrx_word' id='word_1_868' title='bbox 2634 5645 2793 5710; x_wconf 83' lang='lat' dir='ltr'><strong>igitur</strong></span> <span class='ocrx_word' id='word_1_869' title='bbox 2817 5644 3007 5695; x_wconf 87' lang='lat' dir='ltr'><strong>dictum</strong></span> <span class='ocrx_word' id='word_1_870' title='bbox 3060 5651 3135 5695; x_wconf 79' lang='lat' dir='ltr'><strong>est</strong></span> <span class='ocrx_word' id='word_1_871' title='bbox 3174 5637 3402 5693; x_wconf 72' lang='lat' dir='ltr'><strong>credere.</strong></span> 
     </span>
    </p>
   </div>
  </div>
