3910 6238
528 318 628 376 851

1764 311 1821 368 8.
1863 307 2105 368 MAXIM]
2145 303 2589 364 TAURINENSIS

3723 302 3822 359 552

530 430 686 486 nobis
715 425 909 484 melius
955 425 1356 484 administrant.
1406 424 1635 481 Constat
1677 424 1822 480 enim
1875 439 1942 480 ex
1995 423 2127 492 ipsis
2157 429 2202 487 Α
2234 423 2359 476 lutis
2379 421 2657 488 accipere;
2688 425 2763 481 et,
2792 417 2836 470 si
2863 415 2965 472 diei
2993 415 3072 471 t‘as
3099 425 3205 482 est,
3234 415 3376 485 apud
3401 416 3522 470 illos
3551 427 3820 487 pertrans-

528 523 756 577 vasculis
784 523 904 575 illos
925 517 1168 575 hausisse
1187 519 1543 577 ebrietatem;
1574 533 1675 574 nos
1703 516 1922 572 haurire
1957 516 2118 585 justi—

531 611 680 664 tiam.
711 611 837 665 Illos
859 611 1165 682 percepisse
1185 610 1294 665 vini
1324 609 1601 681 poculum,
1632 623 1732 663 nos
1755 607 1980 662 calicem
2028 621 2118 660 sa-

2231 512 2336 566 isse
2374 509 2517 578 quod
2546 509 2824 572 biberant,
2861 509 3001 577 apud
3032 523 3130 562 nos
3154 522 3288 562 vero
3317 521 3641 577 permanere
3674 509 3813 578 quod

2225 601 2556 670 sumpsimus
2580 607 2627 652 ι.

1983 709 2249 773 SERMO
2291 709 2375 769 Χ.

1838 809 1918 862 De
1961 808 2021 863 S.
2059 808 2352 877 Epiphania
2381 804 2485 858 IV.

1979 894 2372 950 ADHONITIO.

602 997 761 1078 521
791 994 868 1078 .ln
912 993 1180 1078 nonnullis
1223 1008 1350 1048 mss.
1395 991 1543 1078 libris
1569 989 1904 1078 lAuggsti‘no,
1935 986 2591 1078 in_aliis_‘Amqmsi9qhic
2620 1003 2834 1078 quoque
2860 1004 3041 1078 serimo
3068 989 3360 1078 attributiis
3388 988 3627 1072 legitur;
3656 1005 3809 1072 quem

533 1056 761 1122 Habt—ini
790 1068 843 1120 in
873 1065 1223 1134 appendicem
1251 1056 2193 1134 senmejusdemS.n§qgu§tini.sub
2221 1071 2364 1134 num.
2398 1056 2498 1134 ξδ’]
2529 1056 2898 1134 traduxerunt.
2920 1059 3150 1134 nobis
3178 1056 3502 1134 S._Maxi_nio
3532 1056 3810 1134 ascribitnr

532 1154 655 1192 cum
681 1123 1032 1206 scriptor-ibus
1059 1133 1286 1188 duorum
1311 1123 1552 1206 codicum
1581 1129 1649 1181 90
1674 1137 1729 1182 et
1754 1123 1898 1206 99S.
1925 1126 2190 1206 Crucisin
2215 1123 2529 1206 Jerusalem,
2559 1128 2624 1206 die
2654 1143 2895 1206 quorum
2913 1128 3186 1206 tide,_post_
3211 1130 3494 1206 clarissimi
3525 1131 3811 1206 card_inalis

533 1208 734 1261 Besutii
763 1201 1100 1265 sententiam,
1133 1217 1290 1256 nemo
1318 1201 1559 1264 dubitare

1597 1206 1794 1268 potest_.
1826 1196 2030 1268 lncod.
2063 1195 2132 1246 90
2159 1195 2492 1268 vetulissirno
2522 1205 2603 1250 est
2631 1213 2809 1252 sermo
2838 1197 2925 1268 Al,
2957 1207 3014 1252 et
3048 1195 3098 1252 in
3137 1199 3309 1253 altero
3336 1199 3407 1251 99
3436 1214 3605 1253 εει-ιιι.
3640 1199 3727 1261 51,
3764 1202 3806 1252 in

530 1293 642 1346 quo
684 1276 742 1329 51
793 1275 985 1346 titulus
1017 1263 1100 1326 est
1138 1268 1450 1346 huiusmodi
1749 1265 2177 1346 Epig/iuniorum,
2220 1274 2272 1346 et
2309 1263 2372 1344 de
2417 1263 2717 1346 Evangelia,
2768 1269 2855 1321 ubi
2899 1267 3154 1346 Dominus
3203 1269 3499 1338 baptizatus
3529 1278 3640 1346 Aest,
3673 1279 3723 1321 et
3751 1273 3807 1320 de

532 1333 734 1468 fsalmo
763 1360 940 1398 xxvni.
968 1343 1024 1422 In
1052 1333 1238 1422 codice
1265 1349 1442 1394 autem
1465 1333 1803 1420 Sangallensi
1825 1333 2046 1415 :De'die
2071 1333 2502 1413 Epig/iuniorum.
2538 1333 2590 1389 Si
2609 1338 2741 1416 quis
2766 1352 2894 1392 vero
2921 1338 3064 1393 hunc
3083 1333 3387 1393 sermonem
3414 1337 3666 1393 conferat
3691 1355 3807 1392 cum

553 1416 764 1468 IOImIIlS
792 1415 849 1466 8.
875 1412 1084 1464 Maximi
1112 1410 1179 1464 de
1199 1409 1385 1464 eodem
1414 1406 1724 1468 Epiphania:
1747 1414 2000 1468 mysterio
2027 1404 2324 1468 agentibus,
2356 1403 2496 1458 idem
2527 1415 2962 1468 argumentorum
2993 1423 3178 1468 genus,
3207 1409 3570 1468 eamdemque
3595 1407 3807 1463 dicendi

553 1415 764 1469 nomiliis
792 1415 849 1466 8.
875 1412 1084 1464 Maximi
1112 1410 1179 1464 de
1199 1409 1385 1464 eodem
1414 1403 1724 1478 Epiphania:
1747 1406 2000 1475 mysterio
2027 1403 2324 1473 agentibus.
2356 1403 2496 1458 idem
2527 1414 2962 1472 argumentorum
2993 1423 3178 1478 genus,
3207 1409 3570 1477 eamdemque
3595 1407 3807 1463 dicendi

532 1486 795 1537 rationem
825 1482 1075 1535 inveniet.

534 1575 924 1627 ARGUIENTUII.
949 1569 1270 1623 -—Christus
1306 1567 1547 1622 Salvator
1578 1583 1636 1619 eo
1665 1574 1890 1634 tempore
1909 1579 2103 1632 cogno-
2135 1566 2181 1624 Β
2209 1561 2352 1614 enim
2384 1561 2479 1616 Dei
2530 1561 2695 1616 Filius
2723 1562 2789 1616 ad
2827 1562 3089 1618 Joannem
3118 1582 3130 1615 :
3165 1564 3294 1617 Sine
3333 1566 3522 1628 modo;
3571 1566 3651 1619 sic
3675 1568 3803 1619 enirn

596 1645 780 1702 scitur,
812 1658 909 1704 quo
954 1658 985 1692 a
1030 1638 1232 1692 Joanne
1277 1641 1331 1690 in
1371 1637 1602 1690 Jordane
1639 1636 1962 1704 baptizatur;
1997 1641 2046 1684 et
2074 1649 2106 1683 a

603 1711 712 1764 Deo
738 1703 903 1762 Filius
926 1709 1235 1778 appellatur.
1284 1707 1348 1760 In
1369 1707 1505 1776 psat.
1541 1703 1711 1758 xxmt
1747 1703 1936 1757 Christi
1970 1716 2107 1772 pra:-

599 1782 795 1834 dictstm
823 1777 1077 1848 baptisma
1101 1777 1217 1844 fuit.

603 1933 726 1988 Dies
766 1930 1184 2001 Epiphaniorum
1243 1927 1430 1982 Grteco
1472 1927 1692 1980 nomine
1739 1927 1816 1979 sic
1863 1935 2104 1979 vocatur.

529 2023 682 2090 Quod
713 2021 856 2075 enim
903 2034 1000 2073 nos
1046 2017 1435 2087 apparitionem
1469 2016 1550 2069 vel
1581 2016 1946 2069 Ostensionem
1973 2014 2108 2067 dici-

527 2128 668 2173 mus,
693 2111 720 2148 δ
747 2112 798 2164 id
826 2110 993 2164 Grmci
1024 2108 1376 2179 Epiphaniam
1398 2115 1611 2160 vocant.
1643 2104 1757 2159 Hoc
1785 2112 1963 2157 autem
1988 2104 2110 2156 ideo

533 2215 555 2242 ἐ
579 2203 803 2256 dicimus
828 2243 841 2266 ,
889 2201 1014 2267 quia
1060 2199 1220 2252 hodie
1266 2197 1525 2250 Dominus
1563 2204 1749 2249 noster
1783 2205 1836 2248 et
1863 2193 2112 2246 Salvator

522 2292 822 2363 apparuitd
858 2289 1153 2345 secundum
1193 2303 1409 2342 carnem
1448 2288 1498 2340 in
1546 2286 1720 2338 terris.
1771 2284 1921 2338 Licet
1964 2285 2107 2338 enim

525 2385 655 2439 olim
704 2393 860 2435 natus
907 2389 1049 2434 esset
1090 2395 1157 2432 ex
1205 2377 1401 2440 Maria,
1453 2384 1506 2430 et
1557 2375 1770 2442 triginta
1800 2385 2107 2428 cannorum

521 2473 798 2542 explesset
826 2479 1072 2535 aetatem;
1112 2478 1292 2522 tamen
1336 2467 1683 2534 ignorabatur
1713 2481 1740 2517 a
1772 2463 1989 2517 mundo.
2035 2463 2110 2516 Eo

527 2571 771 2632 tempore
808 2561 1057 2628 cognitus
1099 2568 1217 2620 est,
1267 2573 1374 2626 quo
1402 2557 1466 2610 ad
1499 2556 1763 2610 Joannem
1791 2556 2106 2624 Baptistam,

528 2661 586 2708 ut
620 2653 671 2705 in
702 2652 935 2706 Jurdane
964 2651 1344 2719 baptizaretur,
1379 2646 1592 2702 advenit
1616 2664 1629 2699 :
1662 2656 1718 2701 et
1742 2663 1848 2700 vox
1877 2646 1944 2701 de
1973 2647 2111 2700 owlo

523 2740 701 2796 Patris
736 2740 1033 2796 intonantis
1070 2738 1250 2792 audita
1287 2747 1405 2793 est:
1449 2737 1551 2790 Hic
1585 2747 1658 2791 est
1685 2737 1851 2790 Filius
1872 2753 2014 2789 meus
2037 2737 2112 2788 di-

2219 1663 2420 1724 oportet
2444 1671 2536 1708 nos
2576 1656 2859 1726 adimplere
2897 1673 3098 1709 omnem
3138 1657 3400 1725 justitiam
3436 1657 3656 1725 (Halm.
3703 1657 3798 1724 tu).

2210 1745 2496 1815 Sequitur;
2533 1745 2784 1802 Dominus
2806 1757 2842 1783 ω
2866 1750 3151 1817 majestatis
3173 1750 3424 1811 intonuit;
3453 1749 3674 1816 quando
3706 1747 3800 1802 Pa-

2210 1851 2294 1887 ter
2319 1834 2453 1889 Filio
2488 1837 2852 1890 testimonium
2891 1837 3120 1891 reddidit
3143 1838 3364 1892 dicens:
3399 1837 3502 1890 Hic
3530 1850 3609 1892 est
3640 1839 3798 1892 Filius

2210 1941 2350 1977 meus
2390 1926 2604 1978 dilectus
2628 1967 2642 1990 ,
2693 1927 2746 1979 in
2787 1943 2884 1997 quo
2920 1928 3045 1980 milii
3073 1928 3382 1997 complucui.
3446 1928 3562 1982 Vox
3592 1928 3799 1983 Domini

2209 2016 2578 2085 confringentis
2594 2017 2772 2070 cedros
2797 2016 2967 2088 (Psal.
2992 2019 3198 2085 xxviii).
3224 2017 3533 2086 Baptizatus
3554 2028 3642 2072 est
3663 2021 3795 2074 enim

2208 2106 2453 2161 Christus
2477 2147 2493 2171 ,
2544 2117 2599 2161 ct
2639 2110 2806 2163 erecti
2856 2110 3005 2178 prius
3045 2116 3206 2176 atque
3237 2111 3494 2162 sublimes
3523 2109 3795 2163 dmmones

2206 2205 2543 2252 corruerunt.
2568 2196 2798 2250 Succidit
2817 2215 2904 2251 eos
2929 2197 3176 2251 Dominus
3203 2200 3346 2267 quasi
3381 2198 3563 2252 cedros
3591 2197 3790 2260 Libani}

2208 2296 2257 2338 et
2284 2288 2581 2340 comminuit
2608 2304 2692 2340 eos
2724 2297 2966 2357 tanquam
2997 2288 3180 2342 vitulos
3214 2287 3426 2356 (Ibid.).
3478 2289 3792 2356 Fragmenta

2210 2377 2460 2432 arborum
2491 2377 2777 2441 ventilans,
2801 2385 2855 2430 et
2883 2376 3118 2430 calcibus
3141 2377 3334 2445 stirpes
3365 2377 3416 2430 in
3447 2377 3659 2431 diversa
3691 2378 3791 2431 dis-

2208 2480 2455 2534 pergens.
2504 2474 2529 2500 η
2572 2465 2613 2517 Ε
2655 2467 2926 2520 contrario
2963 2467 3030 2520 de
3078 2466 3357 2521 Salvatore
3392 2468 3520 2534 quid
3556 2468 3793 2522 dicitur?

2211 2555 2278 2607 Et
2300 2557 2514 2610 dilectus
2541 2574 2700 2620 meus,
2730 2559 2864 2611 sicut
2887 2559 3027 2628 ﬁlius
3055 2560 3378 2612 unicornium
3412 2560 3428 2626 (
3439 2558 3624 2629 16ἰό.).
3657 2560 3790 2613 Dile-

2206 2653 2328 2700 ctus
2387 2646 2643 2700 Dominus
2689 2657 2873 2701 noster
2920 2657 3081 2716 atque
3129 2649 3376 2702 Salvator
3406 2658 3429 2685 ο
3464 2650 3633 2704 Filius
3683 2651 3788 2712 Dei,

2210 2736 2542 2790 unicornium
2568 2777 2582 2800 ,
2633 2737 2770 2790 ﬁlius
2814 2739 2987 2790 crucis
3023 2737 3090 2791 de
3139 2754 3246 2806 quo
3275 2738 3470 2792 dicitur
3501 2739 3551 2793 in
3583 2737 3790 2794 cantico

518 2835 704 2899 Jectus,
726 2834 782 2886 in
802 2849 901 2902 quo
929 2831 1056 2884 mihi
1076 2832 1090 2867 ί
1114 2830 1237 2884 bene
1263 2829 1547 2900 complacui
1571 2829 1780 2900 (Matth.
1814 2827 1911 2897 in).
1936 2827 2107 2893 Quem
2209 2828 2423 2883 Abacuc
2448 2847 2459 2882 ε
2487 2828 2693 2884 Cornua
2727 2831 2779 2882 in
2811 2831 3048 2884 manibus
3081 2830 3213 2899 ejus,
3247 2830 3314 2884 ibi
3350 2833 3621 2886 abscondit
3644 2834 3790 2905 forti-

523 2925 686 2981 Pater
712 2925 780 2979 de
809 2924 959 2978 ctelis
980 2938 1112 2978 voce
1140 2928 1549 2985 monstraverat,
1580 2921 1722 2974 hunc
1749 2917 1975 2989 Spiritus
1995 2933 2112 2972 san-
2136 2915 2179 2974 C
2215 2919 2439 2971 tudinem
2471 2935 2623 2972 suam
2655 2918 2884 2988 (Habac.
2917 2919 3015 2988 ιιι).
3071 2917 3362 2988 Postquam
3403 2937 3533 2990 eigo
3569 2923 3792 2978 dilectus

521 3024 640 3071 ctus
667 3025 692 3063 It
716 3029 894 3078 verus,
922 3013 1074 3084 quasi
1099 3012 1151 3066 in
1175 3011 1498 3075 columbam,
1532 3019 1585 3065 et
1605 3024 1764 3079 super
1787 3014 1947 3078 caput
1968 3007 2108 3062 illius
2211 3007 2311 3063 iste
2340 3008 2624 3064 crucilixus
2656 3017 2757 3075 est,
2787 3008 3064 3079 impletum
3095 3021 3180 3064 est
3205 3009 3352 3073 illud,
3385 3010 3532 3078 quod
3558 3023 3581 3059 P
3612 3012 3789 3079 sequi—

519 3107 714 3162 sedens
743 3114 889 3162 tactu
910 3104 938 3142 ιι
961 3106 1131 3160 voluit
1157 3105 1564 3174 demonstrare,
1596 3117 1664 3156 ne
1703 3102 1822 3172 quis
1848 3102 1982 3155 alius
2010 3100 2106 3155 Dei
2210 3109 2295 3154 tur
2342 3102 2392 3154 in
2437 3101 2642 3170 psalmo
2671 3119 2680 3152 :
2724 3099 2838 3154 Vox
2877 3098 3090 3154 Domini
3128 3101 3485 3154 intercidentis
3528 3103 3791 3170 ﬂammant

518 3198 687 3253 Filius
737 3205 1020 3270 putaretur
1066 3211 1133 3251 ex
1188 3195 1407 3270 populo.
1468 3192 1607 3258 Quid
1654 3194 1755 3247 hac
1803 3193 2106 3247 humilitate
2207 3192 2340 3262 ignis
2367 3190 2534 3259 (Psat.
2571 3190 2777 3258 xxvni).
2817 3189 2916 3243 illo
2938 3191 3078 3244 enim
3105 3191 3404 3259 baptizato,
3447 3200 3504 3246 et
3541 3193 3788 3246 universo

513 3290 840 3345 sublimius?
878 3287 1014 3355 Quid
1052 3288 1155 3342 hac
1197 3287 1402 3340 vilitate
1432 3285 1703 3339 nobilius?
1731 3283 2043 3354 Baptizatur
2072 3301 2100 3338 a
2206 3282 2424 3344 mundo,
2457 3281 2672 3334 Christo
2695 3279 2927 3342 lavante,
2956 3277 3233 3344 mundatd,
3253 3282 3512 3347 gehennze
3536 3282 3667 3348 ignis
3692 3298 3781 3336 cx-

511 3395 693 3444 εει-νο,
724 3388 779 3434 et
808 3395 837 3432 a
883 3379 993 3432 Deo
1037 3377 1202 3430 Filius
1241 3376 1557 3446 appellatur.
1618 3373 1763 3428 inter
1789 3373 2103 3443 publicanos
2202 3376 2424 3428 stinotus
2455 3383 2557 3428 est.
2581 3373 2740 3445 423
2776 3369 2892 3426 Vox
2923 3371 3136 3426 Domini
3167 3373 3505 3427 concuticntis
3536 3375 3787 3428 desertum

512 3479 572 3525 et
618 3470 930 3524 meretrices
975 3475 1030 3521 et
1076 3477 1389 3535 peccatores
1426 3463 1492 3517 ad
1541 3463 1812 3516 lavacrum
1839 3463 2015 3527 venit,
2049 3471 2103 3516 et
2203 3463 2382 3536 (Ibid.
2406 3465 2444 3531 ).
2505 3465 2724 3518 Deserta
2787 3462 2884 3516 fuit
2943 3461 3212 3527 Ecclesia,
3274 3477 3392 3533 qua:
3452 3464 3603 3533 prius
3656 3462 3785 3519 ﬁlios

515 3559 756 3614 sanctior
792 3565 877 3612 est
915 3555 1250 3626 baptizatore
1289 3570 1407 3608 suo.
1448 3552 1464 3590 ί
1499 3553 1809 3622 Baptizatur
1839 3568 1868 3606 a
1893 3552 2100 3608 Joanne
2203 3573 2306 3611 non
2339 3557 2586 3612 habebat.
2632 3555 2710 3610 Ad
2741 3555 3174 3624 prtedicationcm
3204 3554 3405 3609 Christi
3434 3555 3647 3610 desena
3687 3557 3786 3610 ista

514 3652 570 3705 in
616 3666 821 3714 carne;
863 3649 958 3703 sed
997 3649 1110 3718 ipse
1135 3635 1397 3702 Joannem
1426 3646 1478 3699 in
1506 3645 1696 3714 spiritu
1720 3646 1881 3698 lavat.
1915 3645 2098 3715 Aquae,

502 3757 631 3809 qua:
671 3749 865 3794 castora
893 3739 1153 3798 mundare
1189 3743 1613 3802 consueverant,
1658 3735 1885 3790 Domino
1915 3745 2098 3791 nostro

506 3832 755 3897 lavante,
796 3828 958 3904 522
984 3829 1251 3884 munthtze
1289 3837 1432 3883 sunt.
1483 3827 1733 3882 Jordanis
1760 3828 1975 3897 ﬂuvius,
2005 3832 2095 3899 qui

503 3937 576 3977 eo
608 3932 892 3990 tempore,
936 3919 1153 3989 quando
1200 3919 1455 3988 p0pulum
1503 3917 1664 3972 lsrael
1705 3921 1717 3968 l
1768 3920 1917 3972 duxit
1943 3919 2093 3974 Jesus

509 4015 676 4079 Nave,
708 4023 762 4068 et
790 4014 857 4068 ad
901 4022 1098 4067 terram
1141 4012 1516 4080 promissionis
1539 4013 1774 4077 induxit,
1801 4013 1972 4067 fuerat
2001 4030 2095 4068 ex-

506 4106 775 4169 siccatns;
801 4119 942 4157 nunc
972 4102 1118 4166 totis,
1144 4102 1188 4157 si
1213 4101 1497 4171 potuisset,
1528 4102 1686 4156 undis
1713 4101 1738 4139 ιι
1768 4103 1937 4158 voluit
1964 4119 2094 4158 con-

505 4196 735 4265 gregari,
768 4204 826 4250 ut
854 4194 1065 4248 Domini
1094 4208 1292 4262 corpus
1320 4193 1627 4260 attingeret.
1659 4193 1971 4259 lIordanis,
2005 4195 2087 4248 in-

2196 3658 2466 3704 commota
2503 3655 2618 3710 est,
2657 3655 2716 3700 et
2762 3644 3064 3715 parturivit,
3103 3653 3159 3700 et
3194 3654 3320 3698 nata
3368 3654 3455 3700 est
3485 3646 3540 3700 in
3571 3661 3670 3700 una
3697 3651 3785 3701 me

2201 3751 2224 3787 ιι
2247 3752 2376 3805 gens
2402 3746 2531 3790 tota.
2560 3734 2729 3789 Simul
2755 3735 2862 3800 illa,
2887 3750 3006 3805 qua:
3032 3742 3188 3788 antea
3213 3734 3491 3789 dicebatur
3515 3735 3782 3790 desertum

2195 3829 2402 3890 Cadcs,
2438 3829 2539 3882 hoc
2585 3836 2667 3882 est
2711 3827 3021 3891 desertum,
3077 3825 3341 3894 siquidem
3381 3841 3489 3879 non
3529 3825 3781 3880 habuerat

2195 3919 2556 3983 sanctitatem,
2584 3916 2747 3986 coepit
2776 3930 2967 3984 parere
2997 3931 3206 3980 cervos,
3239 3923 3294 3970 et
3321 3923 3636 3970 sanctorum
3662 3924 3778 3969 suo-

2194 4025 2310 4063 rum
2339 4009 2586 4063 emittere
2628 4021 2849 4076 greges,
2891 4007 2982 4076 qui
3012 4016 3290 4077 serpentes
3314 4008 3366 4061 in
3394 4009 3558 4062 terris
3583 4005 3778 4062 interli-

2191 4101 2364 4161 ciunt,
2393 4099 2481 4166 qui
2515 4113 2720 4152 venena
2751 4106 3143 4161 contemnunt,
3189 4097 3384 4167 quibus
3429 4097 3777 4152 discurrenti-

2192 4189 2321 4253 bus,
2366 4190 2497 4242 etin
2537 4195 2651 4241 toto
2688 4187 2818 4241 orbe
2845 4186 3043 4242 Christi
3070 4185 3418 4254 Evangelium
3448 4187 3776 4256 prmdieanti-

502 4288 662 4355 quit,
707 4302 938 4339 reversus
991 4291 1067 4338 est
1112 4291 1391 4337 retrorsum
1440 4281 1612 4350 (Psal.
1646 4281 1823 4353 cuti).
1875 4284 2085 4352 Videte,
2118 4268 2164 4325 Ῑ)
2193 4281 2290 4333 bus
2317 4280 2368 4332 in
2396 4280 2578 4349 templo
2605 4278 2715 4347 ejus
2759 4294 2933 4331 omnes
2968 4276 3139 4329 dicent
3175 4277 3397 4345 gloriam
3434 4274 3545 4329 Deo
3570 4275 3770 4344 (lbid.).

503 4375 732 4436 I'ratres,
773 4373 1044 4442 quomodo
1081 4372 1132 4426 id
1159 4372 1306 4442 quod
1347 4373 1402 4427 in
1441 4371 1732 4440 Evangelia
1758 4374 1954 4438 lectum
1983 4383 2082 4439 est,

501 4464 558 4520 in
605 4464 864 4532 vigesimo
912 4471 1104 4517 octavo
1139 4464 1349 4534 psalmo
1398 4462 1556 4519 fuerit
1583 4472 1707 4518 ante
1737 4465 2083 4534 praedictum:

510 4552 626 4609 Vos:
676 4552 886 4607 Domini
925 4569 1079 4622 super
1107 4569 1271 4624 aquas
1309 4551 1477 4624 (Psal.
1511 4555 1720 4621 xxvm).
1752 4552 1986 4609 Locutus
2006 4562 2091 4610 est

571 4694 598 4722 ⁸
626 4684 761 4739 Cod.
792 4681 914 4736 Vat.
940 4681 1135 4747 Palat.,
1166 4681 1459 4736 Prcstante
1500 4681 1724 4736 Domino
1754 4691 1931 4736 nostra
1956 4682 2083 4737 Iesu

493 4755 727 4808 Christo.
757 4762 861 4808 etc.

532 4755 727 4816 Ilrristo,
757 4762 861 4808 etc.

575 4825 602 4863 δ
623 4824 800 4877 Codd.
827 4823 884 4875 S.
914 4819 1105 4875 Crucis
1136 4822 1228 4874 cit.
1261 4822 1354 4874 hoc
1384 4836 1481 4888 pro
1506 4819 1580 4874 id.

573 4905 599 4924 ο
619 4893 798 4946 Codd.
827 4891 885 4944 S.
907 4890 1097 4945 (luteis
1121 4893 1172 4944 in
1193 4891 1310 4943 .Jer.
1337 4899 1392 4942 et
1417 4891 1532 4942 Vat.
1555 4890 1810 4943 omittunt
1839 4891 2075 4944 dicimus.

562 4962 597 5000 *λ
630 4963 686 5015 ln
710 4972 937 5028 utroque
957 4962 1140 5014 codice
1161 4961 1217 5014 S.
1245 4960 1432 5013 Crucis
1457 4962 1508 5012 in
1526 4957 1636 5012 Jer.
1664 4969 1719 5013 et
1743 4959 1861 5013 Vat.
1885 4963 2081 5016 desunt

496 5034 660 5089 verba
689 5033 969 5084 secundum
994 5047 1226 5082 carnem.

575 5115 598 5140 ο
625 5101 760 5155 Cod.
795 5100 937 5163 Vat.,
968 5102 1256 5168 «triginta
1280 5100 1412 5168 jam.

577 5173 596 5210 ί
619 5170 687 5224 in
712 5169 874 5225 codd.
915 5169 971 5222 S.
1220 5169 1272 5220 in
1298 5168 1409 5220 Jer.
1437 5167 1592 5221 deest
1616 5167 1758 5220 bene.

573 5253 596 5289 ε
629 5239 866 5308 Uterque
902 5238 1064 5293 codd.
1091 5238 1154 5291 S.
1184 5237 1368 5292 Crucis
1414 5238 1466 5290 in
1511 5235 1618 5290 Jer.
1644 5247 1708 5290 et
1736 5237 1879 5301 Vat.,
1908 5254 2081 5291 uersus

499 5315 548 5365 in
581 5311 888 5364 columbam.

504 5450 514 5460 .
572 5381 599 5416 δ
824 5381 917 5460 cit.
943 5377 1002 5432 S.
1035 5377 1218 5432 Crucis
1248 5378 1300 5430 in
1329 5375 1436 5430 Jer.
1467 5384 1523 5430 et
1545 5375 1690 5440 Vat.,
1721 5386 1856 5428 tactu
1888 5393 2086 5445 quoque

499 5450 610 5518 ipso
641 5450 817 5511 coluit,
847 5457 952 5502 etc.

577 5520 592 5597 ξ
795 5519 854 5572 S.
885 5517 1151 5597 Crugisﬂin
1181 5515 1566 5597 Jer.,.Lapatur
1585 5514 1650 5568 ab
1677 5515 1898 5597 Joqnne.

575 5591 588 5640 i
633 5588 869 5659 Uterque
913 5587 1033 5641 cod.
1075 5587 1133 5638 S.
1180 5588 1368 5659 Crucis
1395 5584 1636 5659 in‘Jers,
1683 5583 2072 5659 e_tVat.rl967,

499 5662 605 5714 dna:
634 5655 797 5716 Jrsus'
812 5662 865 5711 in
885 5668 1080 5712 terram
1111 5655 1518 5726 repromissionis
1540 5656 1765 5720 induxit,
1789 5656 2073 5724 explicatus

499 5744 574 5786 est

2193 4371 2482 4438 Sequitur:
2519 4367 2771 4421 Dominus
2810 4366 3056 4420 diluvium
3095 4363 3389 4417 inhabitare
3406 4367 3558 4433 facit.
3590 4363 3770 4420 Consi-

2194 4461 2442 4524 deremus
2464 4467 2633 4513 totum
2655 4457 2858 4521 orbem,
2876 4455 3223 4524 respiciamus
3239 4454 3499 4508 barbaras
3513 4456 3767 4515 nationes.

2199 4552 2503 4606 Romanum
2534 4564 2750 4618 quoque
2778 4558 2803 4584 τ
2839 4549 3126 4602 lustremus
3154 4546 3466 4616 imperium,
3498 4548 3691 4616 ubique
3720 4545 3768 4602 in

2261 4679 2285 4718 ¹ι
2321 4678 2556 4747 Uterque
2584 4677 2703 4747 cod.
2737 4676 2793 4730 8.
2825 4674 3010 4730 Crucis
3039 4675 3090 4728 in
3116 4673 3267 4740 Jer.,
3303 4673 3552 4728 votzterat.
3595 4672 3764 4728 Codex

2189 4760 2369 4804 autem
2404 4745 2523 4801 Vat.
2561 4745 2717 4807 l267,
2739 4747 2978 4799 voluerit.

2266 4820 2282 4858 ι
2318 4820 2373 4873 ln
2406 4819 2631 4885 utrot'iue
2661 4816 2780 4870 cod.
2810 4816 3005 4869 desunt
3031 4814 3340 4882 subsignata
3365 4812 3562 4878 verba;
3590 4826 3767 4882 quem-

2184 4889 2470 4942 admodum
2499 4889 2547 4940 in
2575 4888 2696 4940 cod.
2729 4885 2846 4937 Vat.

2257 4970 2292 4996 ιη
2331 4958 2567 5025 Uterque
2596 4957 2715 5010 eod.
2739 4954 2803 5025 iS.
2831 4952 3238 5025 Crucisinjcr.
3270 4951 3416 5025 addit
3445 4948 3608 5025 Deus.

2255 5038 2280 5064 η
2315 5020 2549 5095 Uterque
2577 5025 2699 5080 cod.
2731 5024 2788 5078 8.
2816 5022 3002 5078 Crucis
3024 5024 3076 5078 in
3095 5022 3212 5078 Jer.
3243 5031 3299 5078 et
3323 5020 3467 5085 Vat.,
3493 5020 3560 5072 At
3589 5035 3616 5071 ι
3645 5034 3763 5073 css-

2191 5099 2370 5151 tran'o.

2262 5178 2286 5202 ο
2321 5166 2553 5235 Uterque
2580 5162 2790 5235 cod.VS.
2821 5161 3009 5218 Crucis
3037 5162 3090 5215 in
3117 5159 3227 5216 Jer.
3257 5168 3312 5214 et
3350 5158 3494 5222 Vat.,
3533 5156 3763 5212 Saluator

2188 5248 2265 5291 est
2296 5236 2462 5289 Filius
2477 5234 2830 5288 unicornium.

2261 5317 2288 5356 P
2318 5305 2552 5372 Uterque
2577 5305 2722 5366 cod.,
2749 5303 2936 5372 dicitur
2958 5303 3011 5353 in
3032 5301 3253 5372 psalmo.

2264 5388 2286 5421 ιι
2321 5366 2554 5442 Uterque
2583 5373 2703 5427 cod.
2736 5372 2793 5425 8.
2825 5366 3091 5442 βινυεὶεξιιι
3118 5368 3253 5432 Jer.,
3283 5375 3553 5442 gens—tota
3579 5366 3759 5420 simul:

2189 5446 2283 5499 illa
2312 5446 2394 5497 die
2561 5453 2682 5497 ante
2708 5440 2972 5513 dicebatur
3282 5437 3464 5513 Casta,
3486 5444 3602 5513 etc:

2269 5527 2287 5551 τ
2322 5502 2554 5581 Uterque
2575 5513 2696 5566 cod.
2727 5509 2783 5564 S.
2815 5509 3000 5586 crucis
3024 5510 3076 5562 in
3107 5507 3214 5586 Jer.
3247 5517 3303 5561 et
3326 5504 3446 5586 Vat.
3480 5502 3633 5586 tit-5?,

2186 5601 2392 5637 manum
2421 5573 2614 5652 quoque
2651 5589 2819 5635 ments
2854 5580 3128 5634 lustremus
3166 5577 3478 5646 inperium:
3511 5573 3688 5644 ubique
3710 5575 3758 5626 is

2184 5654 2386 5706 Christo
2415 5653 2648 5705 credunt.
