3910 6238
114 347 216 405 555

1532 341 1761 396 δεξιΜο
1803 340 1862 392 XI
1875 380 1888 393 .

3275 339 3378 394 553

115 457 273 528 ἧ,ρᾷ
301 466 555 511 nostrum
610 458 887 510 Dominum
935 452 1306 521 baptizantur;
1352 459 1405 503 et
1438 452 1507 504 ita
1539 451 1595 504 lit
1652 464 1707 504 ut
1740 464 1781 512 Α
1815 466 1960 511 rum,
1992 456 2046 502 et
2073 449 2342 503 imitemur
2370 448 2703 504 Salvatorem
2737 458 3003 512 nostrum,
3028 447 3053 484 δ
3076 450 3168 516 qui
3188 460 3243 505 et
3267 453 3380 520 ipse

117 560 219 598 non
249 560 354 597 una
388 560 531 612 aqua
553 585 568 608 ,
595 542 691 596 sed
717 538 1112 608 quodammodo
1143 536 1198 588 lit
1223 537 1476 589 diluvium
1520 538 1696 604 bapti—

115 647 372 684 smorum.
403 632 769 698 Quapropter,
792 631 985 680 fratres
1007 625 1283 689 carissimi,
1309 627 1560 693 quoniam
1583 641 1706 678 con-

115 728 443 777 summatum
477 729 561 772 est
589 717 985 771 tabernaculum
1019 716 1142 782 (hoc
1166 715 1306 767 enim
1335 714 1524 781 psalmi
1556 715 1706 767 istius

117 809 266 861 titulo
299 808 685 875 pnunotatur),
709 815 763 859 et
790 805 1039 872 quoniam
1071 803 1309 856 Ecclesia
1347 804 1482 855 vivis
1512 803 1703 870 lapidi-

118 899 257 950 bus!
300 905 624 950 constructa
665 905 776 961 est,
827 893 1109 947 afferamus
1159 893 1383 945 Domino
1426 891 1560 946 ﬁlios
1588 893 1699 953 Dei,

118 986 406 1038 aderamus
439 986 582 1038 tilios
611 985 854 1046 arietum,
901 981 1266 1051 apostolorum
1302 989 1463 1048 atque
1491 990 1704 1033 sancto-

1809 540 1998 592 Pastor
2035 547 2088 592 et
2117 539 2296 606 Agnus
2339 539 2654 608 appellatur,
2696 541 2786 607 qui
2818 554 2915 608 pro
2946 539 3099 593 nobis
3139 541 3383 594 immola—

1811 631 1976 681 tur'in
2025 628 2290 699 Egypto,
2330 629 2421 696 qui
2470 644 2567 697 pro
2596 628 2742 682 Isaac
2783 628 3031 682 cornibus
3071 637 3282 683 tenetur
3327 632 3382 683 in

1808 718 2047 770 sentibus
2069 758 2082 781 ,
2118 726 2172 770 et
2201 717 2474 770 dicamus:
2508 716 2758 769 Dominus
2794 718 2956 785 pascit
2998 734 3077 769 me
3100 756 3113 780 ,
3163 727 3212 769 et
3251 719 3381 770 nihil

1807 805 1930 856 mihi
1955 805 2130 857 deerit.
2182 803 2248 856 In
2288 805 2397 857 loco
2443 820 2650 872 pascua:
2681 806 2752 856 ibi
2788 822 2868 856 me
2895 805 3193 868 collocavit;
3227 821 3379 873 super

1809 909 1994 960 aquam
2039 893 2333 960 refectionis
2371 892 2601 944 educavit
2640 908 2720 943 me
2761 891 2929 961 (Pent.
2965 892 3116 961 χχιι).
3176 892 3273 945 Cui
3297 901 3379 945 est

1807 982 1980 1048 gloria
2008 990 2063 1035 et
2088 981 2370 1049 imperium
2401 981 2453 1032 in
2484 981 2676 1034 sarcula
2697 981 3030 1034 saeculorum.
3065 981 3250 1034 Amen.

1541 1086 1808 1146 SERMO
1857 1089 1965 1147 XI.

1443 1183 1516 1234 De
1544 1185 1794 1250 baptismo
1814 1187 2010 1242 Clu-isti
2043 1188 2089 1239 1.

1561 1269 1944 1324 ADMONITIO.

187 1361 336 1417 Hanc
363 1365 685 1418 concionem
710 1362 760 1431 in
809 1360 866 1431 8.
899 1359 1162 1431 Ambrosii
1190 1358 1441 1431 operibus
1462 1357 1659 1431 emtam
1680 1358 1746 1410 ad
1771 1359 2120 1431 Maximianos
2144 1376 2418 1431 sermones
2441 1362 2732 1425 traducam,
2767 1363 3086 1416 auctoritate
3110 1374 3384 1431 permotus

121 1449 220 1486 non
251 1434 415 1485 modo
447 1432 690 1485 codicum
719 1428 774 1500 S_.
806 1427 989 1500 Crucis
1018 1429 1069 1480 in
1097 1425 1391 1500 Jerusalem
1421 1434 1474 1500 et
1503 1425 1864 1500 Taurinensis,
1896 1431 1987 1500 sed
2018 1432 2179 1500 etiam
2208 1427 2673 1500 Benedictinorum
2711 1432 3092 1500 monachorum
3112 1425 3373 1500 'congreg.

120 1501 172 1553 8.
199 1501 388 1561 Mauri,
424 1501 520 1567 qui
550 1502 602 1551 in
630 1496 1209 1567 prmfationejnserm.
1250 1493 1326 1567 _lO
1372 1494 1597 1567 append.
1647 1509 1869 1567 operum
1917 1499 1995 1567 S._
2019 1499 2285 1552 Ambrosii
2321 1499 2393 1551 ita
2433 1500 2644 1567 sentire
2661 1499 2928 1551 videntur.
2961 1499 3210 1567 lnquiunt
3231 1493 3381 1556 cnim

121 1562 590 1622 conferenda—esse
615 1562 736 1633 qua:
763 1565 901 1617 idem
931 1563 988 1617 S.
1021 1564 1328 1634 Ambrosius
1356 1562 1641 1634 subﬂlinem
1672 1563 1764 1616 lib.
1803 1581 1837 1634 η
1884 1567 1935 1617 in
1973 1565 2167 1619 Lucam
2207 1567 2272 1619 de
2313 1567 2575 1634 baptismo
2615 1565 2813 1621 Christi
2857 1562 3055 1634 deque'
3079 1571 3384 1624 testimonio

121 1636 288 1689 Patris
318 1646 374 1690 et
402 1629 829 1703 Spiritus—sancti
862 1632 1204 1703 apparitione
1226 1629 1568 1703 docetsCum
1585 1638 1775 1703 autem
1806 1632 2068 1703 Ambrosii
2095 1636 2358 1702 expositio
2380 1629 2481 1688 alia
2503 1636 2572 1688 sit
2592 1637 2658 1689 ab
2686 1651 2749 1689 ea
2777 1651 2896 1703 qua:
2923 1629 3025 1688 hoc
3055 1637 3107 1688 in
3136 1653 3386 1692 sermone

125 1705 366 1777 traditur,
397 1695 592 1777 contra
618 1717 760 1777 vero
778 1695 1020 1777 non-tam
1049 1699 1262 1777 similia,
1293 1699 1386 1751 sed
1417 1698 1544 1770 ipsis
1573 1695 1690 1777 .fcre
1719 1701 1894 1753 verbis
1923 1695 2224 1777 alibi_dicta.
2245 1719 2276 1755 a
2313 1704 2541 1777 Maximo
2580 1695 2922 1777 reperiantur
2930 1743 2945 1766 ,
2977 1707 3105 1777 satis
3132 1707 3387 1777 evincunt

123 1775 228 1824 non’
254 1773 622 1835 Ambrosium,
672 1771 764 1823 sed
810 1769 1096 1834 Maximum
1144 1767 1300 1832 hujus
1350 1767 1615 1819 sermonis
1660 1778 1934 1822 auctorem
1978 1771 2340 1836 judicandum.
2374 1767 2827 1826 Commentarium
2871 1772 2997 1825 illud
3029 1774 3296 1827 Ambrosii
3328 1777 3381 1828 in

123 1838 313 1908 Lucam
355 1840 649 1893 Maximum
694 1838 941 1908 habuisse
981 1837 1445 1908 prm‘oculis__non
1490 1839 1645 1908 nego,
1688 1851 1808 1908 cum
1839 1840 2091 1891 nonnulla
2127 1840 2317 1892 similia
2344 1840 2558 1904 scribat,
2591 1841 2684 1893 sed
2713 1855 2862 1894 suam
2891 1841 2990 1892 sibi
3022 1842 3158 1892 viam
3189 1845 3382 1908 sternit

123 1905 177 1961 8.
208 1909 434 1968 antistes
482 1917 665 1961 noster
709 1904 1042 1974 propriisque
1071 1904 1362 1974 sententiis
1403 1904 1704 1974 orationem
1742 1906 2019 1960 instaurat.
2061 1908 2130 1958 At
2160 1917 2217 1958 ut
2252 1908 2317 1960 ad
2360 1907 2569 1961 codices
2607 1924 2732 1960 mss.
2767 1909 3002 1968 redeam,
3039 1904 3382 1965 Taurinensis

123 1990 424 2030 sermonem
455 1977 672 2044 exhibet
699 1970 986 2044 hoc—titulo
1007 1991 1025 2044 _:
1061 1971 1193 2024 Item
1221 1980 1268 2024 et
1296 1971 1572 2044 deﬂendem
1603 1970 1917 2044 Epiphania,
1947 1985 1995 2044 e_t
2029 1976 2279 2043 baptismo
2308 1975 2499 2028 Christi
2530 1978 2705 2029 bomil.
2743 1974 2845 2029 IX.
2876 1977 3158 2044 Inscriptio
3201 1986 3379 2032 autem

124 2045 238 2112 cod.
285 2045 353 2096 90
378 2044 456 2112 iS.
500 2043 685 2096 Crucis
727 2043 780 2094 in
805 2040 1108 2112 _Jeru_sale_m
1153 2055 1296 2112 num.
1342 2039 1410 2112 4?
1451 2041 1523 2112 ita
1567 2039 2428 2112 exprimiturgplncipittractatus
2471 2045 2534 2097 de
2571 2045 2900 2112 Epiphania;
2946 2046 3000 2098 in
3041 2039 3209 2100 altero
3251 2064 3381 2101 vero

125 2111 302 2166 codice
331 2111 439 2164 99:
476 2112 666 2179 Incipit
693 2112 758 2163 de
794 2107 1108 2178 Epiphania.
1149 2108 1332 2161 Codex
1375 2107 1604 2161 basilica
1632 2107 1690 2161 S.
1724 2107 1866 2163 Petri
1898 2110 1964 2162 40
1994 2111 2033 2163 F
2063 2107 2204 2165 hunc
2243 2112 2488 2166 eumdem
2529 2107 2768 2166 continet
2795 2129 3115 2176 sermonem,
3150 2119 3384 2170 auctoris

126 2194 339 2234 nomine
368 2196 596 2235 01111550.

128 2268 514 2325 Annuusu'ruu.
539 2302 609 2311 —-
628 2269 860 2340 Cwlestia
887 2268 1151 2340 mysteria,
1173 2283 1286 2340 qua:
1311 2266 1585 2340 in_Cl_z_risti
1615 2267 1705 2320 ba-
1735 2273 1778 2330 B
1810 2285 1908 2323 nos
1935 2271 2118 2337 utique
2157 2272 2269 2339 qui,
2312 2271 2602 2325 multorum
2635 2272 2919 2324 criminum
2949 2273 3183 2340 peccatis
3211 2273 3382 2326 obno—

194 2342 436 2407 ptismate
463 2338 875 2407 continenturin
914 2336 1080 2407 lucem
1118 2338 1313 2405 profert
1345 2336 1404 2388 S.
1439 2335 1702 2407 Maximus

193 2403 258 2475 ad
284 2408 521 2475 ﬁdelium
549 2422 758 2458 suorum
798 2403 1221 2475 institutionem,
1255 2415 1404 2475 atque
1449 2405 1700 2475 nonnulla

193 2474 250 2528 S.
284 2472 577 2543 Scriptura?
615 2473 932 2534 testimonia,
968 2472 1314 2540 imprimisque
1354 2473 1416 2543 de
1447 2473 1697 2536 columba,

197 2544 353 2613 deaue
366 2541 610 2597 ‘Jbrdane
634 2557 872 2595 converso
896 2549 1169 2592 retrorsum
1198 2541 1426 2608 exponit.

198 2713 445 2782 Plerique
483 2714 535 2768 in
566 2714 674 2768 hac
717 2721 902 2767 sancta
936 2712 1246 2782 Epiphania:
1270 2713 1356 2766 die
1382 2713 1640 2768 hactenus
1669 2730 1700 2768 a

133 2799 352 2854 Domino
376 2801 642 2856 mirabilia
671 2801 810 2855 facta
841 2814 958 2854 esse
984 2808 1438 2864 commemorant,
1470 2808 1528 2853 ut
1556 2815 1706 2868 roga-

135 2899 212 2942 tus
256 2890 320 2943 ad
369 2893 586 2960 nuptias
631 2906 780 2960 aqua:
825 2892 1175 2946 substantiam
1223 2891 1275 2944 in
1320 2891 1431 2943 vini
1471 2892 1703 2960 speciem

135 2990 505 3047 commutaret,
531 2997 596 3036 ac
622 2982 883 3051 liquorem
913 2981 1139 3036 fontium
1164 2982 1217 3034 in
1245 2981 1520 3034 meliorem
1551 2997 1702 3034 usum

137 3078 156 3104 ε
180 3069 254 3122 sui
290 3070 669 3124 benedictione
712 3069 1054 3134 transferret,
1087 3069 1114 3107 ά
1144 3070 1415 3123 ministros
1453 3070 1696 3123 hausisse

138 3171 322 3224 aquam
351 3159 418 3211 de
447 3158 657 3226 puteis,
688 3159 869 3211 vinum
900 3159 951 3210 in
979 3158 1178 3227 hydriis
1209 3158 1475 3211 invenisse
1501 3197 1514 3222 ,
1543 3166 1703 3226 atque

135 3248 334 3302 utiliore
362 3249 646 3318 dispendio
682 3249 975 3317 perdidisse
1013 3248 1155 3315 quod
1208 3248 1433 3301 deerat:
1472 3257 1703 3316 tuncque

137 3338 355 3403 primum
386 3341 492 3393 hoc
519 3340 749 3393 mirabili
770 3339 920 3406 signo
946 3338 1242 3392 divinitatis
1271 3353 1376 3391 suae
1405 3339 1704 3393 declarasse

135 3426 398 3483 virtutem.
432 3430 683 3483 Nonnulli
713 3437 891 3483 autem
920 3430 974 3482 in
1000 3429 1100 3483 hac
1140 3439 1322 3482 sancta
1352 3429 1436 3482 die
1467 3445 1496 3481 a
1535 3428 1702 3482 Joan-

135 3530 197 3568 ne
225 3517 549 3586 baptizatum
584 3536 705 3574 eum
745 3522 797 3573 in
830 3520 1063 3574 Jordane
1093 3528 1373 3583 testantur,
1406 3533 1427 3557 ο
1461 3529 1618 3588 atque
1647 3523 1698 3575 in

1806 2359 1898 2418 xii,
1927 2374 2060 2427 opus
2088 2359 2413 2414 habebamus
2451 2367 2510 2413 ut
2549 2360 2601 2412 in
2641 2359 2838 2413 Christi
2869 2360 2885 2396 τ
2909 2361 3228 2428 baptismate
3251 2376 3379 2430 pur-

1803 2460 2088 2513 garemur:
2121 2457 2281 2516 atque
2311 2448 2430 2502 ideo
2456 2451 2607 2502 venit
2640 2449 2896 2502 Dominus
2924 2450 3082 2521 525
3126 2451 3192 2504 ad
3238 2453 3383 2505 lava-

1804 2551 1973 2596 crum.
2012 2553 2117 2590 non
2150 2545 2206 2590 ut
2234 2538 2543 2606 puriﬁcetur
2573 2548 2596 2585 8
2629 2539 2743 2607 ipse
2785 2541 2953 2606 aquis,
2987 2541 3081 2594 sed
3129 2551 3186 2594 ut
3228 2544 3382 2598 nobis

1804 2640 2066 2694 aquarum
2107 2624 2304 2680 ﬂuenta
2348 2627 2609 2696 puriﬁcet.
2661 2626 2684 2663 δ
2717 2625 2798 2681 Ex
2841 2643 2950 2697 quo
2994 2631 3136 2684 enim
3185 2633 3274 2686 ille
3330 2635 3382 2687 in

1804 2717 1957 2784 aquis
1983 2732 2040 2770 se
2067 2718 2269 2781 mersit,
2311 2732 2376 2770 ex
2407 2733 2472 2771 eo
2509 2718 2748 2771 omnium
2792 2719 3120 2773 credentium
3162 2730 3382 2789 peccata

1802 2806 2016 2860 delevit.
2056 2807 2285 2862 Necesse
2314 2815 2396 2861 est
2423 2809 2604 2862 autem
2634 2815 2692 2861 ut
2720 2809 2959 2863 omnium
2983 2819 3201 2877 peccata
3232 2811 3381 2864 dele-

1812 2897 1968 2957 verit,
1998 2897 2088 2964 qui
2133 2897 2370 2950 omnium
2412 2904 2632 2965 peccata
2668 2898 2922 2965 suscepit,
2957 2899 3094 2951 sicut
3120 2900 3194 2952 ait
3222 2915 3380 2953 evan-

1804 2985 1992 3051 gelista
2026 3003 2038 3036 :
2072 2984 2174 3037 Hic
2200 2995 2276 3037 est
2301 2986 2478 3055 Agnus
2513 2984 2528 3021 ί
2559 2985 2676 3049 Dei,
2710 2986 2790 3037 hic
2817 2996 2894 3038 est
2930 2989 3016 3056 qui
3045 2989 3179 3040 tollit
3212 2989 3224 3037 1'
3265 3004 3382 3057 pec-

1805 3082 1974 3127 catum
2001 3074 2180 3125 mundi
2213 3073 2390 3144 tloan.
2421 3074 2480 3143 ι).
2528 3074 2717 3127 Mirum
2755 3088 2883 3142 ergo
2912 3076 2964 3127 in
2993 3076 3210 3130 modum
3240 3094 3377 3132 unus

1805 3163 2081 3229 mergitur,
2122 3171 2177 3215 et
2224 3163 2367 3215 salus
2414 3164 2649 3217 omnium
2696 3173 2994 3232 reparatur.
3047 3165 3211 3219 Adest
3248 3182 3377 3234 ergo

1805 3249 1943 3303 Deus
1980 3248 2138 3303 Pater
2165 3265 2284 3304 cum
2322 3250 2622 3318 baptizatur
2647 3251 2919 3313 Dominus,
2962 3253 3113 3306 adest
3151 3254 3382 3322 Spiritus

1802 3347 2039 3401 sanctus.
2087 3338 2111 3375 ¹ι
2160 3338 2348 3392 Videte
2402 3340 2693 3393 Salvatoris
2744 3341 3208 3407 benevolentiam,
3256 3345 3381 3410 quia

1802 3428 1947 3483 solus
2001 3443 2060 3481 se
2107 3428 2158 3481 in
2209 3428 2458 3497 passione
2501 3429 2840 3482 contumeliis
2883 3430 3162 3494 subdidit,
3204 3413 3271 3484 'in
3308 3432 3383 3485 la-

1802 3532 1963 3571 vacro
2008 3517 2153 3570 solus
2189 3517 2416 3583 gratiam
2462 3533 2569 3570 non
2607 3517 2867 3586 quaesivit,
2906 3517 2917 3553 ¹
2955 3519 3068 3571 vult
3096 3520 3383 3588 participes

135 3602 320 3660 lavacri
361 3609 479 3675 ejus
517 3610 686 3676 gratia
732 3609 1033 3663 interfuisse
1080 3609 1345 3676 loquendo
1397 3609 1557 3662 Deum
1600 3609 1699 3662 Pa-
1728 3618 1773 3676 ρ
1802 3624 1923 3662 esse
1945 3609 2142 3674 gloriae.
2187 3608 2350 3660 Adest
2389 3622 2534 3675 ergo,
2576 3609 2712 3662 sicut
2751 3609 2882 3673 dixi,
2927 3608 3104 3673 Pater,
3149 3612 3301 3664 adest
3330 3621 3383 3666 et

136 3702 258 3748 trem
283 3737 298 3760 ,
347 3707 591 3752 sanctum
631 3714 843 3767 quoque
890 3699 1144 3767 Spiritum
1186 3697 1539 3751 descendisse.
1595 3698 1702 3752 Nec

136 3786 314 3839 mirum
336 3829 350 3852 ,
381 3790 424 3842 si
455 3790 511 3842 in
543 3773 749 3842 Domini
792 3790 1006 3845 lavacro
1048 3788 1358 3858 mysterium
1391 3803 1494 3840 non
1534 3787 1701 3841 defuit

137 3872 436 3942 Trinitatis,
489 3893 611 3932 cum
655 3887 894 3932 nostrum
934 3877 1203 3930 lavacrum
1233 3875 1498 3943 compleat
1523 3871 1700 3928 sa‘cra-

136 3973 382 4018 mentum.
418 3966 605 4034 Neque
628 3968 769 4020 enim
809 3974 1024 4036 poterat.
1046 3966 1304 4019 Dominus
1334 3980 1438 4018 non
1472 3965 1698 4032 primum

136 4052 268 4106 circa
306 4072 364 4110 se
403 4057 663 4111 exhibere
696 4049 839 4127 quad
880 4065 997 4110 erat
1023 4065 1208 4125 postea
1250 4056 1484 4108 humano
1519 4054 1698 4120 generi

138 4152 518 4213 prmeepturus;
547 4163 669 4200 cum
698 4147 875 4200 omnia
905 4161 1010 4199 non
1041 4147 1122 4198 sui
1151 4145 1350 4212 gratia,
1381 4143 1475 4197 sed
1503 4150 1699 4198 nostra:

137 4231 306 4293 gratia:
343 4235 532 4288 salutis
575 4234 831 4288 elliceret.
874 4233 982 4288 Aut
1011 4235 1247 4302 nunquid
1274 4241 1492 4303 propter
1519 4247 1577 4286 se
1605 4233 1702 4286 ba-

140 4319 320 4384 ptizari
350 4325 541 4391 voluit,
564 4340 684 4378 cum
713 4333 992 4394 peccatum
1014 4340 1119 4377 non
1143 4317 1381 4388 haberet,
1411 4325 1548 4378 sicut
1573 4324 1700 4379 dicit

138 4410 420 4475 praplieta:
457 4410 558 4476 Qui
588 4423 850 4479 peccatum
879 4430 981 4467 non
1011 4415 1154 4483 fecit,
1182 4430 1272 4466 nec
1294 4414 1438 4466 dolus
1467 4415 1699 4468 inventus

136 4503 205 4546 est
244 4499 296 4550 in
335 4517 419 4554 ore
445 4503 558 4572 ejus
605 4501 758 4571 (Isai.
792 4517 921 4568 xm;
955 4501 986 4555 I
1009 4501 1153 4555 Petr.
1183 4503 1291 4571 n)?
1338 4502 1444 4556 Sed
1470 4510 1692 4572 propter

203 4705 225 4766 ξ
253 4698 380 4766 Cod.
414 4702 469 4752 8.
500 4700 686 4756 Crucis
715 4703 767 4755 in
791 4701 920 4766 Jer.,
952 4709 1212 4755 exstructa
1248 4710 1341 4754 est.

200 4763 225 4799 δ
254 4765 416 4821 Codd.
449 4769 503 4822 8.
537 4769 724 4823 Crucis
753 4772 804 4824 in
833 4763 1123 4840 Jerusalem
1153 4779 1207 4823 et
1229 4770 1374 4832 Vat.,
1401 4772 1485 4840 qui
1513 4772 1622 4839 ipse
1649 4779 1697 4821 et

140 4830 604 4908 PastortetiArjes,
632 4848 682 4908 et
707 4840 880 4908 Agnus
911 4839 1214 4908 appellatur.

205 4914 223 4968 σῖ
253 4902 382 4956 Cod.
413 4907 474 4958 8.
499 4905 663 4968 Petri,
694 4902 806 4964 sua.

203 4965 221 5002 ⁵
251 4968 394 5044 Idem
418 4975 540 5040 cod.
571 4965 802 5044 SJPetri
823 5014 836 5036 ,
868 4976 1090 5026 ministri
1119 4974 1362 5026 hauriunt
1406 4991 1591 5044 aquam
1632 4975 1696 5027 de

137 5039 305 5110 puteis,
333 5039 585 5110 vinumin
615 5043 810 5110 bydriis
837 5043 1126 5105 inveniunt,
1158 5051 1260 5095 etc.

204 5115 224 5140 ε
245 5105 380 5180 Idem
401 5112 519 5180 cod.
539 5105 780 5180 S._Petri,
804 5113 955 5178 atque
973 5112 1026 5162 in
1047 5110 1249 5180 lavacro
1271 5111 1379 5179 ejus
1399 5112 1692 5180 interfuisse

139 5172 367 5250 laquendo
396 5176 562 5250 Deum
592 5172 830 5250 Patrem,
849 5172 1175 5250 sanctumque
1206 5172 1458 5247 Spiritum
1480 5172 1690 5232 descen-

139 5242 277 5312 disse.
310 5242 420 5297 Nec
447 5249 655 5310 mirum,
685 5249 730 5300 si
755 5250 810 5300 in
837 5242 1340 5312 dominico-lavacro,
1373 5262 1476 5312 etc.

192 5308 223 5387 _‘
260 5309 314 5364 In
343 5308 714 5387 utroque‘cod.
740 5315 795 5368 S.
827 5315 1014 5372 Crucis
1043 5318 1094 5369 in
1121 5316 1227 5371 Jer.
1261 5326 1315 5370 et
1330 5308 1389 5369 ’8.
1420 5309 1580 5381 Petri,
1608 5316 1686 5368 ba-

139 5383 306 5449 tllismp
327 5395 422 5449 pro
447 5383 770 5449 baptismate.

204 5455 226 5529 ξ
254 5445 455 5529 in
489 5445 559 5529 ἓξ)
586 5452 742 5529 deest
761 5454 883 5522 ίρεε·

201 5510 225 5547 δ
408 5517 462 5572 8.
496 5519 660 5580 Petri.
815 5538 912 5592 quo
938 5523 1029 5592 ille
1054 5539 1106 5574 se
1141 5523 1193 5574 in
1218 5538 1377 5591 aquas
1405 5523 1596 5583 mersit,
1624 5537 1689 5573 ea:

143 5595 194 5656 eo
217 5585 428 5640 omnium
465 5599 678 5656 peccata
705 5585 882 5643 abluit.
928 5589 1150 5644 Necesse
1185 5585 1467 5643 est"autem
1497 5601 1550 5641 ut
1574 5605 1685 5643 om-

146 5663 267 5702 nium
291 5667 496 5719 peccata
524 5658 760 5720 dilusret,
790 5661 874 5727 qui
903 5662 1145 5720 omnium,
1179 5669 1278 5712 etc.

398 5746 670 5804 νηιιοι..
720 5745 900 5804 LVII.

1810 3696 2037 3764 Spiritus
2085 3703 2299 3747 sanctus
2340 3712 2351 3745 :
2386 3701 2439 3747 et
2485 3695 2606 3761 quia
2649 3695 2787 3749 Deus
2826 3697 2993 3749 videri
3036 3713 3142 3750 non
3185 3707 3381 3766 potest,

1809 3783 2036 3852 Spiritus
2065 3785 2116 3836 in
2147 3783 2411 3845 columba,
2445 3781 2604 3836 Pater
2633 3782 2909 3837 descendit
2933 3785 2985 3836 in
3010 3801 3141 3839 voce
3165 3827 3182 3853 ,
3211 3790 3376 3854 quod-

1808 3872 2112 3939 quersolum
2142 3881 2179 3922 αξ
2209 3871 2275 3924 ad
2304 3871 2643 3925 astruendam
2673 3869 2834 3926 ﬁdem
2865 3876 3221 3928 necessarium
3247 3887 3382 3941 erat,

1809 3970 1835 3995 υ
1865 3961 2082 4014 exhibet
2108 3960 2460 4015 Salvatorem.
2495 3960 2646 4015 Fides
2675 3962 2820 4030 enim
2860 3973 3038 4018 nostra
3071 3966 3171 4018 nisi
3202 3968 3384 4021 auditu

1809 4064 1915 4100 non
1938 4055 2147 4101 constat
2175 4054 2229 4101 et
2257 4049 2389 4111 visu,
2416 4048 2614 4102 ideo-se
2644 4049 2874 4117 Spiritus
2904 4052 2955 4103 in
2984 4053 3230 4107 columba
3251 4071 3384 4110 ocu-

1807 4138 1870 4190 lis
1891 4136 2087 4199 subdit,
2113 4134 2274 4189 Pater
2295 4137 2347 4189 in
2370 4152 2504 4190 voce
2527 4151 2584 4190 se
2605 4140 2819 4193 auribus
2843 4141 3227 4196 subministrat.
3253 4144 3383 4199 Nam

1805 4229 1906 4281 nisi
1941 4233 2158 4296 propter
2198 4235 2436 4283 nostram
2482 4226 2903 4281 credulitatem-0
2930 4231 3037 4283 ista
3077 4233 3189 4286 ﬁeri
3218 4249 3380 4301 opor-

1803 4319 2007 4383 tuisset,
2057 4317 2230 4385 potuit
2268 4315 2427 4370 Pater
2460 4324 2518 4370 et
2558 4317 2790 4385 Spiritus
2822 4327 3076 4388 tanquam
3105 4324 3384 4380 invisibilis

1805 4409 1946 4461 Deus
1967 4407 2035 4460 ad
2055 4406 2291 4460 Verbum
2313 4405 2504 4460 Filium
2533 4407 2782 4462 invisibili
2804 4411 3148 4478 prolapsione
3168 4412 3383 4468 descen-

1803 4499 1949 4552 dere.
1986 4495 2150 4562 lgitur
2192 4502 2414 4564 propter
2459 4505 2696 4552 nostram
2736 4495 2914 4563 ﬁdem,
2946 4510 2974 4547 ι)
3001 4510 3190 4569 aperto
3219 4506 3380 4571 coelo,

1884 4696 1898 4732 ί
1935 4696 1990 4749 1η
2019 4695 2142 4750 coll.
2166 4694 2236 4748 90
2264 4693 2525 4751 omittitur
2552 4693 2667 4746 Dei.

1879 4766 1892 4814 i
1931 4765 1987 4817 In
2018 4773 2245 4832 utroque
2275 4763 2415 4816 laud.
2449 4763 2565 4817 cod.
2599 4771 2653 4816 et
2684 4763 2735 4814 in
2762 4763 2883 4818 cod.
2918 4763 2972 4817 8.
3009 4766 3150 4820 Petri
3189 4770 3382 4836 legitur

1803 4845 2061 4979 ρεῗίαὲἔᾶ.
2094 4901 2150 4955 8.
2183 4899 2345 4964 Petri,
2382 4900 2510 4952 Vide
2530 4899 2816 4954 Saluatoris
2845 4900 3262 4972 benevolentiam,
3293 4913 3379 4979 qni

1726 4977 1774 5036 ι)
1799 4972 1940 5026 solus
1968 4988 2039 5033 se,
2071 4979 2174 5023 etc.

1874 5039 1887 5078 ¹
1924 5038 2057 5092 Cod.
2091 5038 2146 5090 8.
2180 5037 2346 5102 Petri,
2375 5037 2464 5089 sed
2489 5037 2610 5088 vult.

1864 5119 1908 5161 ,ω
1937 5108 2068 5162 Cod.
2100 5107 2158 5160 8.
2199 5105 2363 5178 Petri,
2393 5107 2462 5157 ad
2503 5107 2860 5178 instruendam
2887 5111 3375 5178 ﬁdem/mminibus,

1798 5189 1947 5250 atque
1994 5175 2510 5250 necessariumsral
2537 5174 2767 5227 exhiberi
2822 5174 3164 5234 Salvatorem.
3215 5174 3376 5238 Fides

1797 5243 1931 5298 enim
1954 5254 2130 5298 nostra
2157 5243 2362 5298 nonnisi
2388 5243 2567 5294 auditu
2596 5254 2798 5295 constat
2825 5256 2878 5299 et
2896 5250 3021 5300 visu.

1871 5326 1894 5349 ιι
1925 5313 2056 5368 Cod.
2088 5312 2155 5365 90
2187 5313 2242 5365 8.
2275 5311 2459 5365 Crucis
2489 5312 2539 5363 in
2563 5310 2696 5376 Jer.,
2725 5314 3001 5368 exhiberet.

1869 5391 1894 5418 ο
1921 5382 2052 5435 Cod.
2086 5381 2141 5434 8.
2177 5379 2341 5446 Petri,
2373 5378 2513 5431 Nam
2543 5382 2642 5433 nisi
2670 5393 2879 5448 propter
2905 5394 3134 5438 nostram
3157 5387 3378 5440 creduli-

1797 5462 1952 5504 tatem
1981 5452 2054 5501 ita
2082 5451 2197 5517 ﬁeri
2223 5467 2322 5520 non
2347 5449 2673 5520 oportuisset,
2703 5452 2865 5520 potuit
2888 5452 3048 5506 Pater
3072 5464 3120 5506 et
3147 5455 3375 5520 Spiritus

1795 5515 2275 5588 sanctusrtanquam
2301 5515 2568 5572 invisibilis
2607 5515 2744 5568 Deus
2772 5519 2841 5570 ad
2881 5520 3101 5574 Verbum
3134 5515 3378 5577 invisibili

1797 5587 2121 5656 prolapsione
2137 5587 2471 5656 descendere.

1873 5669 1896 5705 ιι
1923 5657 2063 5710 Idem
2093 5657 2208 5710 cod.
2235 5655 2291 5708 8.
2321 5655 2482 5719 Petri,
2507 5654 2874 5721 apertiscmlis.

2922 5748 2992 5806 15
