3910 6238
544 329 652 387 65$

1745 318 1800 373 8.
1842 316 2085 371 MAXIM!
2123 314 2568 371 TAURINENSIS

543 445 772 517 Spiritus
797 438 861 493 ad
888 435 1176 499 Christum,
1201 431 1369 487 Pater
1385 429 1453 484 ad
1475 429 1689 494 Filitun,
1713 444 1816 483 vox
1835 425 2108 482 descendit
2135 430 2183 487 Α
2210 427 2276 481 ad
2305 442 2483 481 arcam
2511 427 2625 481 Noe
2662 425 2858 480 diluvio
2902 423 3226 494 properavit,
3259 431 3388 478 tunc
3413 423 3489 478 iui
3516 424 3769 478 seem-iu-

541 533 608 590 ad
636 530 885 587 Verbum.
913 525 1145 580 Verbum
1165 523 1306 577 enim
1326 521 1569 575 Christus
1587 527 1686 586 est,
1713 518 1780 572 de
1800 532 1906 586 quo
1929 527 1952 554 ι
1975 517 2106 572 scri-

540 627 685 680 bitur
714 638 727 675 :
764 619 830 674 In
851 616 1101 689 principio
1123 622 1232 667 erat
1269 612 1488 667 Verbum
1521 609 1698 681 (Joan.
1731 607 1792 678 ι).
1825 607 1990 671 Bene,
2023 606 2106 660 in-

537 726 719 780 quam,
748 709 909 763 Pater
935 721 1057 769 vox,
1087 711 1143 758 et
1164 702 1328 756 Filius
1348 701 1582 755 Verbum
1609 698 1820 761 dicitur,
1845 696 1969 764 quia
1990 711 2110 751 ver-

540 805 666 859 bum
687 798 897 855 nonnisi
919 795 987 850 de
1008 808 1142 849 voce
1169 792 1426 862 procedit.
1451 788 1784 845 Conveniunt
1811 787 1991 854 itaque
2009 785 2108 840 sibi

538 908 645 948 vox
671 898 728 945 et
754 887 992 948 verbum,
1023 891 1078 938 et
1122 883 1280 936 saluti
1319 879 1593 934 hominum
1626 875 1909 946 provident
1933 873 2107 928 socie-

535 989 650 1036 tate
676 976 931 1050 mysterii.
963 973 1080 1040 Qua
1103 979 1281 1026 autem
1307 969 1515 1022 ratione
1542 961 1770 1034 Spiritus
1801 970 2014 1018 sanctus
2039 960 2107 1014 ad

536 1070 805 1125 Christum
845 1067 897 1120 in
931 1064 1109 1134 specie
1138 1057 1398 1116 columbae
1425 1054 1776 1118 descenderit,
1805 1052 2101 1111 videamus;

538 1166 714 1212 utrum
738 1156 808 1209 sit
827 1154 1003 1222 aliqua
1022 1146 1309 1205 similitudo
1333 1144 1588 1200 columba:
1605 1141 1692 1196 vel
1718 1139 1944 1202 Domini,
1968 1137 2104 1191 sicut

538 1247 564 1284 ι’
592 1255 674 1300 est
694 1244 839 1299 vocis
861 1250 915 1296 et
942 1239 1108 1294 verbi.
1133 1237 1227 1290 Est
1245 1235 1418 1305 plane.
1442 1230 1754 1286 Columbam
1781 1226 1942 1297 426
1960 1224 2102 1278 enim

538 1339 698 1392 etiam
729 1337 900 1403 ipsum
921 1330 1143 1385 dixerim
1172 1326 1473 1387 Dominum,
1497 1320 1620 1389 quia
1640 1326 1721 1373 est
1743 1318 1937 1379 alacer,
1959 1313 2102 1368 mitis

537 1435 592 1481 et
612 1396 857 1493 simplex.
887 1418 1146 1474 Columba
1174 1424 1274 1478 est,
1305 1413 1429 1481 quia
1467 1417 1682 1465 sanctos
1708 1422 1834 1461 suos
1864 1415 1886 1444 ο
1904 1396 2102 1474 ι)ηοὶ-

539 1517 614 1585 pit
635 1528 752 1568 esse
782 1520 839 1565 ut
866 1509 1158 1571 columbas,
1211 1505 1393 1558 dicens
1426 1519 1438 1554 :
1470 1499 1649 1554 Estote
1688 1497 1940 1565 simplices
1971 1495 2099 1544 sicut

525 1584 801 1660 columbae.
833 1601 983 1667 Quod
1004 1606 1180 1652 autem
1201 1595 1442 1650 columba
1460 1589 1700 1645 Christus
1727 1587 1814 1652 sit,
1841 1584 2097 1654 prOpheta

527 1699 662 1753 dicit
707 1711 772 1750 ex
818 1704 1046 1762 persona
1089 1688 1270 1756 ipsius,
1302 1683 1604 1738 describens
1643 1685 1764 1748 post
1800 1675 2095 1746 passionem

535 1786 760 1840 reditum
786 1781 904 1848 ejus
941 1776 1011 1831 ad
1055 1775 1248 1830 cmlum
1281 1790 1294 1825 :
1322 1770 1447 1834 Quis
1475 1768 1614 1822 dabit
1643 1767 1764 1820 miln'
1801 1779 2015 1833 pennas,
2047 1771 2096 1813 et

534 1831 1149 1940 eolabojetre‘quiescam
1176 1831 1516 1933 (Psal.'uv)?
1543 1857 1673 1910 Cum
1703 1831 1828 1921 ergo
1854 1851 2096 1905 Christus
2129 1831 2170 1890 Β

534 1964 788 2018 Dominus
814 1959 840 1996 ά
871 1958 1106 2012 initiaret
1129 1951 1379 2021 Ecclesiae
1403 1952 1755 2009 sacramenta,
1789 1952 1810 1979 ε
1840 1940 1975 1995 caelo
2005 1953 2093 1992 su-

533 2052 776 2122 pervenit
786 2046 1052 2103 columba.
1077 2041 1317 2108 Intelligo
1335 2037 1665 2109 mysterium,
1683 2046 1914 2100 agnosco
1935 2030 2093 2083 etiam

535 2118 943 2197 sacramentum.
997 2132 1254 2188 Columba
1287 2129 1432 2184 enim
1471 2127 1584 2196 ipsa
1611 2132 1692 2178 est
1712 2138 1828 2192 qua:
1857 2135 2009 2198 nunc
2027 2118 2096 2172 ad

536 2232 827 2288 Ecclesiam.
850 2225 1047 2281 Christi
1086 2224 1138 2276 in
1169 2220 1431 2289 baptismo
1465 2215 1630 2280 venit,
1671 2229 1788 2283 qua:
1826 2210 2094 2282 quondam

2206 527 2314 572 tem
2351 517 2672 571 annuntians
2715 517 2868 571 olivae
2914 528 3064 569 ramo
3099 513 3251 581 (Gen.
3293 513 3425 583 vin),
3460 513 3619 567 modo
3653 512 3774 565 huic

2204 609 2555 664 aeternitatem
2584 606 2863 661 conferens
2903 604 3202 658 Divinitatis
3227 603 3247 640 ί
3280 602 3474 656 indicio
3505 618 3519 663 ;
3554 610 3674 654 tunc
3698 601 3768 654 si-

2203 711 2364 766 gnum
2393 696 2540 766 pacis
2565 711 2660 750 ore
2699 695 2944 760 alferens,
2980 693 3138 748 modo
3177 693 3345 761 ipsam
3371 706 3555 760 pacem
3581 701 3604 736 ε
3627 689 3770 742 Chri-

2205 798 2344 843 stum
2373 789 2452 842 sui
2483 786 2777 842 substantia
2806 802 2966 856 super
3003 784 3246 840 fundens.
3278 785 3304 819 ιι
3333 782 3390 836 In
3422 781 3653 836 Iordane
3678 781 3767 847 igi-

2206 885 2291 932 tur
2317 877 2614 946 baptizatus
2653 882 2736 930 est
2783 874 3056 929 Dominus.
3095 871 3254 926 Multa
3302 869 3567 923 mirabilia
3597 869 3644 920 in
3672 867 3771 920 hoc

2202 964 2416 1019 ﬂumine
2459 964 2651 1033 sapius
2695 961 2831 1017 facta
2860 977 2978 1016 esse
3020 960 3293 1030 Scriptura
3338 964 3722 1013 commemorat
3753 974 3767 1022 ;

2201 1055 2341 1108 inter
2365 1061 2588 1108 cetera:
2620 1052 2688 1104 Et
2714 1051 2959 1105 Iordanis
3001 1066 3270 1104 conversus
3318 1050 3334 1085 ι
3380 1057 3456 1101 est
3497 1058 3772 1100 retrorsum

2203 1142 2371 1211 (Psal.
2415 1141 2583 1208 cxln).
2632 1139 2767 1192 Puto
2815 1138 2828 1186 i
2877 1152 2993 1190 esse
3043 1136 3333 1190 mirabilius
3361 1133 3505 1204 quod
3552 1133 3774 1186 Domino

2200 1232 2325 1286 Jesu
2351 1232 2561 1285 Christo
2590 1231 2658 1283 ibi
2682 1229 2854 1298 posito
2877 1226 3070 1280 factum
3101 1234 3199 1279 est.
3239 1227 3375 1278 Ante
3405 1225 3545 1279 enim
3571 1232 3770 1277 retror-

2198 1336 2313 1374 sum
2341 1334 2490 1389 aqua:
2512 1332 2782 1372 conversa:
2805 1315 3032 1381 fuerant,
3058 1314 3215 1368 modo
3235 1322 3530 1368 retrorsum
3553 1319 3772 1381 peccata

2198 1423 2456 1464 conversa
2497 1414 2640 1462 sunt.
2688 1405 2754 1458 Et
2792 1406 2928 1459 sicut
2962 1413 3086 1459 tunc
3109 1403 3132 1442 ¹ι
3166 1404 3396 1472 impetus
3429 1402 3658 1456 ﬂuminis
3692 1402 3770 1453 al-

2200 1511 2354 1550 veum
2381 1495 2462 1549 sui
2490 1509 2674 1549 cursus
2701 1492 2950 1562 perdidit,
2981 1492 3053 1545 ita
3078 1498 3132 1545 et
3158 1506 3300 1545 nunc
3327 1490 3559 1558 impetus
3579 1504 3773 1558 pecea-

2197 1593 2374 1640 torum
2407 1583 2423 1622 ¹
2461 1584 2750 1638 dominium
2790 1581 2872 1635 sui
2913 1582 3109 1635 erroris
3139 1580 3334 1633 amisit.
3368 1579 3524 1644 Quod
3557 1577 3772 1646 quidem

2197 1675 2248 1728 in
2276 1674 2535 1744 propheta
2560 1671 2674 1725 Elia
2693 1670 2802 1739 jam
2825 1670 2916 1724 illo
2945 1678 3185 1737 tempore
3214 1669 3408 1723 factum
3442 1676 3592 1735 puto.
3619 1665 3772 1719 Sicut

2199 1765 2338 1820 enim
2382 1763 2525 1817 Elias
2560 1762 2870 1816 divisionem
2898 1759 3021 1814 fecit
3048 1759 3326 1822 undarum,
3353 1768 3390 1794 ιιι
3419 1759 3493 1811 ita
3518 1765 3574 1811 et
3602 1755 3772 1823 Spiri-

2199 1862 2284 1908 tus
2302 1852 2513 1908 Domini
2543 1852 2595 1905 in
2623 1849 2812 1904 eodem
2839 1849 3071 1902 Iordane
3098 1849 3490 1917 separationem
3520 1854 3774 1914 operatus

2200 1953 2280 1998 est
2304 1951 2679 2011 peccatorum;
2705 1948 2730 1974 ³
2761 1946 2818 1992 et
2839 1938 2976 1992 sicut
3000 1938 3099 1992 sub
3120 1936 3234 1990 Elia
3263 1937 3454 1990 tinctus
3486 1933 3773 2004 primordia

2198 2032 2423 2086 fontium
2442 2029 2507 2084 de
2528 2028 2718 2097 quibus
2737 2027 2979 2081 exierant
2998 2025 3318 2094 petiverunt,
3342 2024 3415 2077 ita
3437 2031 3493 2076 et
3512 2022 3614 2076 sub
3627 2019 3772 2074 Chri-

2199 2127 2283 2174 sto
2306 2118 2532 2173 Domino
2560 2116 2804 2170 homines
2826 2114 2892 2167 ad
2915 2113 3135 2181 originis
3159 2113 3242 2168 sui
3264 2112 3560 2172 infantiam,
3583 2109 3652 2164 de
3673 2122 3773 2178 qua

2200 2208 2412 2262 fuerant
2440 2205 2632 2264 exorti,
2664 2211 2786 2257 sunt
2812 2202 3027 2257 reversi.

1925 2323 2188 2385 SERMO
2229 2321 2374 2382 ΧΠ.

1798 2424 1875 2478 De
1907 2424 2154 2492 baptismo
2185 2419 2377 2473 Christi
2406 2415 2504 2471 II.‘

1948 2506 2336 2566 ADMONITIO.
3533 2529 3550 2545 .

602 2626 758 2695 sar
784 2622 995 2692 οριίωο
1021 2614 1199 2695 meriti.
1223 2613 1291 2667 de
1313 2589 3772 2695 subeat“?M9921“?93.133.229.111R9°92E§11P°133§£€32Pﬁiﬁelﬁf‘iiPi‘li‘ii“

532 2703 675 2756 sunt,
700 2708 820 2747 cum
859 2699 1156 2756 sermonem

1185 2659 1818 2744 hubcwetwali—n—s‘quinque
1848 2673 1899 2724 in
1927 2670 2136 2744 schedi_s
2158 2665 2452 2744 Mabillonii
2492 2671 2736 2744 repertos
2779 2659 3205 2744 publicarintdit
3239 2659 3440 2739 dictum
3467 2667 3550 2712 est
3590 2673 3772 2744 δῦνε-Ξ.

533 2727 1844 2818 iiggc'é‘é'éi:Tééiiiiiféi'uﬁﬂédeis'sanateth
1871 2753 2016 2793 num.
2058 2737 2124 2790 87
2156 2736 2382 2818 Maximo
2412 2749 2534 2818 eum
2557 2727 2862 2818 tribuentis,
2892 2737 2947 2818 et
2974 2727 3472 2818 cod._TEnrinelisis
3501 2727 3773 2807 nurui-£5.

531 2796 1813 2898 EEaRTSEI-‘éhﬁiﬁéfeiaamicisBessan
1854 2820 2157 2863 sermonem
2202 2801 2502 2871 hujusmodi
2543 2800 2876 2855 ascribimus.
2907 2798 3126 2852 Accedit
3165 2796 3325 2864 hujus
3351 2811 3473 2850 cum
3497 2797 3776 2864 superiore

530 2898 811 2956 connexio.

534 2953 918 3041 dvncuussruu.
947 3010 1019 3022 ——
1045 2976 1272 3032 Christus
1301 2972 1588 3041 baptizatur
1614 2986 1716 3041 non
1744 2966 1860 3028 sibi,
1889 2964 1978 3019 sed
1999 2981 2091 3018 no-
2120 2964 2165 3027 C
2194 2962 2340 3018 sterii
2369 2957 2667 3030 proﬁceret.
2691 2955 2929 3023 Denique
2952 2954 3146 3008 ἰοευηὶ
3170 2953 3422 3023 Baptista:
3442 2953 3712 3006 renitenti'
3725 2959 3776 3006 et

602 3038 697 3108 bis.
731 3052 796 3105 In
824 3054 934 3118 ipso
963 3048 1097 3118 enim
1122 3038 1416 3118 Divinitatis
1437 3038 1695 3111 plenitudo
1723 3042 2093 3118 erat-auertite:

599 3105 696 3195 iis
722 3105 971 3195 possEssio
1009 3115 1242 3195 justititr.
1278 3105 1550 3195 {autern
1587 3105 1874 3195 sfnc‘titotis
1914 3108 2096 3195 suw'et

593 3171 1029 3263 Eraticeﬁmunera'
1047 3184 1103 3263 in
1137 3187 1228 3263 nos
1263 3179 1567 3257 derivarent,
1603 3174 1906 3263 baptism‘uLn
1942 3171 2094 3260 insti-

745 3240 937 3325 suogue
953 3258 1190 3306 contactu
1215 3263 1375 3319 aquas
1396 3240 2032 3310 uttiversas'sanctiﬁcaoit.

593 3435 816 3491 'ltetinet
843 3439 1014 3486 vestra
1039 3427 1316 3492 sanctitas,
1343 3423 1552 3485 fratres,
1583 3419 1725 3490 quod
1753 3419 1808 3472 in
1833 3416 1920 3471 die
1946 3413 2096 3468 festi-

535 3526 762 3579 vissimm
804 3516 1109 3587 Epiphania
1156 3512 1383 3568 diximus
1426 3511 1480 3564 in
1534 3506 1769 3562 Jordane
1813 3503 2096 3558 Dominum

528 3897 694 3951 quem
718 3876 1013 3948 profectum
1043 3870 1341 3927 necessaria
1380 3865 1730 3927 consecratio,
1760 3862 1850 3930 qui
1878 3861 1990 3929 ipse
2018 3868 2099 3914 est

532 3967 957 4026 sacramentum?
987 3965 1064 4019 Ad
1091 3977 1250 4032 quem
1277 3975 1430 4014 usum
1455 3959 1509 4011 in
1535 3971 1602 4011 eo
1629 3953 1868 4024 mysterii
1901 3951 2097 4005 solem-

528 4061 692 4123 nitas,
722 4057 775 4111 in
797 4070 905 4127 quo
933 4062 1014 4108 est
1042 4050 1316 4122 plenitudo
1343 4045 1617 4118 mysterii?
1637 4043 1692 4096 In
1715 4044 1832 4111 ipso
1854 4048 1938 4095 est
1958 4039 2098 4127 enim

534 4125 830 4218 plenitudo,
849 4145 985 4200 sicut
1011 4143 1086 4195 ait
1111 4138 1397 4208 Apostolus
1420 4154 1433 4188 :
1471 4134 1724 4199 Quoniam
1743 4132 1798 4184 in
1818 4131 1930 4199 ipso

533 4215 793 4298 intumuit
815 4233 1077 4306 plenitudo
1096 4230 1393 4284 Diﬁnitatis
1419 4223 1755 4295 corporaliter
1776 4219 1909 4291 (Col.
1931 4233 1991 4283 ιι,
2019 4215 2095 4285 9).

534 4328 597 4381 Et
624 4328 815 4381 iterum
838 4321 1161 4389 evangelista
1187 4337 1200 4372 :
1230 4317 1308 4371 De
1325 4314 1639 4387 plenitudine
1665 4312 1778 4381 ejus
1805 4324 1979 4371 omnes
2002 4322 2093 4359 ac-

531 4419 756 4487 cepimus
783 4412 963 4484 (Joan.
1003 4411 1064 4479 ι).
1106 4408 1246 4475 Ergo
1274 4407 1326 4459 in
1362 4419 1468 4473 quo
1497 4400 1769 4471 plenitudo
1793 4396 2092 4452 Divinitatis

530 4484 663 4570 erat,
689 4504 795 4558 non
817 4500 1083 4568 indigebat
1115 4504 1171 4550 ut
1206 4499 1659 4548 sacramentorum
1698 4487 1968 4558 mysteriis
1995 4484 2092 4537 im-

533 4595 786 4664 pleretur.
817 4589 922 4643 Sed
955 4587 1074 4641 ideo
1106 4584 1412 4654 mysterium
1442 4578 1661 4647 implere
1686 4575 1872 4635 voluit,
1903 4589 2010 4626 non
2038 4578 2096 4624 ut

535 4659 645 4751 ipse
672 4677 969 4751 profectum
997 4679 1230 4742 caperet,
1252 4669 1347 4723 sed
1387 4674 1446 4721 ut
1492 4664 1646 4720 nobis
1683 4659 1956 4732 plenitudo
1982 4674 2098 4729 my-

603 4841 626 4867 ιι
655 4827 788 4883 Cod.
818 4824 877 4880 8.
903 4821 1066 4884 Petri,
1091 4819 1153 4872 de
1173 4833 1269 4888 quo
1295 4813 1539 4882 scriptum
1561 4819 1654 4864 est.

603 4900 630 4937 δ
659 4896 719 4950 In
747 4893 867 4950 cod.
896 4892 954 4945 8.
989 4889 1128 4943 Petri
1154 4887 1306 4941 deest
1329 4897 1434 4937 vox
1458 4888 1555 4934 est.

604 4980 624 5006 ε
657 4943 973 5020 δῖκῖίῧδῇ
1005 4956 1187 5012 Crueis
1212 4955 1264 5007 in
1286 4951 1419 5014 λετ..
1444 4965 1552 5002 esse
1573 4944 1810 5020 praecepit
1827 4952 1884 4996 ut
1899 4943 2098 5020 fotum-

529 5011 980 5090 saeiiéin'éoa
1022 5011 1079 5080 8.
1130 5022 1293 5086 Petri,
1336 5011 1425 5086 qui
1478 5011 1833 5090 prosequitur,
1876 5011 2094 5090 dicens:

1031 5096 1161 5149 sicut
1188 5081 1465 5161 serpentes,
1484 5081 1546 5139 ἐι
1571 5081 1823 5152 simplices
1853 5081 1980 5133 sicut
2007 5095 2096 5133 co-

530 5175 798 5295 milia.“
836 5236 956 5292 cod.
986 5233 1040 5289 S.
1076 5229 1238 5292 Petri,
1268 5227 1503 5280 nuntiare
1531 5219 1777 5275 Ecclesiae
1805 5231 2097 5270 sacramen-

529 5321 655 5375 tum,
685 5309 750 5362 de
774 5306 913 5375 celo
926 5295 1484 5375 superveni_t_columba.

603 5354 1144 5433 Tam—{Laith
1176 5366 1310 5422 Plut.
1348 5379 1456 5427 xlv,
1484 5377 1512 5414 e
1540 5360 1663 5413 caelo
1690 5354 1980 5426 supervenit
2009 5368 2097 5405 co-

531 5449 722 5513 lumba,
753 5455 859 5500 etc.

607 5518 625 5557 ί
658 5517 792 5572 Cod.
819 5513 878 5570 s.
909 5498 1816 5584 Ρεετίν.υίηίπὲςιιέ³ὶυάέσί9λ,,,,-.,

603 5596 629 5637 s
660 5565 801 5641 idem
822 5565 945 5638 eod.
976 5578 1035 5634 8.
1063 5565 1228 5638 Petri,
1251 5565 1443 5641 Christi
1462 5570 1540 5641 sui
1562 5565 1920 5641 substantiam.
2041 5625 2076 5641 ﬂ

606 5632 1055 5721 “Hdde—cdt.
1084 5644 1140 5705 S.
1173 5632 1338 5711 Ρὲειιιὶ,
1369 5638 1454 5693 ιω
1489 5635 1722 5692 Iordane
1755 5632 1909 5700 igitur
1969 5632 2105 5696 apti-

2197 3053 2393 3108 dicenti
2426 3069 2439 3103 :
2471 3049 2584 3119 Ego
2617 3065 2650 3100 a
2690 3058 2735 3102 te
2770 3047 2922 3100 debeo
2951 3046 3222 3116 baptizari,
3250 3053 3299 3098 et
3322 3053 3372 3096 tu
3394 3044 3533 3097 renis
3560 3043 3638 3096 ad
3667 3043 3779 3096 ius!

2195 3143 2270 3196 ait
2297 3141 2374 3195 illi
2400 3139 2650 3194 Dominus
2672 3153 2690 3190 :
2719 3136 2845 3190 Sine
2863 3175 2879 3202 ,
2918 3133 3069 3187 modo
3090 3133 3166 3187 sic
3186 3133 3321 3186 enim
3341 3139 3540 3201 oportet
3558 3145 3664 3184 nos
3681 3132 3776 3183 tlt-

2195 3231 2334 3301 plere
2360 3244 2560 3283 omnem
2582 3226 2840 3297 justitiam
2880 3221 3090 3292 (Matth.
3142 3221 3239 3288 ιιι).
3287 3218 3536 3286 implere,
3581 3216 3774 3284 inquit,

2197 3336 2407 3376 omnem
2430 3318 2708 3387 justitiam.
2733 3313 2842 3368 Cur
2870 3327 2998 3380 ergo
3023 3312 3326 3380 baptizatur
3347 3309 3648 3362 Dominus?
3666 3306 3776 3360 Non

2192 3411 2398 3480 justitia
2426 3407 2682 3478 justiﬁcat
2708 3403 2999 3469 Christum,
3028 3401 3122 3457 sed
3159 3401 3274 3469 ipsa
3309 3398 3512 3467 iustitia
3540 3396 3777 3452 sanctiﬁ-

2198 3507 2348 3554 catur
2393 3513 2424 3550 a
2454 3495 2685 3558 Christo,
2723 3500 2776 3547 et
2802 3490 3093 3559 semiplena
3121 3489 3290 3543 virtus
3315 3488 3389 3542 ab
3423 3502 3492 3542 eo
3527 3487 3777 3556 impletur

2196 3587 2282 3642 cui
2310 3587 2447 3640 inest
2469 3581 2742 3654 plenitudo
2768 3581 3044 3634 virtutum.
3069 3577 3160 3630 Ait
3182 3577 3340 3644 igitur
3361 3574 3603 3630 Joannes
3629 3593 3643 3627 :
3669 3574 3777 3645 Ego

2079 3717 2093 3731 .
2197 3694 2229 3731 a
2261 3686 2306 3731 te
2342 3676 2497 3729 debeo
2541 3673 2820 3743 baptizari;
2855 3676 3126 3724 eontestat
3167 3682 3302 3735 ergo
3341 3666 3632 3720 Dominum
3674 3679 3773 3718 non

2198 3767 2282 3822 sui
2307 3779 2464 3820 causa
2492 3777 2608 3817 esse
2632 3761 2978 3830 baptizatum,
3008 3773 3128 3813 cum
3157 3764 3442 3827 antequam
3469 3755 3774 3824 baptizare-

2200 3864 2286 3910 tur
2336 3855 2402 3908 ab
2430 3868 2496 3908 eo
2530 3867 2588 3906 se
2625 3851 2794 3918 magis
2824 3848 3080 3917 baptizari
3105 3845 3340 3901 Joannes
3376 3845 3769 3914 expostulabat.

2198 3944 2539 3997 Demonstrat
2567 3941 2708 3993 enim
2735 3939 2837 3991 hoc
2858 3936 3082 3991 dicendo
3128 3935 3389 4003 majorem
3409 3934 3640 4000 gratiam
3663 3946 3772 3987 esse

2199 4033 2254 4086 in
2283 4031 2536 4102 mysterio
2561 4027 2770 4082 Domini
2800 4040 2959 4094 quam
2987 4026 3038 4078 in
3069 4023 3323 4091 magistro
3343 4022 3607 4092 mysterii.
3640 4019 3772 4086 Quid

2205 4119 2347 4174 enim
2376 4118 2452 4172 illi
2480 4114 2897 4172 consecrationis
2925 4119 3138 4183 poteras
3164 4111 3396 4178 tradere,
3423 4125 3453 4166 a
3482 4110 3654 4181 428
3667 4123 3769 4178 quo

2195 4204 2672 4263 sanctiﬁcationem
2701 4204 2941 4272 accipere
2966 4202 3078 4270 ipse
3106 4201 3358 4270 optabat?
3383 4198 3612 4253 Inferior
3633 4197 3768 4251 enim

2201 4303 2316 4351 erat
2358 4295 2607 4363 magister
2651 4291 2856 4345 meritis
2916 4304 3075 4359 quam
3121 4287 3407 4356 discipulus
3452 4283 3771 4340 sanctitate?

2197 4383 2393 4440 Christi
2419 4383 2560 4436 enim
2589 4379 3008 4449 comparatione,
3031 4386 3085 4432 et
3112 4376 3368 4444 magister
3389 4376 3693 4444 imperitus,
3718 4378 3771 4426 et

2191 4475 2394 4545 justitia
2429 4472 2740 4541 semiplena,
2769 4478 2823 4524 et
2848 4475 3088 4538 aqua-est
3117 4465 3437 4522 turbulenta.
3467 4463 3537 4518 At
3561 4464 3651 4518 ubi
3671 4463 3762 4515 ba-

2200 4565 2429 4633 ptizatur
2455 4560 2729 4621 Dominus,
2758 4556 3116 4612 benedictioni
3141 4555 3257 4622 ejus
3290 4562 3345 4608 et
3371 4554 3629 4619 magister
3651 4564 3769 4620 pro-

2203 4654 2328 4717 licit,
2363 4661 2418 4707 et
2442 4651 2646 4720 justitia
2689 4648 2956 4718 impletur,
2988 4654 3042 4700 et
3069 4646 3208 4701 unda
3236 4651 3510 4714 purgatur.
3545 4641 3767 4708 Pin-gata

2201 4808 2349 4854 satur
2381 4797 2646 4850 Dominus.

2278 4870 2292 4904 ι
2325 4865 2457 4920 Cod.
2489 4864 2545 4916 S.
2576 4861 2720 4916 Petri
2749 4861 2946 4915 omittit
2968 4869 3063 4914 est.

2272 4938 2287 4985 t
2325 4933 2491 4989 Codd.
2526 4932 2774 4984 Laurent.
2805 4937 2858 4982 et
2884 4928 2941 4983 8.
2972 4927 3137 4990 Petri,
3170 4925 3313 4985 Puto,
3334 4933 3503 4978 autem
3533 4941 3666 4980 esse.

2269 5001 2296 5042 ιι
2323 5001 2455 5057 Cod.
2481 5001 2539 5055 8.
2567 4998 2730 5062 Petri,
2761 4997 2831 5050 Et
2857 5000 2988 5051 sicut
3015 5005 3135 5050 tunc
3163 4996 3332 5050 alueus
3358 4993 3591 5063 ﬂuminis
3610 4996 3765 5062 inspe-

2199 5083 2308 5129 tum
2325 5072 2407 5126 sui
2426 5085 2603 5137 cursus
2629 5067 2982 5137 pe_rdidit,_ita_
2996 5075 3063 5128 et,
3097 5073 3202 5137 etc.

2278 5141 2296 5180 ι
2330 5138 2462 5194 Cod.
2489 5137 2556 5191 99
2581 5132 2639 5190 S.
2667 5135 2852 5216 Crucis
2875 5135 2929 5188 in
2958 5134 3066 5214 Jer.
3097 5132 3226 5200 legit
3250 5133 3324 5185 ita
3346 5138 3568 5216 nunc
3606 5132 3761 5197 inspe-

2203 5221 2282 5264 tus
2311 5217 2633 5278 peccatorum
2660 5204 2917 5257 hominum
2939 5204 3019 5256 sui
3052 5217 3231 5254 cursus
3257 5204 3446 5252 amisit.

2272 5289 2310 5315 ιιι
2331 5277 2562 5342 Uterque
2589 5273 2754 5342 codex
2777 5271 2832 5325 S.
2858 5270 3041 5342 Crucis
3067 5270 3118 5342 in
3138 5268 3247 5342 Jer_.
3276 5266 3467 5342 ct_cod.
3492 5265 3759 5342 Laurent,

2198 5350 2271 5401 ita
2301 5356 2348 5400 et
2375 5333 2605 5398 Christus
2641 5341 2885 5393 Dominus
2914 5341 2968 5392 in
3003 5339 3183 5393 eodem
3214 5335 3447 5389 Iordane
3486 5333 3762 5403 separatio-

2201 5433 2314 5468 nem
2345 5423 2577 5478 operatus
2606 5419 2678 5462 est
2709 5419 3044 5479 peccatorum.
3202 5415 3340 5459 stare
3365 5406 3562 5473 ﬂuenta
3582 5413 3760 5472 prcca-

2202 5485 2296 5555 pit,
2329 5474 2410 5561 hic
2437 5481 2680 5540 crimina;
2709 5474 2759 5530 et
2788 5479 2916 5530 sicut
2943 5476 3034 5556 sub
3064 5474 3217 5554 Elia,
3240 5483 3345 5527 etc.
3521 5540 3535 5551 .

2273 5561 2299 5589 υ
2326 5551 2423 5606 “lC
2447 5549 2607 5605 habet
2635 5547 2792 5601 ﬁnem
2816 5559 2991 5602 sermo
3017 5559 3073 5600 in
3101 5541 3284 5600 codice
3304 5540 3362 5597 8.
3392 5539 3538 5596 Pctn

2373 5556 2423 5607 ic
2447 5556 2607 5605 habet
2635 5556 2792 5601 tinem
2816 5559 2991 5602 sermo
3017 5559 3073 5600 tn
3101 5556 3284 5600 comae
3304 5556 3362 5597 δ.
3392 5556 3559 5596 rem.
