3910 6238
269 318 371 373 557

1739 312 1965 366 SERlIO
2006 312 2136 364 Xlll.

3428 314 3531 367 53.8

268 442 354 490 est
379 433 522 488 enim
545 431 710 497 unda,
737 445 854 502 qua:
881 443 1000 486 cum
1029 435 1172 485 esset
1199 427 1316 484 vilis
1343 434 1396 481 et
1434 424 1641 494 frigida,
1682 425 1845 478 bene-
1875 429 1922 486 Α
1951 437 2206 492 aquarum
2234 421 2453 490 quidem
2498 421 2716 476 ﬂumina
2763 422 3024 477 lavantur.
3066 422 3177 476 Sed
3214 431 3270 476 et
3308 424 3536 483 benedi-

269 522 522 576 diction'm
547 519 831 573 dominicae
863 519 1043 573 calore
1080 518 1244 571 ditata
1273 523 1355 571 est
1383 533 1395 568 :
1423 516 1495 569 ita
1525 523 1582 568 ut
1614 529 1733 581 quae
1765 514 1852 566 vix

269 620 430 666 antea
460 610 758 666 mundanas
786 625 964 663 rerum
995 610 1229 664 maculas
1258 609 1490 671 diluerit,
1524 623 1664 660 nunc
1693 606 1852 674 spiri-

270 701 448 753 tuales
492 699 742 768 puriﬂcet
785 697 1017 750 maculas
1071 697 1387 750 animarum.
1438 695 1546 749 Nec
1590 693 1854 747 miremini

269 786 420 854 quod
448 799 660 855 aquam,
684 785 790 839 hoc
807 792 893 840 est
911 784 1261 840 substantiam
1284 784 1637 852 corporalem,
1663 782 1727 834 ad
1757 797 1855 849 pu-

271 872 587 928 rificandam
604 875 833 927 animam
855 873 1080 928 dicimus
1099 871 1396 940 pervenire.
1416 869 1660 923 Pervenit
1677 869 1853 935 plane,

270 970 524 1032 penetrat
548 963 885 1017 conscientiae
907 961 1155 1016 universa
1183 959 1419 1012 latibula.
1445 957 1696 1022 Quamvis
1715 957 1856 1010 enim

275 1052 396 1121 ipsa
426 1052 632 1108 subtilis
659 1060 713 1105 et
740 1051 932 1115 tenuis,
960 1049 1331 1105 benedictione
1358 1056 1534 1102 tamen
1559 1047 1760 1100 Christi
1789 1046 1860 1099 fa-

273 1151 366 1197 cta
392 1142 656 1207 subtilior,
688 1155 785 1209 per
806 1139 1042 1193 occultas
1068 1138 1191 1190 vita:
1217 1150 1404 1192 causas
1423 1135 1490 1188 ad
1517 1135 1715 1189 scelera
1745 1135 1861 1187 ani-

274 1248 379 1285 mm
407 1232 624 1300 spiritus
651 1245 774 1284 rore
800 1227 1106 1298 pertransit.
1140 1225 1396 1280 Subtilior
1422 1224 1564 1278 enim
1587 1231 1669 1278 est
1696 1223 1858 1276 bene-

273 1323 571 1376 dictionum
611 1319 784 1374 ﬂuxus
824 1334 985 1387 quam
1025 1331 1282 1385 aquarum
1331 1323 1560 1370 meatus.
1609 1313 1759 1368 Unde
1799 1320 1856 1365 et

272 1412 508 1466 diximus
559 1409 699 1478 quod
743 1409 795 1462 in
841 1408 1137 1462 Salvatoris
1176 1406 1496 1474 baptismate
1530 1403 1854 1466 benedictio,

274 1515 400 1570 qua:
428 1499 652 1554 deﬂuxit
681 1507 932 1566 tanquam
963 1495 1153 1550 ﬂuvius
1180 1495 1444 1563 specialis,
1476 1495 1712 1548 omnium
1736 1506 1860 1560 gur-

273 1587 446 1654 gitum
476 1593 674 1640 tractus
699 1594 754 1640 et
779 1591 1094 1639 cunctorum
1120 1581 1346 1636 fontium
1394 1597 1558 1636 venas
1586 1580 1855 1638 infecerit.

276 1672 470 1727 Mirum
489 1674 652 1739 enim,
674 1674 909 1743 inquam,
926 1671 1074 1738 dum,
1095 1669 1314 1727 Christo
1335 1669 1389 1725 in
1409 1669 1642 1726 Iordane
1664 1670 1859 1741 posito,

1953 511 2187 565 ctionum
2211 509 2409 563 ﬂuenta
2433 510 2738 570 currebant,
2767 509 2888 564 inde
2911 509 3043 563 alvei
3064 523 3256 577 gurges
3273 510 3534 566 turbidior

1955 599 2240 654 fcrebatur.
2272 597 2408 652 Hinc
2449 597 2566 652 fons
2600 597 2892 652 Salvatoris
2936 599 3245 667 purissimus
3273 601 3532 656 emunda-

1953 690 2063 752 bat,
2085 697 2139 742 et
2161 695 2379 756 stupore
2402 687 2632 755 quodam
2655 687 2903 740 deorsum
2924 687 2992 741 ad
3011 687 3257 742 Jordanis
3273 689 3534 756 originem

1955 779 2290 833 consecratio
2330 777 2665 845 baptismatis
2701 777 3041 840 ascendebat,
3071 786 3126 830 et
3152 787 3337 832 contra
3366 796 3536 849 aqua-

1953 883 2070 921 rum
2099 867 2317 921 ﬂuvium
2361 865 2794 920 benedictionum
2833 864 3026 918 ﬂuvius
3059 867 3348 920 terebatur.
3383 866 3538 923 Unde

1954 958 2120 1013 David
2143 964 2358 1012 sanctus
2379 957 2610 1010 arbitror
2637 957 2834 1011 dixisse
2859 975 2871 1010 :
2894 956 3146 1011 Iordanis
3167 975 3437 1014 conversus
3461 968 3539 1014 est

1954 1057 2236 1101 retrorsum
2275 1045 2446 1115 (Psal.
2498 1044 2667 1114 cxm).
2699 1045 2756 1098 In
2804 1046 3124 1114 baptismate
3164 1048 3306 1101 enim
3338 1047 3538 1102 Christi

1957 1143 2250 1188 retrorsum
2286 1132 2534 1187 Iordanis
2560 1149 2668 1187 non
2695 1135 2848 1203 aquis
2876 1149 3164 1190 conversus
3194 1145 3293 1198 est,
3325 1137 3418 1191 sed
3447 1154 3538 1191 sa-

1958 1223 2265 1288 cramentis,
2313 1229 2368 1276 et
2408 1237 2476 1282 ex
2519 1230 2707 1276 natura
2751 1224 2832 1278 sui
2874 1223 3130 1290 originem
3167 1225 3539 1282 benedictione

1962 1312 2130 1378 magis
2158 1325 2317 1378 quam
2364 1311 2660 1364 substantia
2698 1312 2974 1364 remeavit.
3013 1311 3146 1365 Dum
3176 1314 3316 1366 enim
3344 1329 3537 1370 conse-

1960 1400 2214 1455 crationis
2241 1401 2409 1467 gratia
2445 1415 2545 1470 per
2572 1416 2694 1455 eum
2723 1402 2930 1456 cunctis
2974 1401 3204 1456 fontibus
3232 1404 3539 1458 circumfer-

1961 1496 2067 1552 tur,
2090 1489 2301 1544 videtur
2327 1505 2542 1544 cursum
2577 1491 2853 1560 prOprium
2884 1492 2950 1546 ad
2978 1507 3231 1546 venarum
3258 1494 3536 1550 exordium

1963 1591 2262 1632 revocasse.
2284 1575 2534 1646 Explicit.

1677 1753 1944 1818 SERMO
1986 1755 2159 1816 Xlll.

1621 1861 1700 1916 De
1728 1862 1901 1931 gratia
1937 1859 2196 1928 baptismi.

1696 1944 2088 2003 ADMONITIO.

347 2045 510 2166 ῳ
535 2044 670 2099 Huic
708 2041 943 2099 sermoni
981 2048 1196 2113 proprie
1230 2043 1482 2097 convenit
1521 2039 1702 2093 titulus
1734 2037 1810 2089 De
1839 2035 2009 2106 gratia
2037 2036 2296 2104 baptismi,
2327 2051 2487 2104 quem
2508 2037 2766 2102 editores,
2798 2043 2856 2089 ut
2883 2036 3085 2090 dictum
3111 2042 3212 2100 est,
3255 2051 3538 2106 perperam

347 2130 428 2166 lml
451 2115 515 2166 ia:
540 2113 575 2166 5
595 2112 665 2166 de
687 2113 950 2166 baptismo
981 2112 1298 2166 tribuerunt.
1321 2111 1378 2164 8.
1425 2108 1687 2162 Maximus
1724 2105 2142 2160 catechumenos
2179 2104 2496 2158 adhortatur
2522 2113 2581 2158 ut
2607 2105 2876 2158 lavacrum
2915 2106 3339 2166 regenerationis
3367 2107 3538 2160 susci-

278 2104 515 2168 ΙιοῦἶῘὶΞε
540 2113 575 2166 5
595 2112 665 2167 de
687 2113 950 2180 baptismo
981 2104 1298 2180 tribuerunt.
1321 2111 1378 2164 8.
1425 2108 1687 2180 Maximus
1724 2104 2142 2180 catechumenos
2179 2104 2496 2180 adhortatur
2514 2113 2581 2180 _ut
2607 2105 2876 2180 lavacrum
2915 2104 3340 2180 regenerationis
3367 2107 3540 2180 susci-

279 2197 411 2252 pere
440 2197 544 2236 non
573 2171 866 2252 morentur,
919 2196 986 2234 ne
1031 2177 1292 2233 beneﬂcio
1315 2177 1498 2252 gratia:
1523 2176 1640 2252 ejus
1669 2175 1962 2252 priventur.
1994 2171 2340 2252 C_um_.t_i_tulus
2381 2189 2407 2226 s

2513 2174 2653 2227 imen
2682 2175 2750 2228 sit
2784 2175 3082 2241 argumenti
3112 2175 3390 2235 orationis,
3423 2174 3539 2230 hazc

276 2240 461 2303 autem
485 2250 661 2304 omnis
685 2249 755 2303 sit
777 2240 1217 2317 de‘peecatorum
1272 2240 1588 2317 remissione
1618 2240 1986 2317 infusioneque
2028 2240 2246 2317 justitim
2284 2257 2392 2317 per_
2406 2240 2726 2311 baptismum
2763 2240 3121 2317 acquirendae,
3153 2242 3295 2317 haud
3325 2243 3542 2317 aliauin-

277 2319 501 2387 scriptio
527 2317 763 2372 sermoni
791 2309 1077 2372 convenire
1107 2324 1301 2387 potest,
1332 2329 1489 2387 quam
1520 2312 1608 2387 De
1627 2311 1797 2387 gra_tia
1839 2309 2292 2387 baptismizdlanc
2320 2309 2644 2387 utiqueyrte
2672 2325 2740 2387 se_
2758 2309 2933 2387 ferunt
2962 2325 3054 2387 sex
3082 2311 3297 2387 codices
3325 2310 3381 2364 S.
3421 2310 3538 2387 Ma:

278 2377 430 2441 xim'o
457 2401 761 2441 sermonem
789 2377 1213 2453 tribuentesfqui
1241 2377 1758 2453 suanangallénsis
1786 2377 1933 2453 num.
1953 2377 2052 2453 μ,
2081 2377 2380 2453 _Va_tican_us
2408 2377 2508 2453 126

2604 2392 2688 2445 ag.
2722 2376 2842 2442 158,
2875 2379 3218 2447 Taurinensis
3247 2380 3297 2432 in
3326 2395 3434 2447 quo
3456 2385 3541 2433 est

278 2456 499 2509 homilia
524 2455 624 2517 15,.
639 2453 698 2508 8.
722 2453 907 2508 Crucis
935 2455 987 2507 in
1015 2445 1304 2506 Jerusalem
1327 2449 1395 2502 90
1424 2445 1570 2504 num.
1605 2449 1663 2500 ll
1700 2463 1820 2501 cum
1851 2445 2042 2517 titulo:
2071 2445 2258 2517 Incipit
2282 2449 2344 2517 de
2371 2448 2542 2517 gratia
2568 2445 2822 2516 baptismi,
2847 2455 2901 2501 et
2921 2446 2992 2517 9Q
3008 2448 3244 2514 ejusdem
3269 2447 3324 2501 8.
3348 2445 3539 2502 Crucis

276 2540 429 2578 num.
461 2524 546 2586 μ,
577 2515 785 2577 necnon
809 2522 1192 2575 Laurentianus
1222 2537 1252 2572 x
1285 2519 1421 2572 Plut.
1455 2535 1562 2571 xiv.
1594 2515 2049 2586 Hmcftestimoni‘a
2081 2515 2578 2586 perspicuis‘verbis
2611 2515 2863 2585 expressa
2893 2517 2938 2570 si
2969 2515 3322 2571 Benedictinis
3348 2531 3542 2571 mona-

275 2593 398 2649 cbis
427 2593 484 2647 8.
516 2581 783 2645 Ambrosii
811 2590 1104 2644 editoribus
1132 2587 1472 2650 aﬂ‘ulsissent,
1498 2587 1694 2642 certius
1718 2583 1975 2652 judicium
2005 2581 2108 2637 hoc
2137 2581 2222 2638 αθ·
2243 2599 2491 2638 sermone
2519 2581 2972 2654 pronuntiassent.

275 2725 671 2777 Anconem-run.
701 2749 774 2760 —
797 2718 1196 2774 Catecbumenos
1235 2721 1468 2775 hortatur
1506 2719 1766 2772 Naaimus
1804 2726 1859 2769 ut
1891 2718 1932 2776 Β
1961 2731 2018 2770 se
2047 2709 2299 2786 magister
2323 2728 2563 2783 excusat,
2595 2720 2649 2774 in
2689 2720 2792 2774 isto
2836 2737 2934 2776 nos
2968 2721 3214 2777 Salvator
3244 2723 3449 2777 invitat.
3483 2723 3541 2779 ln

349 2791 573 2861 gratiam
600 2789 936 2861 baptismatis
952 2790 1090 2861 omni
1119 2789 1771 2861 festinationemscipiant,
1804 2794 1860 2861 ut

348 2856 550 2928 possint
575 2856 689 2928 esse
713 2857 847 2928 quod
877 2856 1107 2928 Christus
1120 2856 1232 2928 est;
1263 2857 1459 2928 etquid
1476 2859 1618 2928 inter
1636 2856 1855 2928 Joannis

349 2924 630 3049 Ἄϐξπὶειὶ
674 2924 980 2996 baptismum
1029 2927 1228 2980 intersit
1291 2924 1514 2978 dilucide
1560 2926 1857 2994 copioseque

423 3011 480 3048 cc
507 3034 521 3048 .

351 3164 488 3231 Quia
514 3172 745 3228 constat,
771 3165 908 3219 sicut
934 3172 1058 3219 ante
1088 3173 1111 3200 ⁸
1141 3165 1408 3233 prosecuti
1444 3179 1644 3228 sumus,
1676 3162 1860 3216 Jesum

271 3256 554 3310 Christum
581 3271 688 3309 non
721 3256 804 3308 sui
831 3269 993 3308 causa
1022 3255 1347 3324 baptizatum
1376 3270 1512 3318 esse,
1546 3252 1638 3308 sed
1669 3252 1856 3316 nostri,

273 3344 556 3407 debemus,
589 3342 779 3398 fratres
802 3343 1151 3406 dilectissimi,
1183 3343 1333 3396 vobis
1359 3343 1752 3397 catechumenis
1781 3341 1862 3394 lo-

272 3447 434 3503 quor,
467 3433 688 3499 gratiam
717 3432 1050 3500 baptismatis
1073 3431 1187 3499 ejus
1208 3433 1352 3485 omni
1369 3432 1709 3485 festinatione
1736 3445 1860 3484 sus-

272 3522 480 3589 cipere,
519 3528 574 3574 et
609 3519 676 3574 de
714 3519 861 3574 fonte
904 3517 1171 3584 Iordanis,
1229 3535 1389 3588 quem
1435 3521 1523 3574 ille
1565 3519 1857 3583 benedixit,

276 3611 708 3669 benedictionem
761 3609 1181 3663 consecrationis
1226 3609 1476 3672 haurire,
1531 3618 1584 3663 et
1638 3610 1690 3661 in
1738 3625 1859 3662 eum

274 3699 540 3766 gurgitem
587 3698 642 3750 in
676 3713 835 3767 quem
874 3713 932 3752 se
986 3698 1126 3753 illius
1163 3700 1418 3752 sanctitas
1454 3699 1641 3752 mersit
1681 3707 1863 3752 nostra

277 3794 504 3856 peccata
532 3795 868 3854 mergantur;
898 3786 1122 3852 scilicet,
1152 3795 1210 3840 ut
1237 3787 1422 3840 eadem
1451 3802 1588 3856 aqua
1613 3802 1730 3856 quae
1754 3787 1861 3840 Do-

277 3875 484 3928 minum
509 3874 862 3928 circumdedit
889 3882 944 3928 et
969 3875 1208 3928 servulos
1235 3876 1647 3943 circumpurget,
1677 3882 1861 3941 quate-

276 3980 384 4020 nus
409 3979 478 4018 ex
505 3963 532 4002 δ
564 3964 852 4018 venerabili
881 3963 1078 4017 Christi
1107 3966 1318 4018 lavacro
1346 3965 1498 4018 nobis
1518 3965 1655 4017 unda
1677 3972 1859 4017 saneta

278 4054 545 4125 proﬁciat,
577 4061 634 4108 et
675 4054 863 4108 iisdem
903 4054 1138 4122 vestigiis
1175 4063 1334 4122 atque
1375 4055 1641 4125 mysteriis
1668 4055 1860 4122 quibus

277 4144 709 4200 benedictionem
731 4160 763 4198 a
781 4144 1064 4199 Salvatore
1089 4153 1172 4200 est
1199 4153 1456 4210 mutuata,
1481 4161 1579 4201 nos
1599 4145 1712 4200 fotu
1731 4146 1858 4200 bea-

276 4235 423 4288 tiore
461 4230 723 4301 puriﬂcet,
751 4234 1081 4302 gratiamque
1108 4249 1267 4302 quam
1302 4249 1334 4288 a
1360 4234 1572 4290 Christo
1625 4237 1858 4304 suscepit

1964 2806 2053 2860 illo
2087 2805 2289 2873 justitia
2317 2808 2630 2877 semiplena,
2673 2808 2726 2861 in
2771 2809 2873 2863 isto
2903 2807 3134 2864 Trinitas
3160 2818 3242 2866 est
3281 2810 3536 2880 perfecta.

1963 2896 2043 2950 Ad
2070 2895 2197 2949 illud
2218 2903 2432 2953 sanctus
2455 2898 2618 2962 venit,
2648 2905 2865 2952 sanctus
2891 2913 3135 2966 egressus
3163 2909 3274 2965 est;
3303 2900 3368 2954 ad
3399 2902 3540 2956 istud

1961 2991 2210 3052 peccator
2235 2985 2401 3049 venit,
2427 2992 2480 3038 et
2508 2994 2724 3042 sanctus
2751 2987 3008 3041 abscedit.
3045 2987 3102 3040 ln
3133 2989 3224 3042 illo
3253 2989 3408 3059 430
3443 2991 3540 3045 be-

1962 3072 2191 3126 nedictio
2221 3073 2492 3129 confertur
2519 3075 2804 3144 mysteriis,
2838 3077 2856 3108 ¹
2887 3077 2939 3130 in
2976 3076 3078 3131 isto
3100 3077 3124 3113 (³
3155 3079 3422 3148 mysteriis
3454 3079 3542 3133 de-

1961 3164 2085 3218 licta
2113 3163 2395 3218 donantur.
2435 3163 2701 3232 Baptizari
2739 3179 2888 3232 ergo,
2922 3166 3134 3232 fratres,
3165 3167 3420 3223 debemus
3447 3184 3542 3224 eo-

1961 3253 2081 3307 dem
2109 3253 2314 3321 gurgite
2340 3267 2446 3321 quo
2474 3251 2749 3318 Salvator;
2781 3254 2872 3307 sed
2904 3262 2963 3307 ut
2990 3255 3180 3310 eodem
3209 3255 3356 3312 fonte
3395 3272 3540 3313 mer-

1961 3356 2164 3409 gamur,
2196 3357 2300 3395 non
2338 3342 2494 3396 nobis
2525 3340 2809 3397 Orientalis
2844 3343 3072 3411 petenda
3110 3353 3193 3400 est
3231 3347 3399 3414 regio,
3433 3363 3541 3401 non

1964 3430 2152 3482 ﬂuvius
2181 3437 2335 3483 terrm
2360 3428 2616 3484 Judaicm.
2650 3428 2746 3483 Ubi
2777 3431 2918 3484 enim
2948 3448 3090 3486 nunc
3118 3434 3383 3502 Christus,
3415 3447 3438 3473 ⁸
3469 3437 3542 3490 ibi

1961 3532 2173 3587 quoque
2200 3517 2446 3572 Iordanis
2472 3526 2570 3573 est.
2598 3517 2793 3572 Eadem
2814 3523 3147 3574 consecratio
3167 3537 3286 3589 qua:
3310 3522 3541 3580 Orientis

1964 3608 2177 3661 ﬂumina
2195 3607 2466 3660 benedixit
2491 3605 2791 3661 Occidentis
2831 3606 3027 3662 ﬂuenta
3051 3610 3363 3663 sanctificat.
3392 3610 3543 3667 Unde

1963 3699 2061 3752 etsi
2101 3713 2295 3752 nomen
2344 3697 2480 3751 forte
2528 3695 2687 3750 ﬂuvio
2742 3698 2884 3752 aliud
2932 3699 3001 3751 sit
3045 3700 3111 3753 de
3157 3702 3372 3766 smculo,
3406 3704 3543 3759 inest

1963 3796 2141 3841 tamen
2169 3787 2243 3842 illi
2268 3788 2576 3859 mysterium
2601 3787 2665 3841 de
2687 3786 2938 3841 Jordane.
2966 3788 3204 3857 Denique
3235 3791 3420 3846 iisdem
3450 3810 3541 3848 sa-

1963 3878 2245 3930 cramentis
2281 3892 2368 3930 res
2413 3877 2586 3944 agitur
2631 3877 2822 3944 quibus
2857 3885 2912 3932 et
2959 3886 3084 3934 tunc
3120 3889 3268 3948 gesta
3305 3891 3406 3946 est,
3439 3885 3541 3938 nisi

1962 3966 2100 4032 quod
2131 3966 2297 4032 gratia
2327 3967 2586 4033 pleniore.
2618 3965 2766 4020 Tunc
2795 3967 2936 4020 enim
2965 3967 3279 4024 Trinitatem
3307 3974 3541 4027 carnali-

1965 4057 2062 4108 bus
2090 4055 2257 4108 oculis
2284 4055 2530 4121 vidimus,
2569 4055 2730 4109 modo
2771 4056 3013 4110 eamdem
3063 4058 3375 4114 Trinitatem
3421 4061 3542 4117 fidei

1964 4147 2129 4200 oculis
2157 4147 2595 4214 contemplamur.
2648 4146 2796 4202 Tunc
2839 4147 3110 4204 Christum
3152 4153 3238 4204 vix
3277 4153 3543 4208 humanus

1965 4237 2137 4290 vultus
2165 4238 2390 4304 aspexit,
2423 4252 2563 4291 nunc
2591 4236 2833 4290 eumdem
2864 4253 3014 4292 mens
3043 4239 3274 4294 humana
3304 4243 3544 4311 comple-

277 4325 335 4377 in
369 4322 696 4377 Christianos
721 4323 988 4377 refundat.
1021 4322 1177 4392 Ergo,
1209 4322 1418 4390 fratres,
1450 4326 1577 4394 tingi
1605 4325 1860 4379 debemus
1885 4331 1929 4390 (.3
1962 4327 2139 4382 ctitur.
2178 4326 2326 4380 Tunc
2361 4325 2588 4395 Spiritus
2623 4335 2837 4380 sanctus
2878 4329 3023 4382 velut
3061 4331 3321 4386 columba:
3362 4336 3542 4403 specie

272 4412 474 4467 eodem
518 4411 666 4466 fonte
703 4428 811 4481 quo
850 4410 1115 4479 Christus,
1155 4421 1212 4468 ut
1252 4417 1517 4484 possimus
1561 4429 1680 4468 esse
1717 4414 1861 4482 quod

272 4500 526 4556 Christus
552 4508 652 4554 est.
683 4500 836 4566 Nam,
864 4501 1008 4570 quod
1037 4504 1182 4556 salva
1222 4503 1324 4558 ﬁde
1345 4504 1589 4568 dixerim,
1622 4504 1744 4558 licet
1763 4505 1857 4558 ba-

273 4589 533 4659 ptismum
574 4595 854 4658 utrumque
898 4589 970 4642 sit
1008 4590 1236 4657 Domini,
1284 4599 1436 4646 tanto
1483 4593 1684 4661 gratius
1728 4601 1859 4661 puto

273 4680 390 4732 hoc
429 4677 748 4745 baptismum
803 4693 922 4731 esse
958 4693 1066 4746 quo
1111 4696 1210 4735 nos
1255 4683 1518 4738 abluimus
1545 4698 1704 4750 quam
1735 4683 1860 4736 illud

270 4782 392 4836 quo
427 4764 675 4821 Salvator
705 4778 727 4805 ο
757 4768 1076 4837 baptizatur.
1119 4769 1233 4826 Hoc
1269 4774 1411 4827 enim
1440 4774 1741 4828 celebratur
1767 4789 1864 4842 per

269 4855 574 4919 Christum,
605 4855 738 4912 illud
765 4858 1092 4914 celebratum
1117 4870 1202 4917 est
1236 4876 1334 4932 per
1358 4861 1641 4919 Joannem.
1683 4863 1742 4917 ln
1771 4865 1862 4920 illo

354 5086 381 5114 ⁸
408 5077 542 5132 Cod.
571 5078 694 5132 Vat.
729 5078 884 5145 1367,
915 5092 1034 5135 ante
1059 5082 1168 5135 dies
1192 5099 1403 5145 paucos.

351 5145 380 5183 δ
407 5146 548 5200 Idem
574 5148 696 5201 cod.
728 5147 870 5212 νει,
901 5166 966 5202 e1:
994 5145 1300 5204 venerabilis
1329 5150 1522 5205 Christi
1549 5153 1772 5205 lavacro.

347 5213 644 5335 ἐραν-(ιω
671 5215 792 5269 cod.
822 5216 878 5270 8.
906 5217 1092 5271 Crucis
1120 5219 1171 5271 in
1201 5218 1308 5272 Jer.
1340 5226 1392 5272 et
1425 5219 1568 5284 γει,
1593 5232 1666 5273 est
1697 5221 1863 5290 bapti-

271 5301 338 5338 ω
437 5321 450 5334 .

348 5351 378 5388 δ
412 5348 646 5421 Uterque
672 5351 796 5406 cod.
828 5351 884 5406 S.
916 5352 1102 5408 Crucis
1129 5355 1184 5408 in
1210 5353 1320 5410 Jer.
1360 5364 1415 5409 et
1445 5354 1585 5420 ναι..
1625 5375 1714 5425 per
1743 5375 1858 5428 my-

349 5500 365 5582 f
406 5497 1192 5582 Distinctioplanetheologica
1222 5503 1402 5582 gratia:
1427 5517 1497 5582 ex
1527 5517 1690 5582 opere
1719 5519 1850 5572 ope-

265 5572 710 5647 rato,_et__gratia3
731 5581 795 5647 ex
826 5581 988 5647 opere
1003 5572 1285 5647 cperantis
1315 5587 1325 5619 :
1360 5572 1654 5647 primaipsi
1682 5588 1854 5647 saera-

261 5639 434 5694 mcnti
454 5635 712 5692 efﬁcacia:
732 5641 787 5686 ct
803 5635 978 5688 virtuti
1001 5635 1265 5700 tribuitur,
1286 5635 1424 5695 unde
1437 5635 1851 5697 dixit’ﬂaximus

1962 4416 2231 4470 hominem
2260 4415 2612 4477 circumfudit,
2647 4415 2806 4469 modo
2847 4431 2905 4470 se
2942 4416 2994 4469 in
3027 4417 3279 4475 interiora
3311 4422 3544 4480 hominis

1967 4505 1983 4543 ί
2016 4507 2127 4575 ipsa
2158 4505 2350 4558 virtute
2378 4505 2668 4558 divinitatis
2699 4503 2944 4559 infundit.
2985 4505 3134 4562 Tunc
3181 4507 3341 4564 Pater
3368 4527 3399 4565 a
3432 4512 3540 4568 Do-

1961 4597 2106 4649 mino
2153 4603 2370 4664 propter
2415 4594 2605 4648 Filium
2654 4594 2814 4662 longo
2866 4596 3047 4649 auditu
3102 4599 3247 4654 vocis
3293 4602 3540 4667 advenit,

1961 4685 2120 4737 modo
2155 4691 2332 4737 autem
2365 4683 2639 4738 descendit
2673 4683 2739 4736 ad
2781 4700 2878 4738 nos
2904 4683 3063 4739 Pater
3093 4688 3204 4755 ipse
3233 4704 3350 4743 cum
3383 4691 3538 4746 Filio.

1967 4775 2176 4829 Plenior
2204 4789 2329 4842 ergo
2359 4776 2524 4842 gratia
2555 4785 2656 4838 est,
2690 4775 2778 4828 ubi
2803 4774 2960 4838 Dens,
2993 4793 3097 4830 non
3127 4790 3392 4849 assumpta
3423 4799 3542 4851 spc-

1963 4866 2072 4927 cie,
2103 4863 2379 4919 descendit
2417 4864 2484 4918 ad
2527 4864 2806 4930 homines,
2854 4864 2946 4919 sed
2989 4870 3203 4936 propria
3247 4871 3543 4927 substantia

1964 5085 2194 5154 steriunt.
2219 5082 2401 5136 Codex
2431 5080 2681 5135 Laurent.
2706 5097 2759 5143 x,
2792 5085 2843 5134 in
2871 5084 2968 5136 isto
2995 5101 3086 5151 per
3121 5088 3416 5154 mysterium
3445 5093 3540 5143 de-

1963 5155 2086 5204 licta
2108 5153 2334 5205 donavit.

2035 5231 2058 5292 ε
2087 5221 2217 5273 Cod.
2244 5219 2335 5292 790,
2364 5218 2936 5292 ubiquelordanis‘est;
2962 5221 3230 5292 itemcml.
3264 5222 3537 5292 l,aurent.,

1960 5291 2142 5359 ubique
2169 5291 2303 5359 enini
2334 5305 2467 5359 nunc
2497 5287 2746 5359 Christus,
2771 5289 2952 5359 ubique
2975 5288 3224 5343 Jordanis
3253 5301 3350 5344 est.

2035 5354 2069 5395 ι’
2085 5358 2218 5412 Cod.
2250 5356 2392 5421 νειμ,
2418 5358 2471 5408 in
2499 5356 2610 5424 ipsa
2640 5354 2822 5408 virtute
2844 5357 3144 5421 diuinitatis,
3177 5368 3284 5412 etc.

1956 5505 2021 5557 de
2047 5506 2326 5572 baptismo.
2351 5508 2400 5556 in
2423 5507 2519 5557 isto
2541 5505 2792 5573 mysteriis
2819 5506 3005 5557 delicta
3029 5507 3318 5569 donantur;
3343 5525 3534 5565 secun-

1959 5573 2024 5625 (ιι
2052 5574 2453 5627 sanctiﬁcationi
2485 5589 2579 5640 per
2608 5574 3028 5627 benedictionem
3057 5575 3335 5633 elementis
3364 5581 3532 5635 colla-

1960 5650 2042 5707 tte,
2073 5643 2124 5694 in
2156 5643 2242 5696 illo
2273 5642 2554 5696 benedictio
2581 5644 2843 5706 confertur
2869 5645 3145 5708 mysteriis.
