3910 6238
433 290 538 343 559

1619 294 1674 349 S.
1718 293 1957 349 ΜΑΧΙΜΙ
2000 297 2440 354 ΤΑΕΚΙᾸΕΝΞΙΞ

3561 302 3675 357 560

432 408 457 433 ⁸·
486 395 808 452 descendere
851 397 1099 466 dignatur
1145 398 1211 453 ad
1259 398 1411 454 ﬁlios.
1448 398 1525 453 lbi
1562 401 1703 453 enim
1742 408 1992 469 tanquam
2022 417 2064 469 Α
2096 407 2237 473 quod
2307 406 2541 460 Joannes
2586 406 2801 476 petierit
2845 406 3043 462 Christi
3096 408 3419 477 baptismum
3466 421 3521 466 et
3569 431 3679 469 no.1

428 487 715 542 incredulis
743 485 896 540 ﬁdem
926 486 1039 540 vult
1066 487 1230 555 signis
1262 488 1625 557 corporalibus
1652 489 1991 554 persuadere,

426 578 513 632 hic
538 588 790 645 tanquam
832 576 1070 631 ﬁdelibus
1108 579 1331 646 gratiam
1358 578 1620 647 spirituali
1650 579 1839 632 virtute
1867 594 1993 633 cor.-

424 667 581 721 ferre.
616 666 876 722 Plenioris
918 682 1044 735 ergo
1083 670 1269 736 gratiae
1317 676 1399 722 est
1436 668 1601 721 Deum
1647 668 1825 721 videre
1858 670 1993 722 sicut

2099 496 2382 562 acceperit,
2419 494 2675 549 debemus
2702 496 3143 551 animadvertere.
3177 497 3264 550 Ait
3290 499 3429 552 enim
3460 502 3537 554 illi
3565 504 3674 557 Do-

2096 583 2272 634 minus
2337 582 2625 651 postulanti
2669 600 2681 634 :
2718 582 2845 637 Sine
2880 584 3057 648 modo,
3096 585 3170 635 sic
3207 586 3343 636 enim
3390 586 3533 638 decet
3578 606 3675 641 nos

2094 669 2304 736 implere
2336 686 2537 722 omnem
2558 723 2561 725 ί
2566 671 2820 738 justitiam
2861 671 3070 741 (Matth.
3118 674 3216 739 ut).
3253 672 3458 727 Scimus
3489 683 3672 729 autem

422 766 504 813 est
532 758 689 821 Deus,
712 774 873 826 quam
904 758 1083 812 videre
1104 773 1229 812 eum
1278 758 1355 812 sic
1383 766 1440 812 ut
1467 758 1703 826 requiras
1730 773 1869 811 eum.
1895 758 1994 813 Hic
2092 756 2233 822 quod
2273 755 2509 810 Joannes
2537 758 2697 827 432
2733 758 2968 828 Baptista
3009 768 3193 829 typum
3239 762 3370 828 legis
3405 763 3629 828 gerebat
3653 781 3669 818 :

420 854 502 898 est
532 847 762 913 perfecta
803 845 1055 910 Trinitas,
1089 834 1363 901 ibi‘adhuc
1390 846 1671 901 scrutanda
1713 846 1984 900 Divinitas.

418 933 632 989 Plenior
654 934 811 1000 igitur
839 942 922 988 est
949 936 1119 1001 gratia
1138 933 1303 987 Deum
1329 934 1542 1002 propria
1569 934 1765 985 virtute
1791 946 1990 999 cogno-

416 1016 585 1087 scere,
610 1038 766 1091 quam
794 1024 845 1077 in
870 1032 1140 1094 assumpta
1164 1024 1339 1093 specie
1359 1024 1615 1092 suspicari
1638 1023 1685 1076 δ.
1710 1023 1987 1078 Faciamus

415 1124 543 1177 ergo
572 1112 671 1179 ipsi
695 1127 793 1180 pro
823 1111 979 1165 nobis
1005 1110 1148 1182 quod
1176 1111 1341 1165 Deum
1376 1111 1615 1165 videmus
1659 1110 1850 1165 fecisse
1888 1126 1984 1179 pro

413 1202 588 1265 nobis,
622 1200 877 1255 faciamus
902 1202 1043 1255 circa
1071 1216 1169 1255 nos
1197 1199 1342 1269 quod
1387 1200 1500 1269 ﬁeri
1537 1199 1678 1254 circa
1725 1214 1783 1252 se
1824 1199 1979 1268 531

411 1288 642 1342 Joannes
662 1289 882 1356 optavit.
912 1300 934 1328 ε
960 1288 1015 1343 Si
1042 1290 1152 1355 ille,
1173 1290 1265 1357 qui
1284 1296 1399 1343 erat
1424 1289 1701 1357 propheta,
1730 1288 1982 1355 magister

412 1384 465 1430 et
492 1384 721 1442 sanctus,
745 1376 1037 1431 Salvatoris
1056 1378 1373 1446 baptismum
1394 1378 1715 1445 concupivit,
1737 1377 1760 1413 α
1780 1384 1981 1443 quanto

410 1466 577 1532 magis
622 1474 931 1535 peccatores
984 1482 1101 1530 nos,
1160 1467 1383 1520 humiles
1427 1474 1481 1519 et
1527 1466 1716 1533 ignari,
1758 1466 1980 1533 gratiam

408 1554 546 1608 hanc
573 1555 828 1609 debemus
866 1557 1085 1609 ambire.
1122 1555 1308 1609 Videte
1347 1553 1762 1608 miSericordiam
1795 1553 1981 1606 Salva-

407 1643 537 1696 toris
565 1661 575 1694 :
610 1644 719 1697 hoc
743 1645 895 1698 nobis
924 1652 1114 1712 sponte
1146 1642 1401 1708 defertur,
1428 1642 1569 1709 quod
1597 1644 1856 1711 propheta
1891 1656 1981 1710 po-

406 1730 611 1786 stulans
646 1748 754 1786 non
784 1742 1018 1787 meretur
1052 1733 1312 1801 accipere.
1339 1731 1475 1797 Quid
1505 1739 1682 1785 autem
1714 1746 1887 1786 causze
1916 1732 1985 1784 sit
2019 1718 2060 1774 Β

2085 842 2285 907 justum
2312 858 2439 911 ergo
2459 853 2577 897 erat
2596 854 2653 897 ut
2673 846 2787 913 ipse
2812 847 3108 915 baptizaret
3128 847 3430 915 Dominum,
3460 851 3669 905 scilicet

2088 939 2147 983 ut
2172 933 2617 997 quemadmodum
2646 936 2931 988 secundum
2961 953 3174 991 carnem
3215 939 3280 992 de
3312 937 3506 994 Iudaeis
3543 942 3662 996 Sal-

2085 1029 2241 1074 vator
2267 1030 2347 1075 est
2375 1024 2603 1088 genitus,
2635 1026 2706 1077 ita
2749 1034 2803 1079 et
2840 1029 3129 1083 secundum
3158 1032 3402 1098 spiritum
3446 1033 3516 1087 de
3546 1035 3666 1102 lege

2085 1107 2428 1177 Evangelium
2470 1122 2795 1178 nasceretur,
2826 1122 2883 1167 ut
2912 1117 3053 1169 unde
3075 1120 3473 1172 successionem
3496 1119 3667 1175 duce-

2083 1200 2175 1252 bat
2221 1203 2457 1267 originis,
2508 1205 2698 1258 exinde
2746 1215 2799 1259 et
2854 1206 3193 1261 traditionem
3241 1213 3667 1267 consecrationis

2087 1288 2373 1355 acciperet.
2420 1288 2535 1343 Hoc
2565 1299 2646 1343 est
2691 1293 2850 1359 igitur
2878 1294 3019 1362 quod
3063 1296 3135 1348 ait
3168 1315 3180 1348 :
3216 1297 3306 1350 Sic
3341 1302 3479 1352 enini
3522 1302 3665 1354 decet

2086 1392 2179 1428 nos
2216 1378 2425 1445 implere
2468 1396 2669 1431 omnem
2705 1382 2985 1449 justitiam.
3029 1384 3231 1439 Justum
3268 1390 3409 1441 enim
3451 1400 3566 1443 erat
3604 1400 3663 1445 ut

2085 1464 2330 1517 mandata
2366 1468 2496 1533 legis
2534 1483 2655 1549 qua:
2691 1471 2803 1537 ipse
2842 1474 3155 1530 condiderat
3191 1478 3303 1545 ipse
3339 1482 3660 1550 compleret,

2084 1556 2222 1608 sicut
2260 1557 2382 1610 alibi
2421 1558 2547 1612 dicit
2581 1577 2591 1609 :
2628 1558 2749 1612 Non
2780 1562 2895 1614 veni
2937 1564 3130 1618 solvere
3158 1566 3338 1636 legem,
3371 1569 3462 1622 sed
3490 1570 3663 1624 adiut-

2086 1648 2223 1714 plere
2253 1647 2438 1716 (Ibid.)

1785 1819 2048 1879 SERMO
2094 1821 2143 1878 Χ
2157 1822 2178 1880 ι
2193 1823 2237 1877 V
2247 1867 2258 1878 .

1721 1917 1798 1971 De
1832 1918 2035 1989 jejunio
2078 1924 2321 1989 generali.

1827 2006 2213 2061 ADMONITIO.

430 2101 513 2181 UA
544 2100 745 2179 clariss.
776 2100 892 2181 viro
912 2097 1066 2179 Joan.
1098 2079 1375 2181 Domini'cp
1393 2095 1567 2150 Maria
1596 2096 1799 2181 mansio
1827 2095 2129 2181 ρει-..ξεί
2156 2097 2375 2181 κρίθη-ε
2403 2101 2522 2181 D_ei,_
2548 2111 2731 2181 postea
2759 2104 2942 2181 patria:
2968 2120 3077 2162 sua:
3105 2108 3511 2181 archiepiscopo
3533 2129 3650 2171 me.

399 2168 671 2252 altissimo,
683 2176 883 2252 'erptus
908 2169 1137 2252 primum
1174 2164 1275 2252 fuit
1302 2165 1955 2252 ὶιξςωεεξίςῐῐιε),-εξξὴςιοξιξςξςξε
1979 2164 2298 2252 νδᾴὅεςειρξῐᾳξ.
2339 2171 2467 2252 εδει.
2503 2164 2775 2252 Lucensis;
2809 2173 3085 2252 editusque
3113 2178 3167 2252 in
3194 2164 3645 2252 app‘endiée—opp.

397 2236 655 2307 Stephani
683 2237 879 2307 Baluzii
913 2232 1050 2289 'tom.
1080 2234 1301 2307 ll,_pag._
1325 2232 1444 2307 im,
1485 2234 1539 2285 S.
1573 2234 1786 2307 Maximi
1816 2235 2028 2307 nomine
2065 2232 2363 2307 insignitus.
2396 2238 2503 2292 Nos
2538 2232 2771 2307 quatuor
2797 2232 3017 2295 aliorum
3048 2232 3291 2300 codicu'n'i
3314 2232 3649 2305 testimoniis

395 2302 645 2373 permoti,
679 2306 817 2359 illius
840 2312 1113 2373 auctorem
1152 2302 1208 2373 SA.

798 2312 1113 2387 amiciorem
1238 2302 1849 2387 AMiaxiinudeicimusa
1879 2302 1981 2387 hac
2022 2302 2572 2387 estﬂduurumdbibl."
2592 2308 3013 2387 Laurentiana:_i
3053 2311 3312 2387 Plutuxiv
3336 2330 3456 2387 pag.
3485 2302 3649 2372 ηοξ

395 2370 570 2448 tergo,
588 2374 813 2448 secundi
835 2374 865 2448 _l
879 2372 943 2424 74
971 2372 1097 2448 bjhl.
1132 2371 1255 2448 olim
1283 2370 1446 2448 _:cdil._
1469 2379 1696 2448 meti-op.
1740 2371 1870 2448 ccci.
1914 2370 2252 2448 florentinaa,
2284 2375 2577 2448 tertiibibl.
2617 2386 2918 2445 congregat.
2964 2380 3158 2436 Montis
3186 2370 3376 2438 Olivei.

3456 2387 3638 2453 eapol.

393 2438 515 2511 pag.
535 2442 648 2517 _100
676 2443 850 2517 quarti
890 2440 1106 2517 tandem
1136 2438 1495 2517 I‘aurinensi's.
1536 2440 1615 2491 Ab
1645 2438 1889 2517 omnibus
2004 2440 2265 2517 Maximus
2284 2438 2571 2517 “sermonis
2598 2438 2783 2500 auctor
2811 2438 3161 2517 nuncupatur,
3191 2451 3285 2503 sed
3316 2469 3423 2505 oon
3454 2438 3647 2508 omnes

392 2507 875 2585 euindctn_titulum
900 2509 1117 2569 habent.
1147 2509 1202 2561 ln
1221 2509 1417 2585 codice
1446 2507 1671 2585 bucei‘isi
1706 2507 1825 2585 :__De
1846 2509 2047 2585 jejunio
2086 2513 2311 2585 generali
2342 2512 2645 2585 inscribitur
2666 2530 2878 2585 sermo;
2910 2515 2963 2585 in
2990 2507 3212 2585 reliquis
3244 2536 3255 2570 :
3290 2520 3367 2572 De
3397 2507 3646 2582 Quum;

391 2582 603 2700 iesima.
639 2580 745 2633 Nos
774 2596 877 2633 non
908 2593 1067 2645 quam
1104 2576 1389 2655 prmferunt
1417 2576 1603 2642 reliqui
1634 2577 1843 2630 codices
1872 2576 2271 2655 inscriptionem
2295 2582 2611 2649 suscipimus
2654 2582 2734 2635 De
2769 2576 3195 2653 Quadragesivita,
3226 2588 3323 2640 sed
3352 2576 3643 2644 ex'codice

437 2649 648 2700 ucensi.
677 2646 821 2700 auod
865 2648 965 2700 hac
1001 2648 1049 2699 in
1089 2660 1344 2699 concione
1389 2660 1495 2697 non
1522 2646 1587 2697 de
1616 2646 1830 2700 sneciali
1866 2646 2068 2700 ieiunio
2110 2645 2535 2700 Ouadratzesimm
2564 2652 2670 2700 agit
2712 2650 2768 2700 S.
2797 2651 3088 2700 Maximus-
3120 2654 3214 2700 sed
3242 2657 3535 2700 annm-alim
3565 2656 3643 2700 dp.

437 2649 648 2722 ucensi,
677 2646 821 2722 quod
865 2644 965 2722 hac
998 2648 1049 2722 _in
1089 2644 1349 2722 concione
1389 2660 1495 2697 non
1522 2646 1587 2697 de
1616 2644 2068 2722 speciali-jejunio
2110 2644 2535 2722 Quadragesiinze
2564 2652 2670 2722 agit
2712 2650 2768 2704 S.
2797 2644 3088 2717 Maxim'us,
3120 2644 3215 2709 sed
3242 2657 3536 2722 generatim
3565 2656 3645 2712 de

390 2718 586 2772 virtute
617 2712 915 2785 meritoque
936 2713 1145 2783 jejunii,
1166 2713 1309 2781 quod
1338 2721 1516 2767 tamen
1543 2712 1983 2781 qua’dragesimali
2006 2712 2345 2768 abstinentiai
2360 2712 2648 2772 convenife
2676 2727 2872 2788 potest.

390 2829 775 2882 Ancum-2mm.
806 2854 877 2865 —
899 2824 977 2878 De
1000 2824 1146 2894 lapsu
1182 2824 1306 2894 Adin
1334 2824 1504 2891 cupidi
1541 2823 1735 2876 sciendi
1764 2822 1881 2894 boni
1907 2830 1956 2875 et

453 2899 598 2959 mali.
625 2896 685 2949 Si
713 2896 801 2949 ille
811 2893 1336 3015 feccavitgustando,
1361 2909 1451 2972 cur
1477 2908 1577 2945 non
1607 2908 1713 2973 ego
1729 2893 1958 2960 placeam

453 2965 777 3015 ieiunando?
844 2981 875 3015 η
902 2963 1146 3015 paradiso
1182 2960 1426 3014 Ecclesia:
1454 2970 1714 3015 constituti
1738 2961 1955 3013 manda—

447 2965 777 3034 iejuuando?
811 2960 875 3016 In
902 2960 1146 3034 paradiso
1182 2960 1426 3034 Ecclesia:
1454 2960 1714 3015 constituti
1738 2961 1955 3013 manda—

444 3031 564 3093 ιιὶηι
590 3036 877 3102 accepimus
904 3040 957 3084 ut
985 3032 1146 3101 legem
1168 3031 1355 3099 jejunit
1384 3046 1751 3083 conservemus.

452 3185 608 3252 Saepe
637 3184 935 3237 intimatum
965 3192 1047 3235 est
1074 3180 1288 3233 auribus
1316 3179 1505 3231 vestris
1531 3188 1553 3213 θ
1577 3186 1684 3230 tam
1714 3177 1779 3230 de
1816 3176 1957 3230 Scri-

386 3263 559 3345 pturis'
584 3273 775 3327 divinis
802 3287 961 3340 quam
1019 3285 1085 3324 ex
1121 3267 1585 3339 prtedicationibus
1620 3266 1814 3319 nostris
1853 3266 1960 3332 pri-

384 3380 524 3419 mam
564 3364 615 3417 in
637 3362 813 3415 Adam
851 3360 1013 3414 fuisse
1042 3357 1295 3428 peccandi
1326 3356 1536 3425 culpam
1571 3354 1588 3391 ί
1624 3354 1817 3408 mentis
1844 3354 1957 3406 ille-

383 3455 628 3519 cebram,
687 3462 742 3507 et
795 3449 1022 3506 causam
1062 3449 1436 3515 delinquentis:
1500 3448 1768 3500 exstitisse
1824 3459 1957 3498 esce

382 3543 705 3613 cupidinem.
750 3540 879 3593 Dum
911 3538 1054 3592 enim
1084 3538 1225 3590 inter
1252 3543 1333 3589 tot
1373 3535 1602 3604 paradisi
1629 3534 1810 3603 epulas
1834 3547 1955 3602 pre-

380 3633 547 3686 tiosas
571 3640 596 3676 ε
627 3629 780 3682 unius
808 3626 1139 3680 abstinentiae
1167 3625 1337 3679 noluit
1363 3626 1649 3678 observare
1670 3622 1977 3696 jejunium,’

381 3732 688 3779 cunctarum
718 3720 1023 3773 deliciarum
1065 3717 1290 3787 perdidit
1321 3715 1345 3751 ιι
1376 3715 1721 3778 voluntatem,
1749 3720 1805 3766 et
1832 3713 1958 3765 ami-

376 3814 451 3869 sit
492 3825 744 3866 concessa
786 3809 911 3862 dum
966 3808 1273 3875 concupivit
1308 3806 1508 3859 illicita.
1548 3802 1649 3869 Qui
1678 3804 1858 3872 utique
1911 3805 1955 3855 si

384 3904 540 3956 unius
588 3901 691 3955 cibi
736 3899 1111 3954 abstinentiam
1153 3898 1469 3958 tolerasset,
1522 3911 1627 3948 non
1682 3903 1953 3949 tantorum

380 3995 645 4049 bonorum
686 3989 900 4060 jejunus
929 3987 944 4027 ί
980 3989 1277 4043 exstiterat.
1313 3985 1461 4040 Unde
1488 4000 1602 4049 nos,
1629 3984 1833 4048 fratres,
1863 3999 1955 4038 co-

377 4090 694 4153 gnoscentes
716 4080 772 4133 in
804 4087 1023 4133 auctore
1053 4086 1236 4135 nostro
1267 4075 1445 4129 delicti
1491 4088 1725 4136 causam,
1764 4088 1950 4141 ampu-

378 4182 552 4227 temus
580 4185 608 4226 a
640 4169 794 4224 nobis
826 4167 1124 4223 occasionis
1163 4164 1437 4220 oﬂ'ensam.
1479 4162 1547 4216 Et
1587 4161 1952 4231 cupiditatem,

380 4276 542 4329 quam
571 4260 660 4313 ille
692 4260 705 4308 i
739 4266 889 4312 extra
918 4255 1151 4310 mandati
1182 4253 1418 4308 extendit
1445 4254 1656 4317 lineam,
1689 4244 1787 4304 nos
1814 4250 1953 4303 intra

379 4348 631 4420 praecepti
656 4348 939 4402 terminum
962 4354 1257 4408 teneamus,
1291 4358 1388 4397 nec
1418 4344 1703 4412 patiamur,
1734 4348 1954 4410 propter

378 4439 677 4494 brevissimi
718 4436 974 4505 temporis
1019 4435 1215 4489 indicta
1246 4433 1469 4503 jejunia,
1500 4434 1665 4497 totius
1701 4430 1821 4485 vita:
1850 4443 1949 4483 nos

380 4529 601 4600 perdere
641 4529 976 4582 suavitatem.
1023 4526 1078 4580 Si
1128 4526 1216 4580 ille
1250 4526 1491 4595 peccavit
1535 4524 1817 4591 gustando,
1855 4536 1950 4575 cur

378 4636 483 4675 non
514 4634 614 4688 ego
645 4620 881 4688 placeam
916 4618 1245 4686 jejunando?
1282 4617 1338 4671 Si
1377 4617 1449 4670 illi
1480 4632 1598 4671 esca
1640 4615 1841 4668 exstitit
1881 4613 1948 4667 ad

381 4721 637 4776 mortem,
678 4727 774 4766 cur
811 4726 917 4764 non
955 4710 1083 4764 mihi
1131 4710 1447 4777 abstinentia
1477 4707 1685 4777 proiicit
1712 4707 1779 4761 ad
1807 4706 1949 4759 salu-

379 4802 522 4856 tem?
549 4801 809 4870 [nsipiens
831 4801 994 4869 plane"
1010 4808 1092 4855 est
1111 4799 1201 4867 qui
1224 4814 1323 4853 nec
1347 4799 1621 4852 instruitur
1646 4796 1944 4866 prmceptis,

380 4906 481 4946 nec
504 4892 727 4946 docetur
755 4891 1029 4959 exemplis.
1062 4890 1251 4943 Videte
1281 4889 1456 4955 igitur,
1488 4890 1532 4943 si
1560 4904 1666 4942 non
1695 4888 1799 4941 tale
1822 4900 1949 4956 pra:-

450 5075 475 5102 ἰ
504 5064 637 5117 Cod.
670 5062 737 5117 99
774 5061 832 5116 S.
871 5058 1057 5115 Crucis
1079 5060 1135 5113 in
1164 5059 1294 5121 ἔθνη
1321 5058 1409 5111 sed
1438 5060 1641 5126 propria
1664 5054 1949 5110 substantia

379 5137 622 5205 dignatur
649 5134 817 5205 venire
844 5131 914 5205 ad
940 5130 1095 5199 ﬁlios.
1124 5128 1252 5205 Cod.
1286 5143 1412 5181 vero
1440 5127 1506 5179 90
1536 5128 1691 5180 habet
1710 5126 1799 5178 sed
1822 5141 1945 5191 pro-

372 5197 492 5273 pria
514 5202 800 5273 substantia
820 5197 1148 5273 dignaturad
1174 5197 1327 5273 ﬁlios,
1351 5205 1451 5249 etc.

451 5274 475 5310 δ
508 5273 603 5327 llic
631 5272 824 5325 desinit
848 5265 1026 5323 scrmo
1056 5268 1107 5320 in
1137 5266 1254 5320 cod.
1287 5265 1404 5318 Vat.

457 5354 477 5381 ε
508 5341 641 5395 Cod.
674 5339 741 5392 90
766 5338 822 5392 S.
853 5336 1040 5391 Crucis
1067 5335 1297 5403 supplet.

451 5411 475 5447 ά
507 5410 631 5465 Haec
674 5410 835 5463 etiam
882 5406 1043 5459 habet
1082 5398 1251 5457 codex
1280 5400 1346 5453 99
1370 5400 1426 5453 S.
1456 5400 1656 5461 Crucis,
1687 5398 1780 5452 sed
1806 5412 1944 5465 quo-

384 5480 524 5532 niam
550 5478 740 5532 minori
772 5484 826 5529 et
852 5472 1097 5527 vividiori
1122 5472 1429 5526 charactere
1468 5478 1589 5522 sunt
1626 5467 1942 5535 conscripta,

383 5550 578 5602 additio
609 5549 695 5601 illa
730 5543 1013 5615 posteriori
1043 5549 1281 5615 tempore
1310 5541 1443 5615 facta
1473 5537 1697 5615 videtur.

461 5628 480 5654 τ
509 5618 638 5674 Cod.
673 5608 835 5685 Neap.
870 5612 1015 5668 addit
1045 5608 1231 5681 fratres
1260 5608 1532 5660 carissimi.

2063 2832 2276 2893 ceptum
2317 2828 2472 2881 nobis
2504 2827 2663 2882 datur
2698 2844 2819 2884 cum
2860 2831 3179 2899 renascitur,
3208 2833 3364 2900 quale
3401 2834 3530 2890 Atla:
3557 2846 3646 2891 est

2062 2917 2292 2985 pesitum
2330 2934 2450 2971 cum
2490 2927 2703 2973 creatus
2740 2926 2839 2974 est.
2883 2920 3085 2975 Dicitur
3123 2922 3263 2975 enim
3306 2923 3477 2990 nobis,
3517 2932 3644 2984 tan-

2062 3020 2222 3072 quam
2266 3007 2318 3058 in
2372 3005 2678 3060 deliciarum
2724 3009 2974 3076 paradiso
3018 3011 3340 3072 constitutis,
3386 3020 3440 3067 et
3476 3029 3643 3084 super

1986 3135 2031 3194 C
2067 3094 2088 3130 ι
2122 3096 2329 3150 Domini
2379 3097 2611 3151 fontibus
2655 3101 2965 3155 amoenitate
3010 3102 3427 3168 quiescentibus,
3468 3112 3527 3158 ut
3568 3121 3642 3161 ex

2062 3184 2297 3238 omnium
2344 3187 2602 3239 virtutum
2652 3186 2912 3243 fructibus
2957 3190 3281 3257 accipiamus
3335 3192 3529 3258 cibum,
3568 3194 3643 3248 de

2060 3273 2172 3326 sola
2211 3274 2412 3326 sciendi
2450 3276 2575 3329 boni
2616 3283 2673 3329 et
2710 3276 2835 3329 mali
2883 3276 3162 3330 arbuscula
3199 3293 3306 3331 non
3336 3288 3633 3345 gustamus.

2058 3364 2186 3431 Quis
2216 3361 2306 3416 tali
2336 3364 2450 3431 lege
2480 3372 2761 3420 contentus
2788 3365 2877 3430 sit,
2910 3381 3015 3418 uno
3041 3365 3330 3429 abstinere,
3367 3376 3425 3420 ut
3466 3368 3641 3436 pluri-

2057 3468 2200 3505 mum
2234 3453 2566 3507 delectetur?
2604 3452 2614 3489 '
2654 3452 2902 3516 Arbusta,
2927 3453 3163 3520 inquam,
3192 3453 3397 3508 sciendi
3424 3455 3550 3508 boni
3580 3466 3640 3510 et

2057 3541 2180 3593 mali
2213 3541 2481 3594 abstinere
2523 3542 2887 3609 praecipimur;
2929 3556 3047 3610 quae
3076 3542 3355 3596 arbuscula
3385 3544 3453 3596 sit
3479 3544 3642 3599 debe-

2058 3647 2175 3685 mus
2201 3632 2516 3697 intelligere.
2558 3630 2689 3685 Nam
2718 3631 2900 3700 utique
2942 3632 2985 3685 si
3025 3632 3194 3687 sancti
3230 3632 3639 3701 disciplinarum

2056 3718 2314 3773 fructibus
2359 3720 2687 3786 saginantur,
2737 3733 2855 3787 qua:
2900 3727 2982 3772 est
3027 3719 3306 3774 arbuscula
3353 3722 3638 3775 interdicta

2051 3807 2228 3875 justo,
2267 3808 2375 3861 nisi
2428 3807 2838 3875 indisciplinatio
2880 3808 3184 3861 saecularis?
3231 3809 3465 3876 Quisque
3512 3820 3637 3879 poet

2056 3906 2326 3965 acceptam
2368 3896 2591 3963 gratiam
2639 3896 2933 3961 gustaverit
2981 3894 3047 3948 de
3098 3895 3316 3949 lascivia
3367 3897 3635 3961 smculari,

2055 3987 2247 4055 accipit
2270 3985 2400 4038 boni
2428 3985 2659 4052 malique
2688 3982 2989 4038 discrimen.
3012 3983 3212 4051 Incipit
3238 3984 3379 4035 enim
3409 3984 3548 4037 scire
3575 3993 3637 4036 et

2056 4079 2213 4149 433
2259 4077 2383 4147 quid
2435 4074 2732 4129 sanctitatis
2770 4074 3007 4127 amiserit
3051 4081 3104 4127 et
3142 4072 3268 4141 quid
3308 4072 3630 4141 perditionis

2056 4167 2317 4221 inciderit.
2345 4164 2461 4220 Non
2482 4165 2622 4233 quod
2650 4164 2822 4233 ipsam
2851 4164 3093 4217 notitiam
3123 4162 3326 4217 homini
3349 4163 3475 4230 ligni
3496 4178 3633 4232 pm

2054 4263 2159 4310 stet
2202 4262 2401 4322 gustus,
2452 4251 2547 4307 sed
2601 4251 2746 4320 quod
2795 4251 3118 4306 conscientia
3172 4251 3429 4305 innocens
3475 4259 3628 4317 erat;

2054 4351 2398 4413 posteaquam
2446 4341 2649 4410 polluta
2693 4348 2794 4405 eSt,
2842 4348 2898 4395 et
2943 4341 3084 4395 bona
3126 4340 3287 4395 deﬂet
3321 4340 3545 4409 perdita,
3572 4349 3631 4395 et

2053 4434 2191 4486 mala
2230 4431 2525 4499 ingemiscit
2553 4428 2800 4484 admissa.
2838 4428 3184 4483 Immaculata
3224 4437 3401 4483 autem
3427 4428 3537 4481 vita
3561 4442 3629 4483 ac

2055 4522 2275 4578 scientia
2299 4538 2405 4575 non
2423 4529 2663 4583 tenetur;
2694 4533 2905 4587 semper
2927 4518 3068 4571 enim
3094 4525 3278 4572 sancta
3298 4518 3381 4571 vel
3402 4516 3628 4587 simplex

2055 4618 2206 4680 putat
2238 4611 2348 4664 hoc
2389 4608 2561 4663 solum
2609 4608 2663 4661 in
2704 4606 2918 4662 homine
2956 4620 3093 4670 esse,
3122 4605 3267 4673 quod
3303 4594 3489 4674 purum
3520 4615 3627 4659 est.

2053 4702 2315 4756 (Scelerum
2344 4700 2559 4754 lascivia
2586 4699 2727 4752 male
2755 4697 2982 4767 peritum
3012 4695 3184 4751 reddit
3211 4696 3496 4765 plurimum
3527 4709 3632 4763 per

2054 4790 2435 4860 experientiam
2466 4795 2825 4858 peccatorum.
2852 4786 3055 4839 Bonum
3084 4791 3166 4837 est
3192 4783 3353 4851 igitur
3372 4781 3633 4835 Christia-

2054 4896 2124 4935 no
2152 4879 2501 4934 rusticitatem
2536 4876 2736 4932 habere
2769 4882 3029 4941 sanctam,
3059 4886 3221 4943 quam
3249 4871 3493 4927 notitiam
3520 4868 3631 4925 cri-

2128 5051 2144 5088 τ
2176 5051 2318 5105 Idem
2340 5049 2481 5112 cod.,
2506 5048 2694 5102 uentris
2715 5059 2814 5115 pro
2837 5044 3037 5115 meritis.

2123 5130 2147 5167 ες
2170 5120 2318 5174 idem
2347 5108 2489 5181 cod.,
2519 5116 2670 5169 unius
2699 5108 2985 5173 drbuscula:
3010 5109 3172 5165 noluit
3192 5108 3459 5165 observare
3478 5111 3631 5181 jeju-

2053 5190 2211 5241 nium.

2120 5256 2147 5293 ιι
2178 5257 2282 5318 AL,
2316 5255 2645 5321 voluptatem.

2122 5324 2140 5363 ί
2179 5326 2281 5385 ΑΙ..
2310 5322 2606 5376 exstitisset.

2122 5396 2135 5443 i
2176 5382 2305 5447 Cod.
2338 5392 2531 5458 Neap..
2559 5389 2695 5443 ultra
2724 5385 2955 5458 mandati
2975 5382 3203 5458 extendit
3228 5382 3443 5438 (istem.

2120 5461 2143 5499 ¹¹
2176 5461 2308 5514 Cod.
2336 5453 2522 5527 Neap.,
2548 5456 2978 5527 dominicifonlis
2999 5453 3319 5527 antamitate.1

2124 5531 2138 5566 ‘-
2174 5530 2305 5585 Cod.
2339 5518 2524 5595 Neap,
2559 5518 2860 5585 Arbuscula,
2894 5524 3119 5591 impiam,
3150 5520 3345 5573 sciendi
3371 5518 3569 5573 bonum
3592 5530 3640 5573 rt

2050 5620 2099 5655 ra
2121 5603 2240 5653 ilum
2262 5598 2534 5651 abstinere.
