3910 6238
354 373 449 427 5N

1780 362 2005 417 SERMO
2047 364 2151 417 XV.

3494 381 3601 435 582

352 484 634 536 minosam.
672 488 697 516 ι
742 476 1035 539 Arbuscula
1082 475 1135 529 in
1189 489 1290 543 qua
1329 472 1603 528 sciendum
1642 472 1839 525 bonum
1873 481 1928 527 et
1954 480 2000 533 Α
2032 476 2194 545 tiﬁcat
2238 480 2490 533 civitatem
2530 481 2627 535 Dei
2672 482 2846 553 (Psal.
2896 484 3040 553 va).
3090 482 3411 537 Laetilicatur
3455 487 3597 540 enim

355 571 572 632 malum,
597 569 728 622 nolo
753 566 917 621 talem
941 563 1204 633 peritiam.
1228 562 1364 627 Quid
1387 562 1529 615 enim
1547 560 1765 628 prodest
1788 561 1925 614 scire

351 659 496 727 quod
523 657 669 711 seire
695 671 803 709 non
838 655 1077 723 prodest,
1096 651 1124 690 δ
1151 650 1293 719 quod
1320 665 1478 704 nosse
1505 650 1795 717 poeniteat?
1820 648 1923 702 Ta-

354 748 460 802 lem
504 747 646 801 enim
692 744 948 798 Dominus
986 743 1038 795 in
1074 740 1321 794 Ecclesia:
1354 739 1696 792 tabernaculo
1726 738 1924 791 homini

350 837 526 904 legem
557 834 806 896 instituit,
828 832 1039 899 qualem
1071 829 1123 882 in
1153 827 1383 896 paradisi
1410 826 1745 894 possessione
1770 840 1923 878 man-

347 926 515 979 davit.
553 923 838 977 Paradisus
862 922 1003 974 enim
1026 927 1107 973 est
1134 918 1372 972 Ecclesia
1404 916 1733 970 diversarum
1759 916 1922 969 virtu-

348 1023 489 1078 tum,
516 1013 629 1067 sive
657 1013 906 1065 arborum
936 1009 1243 1064 amamitate
1269 1014 1532 1076 protecta,
1564 1006 1715 1073 cujus
1742 1019 1773 1059 e
1799 1018 1922 1071 gre-

346 1106 461 1158 mio
491 1113 743 1172 tanquam
765 1102 1115 1155 lucidissimus
1137 1098 1255 1153 fons
1281 1098 1522 1151 Christus
1550 1095 1840 1164 egreditur,
1870 1103 1923 1148 et

346 1194 417 1247 ad
449 1194 614 1252 instar
654 1192 884 1261 paradisi
923 1191 1083 1244 veluti
1121 1191 1174 1243 in
1213 1198 1443 1256 quatuor
1481 1187 1919 1254 evangelistarum

345 1283 569 1336 ﬂumina
596 1283 922 1335 derivantur.
970 1279 1131 1349 53a.
1166 1278 1365 1331 Fluviis
1405 1277 1546 1330 enim
1582 1274 1921 1343 comparandi

343 1371 493 1425 beati
525 1372 756 1440 apostoli
784 1379 838 1424 et
866 1370 1199 1436 evangelista:
1226 1373 1367 1433 sunt,
1397 1367 1520 1433 quia
1544 1366 1798 1419 doctrinm
1824 1378 1920 1417 eo-

343 1477 470 1515 rum
511 1462 699 1528 spiritu
744 1460 915 1513 totius
952 1459 1121 1527 plebis
1158 1458 1321 1512 facies
1362 1457 1629 1522 irrigatur.
1661 1454 1813 1507 Nulla
1842 1461 1922 1506 est

340 1550 491 1604 enim
516 1551 693 1603 anima
714 1548 1013 1603 Christiana
1037 1562 1155 1616 qua:
1173 1547 1240 1603 de
1263 1547 1706 1612 evangelistarum
1736 1552 1921 1600 sancto

340 1638 495 1698 fonte
526 1654 633 1692 non
662 1639 890 1691 hauriat.
922 1637 1079 1691 Velut
1116 1637 1311 1689 tlnmen
1350 1636 1509 1703 plane
1535 1649 1653 1688 esse
1682 1633 1921 1699 Evange-

340 1727 493 1791 lium,
518 1726 585 1781 de
614 1742 720 1796 quo
740 1733 794 1780 et
822 1725 878 1779 S.
905 1724 1071 1779 David
1096 1725 1224 1780 dicit
1256 1743 1268 1777 :
1300 1724 1557 1778 Fluminis
1583 1726 1798 1790 impetus
1824 1726 1916 1776 ιω-
1952 1716 1996 1771 Β

2028 567 2213 621 civitas
2240 568 2455 633 Christi,
2487 587 2606 625 cum
2637 574 2688 626 in
2715 588 2780 627 ea
2808 575 3062 629 doctrina:
3095 575 3411 641 evangelicae
3439 589 3597 629 cursu

2028 657 2252 724 populus
2272 658 2578 725 puriﬁcatus
2607 663 2892 728 invehitur,
2924 671 2978 716 et
3004 662 3236 732 quodam
3264 662 3597 731 praedicatio-

2027 746 2108 799 nis
2136 746 2335 814 impetu
2367 751 2603 817 repletur
2631 752 2750 804 aula
2787 752 2900 820 ejus
2926 755 3248 807 commercio
3277 754 3593 807 sanctitatis.

2028 832 2299 902 Laetiﬁcat,
2331 839 2564 905 inquam,
2584 840 2687 911 Dei
2720 842 2987 897 civitatem
3018 843 3307 910 evangelici
3332 854 3354 882 ε
3391 858 3595 896 sermo-

2029 925 2109 978 nis
2136 924 2380 992 impetus,
2422 929 2513 993 qui
2553 929 2822 996 aliquanta
2869 932 2923 985 in
2970 946 3032 985 ea
3075 933 3292 996 invehit,
3326 932 3594 999 aliquanta

2026 1009 2289 1078 puriﬁcat.
2338 1013 2541 1068 Invehit
2574 1016 2790 1083 justitiaa
2831 1021 3164 1088 margaritas,
3194 1022 3377 1075 sordes
3404 1022 3595 1090 nequi-

2024 1102 2111 1154 tia:
2139 1102 2545 1171 circumpurgat.
2574 1105 2730 1174 Ergo,
2758 1107 2969 1177 fratres,
2998 1119 3249 1179 tanquam
3272 1113 3325 1165 in
3345 1111 3592 1181 paradiso

2030 1190 2279 1244 Ecclesia:
2316 1195 2590 1247 constituti
2633 1198 2947 1259 mandatum.
2983 1202 3302 1268 accepimus,
3334 1210 3393 1255 ut
3421 1202 3589 1269 legem

2019 1280 2203 1349 jejunii
2233 1298 2627 1341 conservemus.
2658 1288 2766 1343 Nec
2797 1290 3143 1357 quadraginta
3167 1293 3373 1346 dierum
3400 1309 3589 1347 conse—

2025 1379 2229 1425 cratum
2274 1389 2551 1428 numerum
2590 1378 2675 1431 vel
2719 1388 2875 1445 gustu
2924 1383 3067 1435 tenui
3116 1384 3412 1451 violemus,
3463 1386 3587 1453 quia

2023 1460 2280 1517 Dominus
2319 1479 2423 1518 non
2470 1468 2748 1522 saturitate
2781 1469 3005 1533 laeditur,
3036 1472 3129 1526 sed
3169 1476 3589 1541 transgressione

2021 1548 2152 1615 legis
2198 1550 2501 1604 oﬂ‘enditur.
2555 1552 2789 1622 Denique
2837 1557 3005 1612 Adam
3059 1561 3126 1615 ab
3177 1563 3587 1619 immortalitatis

2020 1638 2207 1703 gratia,
2232 1654 2356 1693 mox
2382 1648 2570 1694 contra
2601 1643 2817 1697 vetitum
2848 1650 3097 1715 gustavit,
3128 1658 3181 1703 et
3211 1650 3416 1704 cecidit.

1745 1814 2011 1874 SERMO
2055 1818 2194 1876 XV.

485 1914 566 1968 De
594 1913 997 1985 Quadragesima
1026 1912 1076 1967 Ι.
1098 1946 1169 1957 ——
1196 1913 1274 1967 De
1291 1915 1490 1985 jejunio
1520 1912 1725 1967 Domini
1754 1913 1806 1964 in
1831 1913 2046 1976 deserto,
2071 1923 2119 1966 et
2139 1916 2273 1983 quod
2295 1932 2396 1969 non
2428 1918 2478 1969 in
2505 1919 2614 1972 solo
2638 1937 2770 1988 pane
2800 1924 2915 1976 vivit
2936 1924 3086 1979 homo
3118 1926 3328 1995 (Matth.
3358 1928 3450 1993 IV‘).

1778 1999 2167 2054 ADMONITIO.

410 2093 507 2157 Εδι
534 2094 621 2148 hic
643 2109 820 2172 53ml."
851 2095 902 2172 5."
931 2092 1221 2172 appeﬁdice
1249 2092 1313 2172 ?‘.i
1343 2107 1505 2161 0Pera
1536 2091 1593 2145 S.
1623 2090 1892 2172 dmbrqsii
1920 2090 2317 2172 tom:_lV,_p_ag.
2350 2097 2471 2172 523,
2499 2114 2635 2172 nunc
2666 2100 2952 2172 vigesimus
2975 2104 3247 2171 septimus,
3274 2121 3335 2159 ac
3358 2105 3423 2159 de
3448 2105 3585 2169 Qua-

326 2163 639 2229 dragesima
686 2158 1017 2217 undecimus:
1062 2162 1306 2215 Mouachi
1352 2158 2632 2255 congregationis.SanctiuMauri'in'qprzefatione
2660 2158 3001 2255 adveumdem
3024 2158 3329 2237 sermonem
3340 2158 3588 2255 credi-bile

328 2233 480 2255 Αἷ....ι
542 2240 586 2255 ..ι
629 2232 767 2255 1...-.-
817 2242 859 2255 Α.
890 2247 1001 2255 ..η-..ι
1037 2231 1121 2255 ,ιη-ζ
1161 2231 1399 2255 ..-η-,εΜΑ
1429 2238 1668 2255 ηΑη...Ι.--
1718 2244 1807 2255 ειη.
1842 2243 1955 2255 “ann
2008 2245 2206 2255 νην-...Λ
2252 2242 2313 2255 ι...
2360 2252 2449 2255 ---ς
2507 2252 2552 2255 AA
2625 2240 2695 2255 1-,
2890 2254 2895 2255 ,

326 2228 509 2293 aiunt,
538 2240 593 2285 et
629 2232 790 2297 hunc,
812 2242 865 2284 et
886 2247 1005 2285 eum
1034 2231 1123 2298 qui
1198 2231 1400 2284 roxime
1428 2231 1685 2297 sequitur,
1718 2230 1809 2283 uni
1840 2243 1956 2281 esse
1983 2228 2210 2308 Maximo
2252 2228 2575 2289 tribuendos.
2610 2240 2781 2305 Atque
2811 2240 2854 2291 is
2880 2241 3090 2306 quidem
3120 2230 3296 2297 sermo
3324 2244 3389 2298 de
3417 2246 3585 2312 prima

326 2300 635 2352 tentatione
661 2300 853 2352 Christi
875 2308 978 2352 est.
1007 2301 1142 2352 alter
1159 2248 1224 2352 ge
1247 2300 1497 2352 secunda.
1524 2299 1682 2351 Deest
1710 2298 1916 2352 tertius.
1942 2312 2029 2352 mn
2054 2307 2167 2350 erat
2193 2302 2259 2352 de
2287 2306 2436 2352 tertia
2473 2323 2483 2352 :
2518 2322 2618 2352 nua
2650 2307 2713 2352 de
2744 2325 2799 2352 rp,
2829 2310 3028 2352 mmnti
3061 2313 3348 2352 mnnnnhnc
3370 2314 3583 2352 nncdmn

326 2300 635 2353 tentatione
661 2300 853 2353 Christi
875 2308 978 2363 est,
1007 2301 1142 2353 alter

1195 2314 1224 2352 e
1247 2300 1497 2353 secunda.
1524 2299 1682 2351 Deest
1710 2298 1916 2356 tertius,
1942 2298 2029 2363 qui
2054 2307 2167 2350 erat
2193 2302 2259 2353 de
2287 2306 2436 2356 tertia
2473 2323 2483 2355 :

2518 2322 2619 2372 qua
2650 2307 2713 2360 de
2744 2325 2799 2361 re
2829 2310 3030 2361 consuli
3061 2313 3349 2367 monachos
3370 2307 3583 2367 eosdem

328 2369 483 2421 volo.
514 2368 569 2420 In
598 2370 827 2436 antiquis
846 2370 1115 2448 codicibus
1142 2369 1348 2447 duobus
1369 2368 1590 2448 Sancth
1602 2365 1788 2447 Crucis
1818 2368 1867 2446 in
1890 2366 2180 2421 Jerusalem
2210 2372 2277 2423 90
2307 2381 2359 2425 et
2387 2370 2471 2437 99,
2504 2365 2692 2429 horum
2722 2392 3045 2443 sermonum,
3070 2384 3157 2448 qui
3187 2365 3423 2447 exstant,
3444 2390 3583 2435 uter-

325 2450 443 2504 que
472 2436 687 2490 Maximi
710 2435 906 2491 nomen
931 2436 1166 2506 prmfert,
1189 2445 1246 2489 ut
1274 2437 1440 2498 etiam
1467 2437 1520 2489 in
1550 2435 1879 2489 Taurinensi.

325 2547 725 2601 Ancmncu'ruu.
747 2580 819 2589 --
843 2545 921 2599 De
942 2545 1213 2600 Salvatore
1236 2549 1457 2599 versutia
1478 2547 1667 2600 diaboli
1698 2556 1908 2611 tentato,

405 2632 522 2668 cum
550 2617 680 2685 dixit
710 2632 726 2669 :
757 2615 816 2668 Si
844 2614 1010 2667 Filius
1045 2615 1141 2667 Dei
1170 2632 1244 2676 es,
1277 2616 1358 2685 dic
1387 2617 1549 2685 lapidi
1582 2616 1697 2668 huic
1735 2624 1791 2667 ut
1817 2618 1911 2685 ﬁat

406 2685 577 2752 panis.
611 2682 833 2737 Cernens
859 2685 1161 2736 esurientem
1182 2682 1449 2747 diabolus,
1466 2686 1718 2738 hominem
1743 2682 1906 2752 putat,

404 2752 607 2822 dubitat
654 2769 766 2805 esse
813 2752 1149 2822 Salvatorem.
1194 2752 1316 2805 Non
1361 2768 1543 2820 panem
1573 2770 1719 2822 quem
1761 2755 1911 2822 o/fert

404 2821 639 2874 diabolus
681 2822 909 2891 accipere
953 2820 1207 2885 debemus,
1241 2822 1330 2874 sed
1366 2838 1513 2891 quem
1550 2820 1779 2875 Christus
1808 2820 1907 2876 im-

405 2891 579 2957 perlit.

2016 2550 2127 2611 tali,
2162 2551 2343 2617 humili
2385 2562 2544 2622 atque
2583 2558 2849 2613 esuriente
2885 2562 3145 2624 vincatur.
3177 2564 3416 2622 Cernens
3442 2571 3582 2623 enim

2014 2625 2334 2693 esurientem
2363 2642 2605 2698 diabolus
2642 2646 2943 2715 Dominum,
2983 2653 3249 2708 hominem
3280 2664 3448 2723 putat,
3482 2657 3582 2711 du-

2010 2729 2145 2782 bitat
2173 2730 2525 2801 Salvatorem,
2552 2746 2606 2789 et
2644 2738 2762 2792 ideo
2792 2741 2864 2793 ait
2910 2760 2921 2793 :
2962 2743 3023 2795 Si
3062 2744 3230 2799 Filius
3266 2746 3357 2801 Dei
3398 2766 3467 2812 es,
3504 2751 3582 2802 dic

2009 2819 2171 2889 lapidi
2192 2822 2307 2874 huic
2332 2832 2385 2874 ut
2414 2826 2509 2893 ﬁat
2534 2828 2681 2895 panis
2707 2828 2916 2892 (Matth.
2948 2833 3039 2901 ιν).
3070 2826 3116 2886 Ο
3151 2836 3342 2889 misera
3373 2837 3580 2893 Satanas

2014 2917 2067 2961 et
2095 2918 2334 2965 extrema
2361 2916 2693 2981 congressio!
2727 2918 2976 2975 Diabolus
3005 2923 3056 2975 in
3083 2924 3295 2979 deserto
3327 2929 3579 2982 tentatio-

403 2978 708 3033 Meminisse
738 2980 895 3033 debet
926 2989 1099 3035 vestra
1152 2980 1365 3036 dilectio
1394 2982 1495 3036 hoc
1524 2998 1609 3043 me
1638 2983 1907 3038 anteriore
1938 3020 1980 3079 ρ
2013 2999 2094 3051 nis
2127 3009 2150 3046 ε
2178 3001 2350 3053 solida
2380 2978 2526 3055 arma
2558 3020 2661 3057 non
2692 3006 2923 3072 invenit;
2955 3010 3106 3064 deest
3133 3012 3207 3064 illi
3242 3013 3307 3067 de
3335 3016 3583 3083 paradiso

322 3067 606 3121 Dominica
639 3068 973 3137 prmdicasse,
1003 3078 1056 3123 et
1080 3070 1289 3124 dedisse
1317 3072 1578 3125 rationem
1607 3088 1701 3126 cur
1726 3073 1907 3127 Domi-

322 3174 434 3213 nus
461 3158 920 3226 quadragesimam
952 3160 1287 3227 jejunaverit,
1321 3162 1402 3214 vel
1430 3178 1526 3215 cur
1558 3163 1669 3230 ipsa
1706 3163 1906 3231 jejunia

319 3249 387 3301 in
416 3248 625 3302 deserto
656 3250 991 3315 transegerit.
1021 3248 1261 3303 Diximus
1282 3251 1423 3303 enim
1452 3251 1566 3304 haec
1595 3254 1773 3305 omnia
1806 3254 1907 3307 oh-

318 3352 573 3391 servasse
600 3352 743 3401 eum,
776 3353 881 3391 non
906 3338 1299 3406 justiticationis
1326 3355 1433 3392 sua:
1463 3355 1639 3407 causa,
1672 3342 1762 3409 qui
1791 3350 1905 3395 erat

318 3427 479 3493 virgo
507 3442 605 3496 per
629 3428 827 3491 omnia,
866 3427 960 3481 sed
1005 3435 1201 3481 nostra:
1231 3429 1414 3482 salutis
1438 3431 1606 3496 gratia
1639 3449 1651 3481 :
1685 3440 1741 3483 ut
1766 3446 1901 3499 quo-

316 3532 445 3571 rum
491 3519 766 3585 generatio
812 3535 907 3588 per
952 3521 1412 3589 intemperantiam
1442 3533 1775 3591 peccaverat,
1808 3542 1903 3593 per

317 3604 702 3660 abstinentiam
740 3617 1036 3661 sanaretur.
1075 3608 1362 3663 Videamus
1390 3612 1547 3677 igitur
1572 3614 1697 3679 quid
1727 3615 1817 3668 illo
1848 3616 1897 3669 in

312 3702 586 3763 tempore,
615 3697 697 3749 vel
728 3698 779 3750 in
811 3698 921 3765 ipsa
947 3698 1229 3754 solitudine
1255 3709 1457 3767 gestum
1485 3705 1572 3755 sit.
1606 3704 1739 3757 Dicit
1752 3707 1895 3765 enim

311 3787 648 3852 evangelista
670 3775 903 3843 adfuisse
932 3790 1001 3843 ibi
1027 3774 1314 3855 diabolum,
1347 3801 1402 3846 et
1430 3793 1761 3848 Salvatorem
1784 3796 1897 3863 ejus

307 3875 552 3927 versutia
591 3875 750 3929 fuisse
795 3885 1075 3932 tentatum.
1108 3880 1194 3933 Ait
1245 3897 1475 3951 namque
1517 3898 1666 3937 sacra
1707 3883 1894 3969 .Lectio

306 3963 551 4016 esurisse
578 3964 880 4030 Dominum,
904 3975 958 4019 et
976 3967 1173 4021 dixisse
1202 3963 1274 4022 illi
1303 3970 1575 4025 diabolum
1603 3990 1614 4023 :
1641 3963 1893 4028 SivFilius

304 4050 416 4104 Dei
444 4069 518 4112 es.
549 4053 630 4106 dic
659 4055 818 4123 lapidi
846 4056 959 4109 huic
983 4067 1039 4109 ut
1056 4059 1151 4126 ﬁat
1170 4062 1321 4128 panis
1350 4059 1560 4129 (Matth.
1588 4062 1682 4133 ιν).
1708 4063 1893 4119 Videte

302 4147 483 4191 artem
511 4139 740 4205 Domini,
772 4140 798 4178 ἀ
827 4158 931 4210 qua
978 4144 1333 4200 adversarium
1373 4157 1487 4205 arte
1523 4151 1885 4208 circumvenit.

306 4230 322 4258 ¹
357 4225 483 4281 Post
507 4230 672 4282 multa
688 4231 888 4299 jejunia
918 4236 1119 4289 esurire
1151 4253 1207 4291 se
1248 4238 1481 4308 simulat,
1511 4248 1568 4295 ut
1594 4242 1883 4307 diabolum,

300 4331 472 4385 quem
498 4318 788 4385 jejunando
812 4322 921 4389 jam
950 4324 1170 4390 vicerat,
1196 4327 1385 4381 iterum
1416 4331 1697 4385 esuriendo
1726 4332 1883 4403 435

299 4404 582 4459 sollicitet.
615 4406 775 4475 Spem
806 4412 947 4464 enim
980 4414 1052 4466 illi
1081 4417 1455 4483 congrediendi
1486 4436 1549 4474 ex
1578 4420 1883 4480 inﬁrmitate

298 4496 468 4548 famis
496 4496 884 4563 quodammodo
914 4503 1115 4569 tribuit,
1146 4514 1200 4559 et
1227 4507 1350 4560 dum
1382 4509 1543 4563 veluti
1572 4522 1755 4565 contra
1784 4514 1883 4567 im-

295 4586 554 4641 becillem
584 4589 937 4656 congreditur,
961 4595 1241 4659 gloriosius
1266 4609 1560 4667 superetur.
1588 4601 1708 4657 Hmc
1736 4606 1879 4662 enim

298 4681 395 4727 est
422 4690 545 4727 vera
572 4678 815 4742 victoria,
841 4690 917 4744 ut,
946 4683 1067 4750 quia
1091 4684 1257 4739 Adam
1288 4688 1660 4756 immortalem,
1682 4694 1878 4760 glorio-

295 4778 425 4816 sum
456 4772 509 4817 et
529 4766 839 4833 epulantem.
857 4771 1212 4844 subverterat,
1221 4794 1371 4839 nunc
1398 4780 1464 4834 ab
1492 4781 1709 4837 homine
1738 4800 1878 4840 mor-

378 4955 402 4982 ι
433 4944 566 5031 Cod.
608 4949 772 5031 Neap.
809 4954 938 5031 legit
967 4972 978 5006 :
1005 4953 1357 5031 arbusculam,
1400 4961 1629 5031 inquam,
1678 4964 1876 5018 sciendi

292 5017 489 5093 bonum
514 5017 795 5093 armatum,
818 5017 936 5077 nolo
966 5024 1114 5080 talem
1142 5017 1394 5093 peritiam.

375 5085 403 5123 δ
432 5085 573 5161 idem
602 5089 745 5161 (εαξη
775 5102 822 5143 et
849 5094 1000 5161 quod,
1032 5101 1134 5146 etc.

380 5164 406 5233 ς
432 5153 574 5233 idem
602 5153 1044 5233 c_od.,-evaiigelici
1062 5163 1289 5233 ﬂuminis
1320 5166 1549 5233 impetus,
1582 5178 1685 5224 etc.

376 5221 403 5258 ⁸
434 5223 545 5285 Qua
572 5221 920 5281 adversarium
949 5221 1086 5294 arte';
1118 5231 1189 5284 ita
1219 5221 1482 5289 codex'90
1594 5221 1782 5294 Crucis
1808 5242 1859 5297 in

373 5356 387 5384 ¹
420 5353 699 5427 Christum
718 5373 841 5412 vere
877 5360 1124 5414 esuriisse
1146 5370 1203 5413 ut
1230 5364 1498 5421 hominem
1528 5369 1710 5425 homil.
1741 5373 1773 5425 6
1798 5375 1863 5427 de

291 5423 877 5499 Qttadrages:_aliisque
906 5430 957 5499 in
985 5429 1113 5499 locis
1140 5435 1338 5499 apertis
1388 5439 1563 5491 verbis
1580 5423 1763 5495 fassus
1786 5423 1865 5496 est

290 5491 575 5577 animus.
603 5491 898 5577 Hic‘autem
919 5497 1050 5551 dixit
1069 5491 1189 5552 cuni
1215 5502 1404 5557 famem
1423 5491 1861 5577 simulasse,quia

288 5560 521 5639 libenter
547 5563 944 5639 et__voluntarie,
984 5582 1088 5639 non
1128 5584 1189 5622 ex
1232 5575 1563 5639 necessitate,
1598 5560 1863 5635 taedai

287 5631 686 5704 homines_ciho
714 5643 959 5704 carentes
1004 5637 1193 5690 solent.
1246 5631 1864 5704 Animadvertendusest

283 5715 476 5757 sensus
506 5700 725 5755 Maximi
768 5702 1033 5772 loquentis
1071 5706 1136 5761 de
1176 5706 1387 5764 Christo
1427 5722 1481 5765 ut
1530 5715 1596 5767 de
1640 5700 1861 5785 persona

2011 3090 2293 3145 ammnitas
2321 3092 2588 3155 arborum,
2620 3094 2769 3148 deest
2801 3098 2875 3150 illi
2904 3099 3229 3154 consiliatrix
3269 3102 3395 3165 Eva,
3427 3104 3603 3159 deest-

2010 3176 2081 3231 illi
2111 3193 2391 3245 pomorum
2436 3184 2675 3249 speciosa
2706 3184 2973 3254 deceptio,
3011 3197 3058 3242 el
3090 3191 3210 3259 quia
3240 3208 3346 3245 non
3376 3193 3574 3249 invenit

2005 3264 2177 3317 cibum
2216 3282 2373 3333 quem
2419 3269 2435 3305 τ
2482 3269 2699 3325 ollerret
2737 3276 3011 3338 esurienti,
3045 3280 3276 3345 postulat
3315 3282 3365 3333 in
3396 3276 3572 3336 cibum

2004 3366 2128 3404 saxa
2158 3356 2368 3407 mutari.
2404 3354 2645 3424 Undique
2672 3362 2937 3426 exclusus,
2972 3364 3202 3432 undique
3232 3367 3569 3425 defraudatus

2002 3442 2067 3493 ad
2096 3444 2391 3510 pavimenta
2423 3461 2481 3499 se
2509 3447 2734 3502 confert.
2760 3449 2901 3505 Satis
2924 3454 3063 3505 enim
3092 3454 3369 3510 manifeste
3391 3468 3569 3512 osten-

2001 3534 2077 3585 dit
2105 3535 2402 3588 vastitatem
2425 3536 2524 3590 sibi
2547 3539 2710 3592 eremi
2741 3542 3014 3607 restitisse,
3039 3559 3160 3597 cum
3182 3554 3331 3612 putat
3351 3556 3566 3615 propter

2000 3624 2230 3689 inopiam
2260 3629 2436 3678 rerum
2479 3628 2637 3684 etiam
2668 3630 2929 3692 elementa
2967 3648 3123 3700 posse
3164 3638 3419 3689 converti.
3459 3636 3565 3691 Po-

1998 3712 2158 3764 stulat
2201 3714 2360 3779 igitur
2404 3716 2455 3767 in
2495 3732 2682 3783 panem
2711 3719 2912 3788 lapides
2944 3724 3272 3776 commutari.
3308 3724 3564 3781 Versutus

1996 3808 2051 3853 et
2093 3803 2311 3856 callidus
2349 3804 2447 3858 scit
2494 3807 2618 3874 quid
2665 3817 2827 3877 petat,
2864 3813 3009 3865 novit
3046 3812 3240 3870 factum
3276 3832 3393 3870 esse
3422 3820 3561 3884 quod

1996 3890 2143 3945 dicit.
2173 3891 2410 3947 Meminit
2436 3896 2575 3948 enim
2606 3897 2657 3950 in
2689 3898 2870 3952 Veteri
2899 3900 3240 3958 Testamento
3262 3906 3561 3961 sitientibus

1994 3996 2184 4049 aquam
2211 3983 2277 4037 de
2301 3984 2835 4055 lapidevprotluxisse;
2868 3992 2979 4044 vult
3007 3994 3165 4047 etiam
3194 3996 3281 4050 hic
3308 3999 3559 4053 esurienti

1992 4075 2165 4127 cibum
2195 4075 2261 4129 de
2290 4077 2462 4145 lapide
2489 4079 2807 4134 ministrare.
2835 4081 3048 4137 Retinet
3066 4086 3231 4138 etiam
3263 4097 3286 4129 κ
3310 4088 3558 4143 duritiam

1991 4175 2155 4234 petrm
2198 4167 2249 4219 in
2299 4168 2558 4237 liquorem
2604 4170 2823 4226 fontium
2870 4175 3173 4229 resolutam.
3206 4176 3364 4247 Cupit
3396 4180 3557 4235 etiam

1988 4255 2072 4308 hic
2100 4258 2443 4327 asperitatem
2484 4261 2597 4313 saxi
2639 4261 2877 4330 in-pauis
2923 4265 3250 4320 dulcedinem
3298 4271 3555 4324 transfor-

1917 4361 1959 4418 ο
1987 4345 2141 4397 mari.
2174 4344 2550 4415 Suspicabatur
2570 4352 2710 4407 enim
2736 4369 2853 4407 esse
2876 4355 3161 4419 Christum,
3184 4360 3275 4426 qui
3300 4360 3413 4415 hcce
3435 4378 3554 4433 ope-

1984 4434 2089 4485 rari
2138 4435 2307 4488 soleat
2347 4437 2413 4491 de
2459 4450 2643 4495 natura
2692 4458 2960 4511 saxorum,
3000 4448 3134 4501 sicut
3170 4450 3242 4502 ait
3280 4454 3553 4519 apostolus

1990 4520 2183 4575 Paulus
2208 4542 2218 4573 :
2250 4524 2493 4580 Bibebant
2536 4541 2701 4586 autem
2731 4534 2794 4586 de
2818 4536 3059 4603 spiritali,
3100 4551 3435 4610 consequente
3462 4561 3552 4611 pe-

1984 4621 2084 4677 tra,
2116 4625 2260 4683 petra
2290 4626 2459 4671 autem
2492 4630 2599 4672 erat
2631 4622 2857 4677 Christus
2889 4625 2940 4695 (1
2969 4626 3087 4681 Cor.
3122 4628 3194 4698 ι).
3236 4630 3551 4700 Suspicaba-

1980 4710 2083 4765 tur,
2118 4703 2350 4771 inquam,
2396 4710 2564 4771 ipsum
2606 4726 2721 4763 esse
2750 4712 3033 4778 Christum,
3078 4732 3197 4769 cum
3245 4721 3548 4786 postulabat

1977 4802 2033 4845 ut
2059 4793 2124 4846 de
2154 4795 2327 4862 lapide
2356 4811 2544 4865 panem
2568 4800 2790 4867 faceret;
2821 4804 2910 4857 sed
2937 4806 3153 4872 putabat
3178 4811 3545 4866 tantummodo

1977 4966 2106 5034 Jer.,
2121 4990 2255 5049 “non
2269 4978 2466 5049 fraude,
2500 4986 2556 5049 ut
2586 4982 2791 5049 reliqui.

2051 5050 2072 5076 °
2113 5041 2277 5096 Codd.
2311 5044 2377 5097 90
2417 5047 2472 5100 S.
2513 5041 2712 5104 Crucis'
2734 5053 2783 5104 in
2813 5052 2920 5106 Jer.
2950 5063 3003 5107 et
3032 5056 3153 5111 Vat.
3188 5058 3338 5125 1068,
3374 5070 3541 5121 solida

1971 5124 2135 5163 arma.

2050 5180 2065 5214 τ
2244 5252 2247 5253 ν
2263 5182 2405 5253 Vat”
2438 5187 2639 5253 offerat.

2046 5257 2068 5294 κ
2102 5248 2384 5305 (Σοᾱένει.
2419 5248 2570 5320 1968,
2604 5256 2805 5311 Retinet
2832 5261 2982 5312 etiam
3013 5262 3079 5313 ibi
3103 5263 3363 5320 duritiam.

1966 5378 2159 5441 divina,
2188 5397 2304 5465 qure
2330 5384 2610 5465 humanam
2641 5392 2926 5465 pronnobis
2962 5392 3062 5465 sibi
3100 5410 3398 5465 sumpserat
3436 5419 3529 5454 na-

1967 5456 2134 5527 turam
2166 5453 2447 5531 obnoxiam
2479 5453 2887 5522 inﬁrmitatibus,
2928 5464 3160 5517 et‘sicut
3203 5453 3245 5519 si
3295 5472 3400 5531 pati
3440 5453 3528 5525 aut

1965 5519 2409 5605 morinnol‘uisset,
2436 5540 2532 5578 nec
2560 5541 2744 5605 passus
2777 5519 2882 5605 nec
2905 5539 3149 5605 mortuus
3179 5519 3339 5605 essel,
3370 5519 3425 5589 ut
3444 5519 3532 5589 1.31

1964 5586 2077 5650 quit
2106 5586 2161 5639 S.
2194 5589 2529 5659 Augustinus,
2558 5586 2627 5648 ita
2657 5606 2777 5665 post
2799 5597 3057 5666 jejunium
3087 5586 3143 5656 in
3175 5586 3397 5659 deserld

1964 5653 2066 5709 riit.
2096 5656 2216 5709 auia
2246 5656 2425 5709 voluit.

1962 5660 2066 5719 riit,
2096 5660 2216 5723 quia
2246 5660 2425 5713 voluit.
