3910 6238
427 340 535 394 563

422 548 604 595 autem
646 539 939 593 versutiam
968 540 1086 609 ejus
1120 542 1257 596 mira
1284 543 1631 612 responsione
1657 542 1998 597 condemnat.

423 628 532 684 Nec
562 629 687 682 facit
713 628 857 699 quod
896 628 1025 683 dicit
1069 630 1334 697 diabolus,
1365 648 1431 687 ne
1466 631 1709 685 videatur
1734 647 1832 699 pro
1861 630 1999 683 arbi-

423 722 529 776 trio
571 718 862 775 adversarii
900 720 1114 774 virtutis
1151 736 1262 776 sua:
1292 722 1513 789 gloriam
1552 722 1846 776 declarare.
1892 720 2001 774 Nec

424 820 605 868 tamen
644 811 922 881 respondit
968 827 1074 866 nou
1115 828 1276 881 posse
1320 812 1453 874 ﬁeri,
1485 822 1511 850 ι
1539 814 1629 879 qui
1673 825 1868 879 negaro
1896 826 2001 865 non

422 912 635 973 poterat
659 903 801 972 quod
831 918 972 973 stupe
996 903 1105 971 jam
1134 902 1353 957 fecerat.
1384 901 1548 970 igitur
1578 918 1678 956 nec
1716 902 2004 969 acquiescit

422 997 647 1065 petenti,
681 1011 781 1051 nec
808 997 1038 1063 denegat
1064 997 1382 1065 exploranti,
1406 1011 1467 1049 ac
1493 1011 1589 1065 per
1613 996 1717 1049 hoc
1741 1003 1795 1049 et
1820 1004 2007 1063 poten-

426 1088 553 1142 tiam
580 1087 797 1141 virtutis
824 1101 930 1141 suae
956 1100 1055 1141 suo
1082 1082 1324 1141 reservat
1350 1087 1593 1151 arbitrio,
1621 1095 1677 1139 et
1718 1085 1914 1139 versuti
1930 1100 2001 1138 im

423 1176 715 1235 adversarii
752 1175 933 1230 divino
979 1174 1226 1230 confutat
1262 1176 1497 1244 eloquio.
1545 1174 1839 1243 Respondit
1874 1186 2003 1240 ergo

425 1267 500 1319 illi
535 1283 548 1318 :
582 1263 705 1327 Non
739 1267 793 1319 in
823 1266 933 1320 solo
964 1281 1097 1335 parte
1134 1266 1250 1318 civit
1290 1264 1459 1327 homo,
1490 1263 1581 1317 sed
1607 1264 1661 1315 in
1690 1264 1830 1316 omni
1857 1261 2004 1314 verba

431 1354 526 1409 Dei
554 1353 765 1423 (Matth.
790 1352 903 1424 tv);
934 1352 961 1395 ιι
991 1355 1095 1408 hoc
1119 1361 1225 1420 est,
1250 1367 1356 1407 non
1387 1354 1437 1405 in
1466 1367 1606 1421 pane
1636 1360 1871 1414 terreno,
1898 1365 2003 1404 non

424 1444 481 1497 in
511 1442 775 1497 materiali
803 1442 945 1506 cibo,
978 1458 1084 1511 quo
1114 1442 1283 1518 Adam
1303 1442 1533 1510 primum
1558 1441 1827 1494 hominem
1856 1440 2008 1494 dece-

422 1532 571 1601 pisti,
606 1530 703 1585 sed
731 1531 784 1584 in
812 1530 976 1585 verbo
1007 1530 1123 1596 Dei,
1151 1529 1312 1600 438
1340 1520 1392 1583 in
1437 1544 1548 1599 quo
1579 1537 1707 1581 sunt
1750 1529 1871 1582 vitm
1908 1527 2006 1581 ali-

424 1629 605 1674 menta
661 1620 912 1675 cmlestis.
963 1619 1196 1673 Verbum
1257 1627 1434 1673 autem
1492 1618 1583 1671 Dei
1639 1616 1881 1672 Christus
1924 1624 2007 1671 est

424 1708 700 1772 Dominus,
752 1709 890 1762 sicut
936 1708 1261 1773 evangelista
1302 1708 1467 1765 dicit:
1502 1706 1568 1759 In
1607 1708 1859 1775 principio
1895 1715 2003 1759 erat

1582 342 1639 397 S.
1680 342 1923 396 MAXIM!
1961 342 2408 401 TAURINENSIS

294 458 295 461 ‘
390 452 598 508 solum
630 450 918 516 hominem,
950 468 1072 508 eum
1118 454 1443 511 esurientem
1483 454 1717 508 videbat.
1757 447 2003 508 Salvator
2031 460 2071 515 Α
2102 454 2263 510 Judas
2291 472 2388 526 per
2416 458 2708 513 buceellam
2750 465 3081 531 apostolatus
3121 466 3349 523 sublime
3386 468 3667 538 deposuit:

3575 356 3668 412 εει

2100 562 2169 600 ex
2197 562 2305 615 quo
2332 548 2473 602 enim
2500 549 2795 605 buccellam
2833 557 3077 624 sumpsit,
3110 573 3214 612 non
3251 558 3365 635 jam
3407 561 3674 629 apostolus

2100 636 2263 703 coepit
2290 644 2429 699 ease,
2473 637 2573 691 sed
2596 639 2856 706 proditor.
2896 643 2985 697 Sic
3021 645 3163 698 enim
3195 647 3454 715 scriptum
3494 647 3672 714 habes,

2101 723 2312 777 dicente
2350 724 2617 781 Domino:
2651 726 2744 780 Cui
2784 729 3055 809 intinctam
3092 750 3276 800 panem
3324 735 3535 800 dedero,
3574 738 3673 804 ipse

2101 828 2184 865 nte
2203 812 2389 866 tradat.
2420 812 2490 865 Et
2511 816 2753 869 continuo
2774 827 2887 885 post
2913 817 3191 875 buccellam
3210 823 3441 877 introivit
3462 825 3517 876 in
3539 824 3673 876 illam

2104 900 2336 955 Satanas
2361 902 2539 971 (Joan.
2574 904 2710 974 aut).
2742 904 2859 959 Non
2898 907 3080 974 bonus
3114 905 3283 975 cibus,
3318 922 3341 948 ε
3376 920 3501 981 post
3525 925 3673 980 questi

2103 998 2329 1057 negatur
2365 990 2642 1060 Dominus,
2690 1002 2811 1062 post
2844 1010 3016 1063 quem
3063 997 3361 1065 ingreditur
3405 1000 3672 1064 inimicus;

2103 1096 2210 1135 non
2239 1083 2413 1137 bonus
2438 1083 2609 1146 cibus,
2649 1091 2772 1153 post
2801 1100 2959 1153 quem
2996 1083 3241 1140 Christus
3267 1088 3564 1156 respuitur,
3584 1086 3673 1141 de-

2101 1182 2324 1229 voratur
2366 1176 2744 1231 Antichristus.
2790 1177 2907 1232 Non
2950 1178 3124 1232 bonus
3150 1178 3323 1245 cibus,
3342 1179 3435 1246 qui
3463 1178 3672 1231 benedio

2104 1266 2283 1320 ctione
2309 1273 2476 1331 caret,
2509 1266 2886 1321 maledictione
2923 1266 3240 1336 completur.
3279 1266 3377 1321 illa
3406 1280 3535 1334 ergo
3560 1282 3674 1322 esea

2106 1353 2261 1407 nobis
2305 1355 2609 1408 necessaria
2638 1363 2742 1418 est,
2773 1369 2893 1422 quae
2938 1356 3104 1409 vitam
3141 1364 3388 1424 praestat,
3410 1370 3531 1425 qua:
3571 1357 3675 1409 ani-

2105 1460 2245 1497 mam
2289 1444 2483 1512 pascit,
2522 1452 2645 1512 post
2681 1460 2841 1513 quam
2878 1446 3121 1515 sequitur
3142 1444 3409 1512 Christus,
3439 1446 3675 1500 inimicus

2106 1534 2425 1588 excluditur.
2473 1534 2623 1589 illam
2673 1550 2851 1589 escam
2895 1536 3140 1604 accipere
3187 1536 3474 1599 debemus,
3523 1552 3673 1605 quam

2106 1622 2375 1689 Salvator,
2402 1640 2509 1679 non
2532 1624 2775 1679 diabolus
2800 1624 3172 1693 subsequatur,
3196 1640 3323 1694 quae.
3338 1626 3676 1694 perceptione

2107 1712 2189 1765 sui
2220 1712 2580 1768 confessorem
2622 1711 2801 1777 faciat,
2830 1729 2937 1767 non
2972 1712 3327 1782 proditorem.
3351 1712 3524 1778 Quam
3553 1713 3681 1767 bene

434 1797 681 1863 Verbum,
708 1806 755 1851 et
788 1797 1005 1851 Verbum
1038 1806 1148 1849 erat
1180 1795 1507 1870 apud‘Deum
1540 1795 1717 1866 (lauri.
1751 1796 1809 1861 I).
1848 1794 2004 1860 Quis-
2040 1810 2081 1865 Β
2110 1812 2286 1855 autem
2327 1801 2650 1869 jejuniorum
2702 1810 2945 1869 tempore
2992 1802 3214 1856 verbum
3264 1801 3361 1855 Dei
3398 1802 3534 1856 dixit
3567 1816 3677 1855 esse

427 1888 548 1956 quis
575 1902 704 1955 ergo
731 1890 896 1943 verbo
931 1888 1126 1942 Christi
1167 1888 1422 1957 pascitur,
1448 1896 1718 1941 terrenum
1752 1887 2005 1956 pabulum

427 1995 533 2033 non
563 1979 806 2048 requirit.
837 1978 945 2034 Nec
975 1980 1115 2033 enim
1145 1987 1323 2049 potest
1350 1970 1524 2032 saeculi
1570 1993 1759 2046 panem
1786 1993 2001 2047 cupere,

423 2071 517 2139 qui
564 2084 702 2139 pane
748 2068 989 2125 reﬁcitur
1026 2069 1336 2123 Salvatoris.
1370 2065 1551 2123 Habet
1579 2068 1721 2123 enim
1749 2067 2007 2122 Dominus

427 2176 579 2215 suum
626 2176 844 2231 panem,
871 2161 979 2216 imo
1011 2161 1162 2229 panis
1201 2161 1314 2231 ipse
1346 2159 1591 2213 Salvator
1617 2167 1719 2224 est,
1749 2159 1883 2214 sicut
1910 2159 2007 2214 do-

428 2253 558 2317 cuit,
584 2253 807 2307 dicens:
840 2252 955 2323 Ego
996 2268 1109 2306 sum
1148 2252 1299 2321 panis
1338 2252 1495 2317 rivus,
1526 2252 1610 2321 qui
1647 2250 1710 2305 de
1754 2250 1878 2305 certe
1915 2250 2005 2304 de—

429 2344 605 2397 scendi
636 2342 817 2413 (Joan.
850 2345 943 2412 vt).
986 2343 1063 2397 De
1103 2359 1209 2411 quo
1254 2358 1391 2411 pane
1437 2341 1566 2396 dicit
1604 2342 1863 2411 propheta
1895 2358 1908 2396 :
1941 2340 2007 2393 Et

430 2425 580 2502 panis
631 2449 719 2485 cor
766 2434 985 2487 hominis
1031 2434 1306 2501 confirmat
1349 2431 1518 2502 (Paul.
1563 2433 1695 2501 cui).
1736 2431 1852 2497 Quo
1881 2445 2009 2499 ergo

432 2521 563 2574 mihi
591 2536 786 2591 panem
813 2536 974 2589 quem
1002 2520 1175 2600 _oﬂert
1216 2519 1477 2585 diabolus,
1509 2536 1632 2576 cum
1651 2520 1888 2575 habeam
1910 2536 2010 2589 pa-

435 2626 557 2665 nem
585 2625 746 2679 quem
775 2611 1019 2665 Christus
1058 2610 1324 2679 impertit?
1364 2608 1481 2675 Quo
1519 2610 1649 2663 mihi
1692 2609 1869 2663 cibum
1913 2625 2012 2679 per

435 2714 598 2768 quem
627 2700 1018 2769 protoplastum
1043 2698 1309 2767 deiectum
1345 2699 1601 2752 memini?
1628 2697 1769 2752 Esau
1790 2698 2041 2768 primiti-'

435 2788 518 2843 vis
546 2789 845 2843 fraudatum
877 2789 983 2843 vidi
1010 2806 1023 2853 ;
1054 2787 1245 2842 Judam
1270 2787 1517 2843 Scarioth
1556 2788 1871 2856 proditionis
1898 2803 2017 2843 sce-

436 2878 551 2934 lere
577 2879 908 2935 denotatum.
956 2879 1121 2934 Adam
1166 2880 1309 2934 enim
1354 2895 1452 2948 per
1488 2894 1667 2934 escam
1711 2880 2019 2949 paradisum

438 2970 688 3040 perdidit,
719 2968 859 3025 Bau
888 2987 984 3041 per
1011 2970 1206 3025 lentem
1234 2970 1493 3040 primatus
1533 2970 1791 3024 honorem
1818 2972 2015 3033 amisit,

2110 1892 2251 1962 quod
2280 1893 2475 1958 reiicit,
2496 1900 2554 1946 ut
2582 1892 2887 1947 ostenderet
2918 1892 3117 1960 jejunia
3147 1900 3326 1947 nostra
3354 1908 3463 1945 non
3492 1892 3678 1946 debere

2111 1983 2288 2036 smeuli
2319 1982 2525 2036 actibus
2552 1982 2820 2050 occupari,
2858 1982 2953 2035 sed
2990 1982 3155 2035 sacris
3180 1980 3396 2035 Litteris
3426 1980 3675 2033 exerceri.

2113 2071 2342 2139 Negligit
2379 2072 2522 2125 enim
2564 2070 2761 2131 famem
2798 2072 3063 2140 corporis,
3094 2071 3186 2139 qui
3224 2070 3419 2140 pabula
3448 2070 3683 2124 lectionis

2113 2161 2367 2227 intendit;
2408 2176 2509 2216 nec
2548 2161 2749 2215 ventris
2782 2175 2962 2215 curam
3000 2161 3211 2215 habere
3226 2160 3445 2229 poterit,
3476 2160 3568 2228 qui
3593 2159 3681 2212 ali-

2114 2259 2350 2305 mentum
2394 2250 2544 2304 verhi
2571 2250 2805 2305 cmicstis
2832 2249 3076 2319 acquirit.
3106 2248 3224 2317 Ipsa
3264 2257 3349 2303 est
3381 2249 3524 2303 enim
3554 2246 3682 2301 refe-

2114 2342 2223 2395 ctio
2264 2356 2384 2410 quze
2422 2342 2629 2407 saginat
2666 2341 2919 2403 animam,
2956 2355 3078 2407 qum
3128 2340 3425 2408 impinguat
3463 2339 3681 2404 viscera,

2113 2448 2232 2486 cum
2279 2432 2347 2486 de
2393 2422 2603 2485 divinis.
2632 2429 2921 2499 Scripturis
2967 2430 3143 2483 cibum
3192 2429 3388 2497 eloquii
3444 2428 3685 2497 perennis

2116 2521 2141 2558 δ
2172 2522 2515 2590 acquirimus.
2546 2514 2665 2589 Ipsa
2694 2528 2776 2574 est
2802 2535 2923 2573 esca
2949 2534 3068 2587 quae
3106 2519 3270 2573 vitam
3313 2527 3569 2573 aeternam
3598 2519 3685 2572 tri-

2115 2614 2250 2676 buit,
2282 2621 2339 2667 et
2364 2612 2581 2667 insidias
2618 2627 2649 2665 a
2684 2611 2843 2665 nobis
2866 2611 3140 2665 diabolicae
3170 2610 3480 2663 tentationis
3513 2608 3687 2661 exclu-

2117 2706 2211 2758 dit.
2243 2703 2398 2769 Quod
2434 2711 2613 2758 autem
2641 2716 2911 2756 sacrarum
2940 2700 3262 2754 Litterarum
3287 2700 3448 2753 lectio
3471 2699 3575 2751 vita
3603 2699 3687 2760 sit,

2120 2793 2376 2848 Dominus
2413 2798 2657 2855 testatur,
2696 2789 2881 2848 dicens
2924 2806 2939 2843 :
2988 2786 3159 2843 Verba
3195 2804 3307 2858 qua
3352 2787 3557 2843 (cattus
3584 2802 3690 2840 sum

2120 2883 2258 2937 vobis
2279 2882 2489 2951 spiritus
2514 2889 2563 2934 et
2588 2881 2690 2934 vita
2718 2888 2836 2933 sunt
2861 2877 3039 2948 (lacn.
3066 2875 3163 2949 vt).

1820 3061 2086 3121 SERMO
2131 3064 2301 3122 XVI.

1738 3158 1815 3211 De
1837 3157 2243 3229 Quadragesima
2262 3160 2345 3213 11.

1861 3245 2251 3299 ΑυΜΟΝῙΤΙΟ.

512 3338 670 3461 ἬζῚ
700 3336 758 3390 1η
802 3336 1065 3404 superiori
1115 3334 1479 3388 admonitione
1506 3332 1632 3401 quid
1658 3331 1989 3387 sentiendum
2038 3334 2107 3387 sit
2151 3334 2345 3389 hocde
2392 3342 2641 3389 Sermone
2678 3348 2743 3387 ex
2798 3332 3263 3388 Benedictinorum
3308 3330 3699 3385 monachorum

590 3407 703 3460 auri
731 3406 994 3459 sententia
1023 3404 1271 3457 diximus.
1305 3402 1561 3455 Eamdem
1596 3402 1695 3461 ipsi
1725 3403 1781 3455 in
1809 3402 2116 3461 prolusione
2144 3404 2209 3457 ad
2238 3403 2382 3457 hunc
2408 3418 2712 3457 sermonem
2740 3418 2885 3456 num.
2909 3401 2981 3455 22
3012 3410 3061 3456 et
3095 3400 3172 3454 VI
3203 3400 3267 3453 de
3294 3397 3698 3461 Quadragesima

444 3397 703 3463 8ἶὶΞῦπί
731 3397 994 3459 sententia
1023 3404 1271 3457 diximus.
1305 3397 1561 3455 Eamdem
1596 3402 1695 3469 ipsi
1725 3403 1781 3455 in
1809 3402 2116 3471 prolusione
2144 3404 2209 3457 ad
2238 3403 2382 3471 hunc
2408 3418 2712 3457 sermonem
2740 3418 2885 3456 num.
2909 3401 2981 3455 22
3012 3410 3061 3456 et
3095 3400 3172 3454 VI
3203 3400 3267 3453 de
3294 3397 3698 3471 Qudragesinta

446 3478 681 3545 ejusdem
722 3475 973 3545 editionis,
1014 3472 1325 3545 Parisiensis
1360 3467 1773 3545 conﬁrmarunt,
1810 3467 2026 3545 'aientes
2063 3473 2246 3545 potius
2277 3470 2505 3545 Maximo
2554 3486 2713 3539 quam
2750 3471 3034 3545 Ambrosio
3090 3469 3395 3545 convenire.
3442 3467 3527 3522 Ut'
3567 3467 3694 3521 nihil

446 3536 610 3633 nos
626 3544 861 3633 rerum
897 3544 982 3633 est
1018 3541 1392 3633 Pheraeae
1420 3536 2351 3633 Ϊῖδῖξὲξίὲθηὲη,ἓῖίξῖίὲἮῖίὲίτέἱιηάίέιίέδ
2388 3536 3114 3633 ausumausus
3145 3536 3700 3633 autetiam???

446 3607 865 3682 Sangallensem,
897 3612 985 3665 ubi
1015 3619 1095 3682 est
1122 3625 1298 3682 sermo
1324 3608 1392 3661 60
1418 3617 1471 3661 et
1498 3607 1565 3661 99
1590 3607 1861 3682 S._Crueis
1889 3608 1939 3682 iu
1960 3607 2067 3682 .ler.
2093 3625 2237 3682 num.
2266 3608 2356 3682 25),
2389 3608 2447 3662 S.
2488 3607 3112 3682 Maximosutiragantes.

3145 3602 3279 3659 Dum
3310 3604 3528 3659 codices
3554 3602 3701 3658 Casi-

449 3673 643 3739 ueuses
679 3673 1033 3740 consulerem.
1057 3679 1146 3734 hic
1174 3678 1312 3732 idem
1341 3692 1516 3731 sermo
1546 3677 1674 3729 mihi
1702 3677 1932 3731 occurrit
1962 3678 2012 3729 in
2042 3680 2402 3732 vetustissimo
2432 3691 2534 3747 ms.
2564 3692 2691 3747 num
2723 3678 2841 3741 H7,
2874 3673 2933 3747 p.
2948 3674 3076 3747 219,
3103 3675 3256 3747 cujus
3516 3673 3699 3747 titulus

448 3764 531 3807 est
563 3771 575 3805 :
610 3751 975 3804 [familiarium
1001 3766 1116 3804 cum
1155 3747 1286 3801 Vitis
1322 3754 1634 3810 sanctorum,
1662 3762 1876 3816 quorum
1903 3747 2074 3801 multa
2102 3764 2203 3802 non
2231 3757 2348 3799 sunt
2376 3746 2625 3815 vulgate;
2654 3746 2769 3801 sine
2797 3742 3030 3801 auctoris
3070 3743 3305 3807 numine,
3335 3742 3476 3796 sicut
3501 3742 3700 3811 pariter

448 3826 502 3877 iu
520 3821 645 3876 cod.
678 3818 925 3873 Urbevet.

451 3913 836 3967 Ακςωιιιςτυεί.
864 3939 931 3949 -——
960 3907 1036 3959 De
1064 3906 1333 3959 Saluatore
1360 3922 1390 3957 a
1420 3905 1621 3977 diabolo
1650 3907 1831 3977 iterum
1859 3915 2014 3977 (euta-

2123 3908 2341 3975 quidem
2391 3908 2445 3962 in
2500 3908 2876 3963 observatione
2932 3904 3175 3967 habent,
3225 3902 3321 3957 sed
3369 3901 3700 3971 prosperita-

524 3993 593 4034 ιο.
629 3978 763 4042 Quid
787 3981 850 4031 sit
870 3994 1023 4043 supra
1040 3978 1251 4043 pinnam
1282 3975 1452 4043 templi
1493 3984 1646 4035 stare,
1680 3973 1837 4043 deque
1860 3975 2019 4038 pinna

522 4050 715 4119 deﬁci?
748 4046 882 4119 Deus
924 4046 1213 4119 nulliusest
1250 4046 1531 4105 immemor,
1563 4044 1652 4095 sed
1689 4050 1808 4094 tunc
1844 4045 2025 4096 inmte-

519 4116 712 4174 morem
739 4118 882 4170 illum
910 4116 1071 4168 nostri
1101 4116 1338 4185 faciams,
1368 4129 1483 4165 cum
1509 4128 1791 4181 peccamus.

523 4273 639 4325 Non
668 4283 835 4336 usque
862 4266 997 4320 adeo
1018 4264 1319 4319 contristari
1340 4263 1617 4329 debemus,
1647 4261 1853 4324 fratres,
1885 4261 2027 4330 quod

450 4360 503 4413 in
536 4359 619 4411 his
635 4356 1063 4423 Quadragesimm
1091 4353 1275 4407 diebus
1304 4352 1530 4406 tentatio
1554 4366 1652 4404 nos
1673 4350 2029 4403 tribulationis

452 4459 477 4486 ⁸
508 4448 742 4511 advenit,
772 4459 893 4500 cum
916 4453 971 4498 et
998 4444 1329 4496 Salvatorem
1357 4450 1594 4495 nostrum
1622 4448 1842 4509 propter
1862 4440 2027 4507 ipsam

452 4538 923 4605 Quadragesimam
954 4535 1195 4588 videmus
1223 4548 1339 4587 esse
1361 4540 1639 4585 tentatum.
1690 4530 1862 4584 Minus
1901 4545 2028 4598 ergo

457 4634 468 4665 '
493 4630 676 4683 dolere
704 4628 960 4682 debemus
989 4625 1203 4688 servuli,
1238 4624 1325 4691 qui
1353 4623 1561 4675 Domini
1579 4623 1833 4675 habemus
1848 4636 2029 4675 exciu-

454 4721 620 4789 plum.
658 4716 756 4773 Ubi
795 4718 937 4772 enim
968 4725 1049 4770 est
1078 4715 1262 4769 similis
1302 4730 1422 4769 cum
1448 4712 1662 4767 Christo
1702 4712 1934 4777 devotio,
1959 4713 2031 4765 si-

452 4809 591 4861 milis
617 4808 773 4861 estet
801 4820 919 4860 cum
957 4805 1171 4857 Christo
1206 4804 1451 4856 tentatio.
1485 4801 1857 4855 Conditionem
1886 4802 2027 4854 enim

453 4900 605 4952 nobis
636 4896 897 4951 tolerandi
925 4895 1150 4965 imponit.
1178 4893 1412 4948 conditio
1436 4891 1727 4960 jejunandi.
1754 4890 2029 4944 Credimus

454 4994 632 5041 autem
664 4987 830 5055 quod,
884 4986 1021 5040 sicut
1068 4983 1317 5038 Salvator
1363 4991 1546 5036 noster
1574 4980 1874 5045 diabolum,
1906 4995 2028 5033 cum

454 5086 773 5142 tentaretur,
798 5076 1049 5140 obtinuit,
1081 5075 1153 5127 ita
1183 5081 1238 5126 et
1267 5089 1365 5127 nos
1394 5072 1590 5125 hostes
1631 5079 1865 5135 nostros,
1908 5084 2028 5123 cum

454 5167 792 5230 tribulamur,
838 5181 996 5233 posse
1044 5164 1348 5217 devincere.
1380 5159 1591 5230 Jejunia
1643 5160 1785 5213 enim
1831 5154 2026 5212 Christi

2126 4004 2234 4051 tem
2279 3998 2519 4053 tribuunt
2566 4007 2590 4044 κ
2630 4005 2685 4052 et
2729 3997 2975 4051 salutem.
3025 3992 3311 4049 Videamus
3356 3991 3519 4059 igitur
3564 3990 3700 4043 inter

2126 4095 2347 4142 caeteras
2376 4087 2697 4141 tentationes
2716 4100 2819 4154 qua
2847 4084 3103 4139 Dominus
3129 4090 3245 4137 arte
3272 4081 3559 4144 lassescat;
3582 4092 3697 4132 cum

2127 4178 2271 4243 enim
2299 4192 2457 4245 supra
2486 4178 2701 4245 pinnam
2728 4183 2893 4229 staret
2918 4172 3103 4241 templi
3122 4171 3390 4235 Salvator,
3414 4168 3490 4222 ait
3516 4166 3702 4221 diabo-

2128 4269 2210 4323 lus
2234 4287 2247 4321 :
2273 4267 2333 4322 Si
2358 4267 2532 4321 Filius
2558 4266 2656 4319 Dei
2676 4283 2753 4330 es,
2773 4266 2918 4318 mitte
2946 4274 2991 4317 te
3018 4263 3254 4317 deorsum
3283 4258 3496 4330 (Matth.
3520 4258 3621 4325 tv),
3650 4262 3701 4309 et

2129 4358 2352 4425 reliqua.
2379 4356 2519 4411 Vere
2545 4355 2822 4409 diabolica
2850 4352 3049 4406 fraudis
3070 4350 3267 4404 astutia
3295 4344 3697 4402 consuetudinis

2129 4461 2237 4499 sua:
2282 4446 2469 4499 nititur
2496 4449 2830 4509 argumento.
2862 4441 3087 4509 Semper
3142 4439 3284 4492 enim
3312 4436 3596 4503 religiosos
3637 4433 3699 4487 de

2129 4534 2493 4603 superioribus
2516 4532 2747 4600 dejicere
2776 4530 2843 4583 ad
2867 4528 3120 4581 inferiora
3137 4533 3380 4587 conatur,
3402 4531 3459 4578 et
3484 4523 3557 4578 de
3580 4537 3699 4577 san-

2128 4626 2228 4679 ctis
2278 4639 2341 4677 ac
2367 4619 2687 4676 venerandis
2730 4619 2934 4673 actibus
2970 4616 3235 4670 deducere
3281 4613 3348 4666 ad
3386 4621 3603 4665 terrena
3650 4617 3700 4663 et

2130 4728 2345 4768 caenosa
2390 4712 2623 4774 festinat,
2654 4717 2712 4762 ut
2750 4708 2842 4775 qui
2870 4714 2977 4759 stat
3002 4704 3233 4774 puritate
3261 4701 3456 4755 mentis
3476 4701 3533 4753 in
3562 4712 3701 4754 sum-

2132 4806 2314 4857 mitate
2359 4801 2541 4870 templi
2586 4799 2613 4835 '1
2670 4797 2916 4867 projiciat
2968 4809 3028 4849 se
3074 4795 3128 4847 iu
3177 4789 3497 4861 profundum
3548 4785 3696 4843 inferi

2132 4893 2454 4961 contagione
2509 4890 2733 4960 peccati.
2762 4888 2895 4940 Nam
2940 4901 3060 4941 cum
3108 4884 3386 4937 Dominum
3430 4881 3497 4935 de
3546 4881 3698 4950 pinna

2132 4984 2315 5051 templi
2345 4982 2578 5049 dejicere
2606 4981 2817 5045 nititur,
2841 4978 3026 5046 utique
3062 4975 3129 5030 de
3155 4972 3393 5043 perfecto
3428 4966 3698 5039 religionis

2128 5074 2276 5126 cultu
2329 5086 2610 5125 removere
2671 5077 2927 5131 conatur;
2982 5066 3144 5135 pinna
3194 5062 3334 5117 enim
3399 5059 3505 5113 loci
3560 5072 3696 5113 san-

2131 5165 2201 5216 cti
2238 5161 2509 5231 perfectio
2545 5159 2778 5215 ctelestis
2810 5162 2898 5211 est
2940 5152 3277 5209 sacramenti.
3309 5149 3477 5203 Recte
3522 5152 3695 5201 autem

458 5260 650 5312 tentari
695 5224 956 5326 possunt,
1008 5256 1248 5324 superari
1296 5269 1402 5307 non
1441 5224 1694 5321 possunt.
1744 5251 2027 5319 Angustias
2061 5224 2107 5282 ί)
2134 5224 2387 5306 Dominus
2413 5265 2571 5319 super
2600 5249 2814 5317 pinnam
2844 5244 3027 5313 templi
3059 5250 3203 5298 stare
3228 5239 3443 5306 dicitur,
3473 5238 3601 5307 quia
3636 5231 3698 5285 de

529 5430 555 5455 ⁸·
583 5417 715 5472 Cod.
744 5417 887 5478 Vat.,
913 5418 1031 5487 quia
1058 5433 1155 5487 pro
1182 5418 1289 5487 qui.

526 5488 555 5527 ι)
590 5487 824 5557 Uterque
844 5482 965 5541 cod.
988 5482 1253 5557 δίει·μὼ
1274 5485 1329 5557 in
1347 5482 1454 5557 .Ier.
1482 5484 1593 5538 haec
1619 5482 1888 5553 supplent,
1910 5496 2030 5534 cum

458 5563 652 5627 quibus
678 5553 941 5627 consultat
965 5554 1095 5627 cod.
1120 5555 1237 5627 Vat.
1269 5553 1431 5627 ηδε.

532 5638 554 5666 ε
585 5626 716 5681 Cod.
766 5624 824 5678 S.
854 5624 1040 5679 Crucis
1086 5626 1137 5679 iu
1180 5622 1287 5676 Jer.
1322 5624 1435 5677 [nec
1474 5621 1752 5691 supplent;
1782 5634 1898 5693 qum
1935 5620 2031 5672 ha-

462 5698 655 5752 bentur
682 5696 839 5750 etiam
870 5696 921 5749 in
945 5694 1063 5749 Vat.
1098 5693 1252 5748 ηδε.

2203 5407 2225 5446 ἀ
2254 5408 2386 5463 Cod.
2416 5408 2481 5460 99
2510 5407 2564 5460 S.
2594 5404 2777 5461 Crueis
2800 5403 2851 5454 in
2880 5397 3310 5467 Jcr.,accipimtts.

2209 5489 2231 5513 ο
2263 5478 2392 5536 F.0d,
2427 5476 2630 5538 Casiu.,
2662 5472 2873 5526 inuenit.

2184 5546 2228 5584 ⁴ί
2261 5546 2401 5600 idem
2431 5545 2567 5607 cod.,
2580 5543 2784 5597 ta'dere.

2208 5628 2230 5663 Β
2262 5615 2403 5669 Idem
2426 5615 2572 5679 cod.,
2603 5612 2671 5665 ad
2689 5611 2922 5663 salutent.

2209 5685 2230 5723 ιι
2253 5684 2396 5739 Idem
2426 5673 2569 5750 cod.,
2598 5681 2869 5751 perspiciat
2890 5694 2941 5732 se
2964 5679 3013 5731 in
3035 5673 3289 5747 profundo
3311 5679 3485 5743 tum.
