3910 6238
141 335 248 395 565
1596 348 1825 407 SERMO
1862 350 2018 408 ιινιι.
3331 373 3459 428 566’

137 452 260 521 ipso
307 454 594 526 scriptum
643 466 730 515 est
774 478 789 514 :
833 459 932 525 Qui
972 462 1201 518 ambulat
1236 479 1390 533 super
1412 482 1609 536 pennas
1636 482 1757 519 ven-
1784 469 1833 525 A
1860 465 2096 522 scientes
2115 472 2259 536 qvod
2293 468 2436 525 Deus
2456 471 2651 528 nullius
2669 482 2753 530 est
2776 475 3095 533 immemor:
3128 479 3223 534 sed
3247 479 3445 539 imme-

133 552 311 599 tcrum
352 545 544 618 (Psal.
566 549 707 617 cm).
729 549 902 620 Super
918 567 1122 622 pennas
1148 554 1292 609 enim
1312 562 1597 610 ventorum
1624 569 1754 624 quo-
1855 573 2059 613 morem
2074 558 2221 614 illum
2234 562 2403 617 nostri
2413 561 2578 619 tunc‘
2594 564 2835 633 facins,
2852 584 2973 624 cum
2984 584 3286 640 peccamus.
3300 573 3439 629 Cum
3470 600 3475 605 ι

134 630 438 688 dammodo
481 637 736 691 ambulat
764 638 1039 707 Dominus,
1069 656 1192 696 cum
1219 658 1383 712 super
1424 659 1634 698 morum
1654 659 1753 699 no—

131 728 380 776 strorum
415 733 444 761 ι
475 725 657 781 alacri
682 730 1092 785 conversatione
1117 731 1280 803 438
1308 733 1489 788 volatu
1519 734 1748 800 incedit;

132 828 328 882 penna:
351 816 513 869 enim
544 818 705 873 nobis
730 827 854 873 sunt
879 819 1006 874 boni
1033 836 1233 890 mores,
1263 824 1355 892 qui
1382 838 1482 878 nos
1511 825 1752 880 elevatos

129 920 159 958 a
200 914 371 961 terra:
397 906 711 965 humilibus
738 910 791 964 in
820 911 943 966 cmli
988 912 1179 968 altiora
1217 914 1524 981 sustollant,
1555 923 1610 969 et
1652 930 1751 970 vo-

128 993 241 1049 latu
271 997 534 1064 quodam
558 1000 757 1053 mentis
771 1000 838 1055 de
866 1008 1071 1055 tartaro
1093 1003 1379 1058 tenebroso
1407 1004 1663 1072 educunt,
1694 1012 1750 1059 et

125 1081 193 1137 ad
224 1085 481 1153 paradisi
514 1102 731 1143 ammna
758 1089 1074 1159 perducunt.
1106 1089 1343 1156 Quorum
1374 1108 1583 1147 morum
1613 1108 1747 1161 pen-

124 1186 223 1227 nas
251 1174 473 1230 habere
507 1178 774 1246 propheta
802 1177 1133 1245 desiderans,
1163 1180 1236 1233 ait
1262 1220 1273 1231 .
1300 1176 1426 1243 Quis
1456 1180 1598 1235 dabit
1620 1182 1747 1247 mihi

123 1280 328 1332 pennas
356 1266 504 1318 sicut
535 1268 805 1337 columba,
835 1280 883 1323 et
912 1271 1112 1338 volabo,
1140 1281 1188 1326 et
1217 1276 1530 1344 requiescam
1571 1273 1740 1343 (Psal.

124 1356 235 1423 Liv)
253 1356 279 1408 ἲ
308 1354 506 1425 Super
537 1358 678 1413 hanc
705 1372 836 1429 ergo
864 1362 1083 1431 pinnam
1112 1364 1297 1433 templi
1327 1364 1574 1420 Salvator
1600 1376 1745 1421 stare

125 1441 348 1508 dicitur,
385 1446 503 1501 hoc
535 1455 638 1513 est,
668 1450 819 1517 quasi
842 1451 894 1504 in
915 1452 1152 1519 quodam
1174 1453 1377 1522 templo
1399 1452 1522 1508 ﬁdei
1543 1463 1743 1509 nostra:

123 1537 475 1603 consistere;
515 1541 657 1595 unde
696 1542 771 1595 ait
807 1542 1097 1612 Apostolus
1132 1563 1143 1598 :
1180 1545 1285 1601 Vos
1328 1548 1453 1601 estis
1500 1549 1742 1614 templum

124 1622 225 1677 Dei
255 1627 383 1691 vivi,
416 1636 471 1679 et
506 1627 736 1698 Spiritus
764 1631 863 1686 Dei
892 1633 1091 1687 habitat
1118 1636 1172 1688 in
1200 1636 1341 1690 vobis
1370 1636 1461 1706 (ΙΙ
1489 1635 1610 1692 Cor.
1641 1639 1737 1709 vt).

122 1711 179 1765 lu
203 1714 312 1768 hoc
336 1716 517 1782 igitur
548 1720 746 1789 templo
772 1730 921 1776 stans
942 1722 1217 1792 Dominus,
1242 1740 1342 1779 nec
1363 1726 1640 1793 recedens,
1660 1727 1741 1780 in-

1854 662 1998 702 emm
2018 648 2160 703 mala
2183 664 2487 720 cperamur,
2504 656 2696 709 avertit
2710 654 2929 723 faciem;
2953 674 3075 715 cum
3094 660 3324 717 nefanda
3353 664 3437 719 lo-

1854 736 2087 805 quimur,
2112 751 2298 793 aurem
2318 740 2574 808 obstruit;
2596 749 2653 797 et
2674 742 2799 799 ideo
2820 745 3113 803 bonitatem
3131 764 3282 804 suam
3294 750 3440 806 Deus

1853 843 1960 882 non
1985 835 2093 881 tam
2122 831 2238 899 ipse
2260 831 2678 901 retrahit,quam
2701 843 2883 890 nostra
2913 837 3059 891 illum
3089 838 3285 917 delicta
3306 840 3439 910 reji-

1851 920 2017 975 ciunt.
2042 922 2284 975 Aiteuim
2314 922 2454 976 idem
2478 923 2735 979 Dominus
2762 940 2859 995 per
2887 929 3206 997 prophetam
3244 932 3311 984 ad
3343 945 3439 986 eos

1849 1010 1942 1078 qui
1962 1019 2117 1065 erant
2132 1012 2185 1065 in
2202 1011 2633 1067 tribulationibus
2643 1016 2945 1069 constituti:
2964 1014 3214 1089 Nunquid
3227 1035 3333 1073 non
3349 1036 3439 1072 va-

1847 1098 1915 1150 let
1929 1113 2113 1152 manus
2141 1115 2252 1152 mea
2275 1116 2449 1153 eruere
2468 1117 2554 1155 vos
2586 1101 2741 1171 (Isai.
2773 1103 2919 1174 LVI)?
2941 1116 2994 1159 et
3017 1106 3243 1175 reliqua.
3278 1106 3439 1163 Vides

1847 1202 1975 1257 ergo
1995 1191 2249 1258 quoniam
2276 1191 2418 1245 inter
2436 1192 2603 1247 Deum
2637 1200 2695 1248 et
2718 1194 2991 1249 hominem
3020 1206 3244 1266 peccata
3273 1213 3435 1267 sepa-

1845 1286 1985 1350 rant.
2019 1279 2168 1334 Tolle
2199 1280 2359 1348 igitur
2380 1290 2601 1351 peccata
2640 1283 2802 1354 539
2839 1284 2907 1339 de
2947 1285 3145 1352 medio,
3175 1302 3231 1340 et
3262 1286 3434 1341 Deum

1845 1367 1941 1421 tibi
1983 1369 2288 1438 proximum
2337 1380 2359 1409 ο
2391 1378 2446 1424 tu
2496 1370 2688 1426 fecisti.
2718 1360 2999 1439 Quomodo
3038 1375 3181 1428 enim
3227 1384 3428 1445 potest,

1844 1455 2057 1524 fratres,
2088 1459 2329 1514 oblivisci
2352 1460 2523 1514 nostri
2549 1460 2712 1528 Deus,
2732 1462 2825 1530 qui
2853 1462 3015 1517 etiam
3036 1465 3263 1534 capillos
3285 1467 3433 1536 capi-

1844 1548 2101 1603 tisnostri
2131 1549 2185 1602 in
2223 1548 2516 1619 Evangelio
2545 1551 2760 1621 (Matth.
2794 1551 2851 1621 ι)
2878 1551 3025 1622 apud
3056 1569 3115 1608 se
3155 1554 3287 1610 dicit
3312 1570 3431 1611 esse

1842 1639 2195 1692 numeratos?
2223 1637 2281 1693 Si
2304 1640 2447 1693 enim
2471 1640 2788 1709 capillorum
2821 1649 3133 1696 nostrorum
3161 1643 3426 1711 meminit,

1841 1728 2011 1782 multo
2039 1729 2207 1797 magis
2235 1727 2253 1766 τ
2282 1738 2585 1784 nostrarum
2600 1731 2899 1785 animarum
2914 1733 3175 1787 meminit.
3210 1732 3315 1790 Per
3336 1751 3433 1789 nu-

123 1813 315 1871 crepat
338 1806 656 1876 diabolum,
687 1810 870 1867 dicens
904 1831 917 1865 :
951 1813 1214 1885 Scriptum
1248 1825 1347 1884 est,
1370 1816 1495 1871 Non
1524 1816 1739 1871 tentabis
1771 1820 1817 1879 Β
1846 1834 2052 1872 merum
2075 1819 2217 1873 enim
2245 1830 2268 1865 κ
2292 1835 2472 1874 curam
2494 1822 2638 1876 circa
2658 1837 2758 1876 nos
2778 1823 3301 1895 sollicitudinemque
3327 1842 3421 1881 co-

126 1891 424 1949 Dominum
454 1897 627 1952 Deum
649 1910 787 1954 tuum
815 1902 993 1973 (Deut.
1024 1904 1131 1975 Vl);
1163 1906 1269 1961 hoc
1295 1916 1397 1972 est,
1428 1923 1534 1961 non
1565 1915 1739 1961 tenta-

126 1982 208 2037 bis
237 1998 369 2039 eum
417 2002 587 2055 quem
619 1999 773 2058 putas
803 2000 1057 2062 tanquam
1091 1995 1365 2051 hominem
1390 1996 1456 2051 ad
1485 1996 1739 2051 inferiora

127 2072 488 2143 pellendum;
540 2080 633 2133 sed
663 2082 828 2149 magis
858 2090 1111 2152 tanquam
1153 2085 1320 2140 Deum
1348 2093 1403 2140 et
1456 2087 1740 2141 Dominum

128 2160 308 2229 ipsum
359 2168 592 2222 noveris
641 2169 991 2225 adorandum.
1027 2173 1081 2227 ln
1128 2174 1212 2229 bis
1238 2189 1368 2243 ergo
1410 2175 1738 2244 jejuniorum

129 2249 321 2307 diebus
341 2261 437 2309 ten
447 2264 627 2311 tamur
641 2259 705 2312 ad
727 2262 1129 2318 similitudinem
1145 2264 1470 2332 Salvatoris;
1495 2267 1742 2322 similiter

130 2347 185 2393 et
214 2357 320 2397 nos
341 2344 539 2402 hostes
570 2352 739 2403 nostri
760 2351 828 2406 de
856 2353 1019 2421 pinna
1050 2357 1253 2426 templi,
1288 2357 1393 2413 hoc
1422 2366 1505 2413 est
1531 2359 1599 2413 de
1638 2361 1738 2415 ob-

131 2434 455 2491 servatione
499 2437 932 2509 Quadragesima:
960 2448 1177 2501 turbare
1206 2458 1491 2504 conantur.
1529 2450 1553 2488 δ
1604 2450 1739 2505 Dum

133 2521 280 2575 enim
308 2532 553 2581 ter-rores
581 2528 847 2598 ingerunt,
882 2533 1010 2588 dum
1035 2536 1253 2593 insidias
1281 2549 1491 2608 parant,
1518 2543 1739 2611 cupiunt

135 2624 234 2663 nos
258 2610 331 2666 de
369 2628 501 2670 arce
530 2618 802 2686 religionis
831 2623 1117 2679 abducere.
1151 2627 1355 2683 Dicitur
1382 2639 1560 2685 autem
1596 2610 1621 2671 ἔ
1661 2633 1740 2687 eis

149 2714 179 2751 a
208 2699 451 2759 Domino
486 2722 498 2759 :
528 2706 644 2761 Non
677 2711 911 2767 tentabis
962 2725 1180 2772 sanctos
1210 2718 1375 2782 viros,
1409 2731 1465 2775 et
1510 2721 1740 2778 famulos

139 2787 265 2855 Dei;
290 2807 436 2861 quos
478 2798 621 2851 enim
665 2808 916 2870 tanquam
946 2804 1177 2863 humiles
1206 2812 1601 2868 conculcandos
1635 2829 1738 2882 pu-

141 2883 240 2942 tas,
259 2884 472 2940 senties
497 2894 750 2956 tanquam
763 2898 1012 2949 strenuos
1024 2896 1389 2953 honorandos.
1412 2898 1549 2955 Sunt
1568 2904 1736 2971 enim,

140 2968 280 3061 sicut
294 2972 433 3039 dixi,
452 2977 695 3047 plerique
715 2980 1077 3053 fratres,quos
1088 2988 1271 3043 hostes
1292 2992 1461 3045 nostri
1475 2992 1540 3046 de
1556 2968 1737 3061 perfee

143 3060 325 3117 ctione
355 3067 635 3137 religionis
656 3072 959 3131 abducunt:
982 3079 1091 3145 qui,
1118 3079 1243 3134 dum
1274 3098 1507 3151 pncsens
1536 3060 1734 3139 malum

144 3158 415 3225 metuunt,
430 3166 623 3226 putant
637 3161 801 3217 Deum
816 3174 1014 3223 nostra:
1029 3168 1217 3225 salutis
1235 3170 1629 3242 immemorem,
1645 3190 1735 3229 nc-
1762 3168 1807 3231 C

1841 1906 2177 1975 gnoseimus;
2203 1924 2361 1964 nemo
2390 1910 2533 1963 enim
2574 1919 2821 1966 numerat
2862 1912 2963 1965 nisi
2992 1913 3138 1980 quod
3169 1906 3282 1968 vult
3309 1914 3439 1969 (ΜΞ--

1842 1997 2054 2065 gentius
2074 1998 2346 2053 custodire
2372 2016 2384 2051 :
2405 2014 2563 2053 nemo
2584 2008 2853 2064 nmnerat,
2878 2001 2979 2055 nisi
2994 2001 3085 2069 qui
3101 2011 3336 2069 veretur,
3358 2020 3427 2059 ne

1843 2085 2086 2141 fraudem
2112 2088 2314 2156 absque
2338 2102 2564 2143 numero
2606 2089 2857 2158 patiatur.
2892 2088 3085 2145 Pastor
3123 2098 3183 2145 ut
3218 2092 3428 2146 salvum

1840 2191 2057 2247 gregem
2087 2179 2300 2245 habeat,
2331 2194 2455 2235 eum
2495 2179 2802 2249 frequenter
2832 2178 2859 2217 ιι
2881 2190 3197 2237 annumerat
3222 2201 3235 2235 :
3264 2182 3429 2255 m

1841 2269 2072 2337 denique
2094 2268 2377 2337 Dominus,
2396 2270 2487 2337 qui
2514 2281 2605 2325 est
2618 2271 2789 2325 bonus
2811 2279 3016 2340 pastor,
3040 2287 3163 2327 cum
3188 2289 3290 2328 una
3311 2277 3427 2330 ovi-

1841 2360 1962 2414 cula
1986 2359 2053 2413 de
2092 2366 2307 2413 centum
2336 2360 2525 2414 ovibus
2550 2361 2876 2429 aberrasset,
2905 2376 3187 2417 recurrens
3227 2363 3294 2417 ad
3328 2380 3427 2417 ηας

1841 2466 2067 2517 merum,
2106 2451 2337 2521 propriis
2358 2466 2478 2505 eam
2517 2450 2585 2505 ad
2622 2463 2838 2518 gregem
2868 2452 3104 2507 humeris
3130 2455 3427 2523 reportavit

1843 2542 2057 2613 (Matth.
2084 2542 2252 2611 xvm).
2288 2540 2467 2611 Usque
2496 2542 2631 2597 adeo
2661 2543 2675 2578 ι
2703 2556 2833 2611 ergo
2855 2542 3082 2597 habetur
3110 2544 3210 2598 sub
3237 2545 3423 2611 tutela,

1840 2633 1933 2703 qui
1961 2633 2189 2687 habetur
2217 2632 2269 2686 in
2294 2646 2519 2685 numero
2536 2670 2553 2697 ,
2596 2640 2657 2685 ut
2684 2646 2871 2687 errans
2897 2632 3129 2703 prepriis
3169 2642 3425 2703 apporte-

1844 2730 1928 2777 tur
1974 2722 2230 2786 humeris,
2264 2736 2332 2775 ne
2378 2721 2505 2790 quid
2542 2721 2610 2776 de
2657 2737 2883 2777 numero
2927 2723 3217 2777 minuatur.
3251 2722 3428 2779 Nolite

1843 2826 1972 2881 ergo
2028 2820 2239 2881 putare,
2284 2810 2498 2878 fratres,
2569 2812 2712 2881 quod
2764 2813 2850 2869 vel
2895 2813 3100 2869 minimi
3142 2812 3418 2882 cujusdam

1846 2900 1859 2952 i
1893 2901 2259 2955 obliviscatur.
2286 2900 2427 2954 Deus
2452 2902 2596 2955 enim
2636 2903 2875 2957 omnium
2901 2905 3160 2970 meminit,
3186 2905 3425 2958 Omnium

1842 2991 2180 3058 recordatur,
2202 3000 2411 3045 tantum
2462 3001 2656 3047 utnon
2707 2994 2903 3060 nostris
2946 2995 3432 3051 intervenientibus

1842 3083 2098 3152 peccatis,
2130 3082 2181 3135 ei
2212 3080 2472 3136 inferatur
2497 3083 2715 3138 oblivio.

1530 3266 1797 3327 SERMO
1846 3264 2047 3327 XVII.

1430 3365 1504 3419 De
1541 3364 1952 3438 Quadragesima
1998 3363 2117 3418 HI.

1593 3454 1985 3511 ADMONITIO.

212 3522 330 3582 Non
362 3530 571 3621 ingrata
596 3535 1086 3621 laboribusnostris
1114 3541 1293 3599 arrisit
1317 3544 1554 3621 fortuna.
1585 3546 2006 3621 Evolutiseniut
2024 3545 2252 3613 primum
2278 3545 2407 3599 bibl.
2434 3544 3118 3621 Laurentianmcoalicibus,
3144 3568 3211 3607 ex
3235 3554 3435 3621 quibus.

146 3607 332 3684 utrum,
365 3602 453 3684 vel
491 3603 718 3659 alterum
757 3607 816 3663 S.
866 3609 1081 3684 Masimi
1110 3629 1412 3670 sermonem
1443 3619 1782 3684 collegimus;
1816 3616 1941 3669 dum
1994 3602 2342 3668 lustraremus
2372 3616 2615 3671 codicem
2644 3616 2746 3669 169
2774 3602 2903 3671 bibl.
2930 3602 3268 3683 Biihifhéiiu?
3291 3602 3425 3678 ccci:

146 3670 336 3757 major.
366 3670 609 3754 Floreat.
644 3692 816 3757 novus
838 3682 1085 3757 occurrit
1099 3684 1187 3738 hic
1215 3700 1413 3745 sermo.
1447 3670 1665 3742 nomine
1694 3686 1748 3741 S.
1772 3670 2001 3757 Maximi
2025 3692 2337 3757 exornatus.
2362 3685 2451 3757 AAb
2481 3687 2627 3757 omni
2654 3670 3215 3757 ergoﬂdisceptatione
3242 3707 3426 3747 exem-

147 3740 243 3799 pli,
270 3752 396 3792 cum
418 3757 518 3796 nec
546 3744 599 3796 in
629 3746 914 3812 Ambrosii,
944 3766 1045 3805 nec
1073 3752 1127 3805 in
1154 3740 1433 3822 Augustini
1462 3740 1800 3813 sermonibus
1829 3770 1887 3809 re
1927 3754 2147 3817 eriatur,
2174 3754 2375 3808 lubenti
2396 3757 2574 3809 animo
2604 3740 3335 3825 lucevfruenduiuﬁdedimus;
3360 3777 3425 3816 eo

147 3806 336 3875 ριθείε,
389 3812 534 3875 quod
580 3814 789 3875 legatur
813 3817 865 3870 in
895 3820 1167 3875 codicibus
1194 3824 1456 3875 Vaticano
1483 3824 1639 3875 4222-
1674 3841 1795 3875 nan.
1850 3771 1974 3875 1X4.
2003 3832 2059 3875 et
2114 3840 2163 3875 ιν
2192 3821 2332 3875 Plut.
2381 3840 2565 3875 χχχιιι.
2592 3840 2713 3875 nae.
2742 3827 2806 3875 70
2836 3843 2863 3875 a
2914 3835 3082 3875 terim-
3119 3830 3247 3875 hihl-
3298 3832 3424 3875 nlim

147 3806 336 3895 magis,
354 3894 359 3895 γ
378 3812 534 3895 qugd
580 3814 789 3895 legatur
813 3817 865 3870 in
895 3806 1796 3895 codicibusvaticano‘iﬁ‘lzﬂpaé:

1921 3824 1974 3891 4,
2003 3832 2059 3895 et
2114 3840 2163 3877 tv
2192 3821 2332 3877 Plut.
2381 3840 2565 3889 χχχιιι,
2592 3840 2713 3894 pag.
2742 3827 2806 3879 70
2836 3843 2865 3881 a
2914 3835 3083 3895 tergo,
3117 3830 3247 3884 bibl.
3298 3821 3426 3885 olim

146 3867 209 3968 ᾗ
230 3867 421 3968 gruc‘is'
451 3867 659 3961 Minor?
672 3867 1795 3968 comié'n6.2313321}.Ei—k‘ﬁﬁinbj'tfij"si'
1814 3867 2033 3949 Maximi
2064 3907 2260 3948 nomen
2308 3867 2625 3965 inscriptdrii
2655 3867 2963 3966 Bmferuut.
2996 3867 3101 3953 Fles
3114 3908 3197 3955 tus
3247 3908 3331 3955 est
3358 3918 3426 3956 et

148 3942 332 3999 codice
363 3948 644 4006 Vaticano.

150 4025 539 4119 Ancuuearuu.
560 4074 651 4119 ‘_-—
670 4042 937 4113 Jejunium
962 4051 1419 4119 iquadragesimale
1443 4056 1734 4110 institutum
1780 4082 1785 4087 ν

214 4110 289 4196 fit
308 4106 363 4187 in
394 4109 678 4196 remedium
687 4106 911 4196 .pEccati.
938 4106 1146 4196 Primus
1172 4106 1320 4196 ltomo
1343 4106 1515 4196 Adam

334 4178 389 4229 in
414 4194 517 4247 qua
544 4181 781 4265 cquditus
819 4187 991 4265 fuerat
1028 4189 1231 4265 defecit,
1255 4194 1497 4265 violando
1536 4178 1733 4265 praece-

221 4249 359 4325 ptum
384 4263 490 4325 non
534 4249 720 4304 edendi
745 4249 1006 4325 de'fructu
1048 4249 1247 4314 arboris
1276 4264 1509 4318 scicntia:
1536 4249 1659 4320 boni
1685 4278 1733 4320 et

210 4313 363 4399 ιξιιιιιξἶ
408 4314 703 4399 ῌςραταεως
747 4313 890 4399 «πρὸ,
916 4328 1069 4399 culpa
1108 4313 1655 4390 abstinentim—virvtute

213 4378 505 4467 obedientia
545 4378 830 4446 mandati."
849 4392 953 4471 Cur
1000 4378 1175 4466 rDeus,
1215 4406 1442 4471 quamvis
1483 4405 1643 4460 bonus
1685 4416 1735 4460 et

219 4452 531 4545 misericors,
556 4468 962 4545 panamnmortis
990 4452 1197 4545 peccato
1222 4452 1464 4543 criginali
1482 4478 1733 4545 iri/ﬁctum
1762 4476 1813 4535 D

217 4522 459 4578 relaxare
479 4522 722 4598 uoluerit,
746 4522 1039 4591 doctissime
1060 4522 1302 4595 traditur.

224 4648 445 4712 Retinet
486 4664 744 4718 sanctitas
784 4674 964 4724 vestra
993 4678 1118 4727 ante
1140 4674 1253 4729 dies
1278 4688 1595 4745 prosecutos
1638 4697 1736 4737 nos

152 4752 265 4798 esse
286 4748 436 4815 quod
464 4767 561 4820 per
582 4754 721 4811 hanc
750 4773 933 4814 curam
962 4774 1161 4819 sanctae
1183 4765 1612 4837 Quadragesimm
1653 4790 1737 4828 re-

156 4838 358 4896 paratio
395 4842 638 4907 quaedam
680 4846 895 4903 humani
934 4856 1145 4919 generis
1192 4858 1386 4924 agitur,
1414 4868 1471 4913 ut
1510 4876 1607 4929 per
1635 4864 1737 4921 hoc

154 4928 567 4986 sacratissimum
595 4942 808 5005 tempus
831 4936 858 4975 ¹ι
881 4941 1202 4999 conditionis
1230 4955 1430 5001 nostras
1456 4928 1733 5021 fragilitas,

222 5046 244 5072 ‘
268 5038 753 5124 Cod.__Casin.,cum
783 5067 935 5124 super
958 5071 1153 5110 morum
1184 5069 1475 5115 nostrorum
1506 5066 1730 5121 alacrem

156 5119 583 5176 conversationem
606 5119 752 5172 (tctus
783 5119 989 5176 incedit.

221 5174 243 5212 δ
265 5178 409 5255 l_~.l_em
433 5182 575 5255 cod.,
610 5190 817 5243 turbare
841 5174 1109 5248 conantur.
1136 5194 1263 5249 Cum
1292 5201 1493 5255 enim...

224 5257 248 5327 ἦ
275 5248 424 5303 Idem
454 5253 602 5319 cod.,
626 5255 827 5312 Dicitur
856 5272 1024 5317 autem
1052 5267 1099 5317 ei
1125 5248 1155 5319 a
1180 5248 1443 5323 Domina."
1457 5248 1593 5327 ith
1613 5286 1722 5329 tcu-

157 5313 285 5407 btbji'
301 5332 534 5407 sanctos,
552 5313 683 5407 etc.,
706 5313 1093 5407 putastsenties
1114 5344 1357 5407 tanquam
1367 5313 1509 5405 ,1;th

220 5382 241 5470 ξ
268 5388 413 5470 lalcm
437 5382 580 5470 cod.,
614 5382 733 5470 tunc
756 5416 849 5453 nos

223 5465 242 5528 ξ
270 5458 416 5512 Idem
440 5462 587 5528 cod.,
618 5466 818 5522 omittit
847 5458 918 5522 tu.

222 5524 239 5561 ί
268 5528 411 5603 idem
615 5546 910 5593 nostrarum
938 5556 1168 5597 meminit
1196 5548 1506 5603 animarum.

220 5604 241 5684 ξ
266 5598 411 5684 idem
439 5601 583 5684 cod.,
606 5602 711 5683 Par
733 5623 997 5664 numerum
1018 5616 1150 5667 enim
1181 5598 1505 5684 capilloraiii:

216 5661 238 5700 ³
264 5667 410 5722 idem
437 5661 581 5736 cod.,
606 5673 933 5731 adnumerat.

220 5736 231 5769 ί
266 5736 407 5794 Idem
436 5740 584 5807 cod.,
620 5742 791 5811 Usque
834 5749 961 5804 adeo
1009 5752 1223 5808 habetur
1268 5772 1413 5808 amor
1450 5776 1543 5818 pro
1593 5761 1685 5814 illa

1840 4070 1963 4111 cum
1985 4056 2407 4111 immortalitatis
2427 4056 2652 4126 gratiam
2682 4058 3037 4125 quam‘Adam
3066 4062 3425 4133 delinquendo

1838 4145 2164 4215 perdiderat,
2195 4144 2773 4216 Christusindulgcndo
2796 4151 3052 4219 restituit,
3072 4151 3086 4189 ¹
3104 4161 3159 4207 et
3180 4154 3272 4222 qui
3293 4172 3421 4210 cor-

1840 4244 1921 4288 tra
1968 4236 2193 4290 vetitam
2241 4236 2576 4291 comedendo
2605 4248 2941 4306 peccaverat,
2994 4243 3081 4296 hic
3129 4246 3423 4299 secundum

1839 4333 2165 4395 praeceptum
2191 4326 2491 4395 jejunando
2514 4326 2793 4396 justiﬁeet.
2826 4328 2961 4385 Nam
2991 4331 3109 4388 llch
3138 4343 3221 4389 est
3248 4338 3422 4391 omnis

1838 4432 1999 4473 causa
2023 4417 2443 4474 Christianitatis
2468 4428 2523 4473 et
2552 4418 2691 4481 fidei.
2722 4428 2781 4475 ut
2808 4423 3047 4477 salvetur
3075 4426 3221 4494 quod
3248 4430 3419 4497 peric-

1840 4516 1953 4573 rat,
1988 4516 2270 4562 revocetur
2296 4506 2440 4578 quod
2493 4518 2790 4579 erraverat,
2827 4512 2970 4580 quod
3008 4512 3117 4581 jam
3154 4516 3420 4572 occiderat

1840 4610 1877 4635 ιη
1906 4607 2236 4653 renascatur.
2270 4598 2402 4652 Nam
2442 4602 2625 4668 prima:
2656 4601 2839 4671 utique
2867 4607 3232 4671 generationis
3259 4607 3417 4662 oil'en-

1840 4689 1921 4743 sio
1949 4690 2198 4744 secundae
2229 4688 2367 4743 facta
2398 4701 2481 4743 est
2504 4690 2797 4745 nativitatis
2826 4694 3061 4760 occasio,
3097 4705 3151 4749 et
3180 4714 3247 4751 ex
3288 4698 3396 4752 illiu

1841 4788 1867 4813 ιλ
1893 4779 2288 4847 praedicationis
2324 4780 2687 4847 delinquentia
2715 4780 3111 4849 justificationis
3141 4786 3299 4856 hujus
3328 4806 3391 4844 ex

1839 4868 1971 4921 stitit
1998 4872 2188 4937 gratia.
2222 4869 2337 4923 Non
2365 4871 2506 4923 enim
2529 4887 2664 4941 opus
2688 4870 2863 4927 fuerat
2888 4875 2940 4928 in
2969 4876 3187 4931 homine
3216 4894 3388 4934 renasc

1840 4958 2036 5026 denuo,
2058 4960 2103 5014 si
2122 4959 2264 5028 quod
2295 4960 2468 5015 fuerat
2509 4960 2616 5017 non
2639 4965 2885 5033 perisset.
2910 4965 3019 5021 Sed
3038 4969 3165 5024 dicit
3189 4971 3377 5041 aliquis
3406 4990 3415 5019 :

1837 5088 1961 5193 ἵνα)
1974 5072 2187 5155 habetur
2214 5076 2267 5127 in
2296 5092 2531 5147 numero,
2558 5088 2614 5132 ut
2641 5096 2825 5136 errans
2864 5085 3087 5154 propriis
3117 5086 3421 5158 adportare—

1858 5158 1920 5193 ur
1959 5160 2185 5193 tumens.

1858 5158 1920 5193 ur
1941 5158 2185 5198 "umens.

1912 5214 1923 5259 t
1964 5211 2108 5289 idem
2151 5213 2272 5289 cod.
2304 5215 2453 5289 legit
2487 5236 2499 5269 :
2531 5219 2834 5289 cujusquam
2876 5223 3207 5279 obliviscatur
3253 5227 3412 5283 Deus.

1838 5276 2079 5334 Omnium
2107 5286 2353 5349 meminit,
2377 5276 2486 5339 Etc.

1908 5348 1931 5385 ιί
1963 5352 2093 5405 tiod.
2130 5353 2253 5430 l_69,
2276 5355 2578 5430 o‘limamil.
2613 5365 2841 5427 metrop.
2860 5359 3007 5414 Eccl.
3038 5361 3206 5430 Flor.,
3236 5370 3417 5421 condi-

1837 5420 2120 5493 tio_ncstraz
2148 5423 2451 5493 fragilitatis
2478 5426 2773 5480 innovatur.

1912 5487 1927 5525 1
1962 5490 2105 5544 Idem
2134 5487 2277 5561 colli,
2309 5503 2356 5545 et
2382 5495 2465 5561 qui
2487 5505 2668 5553 contra
2690 5498 2911 5549 vetitum.

1904 5568 1940 5594 ω
1966 5561 2106 5614 Idem
2131 5559 2255 5615 cod.
2276 5603 2290 5626 ,
2322 5559 2641 5614 renascatur.
2690 5561 3033 5633 Reuascalur,
3068 5571 3296 5638 inquam,
3332 5574 3420 5623 de-

1828 5644 1948 5689 nuo,
1975 5646 2074 5682 non
2100 5641 2359 5683 nascatur.

1899 5707 1923 5732 ο
1949 5698 2093 5753 Idem
2123 5697 2266 5763 cod.,
2296 5718 2361 5754 ea;
2384 5702 2524 5757 illius
2560 5703 3000 5771 prwvartcationis
3034 5706 3409 5778 delinquentia.
