3910 6238
538 326 635 380 56ῗ

1717 332 1771 385 S.
1815 330 2053 386 MAXIM]
2093 331 2535 391 TAURINENSIS

3655 334 3755 391 δίε

536 444 714 499 Potuit
753 444 890 497 Deus
931 438 1137 498 Lomini
1183 458 1301 511 qua:
1328 458 1425 513 per
1451 444 1619 498 Adam
1668 454 1937 499 contracta
1978 447 2093 499 fue-
2124 455 2169 508 Α
2196 448 2363 501 ricors
2392 447 2612 512 largitus
2656 452 2739 503 est
2780 444 3002 497 veniam.
3036 442 3167 498 Nam
3194 442 3341 513 quod
3370 445 3642 509 morimur,
3673 446 3751 500 dc-

535 543 654 588 rant
682 535 758 588 sic
785 533 1057 600 indulgere
1103 543 1343 602 peccata,
1368 542 1425 588 ut
1447 535 1651 589 renasci
1672 550 1791 589 eum
1815 536 1988 590 denuo
2010 550 2098 589 ne-

535 638 683 677 cesse
710 638 815 676 non
844 630 1005 678 esset.
1032 621 1167 676 Audi
1218 624 1405 690 igitur,
1436 631 1491 677 et
1527 624 1759 690 intellige
1787 624 2046 677 rationem
2080 642 2091 675 :

535 711 693 781 Deus,
724 713 862 765 sicut
909 713 1126 775 scimus,
1156 727 1317 766 verax
1347 721 1401 765 et
1440 712 1613 777 justus
1640 720 1753 774 est,
1788 726 1885 765 nec
1920 719 2097 779 potest

536 802 820 871 aliquando
843 804 1073 856 mentiri.
1104 804 1236 857 Cum
1262 818 1390 870 ergo
1412 803 1576 856 Adam
1603 804 1933 870 plasmasset,
1966 810 2020 856 et
2044 804 2097 856 in

537 892 781 957 paradiso
804 892 974 958 legem
1002 892 1051 945 ei
1098 892 1399 959 hujusmodi
1427 893 1697 945 statuisset
1715 934 1731 953 ,
1760 900 1817 944 ut
1844 894 1909 945 de
1956 893 2097 957 ligno

536 982 737 1035 sciendi
767 983 964 1036 bonum
992 988 1046 1035 et
1083 983 1277 1036 malum
1320 984 1531 1052 penitus
1558 997 1663 1035 non
1712 990 1966 1049 gustaret,
1995 996 2099 1051 qua

536 1070 624 1124 die
648 1080 672 1107 η
696 1085 817 1125 eum
846 1078 1111 1137 gustasset
1132 1080 1303 1125 morte
1330 1086 1451 1137 eum
1486 1085 1604 1125 esse
1632 1071 1945 1124 moriturum
1969 1086 1984 1135 ;
2010 1070 2103 1136 igi-

539 1168 625 1212 tur
649 1160 812 1214 homo
838 1176 958 1215 cum
988 1160 1238 1215 mandato
1260 1160 1558 1227 hujusmodi
1584 1168 1871 1224 teneretur,
1902 1169 2098 1229 praete-

539 1249 687 1302 riens
707 1248 1035 1309 mandatum,
1061 1249 1279 1303 incurrit
1307 1249 1360 1301 in
1388 1250 1576 1315 legem,
1602 1257 1658 1303 et
1677 1257 1899 1303 mortem
1939 1264 2097 1317 quam

540 1336 681 1389 Deus
706 1336 1023 1405 prmdixerat
1050 1339 1484 1405 prmvaricatione
1522 1338 1779 1406 quzesivit.
1833 1336 1972 1405 Ergo
2000 1339 2102 1392 sic-

541 1434 598 1478 ut
635 1426 883 1487 diximus,
932 1426 1054 1493 quia
1092 1428 1413 1496 impossibile
1455 1436 1538 1480 est
1579 1427 1878 1482 Divinitatis
1904 1434 2099 1480 statuta

541 1516 789 1577 convelli,
819 1524 872 1570 et
892 1517 1053 1571 homo
1074 1518 1317 1585 laqueum
1340 1518 1733 1585 legisincurrit;
1757 1518 1876 1572 ideo
1903 1518 1953 1571 ei
1982 1518 2101 1571 abs-

542 1614 647 1670 que
694 1605 968 1658 nativitate
1016 1605 1180 1658 altera
1226 1621 1331 1659 non
1373 1606 1610 1674 oportuit
1656 1606 1943 1673 indulgeri,
1976 1607 2097 1673 quia

540 1692 674 1744 solvi
725 1702 1111 1761 praeceptorum
1155 1695 1286 1747 ordo
1335 1710 1439 1749 non
1486 1703 1718 1763 poterat,
1752 1695 1843 1748 sed
1892 1696 2098 1747 renasci

2197 537 2329 590 creti
2360 536 2551 604 prioris
2574 543 2827 588 statutum
2852 544 2935 588 est
2956 552 2969 598 ;
2992 534 3133 601 quod
3163 535 3504 601 resurgimus,
3534 538 3750 590 muneris

2198 624 2469 692 sequentis
2497 633 2579 679 est
2607 624 2822 677 donum.
2855 624 3037 691 igitur,
3071 624 3279 689 fratres,
3312 626 3466 680 vobis
3511 628 3749 680 catechu-

2198 715 2369 768 menis
2414 715 2604 783 loquor
2649 732 2661 765 :
2710 713 2954 768 festinate
3000 725 3022 752 ο
3066 714 3131 767 ad
3176 715 3422 769 secunda:
3476 716 3756 769 nativitatis

2198 806 2439 871 gratiam,
2458 813 2517 858 ut
2545 806 2596 858 in
2624 806 2775 858 vobis
2799 805 3011 858 ﬁniatur
3031 805 3220 870 Adam,
3249 806 3494 859 Christus
3522 806 3750 873 incipiat:

2197 901 2455 946 vacuetur
2482 909 2644 956 mors,
2678 893 2782 945 vita
2822 894 3093 959 succedat,
3139 893 3416 948 aboleatur
3443 895 3759 947 austeritatis

2200 981 2488 1043 sententia,
2515 982 2541 1017 ά
2572 980 2931 1035 innovationis
2970 983 3140 1048 gratia
3169 983 3561 1050 subsequatur;
3586 984 3756 1035 abole-

2200 1076 2288 1122 tur
2306 1070 2445 1122 enim
2472 1071 2730 1123 severitas
2768 1069 3074 1136 iudicantis,
3101 1079 3125 1106 ο
3154 1085 3275 1124 cum
3301 1072 3655 1125 renovatione
3681 1072 3760 1123 in-

2201 1158 2508 1213 tercedente
2528 1158 2695 1212 Deum
2725 1174 2877 1211 suum
2926 1160 3192 1212 sententia
3221 1175 3326 1212 non
3373 1160 3633 1226 agnoscit.
3655 1158 3763 1211 Ce-

2202 1257 2373 1302 terum
2395 1249 2494 1302 nisi
2522 1256 2755 1301 mutatus
2784 1247 2940 1301 fuerit
2968 1256 3120 1302 vetus
3159 1248 3321 1301 homo
3350 1257 3553 1312 noster,
3599 1256 3652 1301 et
3682 1262 3767 1301 se.

2201 1346 2394 1406 quatur
2420 1352 2612 1391 novam
2660 1353 2941 1405 personam
2970 1352 3125 1406 pmna
3154 1338 3424 1405 pnecepti,
3458 1352 3561 1391 nec
3587 1337 3763 1391 condi-

2202 1428 2403 1481 tionem
2433 1427 2593 1495 442
2621 1428 2809 1480 mortis
2836 1427 3004 1480 vitare
3025 1428 3241 1496 poterit,
3268 1427 3358 1493 qui
3388 1441 3497 1480 non
3527 1426 3769 1492 confuge-

2202 1519 2271 1572 rit
2296 1518 2361 1572 ad
2383 1517 2706 1572 conditionis
2726 1524 3019 1571 auctorem.
3045 1518 3133 1571 Ait
3155 1518 3295 1571 enim
3324 1517 3570 1570 Christus
3597 1516 3770 1568 Domi-

2205 1623 2303 1661 nus
2328 1624 2341 1659 ;
2370 1604 2419 1660 Ν
2423 1608 2498 1659 isi
2512 1607 2831 1659 credideritis
2852 1607 2970 1674 quia
2991 1624 3085 1675 ego
3111 1623 3242 1672 sum,
3275 1608 3327 1657 in
3348 1606 3575 1674 peccatis
3602 1606 3771 1655 vestris

2205 1695 2489 1748 moriemini
2507 1693 2682 1763 (Joan.
2705 1694 2842 1759 VIII).
2861 1694 2879 1730 τ
2896 1694 2985 1747 Sic
3005 1702 3180 1747 autem
3203 1693 3472 1747 credimus
3487 1692 3769 1747 Christum.

540 1780 814 1835 hominem
842 1781 1029 1845 voluit,
1061 1789 1116 1835 et
1159 1783 1382 1836 alterum
1430 1783 1824 1851 quodammodo
1864 1784 1996 1847 ﬁeri,
2048 1793 2102 1836 et
2140 1798 2175 1851 Β
2205 1785 2386 1851 sicque
2424 1799 2522 1836 nos
2567 1784 2789 1848 gratiam
2832 1781 3060 1836 ﬁdeliter
3107 1784 3413 1844 induamus,
3446 1796 3630 1835 verum
3656 1796 3773 1834 esse

540 1868 666 1934 quia
709 1884 813 1921 non
842 1877 1055 1936 poterat
1081 1871 1212 1937 legis
1238 1872 1429 1924 mutari
1461 1874 1721 1925 sententia
1747 1911 1761 1933 ,
1810 1872 2102 1925 mutaretur

541 1956 640 2022 legi
672 1957 880 2011 addicta
909 1962 1373 2026 persona,scilicet
1400 1972 1452 2014 et
1474 1962 1524 2015 in
1555 1977 1660 2015 uno
1683 1962 1977 2031 eodemque
2005 1964 2105 2015 ho-

541 2046 685 2099 mine
705 2046 928 2099 alterum
950 2048 1183 2102 conditio
1211 2051 1512 2117 stringeret,
1543 2051 1764 2104 alterum
1786 2053 1954 2120 gratia
1975 2053 2109 2105 lihe-

540 2142 707 2195 rarct,
720 2143 958 2190 vetustus
969 2138 1292 2192 satisfaceret
1302 2142 1590 2204 severitati,
1611 2156 1776 2195 novus
1789 2149 2120 2198 accresceret

540 2222 793 2292 bonitati,
814 2234 1075 2293 quatenus
1101 2236 1155 2282 et
1183 2239 1504 2299 praeceptum
1536 2232 1643 2285 vim
1671 2246 1820 2285 suam
1857 2233 2112 2287 retineret

542 2310 594 2365 in
625 2312 863 2381 homine,
903 2324 959 2369 et
999 2317 1270 2371 hominem
1316 2334 1504 2373 census
1546 2320 1680 2374 alter
1728 2330 1959 2376 erueret.
2010 2323 2109 2388 Qui

541 2402 681 2454 enim
705 2405 999 2458 renascitur
1016 2407 1208 2473 prioris
1235 2409 1839 2479 generationisimplevit
1850 2413 2113 2467 conditio-

544 2507 685 2557 nem,
718 2493 875 2564 Μι
906 2495 1149 2549 secundae
1170 2497 1464 2551 nativitatis
1489 2499 1649 2552 sumit
1676 2500 1965 2566 originem;
1996 2502 2106 2568 qui,

542 2582 777 2650 inquam,
823 2586 1133 2649 renascitur,
1162 2586 1329 2641 ﬁnivit
1362 2603 1478 2641 esse
1514 2589 1653 2657 quod
1699 2588 1888 2651 fuerat,
1930 2591 2113 2659 incipit

541 2688 659 2726 esse
686 2674 826 2741 quod
856 2692 961 2730 non
996 2685 1127 2742 erat,
1158 2686 1398 2733 mortuus
1424 2687 1506 2733 est
1538 2679 1561 2715 δ
1601 2681 1861 2747 antiquis,
1889 2681 2111 2733 innova-

542 2770 626 2815 tus
652 2771 735 2817 est
749 2764 858 2831 jam
884 2765 1090 2821 futuris.
1122 2767 1289 2833 Quam
1319 2770 1487 2823 bonus
1510 2769 1669 2835 igitur
1714 2768 1969 2821 Dominus
2013 2782 2108 2821 no-

538 2860 679 2917 ster;
711 2854 787 2907 sic
817 2854 985 2921 legem
1014 2858 1219 2920 statuit,
1244 2866 1301 2911 ut
1322 2858 1733 2911 misericordiam
1755 2871 1858 2909 non
1877 2855 2105 2919 omittat;

538 2944 615 2997 sic
638 2944 943 3010 miseretur,
973 2956 1032 3000 ut
1068 2948 1199 3015 legis
1227 2956 1424 3001 statuta
1472 2963 1577 3001 non
1617 2947 1800 2999 violet.
1833 2945 2103 3013 Tanquam

536 3040 709 3107 justus
730 3042 870 3093 enim
893 3048 1174 3095 exsecutus
1187 3048 1271 3095 est
1295 3038 1638 3099 sententiam,
1667 3045 1917 3103 tanquam
1946 3036 2106 3090 mise-

2204 1874 2344 1943 quod
2374 1873 2501 1926 dicit
2526 1892 2537 1925 :
2565 1872 2683 1928 Nisi
2711 1875 2821 1943 quis
2844 1883 3050 1925 renatus
3073 1875 3225 1942 fuerit
3252 1890 3316 1926 ea:
3330 1890 3464 1943 aqua
3487 1872 3773 1941 (Icarum,

2210 1971 2265 2017 et
2292 1964 2515 2031 reliqua.
2539 1962 2822 2015 lnduamur
2844 1975 2971 2027 ergo
3001 1961 3250 2023 Domino;
3277 1969 3381 2013 tam
3403 1961 3593 2027 gratia,
3618 1974 3773 2025 quam

2214 2051 2527 2120 praeceptis;
2560 2065 2706 2103 mors
2734 2051 2875 2103 enim
2905 2066 2997 2103 eos
3027 2065 3131 2103 non
3169 2049 3437 2109 retinebit,
3463 2064 3583 2101 cum
3613 2047 3776 2099 Adam

2221 2149 2245 2186 Β
2277 2138 2485 2203 viderit,
2523 2155 2642 2193 cum
2678 2137 2891 2192 Christo
2920 2152 3055 2201 esse,
3090 2138 3180 2204 qui
3209 2138 3315 2189 vita
3351 2144 3453 2189 est.
3488 2134 3773 2203 Prtecepta.

2223 2228 2415 2296 inquit,
2463 2229 2579 2297 ejus
2625 2235 2750 2281 ante
2778 2228 2955 2281 omnia
3004 2241 3407 2288 conservemus,
3434 2232 3493 2277 et
3519 2224 3780 2293 praecipue

2213 2322 2279 2376 de
2299 2321 2513 2389 jejuniis
2539 2319 2984 2385 Quadragesimaa.
3017 2317 3165 2371 Sicut
3192 2317 3333 2370 enim
3378 2316 3636 2385 plerique,
3665 2316 3778 2383 qui-

2211 2412 2309 2466 bus
2330 2416 2449 2465 cum
2472 2411 2557 2463 hic
2580 2408 2855 2477 jejunandi
2883 2408 3269 2462 sacratissimus
3300 2421 3554 2459 numerus
3596 2405 3781 2459 indici-

2213 2507 2318 2563 tur,
2350 2499 2674 2567 interpositis
2714 2496 3057 2551 hebdomadis
3084 2496 3337 2549 divinitus
3363 2502 3621 2548 statutum
3649 2503 3772 2548 tem.

2211 2606 2310 2659 pus
2332 2590 2535 2643 violant
2555 2586 2911 2650 comedendo,
2942 2601 3048 2640 non
3084 2586 3438 2651 intelligentes
3478 2583 3623 2652 quod
3680 2600 3779 2637 non

2210 2681 2431 2734 minoris
2459 2677 2910 2747 prmvaricationis
2938 2684 3120 2729 contra
3159 2675 3500 2728 interdictum
3527 2672 3784 2739 gustando

2209 2771 2286 2824 rei
2315 2776 2457 2831 sunt,
2489 2782 2648 2835 quam
2698 2766 2786 2819 ille
2811 2766 2977 2818 Adam
3030 2764 3121 2831 qui
3167 2771 3354 2816 contra
3382 2762 3608 2815 vetitum
3637 2776 3785 2814 man-

2210 2856 2442 2917 ducavit,
2479 2852 2506 2891 ¹ι
2537 2854 2632 2908 sed
2662 2854 2800 2907 illius
2826 2852 3293 2921 prasvaricationes
3319 2850 3517 2904 Christi
3562 2849 3786 2903 redemit

2207 2946 2415 3016 passio;
2444 2945 2574 2998 istos
2597 2943 2717 3012 quis
2753 2942 2997 3004 redimet,
3041 2940 3131 3009 qui
3173 2939 3618 3009 praevaricatores
3666 2944 3786 2991 sunt

2209 3042 2333 3106 post
2359 3034 2569 3089 Domini
2599 3032 2901 3103 passionem
2924 3031 2949 3083 ἲ

1884 3148 2149 3209 SERMO
2192 3149 2421 3209 XVIII.

1834 3251 1914 3304 De
1942 3248 2351 3319 Quadragesima
2392 3248 2499 3301 IV.

1980 3336 2371 3395 ADMONITIO.

610 3459 741 3513 Cum
767 3457 817 3511 in
846 3458 1031 3513 codice
1059 3454 1370 3510 Taurinensi
1392 3456 1478 3510 hic
1505 3469 1684 3510 sermo
1710 3453 2007 3524 reperiatur
2028 3468 2181 3524 num.
2202 3452 2271 3505 28
2311 3449 2388 3504 De
2410 3448 2837 3519 Quadragesima,
2866 3449 3196 3524 subsequens
3220 3462 3348 3502 vero
3371 3446 3431 3524 in
3448 3447 3666 3524 duobus
3687 3461 3791 3499 ma»

541 3529 829 3597 nuscriptis
853 3542 979 3581 mox
996 3526 1269 3597 laudandis
1288 3533 1532 3597 repertus
1560 3524 1628 3597 ad
1642 3516 1797 3597 hunc
1816 3524 2060 3577 eumdem
2080 3522 2359 3597 referatur,
2376 3516 2658 3597 utrumque
2678 3526 2863 3597 saneto
2886 3516 3116 3597 animo
3143 3524 3328 3571 nostro
3345 3516 3781 3597 adjudicavimus.

539 3586 757 3651 Monere
784 3612 889 3651 non
919 3594 1209 3649 omittimus
1238 3586 1469 3647 editores
1496 3592 1719 3647 eximios
1747 3608 1965 3661 operum
1990 3592 2158 3644 sancti
2186 3588 2463 3657 Augustini
2508 3588 2799 3668 monachos
2813 3586 2869 3640 S.
2898 3586 3065 3641 Mauri
3087 3587 3137 3639 in
3159 3586 3457 3708 Sgpendice
3484 3596 3782 3666 sermonum

540 3666 786 3708 unmdpm
813 3666 1057 3708 micuisse
1079 3665 1175 3708 snh
1193 3679 1336 3708 Imm-
1370 3663 1471 3708 MS
1503 3661 1577 3708 De
1598 3661 2004 3708 (hmdraaesima
2037 3659 2353 3708 IV.colum.
2388 3656 2490 3708 189
2516 3656 2647 3708 edit.
2676 3656 2931 3708 Antuero.
2966 3672 3055 3708 an.
3092 3656 3156 3707 17
3233 3695 3247 3708 .
3279 3656 3367 3707 ubi
3388 3654 3651 3708 ludlClum
3672 3652 3782 3703 Ver-

3233 3695 3247 3717 9

540 3666 787 3718 eumdem
813 3666 1057 3734 posuisse
1079 3665 1175 3718 sub
1193 3679 1337 3717 num.
1370 3663 1471 3716 M5
1503 3661 1577 3715 De
1598 3653 2012 3734 Quadragesima
2036 3661 2061 3711 I
2077 3660 2139 3721 V,
2156 3653 2353 3734 colum.
2383 3656 2490 3734 l89
2516 3653 2931 3734 edi_t._§ntuerp.
2958 3672 3055 3734 an.
3092 3656 3156 3734 1]

3279 3655 3367 3707 ubi
3385 3654 3651 3721 judicium
3672 3652 3784 3703 Ver-

542 3736 634 3787 lini
658 3743 714 3788 ct
745 3722 1006 3802 Vindingii
1036 3741 1397 3798 recensentes,
1429 3747 1534 3785 non
1557 3722 1943 3802 repudiandum
1965 3730 2165 3802 direre.
2197 3726 2557 3802 hovanienses
2582 3722 2893 3802 dubitarunt
2915 3733 3091 3782 utrum
3117 3725 3175 3779 S.
3200 3724 3499 3802 Augustino
3522 3722 3784 3802 ascribe!)-

539 3804 638 3858 dus
664 3803 831 3868 foret;
874 3791 1069 3872 et‘iure
1089 3804 1300 3873 quidem
1334 3791 1647 3873 acimerito',
1678 3815 1798 3853 cum
1839 3795 2156 3873 Maximiana
2186 3796 2395 3873 dicendi
2424 3796 2563 3873 ratio
2602 3794 2783 3873 potius
2838 3794 3050 3849 eluceat
3077 3809 3236 3863 quam
3265 3791 3639 3862 Hipponensis
3680 3791 3781 3857 cpi-

540 3873 709 3943 scopi.
740 3873 797 3926 in
817 3863 1001 3927 codice
1030 3863 1344 3926 Taurinensi
1370 3863 1656 3925 adnotatur
1676 3883 1975 3923 sermonem
2000 3868 2067 3919 ‘27
2097 3867 2175 3919 De
2188 3864 2594 3933 Quadragesima
2622 3863 2833 3917 deesse.

542 3987 935 4065 Ancvussfruu.
963 4017 1032 4065 τ-
1058 3982 1242 4065 Merito
1264 3982 1603 4065 qnadraginta
1632 3983 1827 4034 dierum
1850 3998 2110 4065 numerum
2137 3985 2181 4047 ο
2213 3987 2470 4048 quantum
2493 3986 2547 4029 et
2592 3977 2658 4031 de
2703 3990 2929 4045 corpore
2958 3976 3282 4043 voluptatem
3317 3974 3331 4021 i
3369 3971 3669 4040 depellunt.
3703 3966 3783 4019 Est

611 4056 866 4108 custodire
901 4054 1136 4124 debemus
1151 4051 1385 4124 jejuniis,
1416 4051 1563 4121 quem
1592 4068 1689 4124 per,
1708 4052 1939 4121 exempla
1962 4051 2015 4103 Μ
2022 4069 2113 4122 oy-
2152 4088 2153 4091 η

610 4126 700 4187 sis,
757 4124 892 4177 Elia
931 4121 1216 4192 Christique
1260 4121 1567 4192 Saluatoris
1591 4122 1801 4191 legimus
1831 4136 2111 4192 consecra-

611 4204 737 4246 tum.
773 4192 871 4256 Qui
901 4189 1213 4245 abstinemus
1234 4208 1329 4244 nos
1350 4210 1382 4243 a
1402 4189 1669 4254 carnibus,
1694 4198 1742 4243 et
1758 4191 2058 4259 jejunamus
2079 4208 2110 4242 a

613 4262 761 4329 cibis,
789 4263 1039 4331 imprimis
1071 4272 1281 4331 peccata
1310 4262 1583 4331 fugiamus,
1610 4270 1658 4313 et
1686 4277 1717 4313 a
1745 4261 1880 4313 vitiis
1901 4260 2109 4329 jejuna-

611 4348 743 4392 mus,
776 4329 1014 4402 bonisque
1036 4329 1271 4399 operibus
1291 4329 1583 4383 serviamus.

611 4426 782 4481 Omne
808 4426 929 4479 vita:
976 4432 1173 4479 nostra:
1221 4433 1430 4493 tempus
1468 4424 1696 4478 stadium
1724 4422 1989 4491 quoddam
2013 4423 2109 4477 de-

544 4519 730 4571 bemus
756 4515 1260 4585 putare‘virtutum,
1293 4523 1347 4567 et
1382 4514 1449 4567 ad
1489 4514 1707 4568 caeleste
1735 4514 1974 4567 bravium
1998 4520 2108 4566 tota

544 4616 725 4663 mente
752 4606 1097 4660 contendere.
1131 4604 1235 4658 Sed
1263 4605 1364 4659 hoc
1383 4604 1648 4673 praecipue
1674 4604 1727 4657 in
1757 4602 2112 4670 Quadragesi-

546 4711 646 4751 mre
676 4696 863 4751 diebus
890 4695 1211 4765 implendum
1249 4694 1290 4758 ί,
1320 4695 1412 4762 qui
1454 4693 1788 4749 abstinentia:
1814 4709 1877 4747 ac
1898 4693 2114 4761 jejuniis

547 4786 793 4850 dedicati,
827 4794 1031 4839 tantum
1054 4785 1207 4837 nobis
1255 4783 1320 4837 ad
1349 4784 1600 4838 virtutem
1629 4784 1786 4838 animi
1814 4782 2111 4849 conferunt,

618 4934 643 4961 ι
682 4923 819 5043 Cod;
842 4920 969 4987 169,
986 4921 1111 4974 olim
1126 4920 1265 4974 :edil.
1280 4926 1402 4973 met.
1425 4918 1521 4974 Ec.
1542 4918 1705 4981 Flor.,
1730 4935 1827 4989 qua
1846 4919 1928 4971 die
1949 4932 2116 4975 autem

618 5004 778 5043 stasse
806 5032 820 5043 .

548 5004 820 5065 gustasset.

620 5064 644 5102 δ
685 5063 828 5116 Idem
848 5061 994 5127 cod.,
1014 5067 1245 5113 mortuus
1264 5068 1340 5113 est
1366 5061 1622 5131 antiquus,
1639 5068 1686 5111 et
1715 5058 1983 5113 innovatus
2005 5062 2118 5129 jam

550 5136 826 5256 {mf
854 5199 998 5262 cod.,
1023 5199 1091 5251 ad
1109 5198 1349 5251 secunde
1376 5194 1655 5250 nativitatis
1684 5200 1901 5251 veniam.

617 5271 644 5307 ά
683 5271 826 5347 idem
1027 5269 1306 5347 nativitatis
1332 5268 1499 5347 gratia
1519 5267 1869 5347 subsequantur.

621 5352 645 5379 ο
684 5340 827 5416 Idem
856 5335 1234 5399 cod.,aboletur
1260 5335 1395 5415 enim
1419 5338 1658 5389 severitas
1676 5335 1977 5416 iudicantis,
2002 5352 2115 5389 cum
2148 5359 2193 5416 υ

547 5416 602 5466 in
633 5412 853 5464 novitate
873 5423 1121 5460 reversum
1142 5407 1444 5459 sententiam
1460 5422 1561 5458 non
1582 5406 1828 5474 agnoscit.
1860 5406 2109 5458 Craterum

550 5482 649 5534 nisi
669 5486 890 5531 mutatus
911 5477 1064 5547 fuerit
1089 5486 1226 5528 vetus
1254 5476 1403 5529 homo
1448 5485 1637 5547 noster,
1676 5483 1724 5526 et
1753 5485 1990 5547 sequatur
2013 5491 2107 5526 no-

551 5566 665 5603 vam
710 5544 1000 5615 personam,
1025 5561 1117 5597 nec
1143 5560 1342 5615 pinnam
1386 5545 1604 5613 peccati,
1635 5559 1726 5596 nec
1772 5544 2115 5615 conditionem

554 5612 731 5673 mortis
756 5618 912 5669 vitare
932 5614 1249 5685 poterit,rqui
1270 5612 1689 5683 nou'confugerit
1720 5612 1787 5664 ad
1810 5613 2112 5666 conditionis

557 5687 927 5740 auctoritatem.
959 5685 1041 5735 Ait
1069 5684 1224 5747 enim,
1255 5691 1361 5735 etc.

2213 4060 2391 4123 autem
2421 4067 2686 4134 legitimus
2706 4080 2959 4119 numerus
2988 4065 3075 4117 ille
3100 4062 3303 4131 jejunii,
3336 4070 3390 4114 et
3415 4060 3509 4129 qui
3546 4059 3573 4097 ι
3604 4060 3654 4113 in
3674 4071 3782 4109 san-

2213 4158 2312 4212 ctis
2338 4157 2643 4210 celebratur
2670 4154 2951 4222 exemplis.
2997 4152 3206 4222 Moyses
3252 4150 3424 4216 legem
3476 4154 3781 4214 accepturus

2213 4264 2244 4301 a
2286 4247 2428 4313 Deo,
2466 4247 2816 4315 quadraginta
2846 4246 2961 4299 dies
3005 4251 3166 4310 atque
3205 4249 3394 4295 noctes
3440 4240 3646 4306 absque
3675 4234 3781 4287 cibo

2212 4346 2449 4409 potuque
2472 4338 2747 4404 transegit,
2772 4344 2827 4389 et
2846 4335 2919 4389 ad
2940 4332 3330 4401 suscipiendam
3362 4329 3577 4383 Domini
3610 4325 3779 4379 volun-

2216 4439 2380 4485 tatem
2405 4430 2621 4499 jejuniis
2649 4436 2978 4498 praeparatus
2999 4433 3098 4480 est.
3127 4424 3268 4477 Elias
3295 4428 3418 4491 post
3444 4416 3776 4488 quadraginta

2215 4521 2422 4575 dierum
2442 4521 2663 4589 jejunia,
2694 4534 2854 4574 curru
2876 4519 3034 4584 igneo
3063 4514 3131 4568 ad
3155 4526 3402 4581 suprema
3439 4511 3696 4564 caelorum
3720 4501 3778 4555 de

2214 4610 2319 4664 hoc
2339 4609 2534 4663 mundo
2566 4609 2859 4663 translatus
2884 4614 2984 4660 est.
3010 4604 3130 4673 Ipse
3176 4616 3389 4671 quoque
3432 4598 3687 4652 Dominus
3726 4602 3777 4641 ac

2217 4698 2464 4753 Salvator
2492 4707 2674 4752 noster
2702 4696 3057 4767 quadraginta
3101 4691 3289 4745 diebus
3313 4687 3567 4756 jejunans
3593 4684 3657 4737 de
3680 4679 3775 4733 dia-

2218 4787 2327 4843 boli
2357 4789 2743 4843 tcutationibus
2784 4784 3153 4854 triumphavit,
3180 4788 3239 4834 ut
3266 4778 3331 4832 ad
3362 4774 3775 4846 praedicationem

2298 4924 2317 4961 τ
2358 4923 2503 4979 Idem
2545 4925 2692 4987 cod.,
2725 4924 2784 4979 Si
2813 4933 2981 4975 mitem
3028 4920 3392 4973 crediderimus
3441 4914 3712 4972 Christum,
3738 4917 3775 4987 εξ

2219 4995 2330 5115 ἕξεις
2358 4971 2606 5076 -ᾱνξίέςιῆιν
2617 4971 2710 5075 373:
3003 4971 3294 5050 inducimus,
3326 5002 3501 5041 verum
3528 4991 3630 5043 est,
3659 4971 3773 5047 (litod

2255 5072 2345 5115 tat
2375 5080 2391 5115 :
2416 5079 2517 5115 nm
2543 5081 2677 5115 ams.
2703 5070 2806 5115 etc.
3760 5107 3771 5115 .

2255 5064 2345 5115 icit
2364 5064 2520 5133 γεγηὺὶ
2543 5066 2677 5133 quis,
2703 5070 2806 5117 etc.
2882 5131 2890 5133 4
2930 5129 2938 5133 Δ
3094 5130 3103 5133 _
3212 5127 3223 5133 _
3450 5121 3510 5133 Α,
3560 5122 3571 5133 _
3605 5128 3616 5133 Α
3708 5107 3771 5133 ψ,

2292 5143 2317 5179 8
2358 5132 2500 5185 Idem
2528 5121 2672 5195 cod.,
2718 5147 2830 5184 cum
2860 5129 3023 5181 Adam
3063 5127 3245 5180 vixerit
3293 5140 3406 5177 cum
3446 5121 3667 5177 Christo,
3700 5124 3769 5195 qm

2219 5203 2321 5253 vita
2342 5210 2435 5254 est.
2470 5194 2756 5270 Prazcepta,
2786 5198 3155 5270 inquagm,__ejgs
3184 5204 3304 5270 ante
3331 5195 3507 5270 omnia
3536 5194 3772 5243 conserte-

2218 5282 2429 5344 "tam!
2456 5263 2709 5344 ρνωοίρίιε
2735 5263 3051 5344 deficiat!“
3081 5263 3554 5344 θυαμναρεείητωλ,

2292 5340 2313 5374 ιι
2337 5325 2500 5393 Ἰάείη
2530 5325 2672 5400 cod.,
2697 5338 2786 5391 sed
2812 5325 2960 5391 illam
2984 5325 3461 5403 prmvaricationem
3493 5325 3674 5383 Christi
3700 5330 3767 5369 τε·

2223 5408 2375 5461 demit
2404 5409 2595 5477 passio.

2302 5477 2315 5513 ί
2362 5475 2502 5531 Edit.
2534 5477 2723 5539 Maur.,
2752 5475 3065 5544 implendum
3091 5481 3188 5526 est.

2294 5547 2309 5596 i
2358 5546 2488 5600 Ead.
2520 5546 2672 5607 edit.,
2704 5545 2995 5610 decerpunt.

2293 5618 2318 5653 κ
2359 5615 2488 5668 Ead.
2520 5615 2672 5678 edit.,
2705 5615 2781 5667 his
2808 5608 3000 5665 sanctis
3029 5608 3328 5671 celebratur,
3354 5614 3463 5659 etc.
