3910 6238
62 355 171 419 569

1486 344 1711 401 SERMO
1749 343 1881 398 XIX.

3212 342 3322 402 570

64 465 339 535 Evangelii
365 464 482 533 jam
522 462 699 517 victor
740 459 1037 516 accederet.
1072 457 1271 537 Merito
1312 470 1442 510 vero
1490 456 1649 509 etiam
1682 461 1728 515 Α
1756 453 1986 508 tionibus
2009 453 2229 507 fratrum
2258 452 2493 505 membra
2530 451 2799 507 lacerare?
2827 452 2961 519 Quid
3002 455 3239 523 prodest,
3276 454 3335 512 si-

68 572 160 611 nos
178 556 326 609 hunc
355 555 566 608 dierum
614 565 892 604 numerum
933 548 1200 602 custodire
1238 546 1491 599 debemus
1514 544 1655 613 jeju-

70 647 182 705 niis,
216 658 385 710 quem
416 656 515 709 per
540 640 665 692 talia
695 639 938 705 exempla
991 638 1215 702 legimus
1260 642 1648 688 consecratum.

70 733 422 787 Celebremus
468 744 597 796 ergo
634 728 748 781 dies
784 742 906 785 cum
947 726 1091 779 omni
1139 725 1417 778 alacritate
1462 724 1669 777 mentis;

73 823 223 891 [.43
247 829 306 874 et
335 820 558 888 gaudio,
590 826 645 871 et
684 831 778 871 eos
807 816 1053 869 omnibus
1082 814 1250 883 epulis
1279 820 1333 867 et
1361 813 1654 880 corporali-

74 913 168 965 bus
187 910 399 963 deliciis
423 907 786 976 praeleramus.
821 904 875 957 In
907 905 990 957 bis
1018 904 1159 956 enim
1187 903 1449 971 praecipue
1471 902 1657 955 diebus

76 999 137 1051 ad
184 996 517 1065 implendam
589 994 801 1049 Domini
871 976 1199 1047 voluntatem
1269 990 1654 1053 accendamur,

76 1088 283 1155 quando
307 1088 550 1139 maxime
577 1100 674 1153 per
702 1082 1077 1137 abstinentiam
1102 1081 1345 1149 voluptas
1365 1080 1540 1133 carnis
1559 1094 1656 1132 ex-

75 1178 378 1245 stinguitur.
415 1176 566 1229 Tunc
594 1175 735 1229 enim
763 1173 827 1225 ad
856 1173 1158 1233 Dominum,
1191 1180 1245 1224 et
1270 1180 1292 1205 ιι
1320 1171 1387 1224 ad
1415 1169 1529 1237 ejus
1572 1167 1657 1222 fu-

76 1274 187 1318 tura
212 1266 484 1333 promissa
508 1278 656 1316 mens
669 1262 854 1331 purior
875 1261 1105 1324 festinat,
1124 1274 1244 1313 cum
1257 1260 1398 1312 nulla
1420 1258 1656 1326 crapula,

76 1355 212 1407 nulla
237 1355 343 1409 cibi
369 1370 437 1407 ac
467 1361 623 1421 potus
660 1352 906 1405 satietate
935 1356 1225 1403 crassatur.
1260 1346 1410 1401 Unde
1439 1355 1494 1400 et
1538 1346 1658 1399 Sal—

76 1451 222 1497 vator
248 1445 303 1496 in
334 1441 631 1508 Evangelia
660 1440 794 1494 dixit
820 1458 831 1491 :
865 1439 1127 1492 Attendite
1172 1440 1345 1507 itaque
1392 1435 1532 1489 vobis
1551 1473 1565 1497 ,
1597 1451 1659 1488 ne

77 1542 344 1603 graventur
361 1549 584 1601 corpora
605 1541 768 1584 vestra
791 1532 845 1583 in
866 1530 1080 1595 crapula
1094 1538 1142 1581 et
1161 1529 1422 1591 ebrietate,
1447 1534 1493 1579 et
1515 1527 1659 1595 cogi—

82 1622 356 1677 tationibus
402 1621 758 1685 stecularibus,
791 1628 839 1672 et
865 1622 1187 1687 superveniat
1215 1622 1268 1671 in
1298 1635 1385 1671 vos
1409 1618 1516 1670 dies
1568 1616 1660 1669 illa

79 1709 103 1747 δ
118 1715 380 1781 repentina
404 1729 422 1764 :
450 1721 691 1780 tanquam
713 1711 923 1780 laqueus
935 1711 1068 1762 enim
1082 1711 1398 1776 superveniet
1426 1709 1660 1759 universo

1758 545 2118 599 abstineamus
2146 544 2212 597 ab
2258 544 2342 598 his
2382 558 2500 612 quae
2540 544 2826 611 aliquando
2871 546 3033 615 444
3061 548 3244 614 licent,
3272 558 3327 603 et

1756 636 2012 689 faciaﬂ'lus
2049 634 2136 687 illa
2175 649 2296 702 qua:
2324 649 2592 701 nunquam
2620 635 2817 688 licent?
2845 634 2985 689 Deus
3028 638 3170 690 enim
3212 638 3330 691 illos

1757 724 1985 776 honorat
2022 730 2077 775 et
2122 723 2291 790 diligit
2317 723 2408 790 qui
2455 723 2637 776 illicita
2686 722 2909 790 fugiunt.
2941 724 3029 778 Sic
3077 739 3235 793 ergo,
3274 734 3333 779 ut

1756 812 1885 874 dixi,
1916 812 2217 879 jejunemus
2247 826 2278 863 a
2298 812 2449 875 cibis,
2491 819 2550 864 ut
2597 812 2765 864 multo
2792 813 2961 879 magis
2979 812 3281 881 jejunemus
3302 830 3332 865 a

1756 903 1917 964 vitiis,
1942 910 2002 954 ut
2029 910 2334 955 sanctorum
2364 912 2388 949 8
2418 918 2627 956 morum
2657 903 2901 956 ubertate
2921 912 3243 967 saturemur,
3276 913 3337 958 ut

1758 1002 1813 1046 et
1841 994 1891 1045 in
1916 992 2092 1046 futuro
2132 1008 2435 1046 mereamur
2467 993 2703 1061 ipsorum
2727 1010 2951 1063 operum
2980 997 3335 1051 retributione

1758 1084 1960 1145 satiari,
1982 1084 2121 1137 sicut
2143 1084 2196 1136 in
2226 1082 2515 1149 Evangelio
2546 1084 2801 1150 legimus:
2824 1083 2971 1137 Beati
2998 1087 3083 1154 qui
3104 1087 3336 1138 esuriant

1756 1181 1806 1224 et
1832 1172 2007 1230 sitiunt
2029 1173 2305 1240 justitiam,
2332 1173 2571 1240 quoniam
2601 1173 2700 1240 ipsi
2728 1174 3097 1226 saturabuntur
3119 1174 3337 1245 (Matth.

1758 1263 1835 1331 v).
1863 1261 2011 1313 illam
2042 1263 2183 1313 enim
2214 1261 2703 1328 compensationem
2741 1263 2911 1327 magis
2947 1263 3148 1330 eligere
3176 1264 3339 1317 debe-

1759 1366 1897 1413 mus,
1931 1358 1989 1403 ut
2018 1348 2043 1385 δ
2074 1352 2204 1404 cibis
2232 1351 2423 1418 quibus
2460 1366 2557 1403 nos
2587 1350 2932 1416 abstinemus,
2969 1367 3063 1406 eos
3084 1354 3338 1421 pauperi-

1758 1439 1858 1493 bus
1905 1454 1969 1493 ac
2010 1439 2271 1493 debilibus
2326 1440 2644 1506 largiamur;
2688 1440 2977 1499 secundum
3032 1442 3159 1495 illud
3194 1426 3340 1509 quod

1760 1529 2013 1596 scriptum
2037 1537 2119 1581 est
2150 1547 2163 1579 :
2198 1529 2345 1581 Beati
2377 1530 2461 1598 qui
2510 1531 2735 1582 contenti
2765 1539 2883 1583 sunt
2911 1532 3124 1595 esurire,
3168 1541 3224 1583 ut
3250 1532 3343 1585 alii

1761 1618 2078 1687 reﬁciantur.
2120 1617 2262 1671 Satis
2299 1618 2410 1671 Deo
2441 1625 2718 1686 acceptum
2764 1629 2845 1672 est
2872 1634 3086 1685 munus,
3127 1620 3343 1688 quando

1764 1708 2005 1773 indigens
2032 1713 2322 1769 saturatur,
2351 1707 2569 1784 quando
2623 1706 2793 1761 nudus
2839 1708 3093 1771 vestitur,
3130 1708 3343 1776 quando

78 1801 280 1863 munda,
314 1812 364 1853 et
419 1817 571 1853 nemo
610 1800 818 1867 effugiet
848 1800 864 1866 (
894 1798 1016 1850 Luc.
1064 1798 1206 1865 xxx).
1240 1796 1346 1850 Sed
1380 1805 1435 1849 et
1464 1796 1551 1848 illa
1579 1804 1662 1849 est
1696 1807 1735 1862 Β
1765 1796 1842 1847 ira
1872 1812 1983 1849 non
2008 1795 2299 1863 perﬁcitur,
2330 1803 2384 1849 et
2412 1795 2933 1880 iracundice'tempus
2960 1812 3065 1851 non
3095 1812 3342 1851 reserva-

82 1888 517 1956 Quadragesimaz
564 1888 752 1942 diebus
800 1886 1015 1955 grandis
1067 1886 1286 1949 utilitas,
1341 1884 1483 1952 quod
1533 1883 1658 1936 dum

83 1979 235 2031 etiam
264 1994 293 2031 a
326 1979 491 2031 licitis
512 1978 841 2031 abstinemus
860 2015 875 2039 ,
905 1976 1074 2042 magis
1103 1990 1167 2028 ac
1196 1974 1363 2041 magis
1403 1972 1662 2025 admone-

80 2085 194 2122 mur
222 2070 408 2123 illicita
434 2070 623 2122 vitare.
651 2068 750 2133 Qui
780 2069 922 2121 enim
951 2067 1278 2120 abstinemus
1300 2080 1397 2118 nos
1424 2079 1452 2116 a
1481 2062 1666 2117 carni~

82 2160 192 2222 bus,
223 2161 420 2229 quibus
449 2160 569 2213 aliis
598 2159 785 2213 diebus
813 2158 891 2211 uti
920 2158 1080 2219 licet;
1116 2167 1137 2193 ε
1167 2156 1259 2223 qui
1302 2154 1663 2208 noseabstine-

81 2264 193 2303 mus
229 2265 260 2301 a
302 2250 468 2314 vino,
500 2264 609 2316 quo
659 2248 935 2302 moderate
984 2247 1059 2300 uti
1100 2246 1253 2309 licet;
1290 2245 1380 2312 qui
1408 2256 1536 2310 ergo
1559 2243 1661 2295 ista

85 2339 327 2401 vitamus,
360 2354 484 2407 qua:
509 2336 795 2407 aliquando
824 2336 1016 2400 licent,
1048 2335 1306 2404 imprimis
1331 2340 1553 2401 peccata
1574 2330 1660 2385 fu-

84 2428 299 2495 giamus,
330 2443 453 2497 quae
481 2429 701 2481 omnino
723 2429 747 2462 ά
780 2443 888 2481 non
919 2428 1101 2481 licent.
1133 2426 1319 2493 itaque
1346 2426 1389 2477 si
1418 2424 1661 2477 volumus

88 2517 313 2584 jejunare
342 2533 372 2571 a
402 2518 559 2581 cibis,
591 2525 715 2570 ante
743 2518 923 2571 omnia
948 2516 1252 2584 jejunemus
1280 2531 1309 2567 a
1332 2515 1489 2567 vitiis.
1522 2512 1661 2578 Quid

88 2609 221 2660 enim
244 2608 466 2678 prodest
494 2618 517 2645 ο
550 2608 801 2676 pallidum
833 2624 951 2662 esse
979 2610 996 2644 τ
1026 2608 1263 2676 jejuniis,
1294 2608 1339 2661 si
1365 2608 1489 2661 odio
1512 2614 1565 2659 et
1588 2607 1663 2659 in-

90 2696 217 2749 vidia
235 2698 499 2752 livescas?
526 2697 665 2763 Quid
694 2699 833 2752 enim
856 2699 1076 2767 prodest
1101 2699 1281 2752 vinum
1314 2714 1420 2752 non
1448 2698 1654 2761 bibere,

91 2795 137 2838 et
162 2788 442 2842 iracundia:
463 2804 672 2843 veneno
693 2789 944 2843 inebriari
961 2788 1135 2854 ?Quid
1157 2789 1373 2858 prodest
1394 2788 1661 2842 abstinere

94 2877 373 2932 Icarnibus
402 2878 471 2932 ad
501 2878 766 2933 edendum
796 2880 1009 2942 creatis,
1040 2886 1107 2934 et
1122 2878 1365 2947 malignis
1393 2878 1662 2933 obtrecta—

1762 1894 1868 1949 tur,
1921 1886 2135 1952 quando
2183 1886 2380 1939 malum
2408 1869 2506 1954 pro
2547 1890 2689 1939 malo
2715 1869 2837 1939 'non
2891 1886 3148 1941 redditur.
3193 1887 3343 1942 Ttinc

1762 1982 1913 2041 grata
1944 1982 2068 2027 sunt
2091 1974 2202 2027 Deo
2229 1982 2410 2027 nostra
2428 1974 2654 2042 jejunia,
2687 1975 2729 2028 si
2772 1975 2844 2027 illi
2887 1976 2977 2042 qui
3008 1976 3075 2029 de
3112 1977 3345 2031 necessi-

1760 2069 1871 2116 tate
1910 2062 2169 2129 jejunant,
2214 2062 2523 2116 reficiantur
2569 2078 2599 2115 a
2628 2063 2800 2116 nobis.
2836 2063 2989 2119 Tunc
3012 2065 3153 2117 enim
3196 2066 3342 2118 illam

1762 2152 1972 2206 Domini
2012 2153 2333 2206 sententiam
2382 2153 2567 2206 audire
2613 2152 2981 2207 merebimur:
3023 2154 3187 2207 Amen
3228 2155 3343 2208 dico

1767 2242 1927 2309 vobis,
1968 2243 2193 2314 quandiu
2226 2244 2418 2312 fecistis
2439 2244 2531 2295 uni
2557 2260 2623 2296 ea:
2637 2244 2875 2297 minimis
2914 2245 3047 2307 istis,
3073 2244 3199 2297 mihi
3230 2246 3345 2315 feci-

1766 2336 1859 2388 stis
1912 2334 2123 2403 (Matth.
2179 2334 2323 2399 xxv).
2356 2332 2400 2385 Ο
2452 2334 2889 2400 benignissimum
2942 2334 3224 2387 Dominum
3280 2335 3343 2387 ad

1766 2426 2120 2481 edomandam
2146 2426 2421 2479 hominum
2456 2427 2754 2491 avaritiam,
2795 2426 2886 2493 qui
2934 2427 3033 2480 sibi
3075 2426 3187 2480 dari
3217 2426 3345 2481 dicit

1764 2516 1907 2585 quod
1936 2517 2019 2570 vel
2048 2516 2268 2570 minimo
2297 2517 2519 2585 pauperi
2546 2516 2803 2569 donatum
2826 2514 3022 2568 fuerit!
3059 2513 3221 2566 Vobis
3250 2526 3345 2565 au-

1766 2615 1893 2671 tem,
1926 2605 2139 2673 fratres,
2167 2612 2385 2675 przcstet
2411 2606 2617 2660 Domini
2647 2604 3012 2660 misericordia
3048 2602 3063 2640 ί
3102 2610 3160 2657 ut
3213 2601 3347 2670 jeju-

1767 2698 1868 2750 niis
1896 2705 1951 2751 et
1978 2696 2352 2766 elecmosynis,
2384 2695 2541 2748 bonis
2587 2696 2840 2763 operibus
2883 2693 3147 2756 serviatis,
3177 2701 3236 2745 ut
3279 2691 3345 2744 ad

1768 2795 2025 2840 mter-nam
2054 2800 2233 2840 veram
2262 2787 2426 2840 vitam
2455 2802 2553 2841 vos
2571 2786 2830 2856 perducat
2877 2786 2991 2856 ipse
3017 2786 3108 2853 qui
3134 2784 3266 2839 vivit
3291 2789 3345 2837 et

1770 2888 1957 2946 regnat
1986 2879 2037 2932 in
2063 2878 2254 2933 saecula
2274 2879 2611 2933 seculorum.
2637 2878 2837 2932 Amen-

1468 2986 1736 3050 SERMO
1779 2990 1957 3050 XIX.

1432 3092 1512 3145 De
1541 3092 1958 3158 Quadragesima
2000 3089 2064 3143 V.

1530 3182 1923 3238 ADMONITIO.

159 3270 234 3347 Ad
262 3282 547 3347 auctorem;
566 3278 855 3347 superioris
882 3278 1307 3347 sermonishunc
1335 3276 1603 3347 pertinere
1642 3273 2219 3347 docuerunt_monacbi
2238 3272 2303 3347 ξ.
2332 3272 2499 3347 Mauri
2531 3273 2597 3347 in_
2625 3273 2919 3347 appendice
2944 3289 3110 3330 serm.
3134 3276 3191 3331 S.
3222 3277 3334 3347 Au-

99 3342 308 3415 SUSliyi,
330 3356 453 3415 pag.
489 3344 594 3398 182
615 3342 739 3401 edit.
773 3348 1029 3415 Antuerp.
1062 3345 1220 3400 1700.
1247 3342 1506 3400 Ἐειίθῐιιυιι
1528 3343 1689 3415 fuisse
1718 3343 2003 3415 Ambrosio
2032 3358 2061 3415 a
2085 3343 2353 3415 veteribus
2390 3342 2680 3415 editoribus
2716 3344 3047 3415 attributum,
3077 3342 3344 3415 ejusdem-

100 3422 191 3486 que
220 3407 385 3486 Patris
404 3407 703 3486 sententias
729 3417 934 3483 aliquas
957 3407 1269 3484 complecti;
1294 3424 1528 3486 attamen
1552 3429 1651 3486 nec
1666 3413 1805 3486 huic,
1834 3427 2007 3479 neque
2030 3412 2323 3486 Augustino
2353 3412 2689 3486 adjudicant,
2718 3414 2840 3486 quia
2873 3407 3121 3468 neutrius
3142 3407 3338 3486 styIUm

100 3476 232 3532 ineo
261 3482 555 3537 inveniunt.
590 3486 722 3538 Cum
765 3476 945 3539 autem

101 3547 302 3602 accedat
330 3554 691 3607 testimonium
723 3555 922 3608 codicis

1021 3482 1180 3539 raiter
1206 3485 1415 3539 dicendi
1444 3483 1845 3537 similitudinem
1894 3489 2149 3549 appareat
2180 3482 2449 3549 colligatio
2474 3497 2618 3535 .cum
2665 3483 2942 3549 superiore
2991 3482 3259 3547 sermone.
3286 3495 3342 3540 et

997 3548 1313 3619 aurinensis,
1346 3554 1437 3607 ubi
1465 3554 1537 3606 ita
1588 3552 1892 3605 inscribitur
1925 3548 1936 3602 ἑ
1971 3550 2103 3603 Item
2145 3551 2208 3602 de
2257 3548 2668 3616 Quadragesima
2703 3548 2869 3605 sermo
2910 3552 3007 3616 VI,
3058 3564 3113 3608 et
3140 3556 3343 3611 codicis

102 3616 248 3670 etiam
275 3636 306 3672 x
334 3620 677 3676 Laurentiani
707 3622 845 3676 Plut.
871 3640 979 3689 xlv,
1003 3638 1125 3693 pag.
1148 3622 1272 3687 2'75,
1297 3616 1429 3679 Satis
1456 3623 1733 3691 explorata
1756 3630 1837 3675 est
1863 3622 2019 3685 ratio,
2051 3635 2147 3673 cur
2173 3628 2227 3673 et
2255 3621 2393 3673 hunc
2421 3629 2608 3673 sancto
2630 3620 2861 3675 Maximo
2882 3623 3231 3678 ascribamus.

102 3727 552 3815 AREUIIENTDI.—
572 3736 993 3815 Ceusamindicti
1015 3752 1045 3787 a
1072 3734 1274 3815 Christo
1292 3736 1480 3815 jejunii
1505 3736 1662 3815 fuisse
1690 3734 1734 3795 C
1766 3746 1900 3784 mur.
1934 3729 2091 3800 M5
2123 3730 2227 3783 Sed
2262 3728 2535 3784 videamus
2574 3744 2693 3797 quae
2734 3746 2893 3786 causa
2922 3728 3097 3796 fuerit,
3130 3741 3191 3787 ut
3214 3732 3343 3801 jejue

166 3797 221 3851 S.
252 3800 515 3857 Maximus
559 3797 858 3869 arbitratur,
887 3815 943 3857 ut
972 3797 1372 3858 immortalitatis
1417 3797 1655 3873 gloriam.

170 3884 312 3944 quam
333 3876 528 3939 primus
556 3875 723 3944 Atiam
761 3892 850 3944 per
876 3876 1326 3944 intemperantiam
1356 3875 1559 3938 amisit,
1591 3889 1667 3926 se-

168 3940 353 3993 cundus
376 3944 545 3995 Adam
579 3940 809 3996 Christus
836 3961 926 4012 per
955 3940 1317 3997 abstinentiam
1364 3952 1661 4012 repararet;

167 4021 222 4081 ac
260 4014 423 4081 multa
450 4014 648 4081 profert
686 4012 748 4063 de
784 4011 1001 4076 Adamo,
1046 4014 1108 4066 de
1159 4012 1393 4078 Christo,
1425 4014 1487 4065 de
1515 4011 1661 4075 Eva,

171 4075 227 4126 de
254 4076 423 4132 Maria
451 4075 669 4149 uirgine,
696 4083 760 4133 de
789 4081 1005 4136 deserto.

169 4163 220 4217 Si
246 4166 381 4222 bene
408 4171 605 4224 retinet
632 4178 808 4225 vestra
859 4172 1105 4236 dilectio,
1147 4174 1336 4227 fratres
1384 4173 1662 4236 carissimi,

109 4256 350 4321 superiori
396 4258 664 4315 dominica
731 4264 1135 4331 przrdicavimus
1207 4265 1351 4331 quod
1425 4272 1663 4319 sanctam

109 4338 566 4414 Quadragesimam
596 4351 914 4407 abstinendo
958 4354 1073 4422 ipse
1101 4353 1356 4409 Dominus
1384 4371 1669 4411 consecra-

111 4440 272 4495 verat,
317 4444 371 4490 et
422 4446 503 4493 tot
534 4440 738 4497 dierum
786 4444 1126 4514 noctiumque
1178 4447 1445 4500 curriculo
1490 4447 1665 4500 cibum

110 4521 309 4577 omnino
336 4541 441 4579 non
469 4529 707 4596 capiens,
739 4547 902 4585 unum
931 4548 994 4588 ac
1022 4534 1250 4588 solidum
1272 4535 1460 4603 jejunii
1495 4540 1507 4586 1
1541 4553 1665 4591 εον-

112 4620 198 4673 Pus
223 4610 465 4682 eﬂecerit,
500 4632 608 4686 quo
637 4620 690 4673 in
729 4629 900 4676 totum
930 4639 1036 4677 non
1065 4624 1353 4680 observare
1383 4625 1407 4663 ιε
1450 4629 1667 4683 sacrile-

110 4710 221 4761 gum
239 4710 318 4756 est
360 4724 371 4757 :
420 4722 488 4761 ex
514 4718 665 4777 parte
693 4712 895 4767 violare
934 4721 1211 4783 peccatum
1240 4724 1339 4769 est.
1373 4715 1487 4771 Hoc
1523 4718 1665 4771 enim

112 4787 223 4847 facit
244 4810 397 4852 causa
428 4801 619 4855 salutis
646 4813 864 4869 nostrze,
907 4813 967 4859 ut
995 4821 1110 4859 rem
1140 4807 1323 4861 utilem
1354 4823 1462 4865 non
1493 4810 1662 4863 solum

112 4876 310 4939 doceret
334 4890 531 4955 verbis,
563 4892 656 4945 sed
679 4893 839 4947 etiam
868 4896 1127 4966 exemplis
1157 4898 1473 4963 instrueret;
1498 4908 1555 4953 ut
1599 4900 1664 4954 iis

113 4972 285 5037 quibus
312 4978 374 5032 ad
404 4980 565 5038 ﬁdem
597 4985 880 5051 currimus,
910 4986 975 5039 ad
1004 4987 1380 5042 abstinentiam
1409 4990 1662 5057 gradere-

176 5114 197 5140 ⁸
233 5106 365 5164 Edit.
392 5112 563 5167 Maur.
604 5115 803 5167 omittit
832 5115 918 5169 ad.

173 5172 354 5301 :mEaglt.
402 5183 558 5248 edit.,
606 5183 713 5237 dies
759 5184 853 5237 illa
904 5196 1143 5258 tauquam
1190 5190 1455 5257 repentina
1497 5196 1666 5243 :tan-

252 5285 265 5304 ν
344 5266 391 5304 c.

173 5258 265 5305 anu
293 5258 343 5301 et
377 5290 391 5303 .

115 5258 198 5387 qtf“
228 5314 286 5369 in
315 5266 426 5373 eid.
461 5321 593 5395 edit.
646 5323 988 5395 omittuntur,
1017 5328 1101 5395 qui
1140 5344 1234 5381 nos
1282 5328 1589 5381 abstinemus
1635 5345 1668 5379 a

118 5395 234 5446 rma,
256 5402 345 5453 quo
371 5392 629 5444 moderate
654 5393 729 5444 uti
751 5395 887 5447 licet.

178 5450 199 5485 ά
235 5452 355 5509 Ead.
385 5461 535 5516 edit..
568 5476 829 5516 nunquam
858 5466 1011 5516 licent

180 5477 199 5485 -
235 5477 355 5509 nuu.
385 5477 535 5524 edit.,
568 5477 829 5539 nunquam
858 5477 1029 5516 licent.

180 5528 216 5605 ξ.
239 5520 357 5578 Ead.
381 5530 508 5582 edit.
533 5530 816 5605 interjeeta
848 5532 1013 5605 habet
1039 5534 1141 5605 alia
1173 5552 1184 5586 :
1220 5533 1354 5596 Quid
1375 5538 1508 5589 enim
1541 5552 1665 5605 pro-

122 5584 231 5709 ἕξει
243 5608 446 5651 vacuare
481 5584 766 5667 corpus'ab
803 5584 951 5667 escis,
968 5584 1027 5656 et
1046 5584 1521 5675 animamnrcplere
1541 5584 1666 5675 ’ᾖεί-

1692 5119 1741 5179 D

1766 3821 1852 3873 nia
1877 3819 2125 3873 Salvator
2154 3818 2431 3883 indiceret,
2464 3827 2517 3872 et
2542 3820 2655 3887 ipse
2682 3820 2778 3873 sibi
2805 3821 3050 3888 primum,
3086 3830 3143 3874 ut
3170 3822 3342 3877 bonus

1765 3909 1981 3963 humani
2019 3908 2228 3975 generis
2269 3906 2505 3961 medicus
2536 3907 2823 3975 jejunaret.
2855 3908 3035 3962 Bonus
3064 3912 3205 3963 enim
3231 3927 3343 3965 me—

1764 3998 1915 4053 dicus
1944 3998 2194 4066 poculum
2238 3995 2381 4065 quod
2416 4010 2560 4063 aagro
2587 3996 2808 4050 daturus
2838 4006 2919 4051 est
2949 3999 3093 4066 prior
3141 4006 3339 4065 gustat,

1766 4096 1825 4140 ut
1856 4087 2104 4157 peritiam
2135 4087 2263 4139 artis
2304 4101 2411 4140 sua:
2452 4096 2576 4139 ante
2606 4102 2665 4140 se
2699 4085 2716 4123 ι
2763 4087 2876 4156 ipse
2904 4088 3257 4153 demonstret,
3293 4091 3343 4143 ei

1766 4179 2188 4247 experimentum
2218 4190 2359 4243 aeger
2396 4177 2664 4246 accipiens
2688 4192 2906 4231 securus
2934 4179 3002 4231 sit
3023 4178 3089 4232 de
3128 4181 3340 4248 poculo,

1766 4268 2005 4332 securior
2032 4267 2098 4321 de
2125 4268 2316 4321 salute.
2348 4266 2549 4321 Deinde
2577 4282 2682 4335 quo
2710 4267 2815 4321 loci
2860 4268 2965 4322 hoc
3008 4268 3179 4337 ipsum
3208 4280 3343 4323 tem-

1768 4373 1866 4428 pus
1887 4357 2075 4426 jejunii
2104 4358 2431 4427 procuravit.
2470 4357 2606 4411 Dicit
2633 4359 2775 4412 enim
2815 4360 3137 4426 evangelista
3178 4361 3343 4415 absti-

1768 4450 1947 4503 nuisse
1974 4448 2255 4503 Dominum
2285 4449 2632 4517 quadraginta
2678 4444 2865 4503 diebus
2914 4460 2967 4504 et
3015 4453 3263 4508 noctibus
3290 4454 3340 4506 in

1766 4539 2001 4593 deserto.
2027 4538 2274 4592 Arbitror
2300 4540 2720 4605 ilaquecausam
2750 4542 2889 4594 hanc
2909 4556 3025 4594 esse
3045 4524 3263 4609 jejunii,
3286 4551 3342 4597 ut

1768 4630 1891 4696 quia
1920 4631 2123 4699 primus
2145 4628 2311 4682 Adam
2341 4629 2392 4681 in
2424 4629 2671 4705 paradiso
2693 4632 3011 4685 constitutus
3038 4647 3133 4699 per
3152 4632 3345 4685 intem-

1766 4721 2063 4787 perantiam
2116 4720 2249 4786 gulm
2296 4719 2520 4786 gloriam
2577 4721 2990 4773 immortalitatis
3044 4722 3342 4791 amiserat,

1767 4809 2008 4863 eamdem
2057 4810 2508 4862 immortalitatem
2567 4811 2833 4865 secundus
2883 4812 3048 4864 Adam
3101 4811 3343 4864 Christus

1765 4918 1863 4972 per
1904 4902 2282 4956 abstinentiam
2312 4909 2603 4970 reparapet.
2636 4901 2704 4954 Et
2739 4903 2871 4971 quia
2903 4910 3088 4955 contra
3118 4904 3342 4957 manda-

1765 5002 1877 5047 tum
1906 4993 1999 5047 Dei
2028 5001 2243 5060 gustans
2270 4993 2337 5047 de
2366 4993 2645 5047 interdicta
2669 4995 2861 5048 arbore
2889 5003 3169 5062 peccatum
3197 5010 3342 5049 mor-

1844 5117 1861 5155 τ
1903 5118 2035 5189 Ead.
2067 5119 2214 5181 edit.,
2241 5120 2463 5189 jejunio.

1843 5198 1867 5234 8
1907 5188 2039 5243 Ead.
2074 5190 2223 5253 edit.,
2246 5188 2546 5242 sanctorum
2566 5203 2790 5256 operum.

1844 5256 1868 5294 ιι
1910 5260 2039 5312 Ead.
2064 5260 2213 5323 edit.,
2246 5267 2359 5311 uta
2389 5258 2531 5311 cibis.

1848 5327 1862 5363 ί
1906 5328 2037 5383 Ead.
2064 5329 2225 5393 edit.,
2252 5339 2307 5381 ut
2354 5331 2398 5382 ei
2445 5326 2657 5397 jejuniis
2701 5334 2750 5379 et
2794 5325 3131 5396 elecmosynis
3170 5330 3223 5382 in
3251 5328 3340 5382 bo-

1768 5399 1867 5458 nis,
1892 5406 1996 5451 etc.

1842 5471 1855 5517 Ι
1907 5466 2069 5529 Alias,
2098 5479 2307 5533 tempus.

1841 5536 1865 5573 ¹⁶
1906 5535 2038 5591 Cod.
2070 5531 2227 5590 Laur.
2261 5553 2321 5601 x,
2365 5546 2523 5587 totum
2574 5540 2674 5585 non
2709 5531 2977 5586 observare
3015 5534 3339 5603 sacrilegium

1769 5616 1863 5659 est.

1853 5673 1868 5712 ι
1905 5674 2049 5729 idem
2075 5675 2206 5730 Cod.
2242 5674 2494 5727 Laurent.
2527 5672 2635 5736 ipse
2668 5674 2722 5724 in
2743 5679 2793 5723 tc
2812 5669 3145 5723 demonstret.
