3910 6238
560 350 657 405 571

1764 346 1822 403 S.
1864 346 2106 401 MAXIM!
2148 344 2592 403 ΤΑευιιιΝιεΝδιδ

3710 352 3818 407 5·ιέ

559 464 629 519 tis
665 460 951 525 inciderat,
989 476 1130 515 nunc
1156 459 1449 517 secundum
1477 462 1782 517 mandatum
1814 464 2021 517 Domini
2043 462 2122 530 je-
2152 470 2193 523 Α
2224 461 2459 515 omnium
2509 461 2771 515 maiorum
2814 462 2999 531 causa)
3048 462 3199 518 deest
3240 471 3297 517 et
3335 463 3552 521 mulier.
3583 465 3821 523 Poterat

560 550 751 621 iuuans
779 550 897 602 vita:
919 550 1179 618 justitiam
1210 559 1522 603 mereretur.
1555 550 1669 605 Hoc
1708 552 1849 604 enim
1877 552 1985 619 egit
2012 551 2128 605 Sal-

561 650 749 704 vator,
796 647 853 692 ut
895 639 1078 692 iisdem
1126 640 1360 707 vestigiis
1424 642 1619 709 quibus
1670 641 1899 695 admissa
1937 640 2131 695 fuerint

563 730 782 793 delicta,
811 737 1121 797 purgentur,
1152 728 1257 784 hoc
1284 739 1386 794 est,
1416 732 1541 800 quia
1568 730 1729 785 homo
1756 730 2128 785 manducando

562 817 898 886 deliquerat,
939 816 1173 883 corrigat
1200 817 1518 872 abstinendo
1551 835 1564 871 :
1604 818 1687 871 vel
1715 818 1837 885 quia
1866 818 2129 887 epulando

567 906 845 959 mulierem
874 912 1227 972 cognoverat,
1256 922 1401 961 nunc
1426 907 1671 961 eamdem
1696 907 1990 976 jejunaedo
2032 906 2127 961 de-

556 997 771 1065 Spiciat.
800 996 966 1057 Adam
983 997 1125 1050 enim
1148 996 1312 1050 Evam
1335 998 1545 1052 nonnisi
1573 998 1978 1067 intemperantia
2001 1012 2128 1066 pro-

566 1095 789 1139 curante
810 1086 1064 1154 cognovit
1091 1087 1130 1139 ¹.
1162 1085 1408 1153 Quandiu
1435 1095 1611 1142 autem
1640 1088 1832 1140 mansit
1854 1088 1903 1140 in
1933 1086 2035 1139 illis
2058 1086 2133 1138 iu-

567 1185 826 1232 temerata
853 1176 1106 1244 parcitas,
1136 1177 1328 1232 mansit
1355 1186 1409 1231 et
1436 1177 1711 1245 impolluta
1733 1176 2004 1243 virginitas
2033 1192 2047 1227 :
2076 1181 2131 1227 et

564 1263 798 1333 quandiu
823 1264 1201 1331 jejunaverunt
1228 1264 1297 1319 ab
1328 1265 1622 1319 interdictis
1651 1265 1847 1335 epulis,
1869 1264 2051 1317 tandiu
2077 1272 2134 1317 et

568 1368 598 1406 a
629 1351 895 1421 pudendis
928 1352 1239 1421 jejunavere
1277 1354 1535 1423 peccatis.
1562 1353 1749 1407 Fames
1792 1354 1933 1407 enim
1962 1352 2130 1406 amica

568 1441 889 1509 virginitatis
926 1450 1027 1505 est,
1060 1442 1270 1495 inimica
1301 1441 1548 1495 lasciviae.
1580 1440 1838 1494 Saturitas
1864 1455 1990 1494 vero
2016 1455 2131 1494 cas-

568 1530 775 1582 titatem
804 1530 1052 1597 prodigit,
1085 1532 1251 1583 nutrit
1277 1529 1596 1583 illecebram.
1627 1529 1811 1596 Igitur,
1841 1529 1977 1582 sicut
1998 1527 2127 1593 dixi,

567 1616 671 1672 hoc
710 1618 821 1685 agit
861 1619 1115 1672 Dominus
1157 1619 1221 1673 iis
1244 1618 1561 1688 prmjudiciis
1606 1618 1795 1686 quibus
1824 1618 1983 1671 homo
2036 1618 2134 1671 ob-

567 1708 762 1759 noxius
790 1715 1012 1773 peccato
1066 1706 1238 1760 fuerat
1270 1708 1545 1761 liberetur.
1587 1705 1877 1775 Propterea
1903 1721 2132 1773 namque

2229 553 2369 605 enim
2399 551 2565 604 Adam
2587 553 2726 606 inter
2749 552 2865 607 illas
2897 554 3128 623 paradisi
3157 554 3512 610 inconcussus
3539 565 3694 614 stare
3724 558 3818 613 de-

2230 643 2396 706 licias,
2426 642 2470 698 si
2500 641 2609 696 Eva
2648 642 2840 697 ibidem
2882 658 3003 699 eum
3041 643 3319 700 diabolicis
3348 653 3374 682 ι
3400 645 3679 702 illeceer
3711 664 3823 702 nec

2228 731 2431 785 fuisset.
2458 730 2796 787 Conveniens
2820 745 2946 800 ergo
2967 740 3051 786 est
3077 732 3349 788 desertum
3374 734 3563 799 saluti,
3584 736 3679 790 ubi
3714 754 3816 790 non

2228 827 2308 874 est
2336 819 2467 884 Eva,
2506 835 2623 888 qua:
2675 820 2980 889 persuadet,
3012 836 3117 875 non
3147 830 3229 876 est
3264 824 3461 877 mulier
3500 839 3621 893 qua
3670 824 3823 877 blan-

2229 906 2388 961 ditur.
2414 907 2599 961 Videte
2623 909 2967 973 rem.miram,
2994 910 3047 963 in
3067 909 3313 978 paradiso
3338 926 3463 964 cum
3488 911 3668 964 Adam
3701 910 3819 964 dia-

2228 996 2381 1051 bolus
2408 996 2681 1060 decertat,
2730 998 2781 1049 iu
2806 997 3020 1052 deserto
3058 1012 3177 1051 cuiu
3208 997 3416 1053 Christo
3441 999 3710 1054 diabolus
3738 1000 3821 1052 di-

2229 1084 2407 1147 micat,
2440 1084 2637 1153 ubique
2664 1085 2944 1138 insidiatur
2964 1085 3195 1151 homini,
3212 1086 3408 1155 ubique
3438 1088 3820 1154 congredior.

2229 1173 2333 1228 Sed
2365 1175 2452 1228 ubi
2481 1175 2760 1229 mulierem
2790 1175 3013 1241 invenit,
3033 1176 3198 1230 vincit
3229 1194 3241 1228 :
3268 1176 3354 1228 ubi
3385 1176 3682 1231 mulierem
3714 1194 3819 1231 non

2231 1264 2452 1329 invenit,
2482 1263 2655 1318 victus
2694 1262 2952 1317 abscedit.
3000 1262 3247 1317 Formam
3287 1263 3450 1331 igitur
3480 1263 3633 1318 dedit
3666 1266 3824 1319 nobis

2229 1350 2371 1405 Deus
2399 1354 2452 1405 in
2496 1352 2601 1406 hoc
2640 1352 2804 1416 facto,
2842 1360 2902 1405 ut
2926 1351 3246 1419 ieiuniorum
3279 1362 3527 1421 tempore
3559 1361 3821 1421 tauquam

2229 1440 2496 1493 desertum
2538 1441 2843 1494 habitantes
2883 1441 3242 1496 abstineamus
3286 1442 3479 1508 epulis,
3514 1442 3823 1509 voluptate,

2231 1528 2477 1593 muliere,
2526 1543 2591 1581 ne
2620 1528 2973 1596 conjungatur
2999 1528 3155 1581 nobis
3198 1527 3326 1592 Eva,
3371 1543 3439 1581 ne
3479 1544 3582 1582 nos
3611 1544 3645 1582 a
3676 1540 3823 1583 casta

2232 1617 2605 1671 observatione
2652 1618 2966 1671 illecebrosa
3013 1617 3360 1685 persuasione
3407 1618 3729 1671 subvertat.
3772 1617 3822 1669 in

2232 1708 2442 1763 deserto
2488 1707 2631 1761 enim
2681 1706 3072 1775 quodammodo
3118 1706 3328 1760 videtur
3374 1707 3629 1761 habitam
3661 1750 3677 1773 ,
3736 1708 3823 1775 qui

566 1810 663 1865 per
691 1796 871 1856 omnia
903 1797 1192 1850 secundum
1222 1796 1619 1851 similitudinem
1647 1797 1795 1863 Adae,
1822 1798 2001 1851 omnia
2030 1797 2129 1851 ho—
2162 1814 2206 1871 Β
2232 1796 2661 1863 Quadragesima:
2703 1804 2944 1864 tempore
2978 1794 3188 1863 jejunus
3234 1803 3289 1848 et
3330 1803 3514 1849 castus
3556 1806 3668 1850 est.
3725 1795 3824 1849 De-

568 1886 742 1941 mines
782 1894 1002 1955 peccata
1032 1885 1369 1940 dissolveret.
1396 1885 1561 1938 Adam
1589 1886 1729 1939 enim
1762 1885 1828 1938 de
1861 1893 2003 1938 terra
2029 1885 2135 1937 vir-

568 1976 693 2044 gine
721 1986 878 2031 natus
906 1985 1007 2037 est,
1030 1984 1086 2030 et
1105 1975 1345 2029 Christus
1375 1975 1443 2029 de
1468 1975 1634 2029 Maria
1661 1977 1863 2043 virgine
1883 1990 2133 2044 procrea-

568 2072 676 2117 tus.
704 2065 845 2133 illius
875 2072 1171 2118 maternum
1202 2064 1377 2117 solum
1416 2078 1516 2118 nec
1541 2064 1666 2117 dum
1693 2064 1876 2117 rastris
1912 2064 2134 2118 scissum

572 2153 789 2215 fuerat;
814 2155 962 2208 istius
999 2162 1297 2206 maternum
1347 2161 1608 2209 secretum
1637 2168 1905 2221 nunquam
1936 2168 2134 2207 concu-

572 2243 833 2312 piscentia
872 2244 1154 2297 violatum.
1179 2243 1345 2296 Adam
1384 2244 1477 2297 Dei
1504 2244 1750 2297 manibus
1778 2245 2070 2311 plasmatur
2106 2260 2137 2299 e

572 2332 719 2397 lituo,
750 2332 992 2386 Christus
1013 2333 1108 2386 Dei
1130 2333 1316 2400 spiritu
1344 2331 1601 2386 formatur
1620 2334 1674 2386 in
1702 2342 1875 2387 utero.
1906 2332 2137 2401 Uterque

574 2436 704 2489 ergo
736 2422 907 2475 oritur
934 2436 965 2474 a
1014 2421 1124 2475 Deo
1155 2421 1311 2475 Patre
1333 2460 1347 2485 ,
1394 2429 1618 2489 uterque
1656 2422 1859 2487 virgine
1907 2424 2139 2474 nascitur

574 2520 778 2577 matre,
827 2520 1051 2580 uterque
1073 2548 1091 2575 ,
1137 2511 1276 2564 sicut
1306 2510 1633 2577 evangelista
1661 2510 1823 2576 dicit,
1852 2509 2015 2563 Filius
2044 2510 2136 2563 Dei

572 2608 657 2655 cst
686 2616 701 2654 ἶ
732 2600 825 2655 sed
853 2599 1022 2653 Adam
1050 2608 1293 2653 creatura
1332 2598 1427 2652 Dei
1464 2606 1569 2663 est,
1606 2596 1845 2652 Christus
1874 2614 2004 2652 vero
2023 2598 2139 2651 sub-

571 2688 788 2743 stantia.
818 2686 933 2739 iloc
970 2700 1096 2753 ergo
1124 2686 1232 2753 agit
1276 2686 1548 2751 Dominus,
1590 2687 1728 2740 sicut
1755 2686 1921 2739 Adam
1949 2701 2141 2739 secun-

573 2775 713 2838 dus,
753 2781 811 2828 ut
848 2774 991 2843 quod
1018 2774 1165 2843 prior
1190 2774 1352 2829 homo
1396 2774 1765 2830 manducando
1803 2775 2135 2844 perdiderat,

582 2863 687 2917 hoc
716 2864 852 2917 alter
875 2863 1168 2932 jejunando
1196 2863 1422 2932 recipiat
1445 2903 1463 2928 ,
1507 2878 1570 2918 ac
1614 2863 1783 2931 legem
1814 2864 1866 2917 in
1897 2864 2141 2932 paradiso

574 2953 894 3007 abstinentia
924 2954 1101 3006 datam
1132 2954 1183 3006 in
1212 2954 1426 3008 deserto
1449 2953 1735 3007 custodiat.
1756 2952 1968 3007 Sciebat
1997 2955 2139 3007 enim

572 3050 897 3112 praeceptum
920 3041 1014 3095 Dei
1034 3057 1141 3094 non
1166 3042 1321 3095 unius
1340 3042 1443 3095 loci
1473 3042 1643 3108 legem
1663 3057 1799 3102 esse,
1824 3042 1917 3097 sed
1940 3044 2140 3097 mundi.

2234 1892 2434 1940 sertum
2465 1885 2622 1953 plane
2650 1882 2921 1952 quoddam
2961 1883 3133 1953 ipsum
3162 1898 3354 1952 corpus
3382 1894 3466 1937 est
3495 1882 3822 1947 Christiani,

2236 1989 2355 2029 cum
2396 1990 2500 2027 non
2532 1973 2769 2043 repletur
2794 1974 2929 2028 cibis
2953 2015 2968 2041 ,
3010 1990 3118 2028 non
3147 1974 3355 2041 poculis
3400 1974 3691 2041 irrigatur,
3734 1974 3822 2027 sed

2236 2063 2437 2116 arentis
2484 2062 2671 2115 inedia:
2713 2062 2962 2131 squalore
3012 2062 3313 2130 negligitur.
3364 2061 3698 2126 Desertum,
3746 2063 3823 2115 in-

2236 2165 2433 2218 quam,
2474 2159 2554 2205 est
2584 2163 2781 2220 corpus
2816 2160 3059 2205 nostrum
3084 2191 3100 2215 ,
3143 2166 3264 2205 cum
3314 2151 3659 2206 abstinentia
3689 2168 3825 2206 mar-

2236 2242 2397 2294 cescit
2426 2241 2601 2304 calor,
2632 2242 2720 2294 siti
2765 2240 2937 2309 pallor
2964 2240 3263 2305 obducitur,
3293 2248 3348 2295 et
3376 2249 3710 2311 contemptu
3745 2259 3825 2296 re-

2237 2350 2355 2387 rum
2388 2334 2551 2388 totius
2594 2334 2826 2387 hominis
2854 2334 3061 2403 species
3107 2334 3303 2387 inculta
3336 2333 3639 2393 sordescit.
3681 2335 3823 2389 Tunc

2236 2422 2480 2477 Christus
2512 2423 2766 2476 Dominus
2801 2423 3304 2497 habitatvdcsertum
3344 2424 3589 2491 pectoris
3633 2425 3821 2487 nostri,

2238 2526 2361 2565 cum
2410 2519 2645 2565 nostram
2677 2520 2871 2565 terram
2900 2510 3216 2578 squalidam,
3248 2525 3311 2564 ac
3338 2510 3426 2565 siti
3455 2512 3679 2565 aridam
3715 2528 3823 2567 esse

2239 2602 2469 2669 reperit,
2507 2600 2797 2655 secundum
2835 2601 2976 2669 quod
3014 2602 3088 2653 ait
3122 2601 3384 2670 propheta
3413 2599 3586 2654 David
3629 2620 3643 2654 :
3680 2601 3821 2656 Sicut

2238 2691 2292 2743 in
2315 2700 2455 2744 terra
2484 2692 2708 2754 deserta,
2736 2699 2786 2743 et
2812 2692 2970 2751 invia,
2992 2700 3041 2742 ct
3066 2692 3335 2760 inaquoea,
3364 2698 3415 2742 et
3441 2691 3519 2742 sic
3549 2690 3613 2742 ita
3646 2702 3827 2743 sancte

2241 2781 2456 2848 apparui
2499 2778 2589 2831 tibi
2614 2776 2785 2847 (Psal.
2819 2777 2968 2845 Lxu).
3013 2777 3181 2830 Aliter
3208 2777 3349 2831 enim
3375 2776 3519 2830 sicut
3549 2778 3608 2830 in
3640 2788 3821 2831 sancto

2242 2867 2267 2905 ι’
2297 2870 2349 2921 ei
2393 2882 2650 2937 apparere
2696 2881 2803 2920 non
2848 2881 3170 2935 possumus,
3228 2866 3329 2919 nisi
3378 2874 3533 2920 terra
3582 2871 3819 2937 corporis

2242 2957 2406 3010 nostri
2449 2956 2605 3009 fuerit
2633 2955 2841 3009 deserta
2873 2955 3153 3009 mundanis
3184 2964 3209 2994 α
3252 2954 3489 3019 deliciis,
3540 2957 3691 3010 invia
3720 2957 3819 3010 dia—

2242 3044 2430 3098 bolicis
2459 3042 2921 3112 concupiscentiis,
2950 3050 3004 3095 et
3031 3042 3289 3111 inaquosa
3312 3044 3623 3100 libidinosis
3653 3046 3821 3099 illece-

572 3130 734 3200 436
782 3129 897 3185 Non
963 3132 1105 3185 enim
1179 3131 1401 3185 interest
1452 3130 1752 3185 Divinitatis
1796 3132 2100 3186 mandatum
2126 3174 2142 3199 ,
2172 3158 2214 3215 ρ
2244 3136 2373 3189 bris.
2416 3134 2563 3188 Tunc
2590 3134 2835 3187 habitans
2874 3131 3122 3187 Salvator
3148 3134 3253 3188 hoc
3276 3133 3555 3188 desertum
3587 3136 3821 3204 corporis

577 3228 755 3273 utrum
782 3220 925 3274 domi
968 3235 1035 3273 an
1064 3221 1114 3273 in
1156 3234 1284 3287 agro
1327 3221 1625 3290 custodias,
1681 3238 1798 3277 cum
1846 3223 2041 3292 ubique
2079 3226 2147 3277 sit

576 3313 667 3382 qui
689 3313 956 3381 praecepit.
983 3312 1038 3366 lu
1065 3312 1278 3367 deserto
1316 3314 1495 3382 itaque
1522 3313 1765 3368 Salvator
1786 3314 1968 3383 implet
1995 3330 2115 3369 man
2133 3347 2148 3356 ο

574 3399 757 3452 datum
783 3400 897 3463 Dei,
926 3408 981 3453 et
1013 3401 1112 3454 sibi
1137 3400 1302 3454 Adam
1332 3401 1564 3455 salvaret
1600 3411 1889 3471 errantem,
1918 3404 2005 3457 ubi
2035 3404 2149 3457 fue-

488 3484 495 3490 ’
578 3496 663 3541 rat
691 3488 757 3541 dc
783 3489 1116 3557 possessione
1145 3478 1373 3559 paradisi
1407 3491 1664 3558 deiectus.
1694 3493 1861 3546 Adam
1886 3495 2024 3547 enim
2055 3510 2150 3548 ex-

580 3576 767 3643 pulsus
793 3576 859 3630 de
900 3577 1143 3645 paradiso
1200 3580 1380 3633 inculti
1413 3580 1592 3634 mundi
1634 3580 1844 3635 deserta
1874 3583 2143 3636 sustinuit.

579 3663 638 3717 In
667 3664 879 3719 deserto
902 3682 1026 3735 ergo
1056 3669 1281 3735 primum
1311 3670 1511 3723 homini
1540 3672 1684 3725 salus
1710 3671 2025 3737 refunditur,
2060 3674 2144 3727 ubi

578 3770 687 3809 non
712 3766 835 3808 sunt
881 3756 1085 3824 epulzn,
1129 3758 1216 3811 ubi
1259 3758 1451 3813 desunt
1478 3760 1706 3828 dciicim,
1745 3763 1833 3816 ubi
1866 3762 2025 3832 (quod
2065 3772 2147 3816 est

2254 3226 2419 3279 nostri
2457 3241 2643 3279 omnes
2689 3225 2760 3278 ibi
2789 3224 2986 3278 diaboli
3014 3223 3272 3279 factiones
3295 3235 3616 3294 exsuperat,
3647 3236 3705 3280 et
3744 3242 3819 3279 se-

2252 3322 2453 3369 cretum
2500 3329 2564 3368 ac
2623 3327 2869 3367 securum
2915 3327 2944 3365 a
2991 3313 3405 3380 cogitationibus
3453 3315 3647 3369 saeculi
3712 3330 3819 3368 esse

2250 3422 2403 3459 suum
2444 3402 2571 3459 facit
2599 3404 2959 3457 habitaculum
2980 3442 2993 3466 ,
3027 3412 3087 3458 ut
3114 3404 3368 3473 deinceps
3396 3421 3499 3460 nos
3531 3406 3679 3459 intra
3709 3419 3820 3458 nos-

2251 3496 2503 3562 metipsos
2530 3494 2673 3547 velut
2694 3493 2745 3546 in
2773 3492 3057 3547 solitudine
3079 3494 3355 3547 constituti
3385 3495 3607 3548 nonnisi
3638 3494 3818 3548 cmlum

2248 3585 2594 3653 respiciamus
2620 3591 2675 3637 et
2702 3591 2919 3645 terram,
2950 3584 3053 3637 hoc
3074 3592 3156 3638 est
3182 3599 3286 3638 non
3313 3584 3623 3650 cogitemus
3646 3584 3815 3640 alium.

2246 3675 2344 3727 nisi
2374 3674 2605 3727 caelestis
2630 3673 2779 3742 regni
2806 3672 3112 3740 Dominum,
3132 3681 3187 3727 et
3215 3682 3442 3727 terrena:
3471 3670 3816 3728 resurrectio-

2248 3764 2330 3819 nis
2359 3774 2653 3819 auctorem.

1966 4001 2231 4063 SERMO
2275 4000 2393 4063 XX
2408 4046 2421 4058 .

1857 4204 1933 4259 De
1972 4204 2379 4276 Quadragesima
2425 4204 2493 4257 Η
2505 4246 2515 4255 .

2000 4378 2387 4434 ADMONlTlO.

654 4549 808 4666 “at?
852 4541 1313 4625 Complurespsse
1340 4545 1550 4623 codices
1586 4541 1741 4595 video
1786 4542 1838 4593 in

654 4634 693 4666 Bs
755 4615 878 4666 268.
910 4614 1038 4666 4951
1085 4623 1138 4666 et
1161 4612 1324 4666 MSS:
1357 4612 1698 4666 Casmeuscm
1729 4610 1828 4663 H7

586 4631 693 4669 tres

1894 4542 2083 4609 quibus
2116 4541 2202 4595 hic
2228 4556 2403 4596 sermo
2431 4551 2618 4596 sancto
2658 4540 2890 4596 Maximo
2934 4540 3255 4601 aseribitur;
3291 4538 3588 4596 Vaticanus
3627 4541 3812 4595 scilicet

755 4615 878 4679 268,
910 4614 1038 4666 4951
1085 4623 1138 4666 et
1161 4612 1324 4675 6452;
1357 4612 1698 4666 Casineusem
1729 4610 1828 4663 li'i
1854 4624 1974 4679 pag.
1996 4610 2109 4679 209
2148 4625 2177 4661 a
2220 4619 2390 4676 tergo,
2421 4610 2829 4664 Laurentianum
2864 4609 2964 4662 167
2993 4624 3111 4679 pag.
3154 4610 3253 4679 157
3284 4625 3311 4662 a
3340 4620 3490 4679 tergo
3516 4612 3649 4665 bibl.
3679 4610 3806 4679 olim:

584 4686 722 4739 tedii.
756 4687 808 4738 in
839 4674 1029 4737 eccles.
1061 4674 1395 4743 Florentium,
1425 4681 1820 4735 V'allicellauum
1850 4674 1967 4743 ἐπὶ,
1992 4674 2383 4732 Lectionarium
2414 4679 2701 4733 Brixiensis
2732 4674 3142 4748 Ecclesiae—pag.
3174 4678 3303 4748 298,
3324 4687 3379 4732 et
3408 4674 3533 4733 clm
3577 4693 3693 4748 pag.
3726 4674 3811 4748 i766

584 4755 712 4809 bibl.
741 4754 920 4808 Sancti
951 4752 1109 4806 Marci
1132 4750 1490 4805 Venetiarum.
1525 4749 1615 4804 His
1644 4748 1761 4803 addi
1792 4750 1987 4816 poterit
2014 4748 2183 4803 codex
2216 4749 2575 4815 Remigianus,
2604 4750 2754 4816 cujus
2780 4747 3024 4802 monachi
3049 4746 3425 4818 SanctiMauri
3456 4749 3508 4801 in
3523 4746 3809 4818 appendicc

584 4838 889 4878 sermonum
916 4823 1083 4876 sancti
1109 4822 1383 4887 Augustini
1415 4835 1533 4888 pag.
1568 4818 1668 4872 l80
1692 4819 1819 4872 edit.
1855 4818 2111 4885 Antuerp.
2148 4818 2281 4869 i700
2308 4819 2451 4889 dubii
2482 4819 2548 4872 de
2569 4828 2786 4872 auctore
2810 4818 3068 4889 sermonis
3096 4817 3471 4889 meminerunt.
3506 4816 3641 4871 cum
3672 4816 3807 4889 igitur

585 4893 755 4947 codici
804 4891 1113 4945 Taurinensi
1144 4884 1329 4945 sancto
1359 4884 1588 4943 Maximo
1616 4890 1757 4942 hunc
1800 4884 2096 4941 sermonem
2129 4903 2275 4940 num.
2316 4886 2383 4939 99
2413 4904 2531 4942 cum
2579 4889 2733 4942 titulo
2784 4905 2795 4939 :
2833 4886 2965 4939 Item
3003 4887 3065 4938 de
3108 4884 3520 4955 Quadragesima
3572 4884 3805 4955 asserenli

627 4963 766 5015 iures
795 4960 882 5013 alii
913 4961 1120 5015 codices
1147 4960 1361 5028 optimae
1384 4958 1503 5013 ﬁdei
1530 4966 1848 5028 consonent,
1878 4958 1994 5028 jure
2018 4957 2117 5024 ipsi
2144 4955 2457 5028 tribuendus
2486 4966 2585 5011 est.
2619 4957 2673 5010 Si
2705 4958 2823 5025 quis
2843 4971 2968 5010 vero
2994 4952 3451 5028 dicendifonham
3480 4954 3704 5010 scrutari
3733 4966 3801 5028 vc.-

613 5032 668 5093 it,
702 5030 832 5084 nihil
868 5028 1095 5082 Maximo
1118 5018 1495 5096 inconveniens
1518 5026 1777 5089 offendet;
1812 5018 1939 5093 quin
1968 5018 2077 5096 imo
2107 5024 2222 5091 ejus
2256 5026 2525 5095 ingenium
2565 5028 2614 5079 in
2646 5018 2847 5096 Optimo
2890 5040 3157 5079 sacrarum
3189 5022 3590 5091 Scripturarum
3620 5038 3708 5078 usu
3736 5018 3797 5070 ad

587 5100 886 5154 mirabitur.
911 5097 1096 5151 Exstat
1126 5098 1177 5149 in
1202 5097 1319 5151 cod.
1356 5095 1540 5151 Perus.
1572 5097 1770 5165 absque
1800 5094 2031 5148 auctoris
2060 5096 2295 5148 nomine.

657 5313 679 5340 α
709 5303 767 5355 In
790 5302 915 5356 edit.
952 5301 1232 5368 Autuerp.,
1262 5298 1481 5350 insidiis.

656 5372 683 5411 ι’
706 5372 837 5427 Cod.
866 5371 1138 5431 Laurent.,
1157 5365 1299 5422 sicut
1328 5368 1381 5420 in
1404 5375 1581 5419 sancto
1612 5365 1827 5433 Spiritu.

659 5550 672 5578 ¹
706 5545 820 5599 Hoc
859 5542 958 5597 sibi
997 5542 1113 5595 vult
1152 5540 1413 5594 Maximus
1446 5538 1702 5591 Adamum
1759 5546 1813 5590 et
1838 5535 1997 5588 Evam
2029 5543 2153 5602 post

588 5624 861 5685 peccatum
888 5628 985 5685 seu
1004 5621 1133 5685 post
1156 5625 1308 5685 esum
1328 5606 1729 5685 fruetusnvetiti,
1759 5607 2005 5685 coivisse.
2036 5604 2150 5685 Qua

592 5628 861 5685 peccatqu
888 5628 985 5665 seu
1050 5628 1133 5664 OSI.
1156 5628 1303 5663 esum
1328 5628 1529 5662 Irucws
1556 5628 1729 5670 veuu,
1759 5628 2005 5660 COIVIssc.
2036 5628 2150 5684 μικι

592 5686 655 5742 de
684 5700 742 5740 re
782 5681 965 5739 confer
1090 5680 1440 5748 Augustinum
1464 5718 1477 5744 ,
1528 5678 1620 5733 lib.
1667 5692 1715 5730 ix
1758 5675 1825 5729 de
1863 5672 2055 5727 Genesi
2087 5673 2152 5727 ad

2258 5303 2276 5331 =
2311 5292 2451 5347 idem
2484 5293 2626 5355 cod.,
2662 5292 2931 5344 numdanis
2960 5289 3178 5343 delicis.

2262 5535 2415 5597 Litt.,
2447 5551 2600 5603 capp.
2634 5534 2666 5587 3
2705 5540 2760 5603 et
2788 5530 2860 5603 4,7
2882 5540 2933 5603 et
2962 5529 3017 5584 S.
3051 5530 3308 5603 'ljh_omam
3338 5528 3493 5583 Sum.
3528 5528 3742 5594 theolug.
3768 5538 3801 5584 ιν

2256 5614 2443 5678 qurest.
2479 5599 2568 5672 97,
2596 5612 2697 5656 art.
2727 5601 2779 5666 2,
2802 5602 2865 5655 azl
2888 5599 2923 5652 Ξ
2948 5608 2999 5655 ct
3028 5600 3091 5653 ad
3119 5599 3151 5651 5
3170 5612 3377 5665 argum.
