  <div class='ocr_page' id='page_1' title='image "/cluster/home/n/w/nwhite01/storage/ocr_20150623/57/uva.x000827099/291.png"; bbox 0 0 3910 6238; ppageno 0'>
   <div class='ocr_carea' id='block_1_1' title="bbox 632 351 736 405">
    <p class='ocr_par' dir='ltr' id='par_1_1' title="bbox 632 351 736 405">
     <span class='ocr_line' id='line_1_1' title="bbox 632 351 736 405; baseline -0.01 0"><span class='ocrx_word' id='word_1_1' title='bbox 632 351 736 405; x_wconf 85' lang='grc'><strong>575</strong></span> 
     </span>
    </p>
   </div>
   <div class='ocr_carea' id='block_1_2' title="bbox 1833 338 2213 397">
    <p class='ocr_par' dir='ltr' id='par_1_2' title="bbox 1833 338 2213 393">
     <span class='ocr_line' id='line_1_2' title="bbox 1833 338 2213 393; baseline -0.005 0"><span class='ocrx_word' id='word_1_2' title='bbox 1833 340 1889 393; x_wconf 89' lang='lat' dir='ltr'><strong>S.</strong></span> <span class='ocrx_word' id='word_1_3' title='bbox 1933 338 2095 392; x_wconf 78' lang='lat' dir='ltr'><strong>MAXI</strong></span> <span class='ocrx_word' id='word_1_4' title='bbox 2109 338 2175 392; x_wconf 75' lang='lat' dir='ltr'><strong>.lll</strong></span> <span class='ocrx_word' id='word_1_5' title='bbox 2206 339 2213 355; x_wconf 92' lang='lat'>&#39;</span> 
     </span>
    </p>
   </div>
   <div class='ocr_carea' id='block_1_3' title="bbox 2318 338 3910 397">
    <p class='ocr_par' dir='ltr' id='par_1_3' title="bbox 2318 339 3910 397">
     <span class='ocr_line' id='line_1_3' title="bbox 2318 339 3910 397; baseline 0.003 -4"><span class='ocrx_word' id='word_1_6' title='bbox 2318 339 2340 393; x_wconf 74' lang='lat'><em>5</em></span> <span class='ocrx_word' id='word_1_7' title='bbox 2350 339 2658 395; x_wconf 75' lang='lat' dir='ltr'><strong>RiNENSlS</strong></span> <span class='ocrx_word' id='word_1_8' title='bbox 3816 342 3910 397; x_wconf 62' lang='grc' dir='ltr'><strong>δῖε</strong></span> 
     </span>
    </p>
   </div>
   <div class='ocr_carea' id='block_1_4' title="bbox 630 447 3910 529">
    <p class='ocr_par' dir='ltr' id='par_1_4' title="bbox 630 447 3910 529">
     <span class='ocr_line' id='line_1_4' title="bbox 630 447 3910 529; baseline -0.004 -12"><span class='ocrx_word' id='word_1_9' title='bbox 630 464 725 525; x_wconf 89' lang='lat' dir='ltr'><strong>lis;</strong></span> <span class='ocrx_word' id='word_1_10' title='bbox 754 466 1051 529; x_wconf 80' lang='lat' dir='ltr'><strong>separatur,</strong></span> <span class='ocrx_word' id='word_1_11' title='bbox 1084 458 1297 526; x_wconf 88' lang='lat' dir='ltr'><strong>inquam</strong></span> <span class='ocrx_word' id='word_1_12' title='bbox 1316 497 1335 525; x_wconf 86' lang='lat'><strong>,</strong></span> <span class='ocrx_word' id='word_1_13' title='bbox 1364 456 1536 510; x_wconf 90' lang='lat' dir='ltr'><strong>malus</strong></span> <span class='ocrx_word' id='word_1_14' title='bbox 1564 470 1595 509; x_wconf 91' lang='lat' dir='ltr'><strong>a</strong></span> <span class='ocrx_word' id='word_1_15' title='bbox 1622 455 1796 521; x_wconf 91' lang='lat' dir='ltr'><strong>bono,</strong></span> <span class='ocrx_word' id='word_1_16' title='bbox 1826 454 1930 508; x_wconf 90' lang='lat' dir='ltr'><strong>hoc</strong></span> <span class='ocrx_word' id='word_1_17' title='bbox 1958 447 2051 508; x_wconf 82' lang='lat' dir='ltr'><strong>est</strong></span> <span class='ocrx_word' id='word_1_18' title='bbox 2072 468 2207 522; x_wconf 82' lang='lat' dir='ltr'><strong>pec-</strong></span> <span class='ocrx_word' id='word_1_19' title='bbox 2238 460 2286 516; x_wconf 77' lang='grc' dir='ltr'>Α</span> <span class='ocrx_word' id='word_1_20' title='bbox 2313 470 2439 509; x_wconf 91' lang='lat' dir='ltr'><strong>suos</strong></span> <span class='ocrx_word' id='word_1_21' title='bbox 2459 454 2512 513; x_wconf 84' lang='lat' dir='ltr'><strong>in</strong></span> <span class='ocrx_word' id='word_1_22' title='bbox 2541 470 2663 511; x_wconf 88' lang='lat' dir='ltr'><strong>arca</strong></span> <span class='ocrx_word' id='word_1_23' title='bbox 2693 454 2913 523; x_wconf 77' lang='lat' dir='ltr'><strong>recepit,</strong></span> <span class='ocrx_word' id='word_1_24' title='bbox 2944 454 3016 509; x_wconf 88' lang='lat' dir='ltr'><strong>ita</strong></span> <span class='ocrx_word' id='word_1_25' title='bbox 3042 460 3098 508; x_wconf 90' lang='lat' dir='ltr'><strong>et</strong></span> <span class='ocrx_word' id='word_1_26' title='bbox 3122 467 3221 507; x_wconf 87' lang='lat' dir='ltr'><strong>nos</strong></span> <span class='ocrx_word' id='word_1_27' title='bbox 3249 453 3388 507; x_wconf 84' lang='lat' dir='ltr'><strong>tilios</strong></span> <span class='ocrx_word' id='word_1_28' title='bbox 3419 459 3644 505; x_wconf 86' lang='lat' dir='ltr'><strong>nostros</strong></span> <span class='ocrx_word' id='word_1_29' title='bbox 3665 459 3910 519; x_wconf 63' lang='lat' dir='ltr'><strong>optantur</strong></span> 
     </span>
    </p>
   </div>
   <div class='ocr_carea' id='block_1_5' title="bbox 630 542 2205 615">
    <p class='ocr_par' dir='ltr' id='par_1_5' title="bbox 630 542 2205 615">
     <span class='ocr_line' id='line_1_5' title="bbox 630 542 2205 615; baseline -0.006 -10"><span class='ocrx_word' id='word_1_30' title='bbox 630 558 785 606; x_wconf 82' lang='lat' dir='ltr'><strong>catur</strong></span> <span class='ocrx_word' id='word_1_31' title='bbox 809 565 839 602; x_wconf 89' lang='lat' dir='ltr'><strong>a</strong></span> <span class='ocrx_word' id='word_1_32' title='bbox 860 549 1025 615; x_wconf 88' lang='lat' dir='ltr'><strong>justo,</strong></span> <span class='ocrx_word' id='word_1_33' title='bbox 1055 547 1296 599; x_wconf 86' lang='lat' dir='ltr'><strong>diabolus</strong></span> <span class='ocrx_word' id='word_1_34' title='bbox 1334 561 1363 599; x_wconf 88' lang='lat' dir='ltr'><strong>a</strong></span> <span class='ocrx_word' id='word_1_35' title='bbox 1404 553 1608 609; x_wconf 87' lang='lat' dir='ltr'><strong>sancto,</strong></span> <span class='ocrx_word' id='word_1_36' title='bbox 1652 544 1935 597; x_wconf 66' lang='lat' dir='ltr'><strong>hazreticus</strong></span> <span class='ocrx_word' id='word_1_37' title='bbox 1972 559 2003 596; x_wconf 88' lang='lat' dir='ltr'><strong>a</strong></span> <span class='ocrx_word' id='word_1_38' title='bbox 2046 542 2205 595; x_wconf 82' lang='lat' dir='ltr'><strong>ﬁdeli.</strong></span> 
     </span>
    </p>
   </div>
   <div class='ocr_carea' id='block_1_6' title="bbox 631 631 2208 695">
    <p class='ocr_par' dir='ltr' id='par_1_6' title="bbox 631 631 2208 695">
     <span class='ocr_line' id='line_1_6' title="bbox 631 631 2208 695; baseline -0.006 -4"><span class='ocrx_word' id='word_1_39' title='bbox 631 638 851 691; x_wconf 74' lang='lat' dir='ltr'><strong>Relictis</strong></span> <span class='ocrx_word' id='word_1_40' title='bbox 875 636 1015 689; x_wconf 90' lang='lat' dir='ltr'><strong>enim</strong></span> <span class='ocrx_word' id='word_1_41' title='bbox 1050 634 1132 687; x_wconf 89' lang='lat' dir='ltr'><strong>his</strong></span> <span class='ocrx_word' id='word_1_42' title='bbox 1172 633 1418 689; x_wconf 86' lang='lat' dir='ltr'><strong>omnibus</strong></span> <span class='ocrx_word' id='word_1_43' title='bbox 1454 632 1520 684; x_wconf 89' lang='lat' dir='ltr'><strong>ad</strong></span> <span class='ocrx_word' id='word_1_44' title='bbox 1559 631 1957 685; x_wconf 73' lang='lat' dir='ltr'><strong>similitudinem</strong></span> <span class='ocrx_word' id='word_1_45' title='bbox 2004 632 2208 695; x_wconf 89' lang='lat' dir='ltr'><strong>diluvii,</strong></span> 
     </span>
    </p>
   </div>
   <div class='ocr_carea' id='block_1_7' title="bbox 632 721 2217 797">
    <p class='ocr_par' dir='ltr' id='par_1_7' title="bbox 632 721 2217 797">
     <span class='ocr_line' id='line_1_7' title="bbox 632 721 2217 797; baseline -0.005 -16"><span class='ocrx_word' id='word_1_46' title='bbox 632 734 888 797; x_wconf 83' lang='lat' dir='ltr'><strong>tanquam</strong></span> <span class='ocrx_word' id='word_1_47' title='bbox 933 727 985 778; x_wconf 92' lang='lat' dir='ltr'><strong>in</strong></span> <span class='ocrx_word' id='word_1_48' title='bbox 1028 725 1188 795; x_wconf 67' lang='grc'>450</span> <span class='ocrx_word' id='word_1_49' title='bbox 1214 723 1489 789; x_wconf 78' lang='lat' dir='ltr'><strong>naufragio</strong></span> <span class='ocrx_word' id='word_1_50' title='bbox 1530 722 1729 785; x_wconf 58' lang='lat' dir='ltr'><strong>saeculi,</strong></span> <span class='ocrx_word' id='word_1_51' title='bbox 1778 722 1889 775; x_wconf 88' lang='lat' dir='ltr'><strong>sola</strong></span> <span class='ocrx_word' id='word_1_52' title='bbox 1931 721 1997 774; x_wconf 91' lang='lat' dir='ltr'><strong>ad</strong></span> <span class='ocrx_word' id='word_1_53' title='bbox 2046 722 2217 775; x_wconf 87' lang='lat' dir='ltr'><strong>instar</strong></span> 
     </span>
    </p>
   </div>
   <div class='ocr_carea' id='block_1_8' title="bbox 633 810 2217 876">
    <p class='ocr_par' dir='ltr' id='par_1_8' title="bbox 633 810 2217 876">
     <span class='ocr_line' id='line_1_8' title="bbox 633 810 2217 876; baseline -0.004 -8"><span class='ocrx_word' id='word_1_54' title='bbox 633 831 774 876; x_wconf 63' lang='lat' dir='ltr'><strong>arcte</strong></span> <span class='ocrx_word' id='word_1_55' title='bbox 823 815 964 867; x_wconf 92' lang='lat' dir='ltr'><strong>illius</strong></span> <span class='ocrx_word' id='word_1_56' title='bbox 1012 814 1063 865; x_wconf 90' lang='lat' dir='ltr'><strong>in</strong></span> <span class='ocrx_word' id='word_1_57' title='bbox 1111 814 1278 871; x_wconf 85' lang='lat' dir='ltr'><strong>altum</strong></span> <span class='ocrx_word' id='word_1_58' title='bbox 1324 827 1443 865; x_wconf 86' lang='lat' dir='ltr'><strong>cum</strong></span> <span class='ocrx_word' id='word_1_59' title='bbox 1490 811 1599 865; x_wconf 88' lang='lat' dir='ltr'><strong>suis</strong></span> <span class='ocrx_word' id='word_1_60' title='bbox 1645 810 1931 864; x_wconf 82' lang='lat' dir='ltr'><strong>virtutibus</strong></span> <span class='ocrx_word' id='word_1_61' title='bbox 1977 810 2217 863; x_wconf 83' lang='lat' dir='ltr'><strong>elevatur</strong></span> 
     </span>
    </p>
   </div>
   <div class='ocr_carea' id='block_1_9' title="bbox 633 900 2216 968">
    <p class='ocr_par' dir='ltr' id='par_1_9' title="bbox 633 900 2216 968">
     <span class='ocr_line' id='line_1_9' title="bbox 633 900 2216 968; baseline -0.003 -12"><span class='ocrx_word' id='word_1_62' title='bbox 633 905 889 963; x_wconf 85' lang='lat' dir='ltr'><strong>Ecclesia.</strong></span> <span class='ocrx_word' id='word_1_63' title='bbox 922 904 1052 967; x_wconf 84' lang='lat' dir='ltr'><strong>Nam</strong></span> <span class='ocrx_word' id='word_1_64' title='bbox 1080 910 1134 955; x_wconf 89' lang='lat' dir='ltr'><strong>et</strong></span> <span class='ocrx_word' id='word_1_65' title='bbox 1154 917 1273 967; x_wconf 90' lang='lat' dir='ltr'><strong>nos,</strong></span> <span class='ocrx_word' id='word_1_66' title='bbox 1297 900 1397 954; x_wconf 88' lang='lat' dir='ltr'><strong>etsi</strong></span> <span class='ocrx_word' id='word_1_67' title='bbox 1425 910 1752 968; x_wconf 88' lang='lat' dir='ltr'><strong>peccatores,</strong></span> <span class='ocrx_word' id='word_1_68' title='bbox 1778 900 1841 952; x_wconf 89' lang='lat' dir='ltr'><strong>ad</strong></span> <span class='ocrx_word' id='word_1_69' title='bbox 1864 900 2216 952; x_wconf 84' lang='lat' dir='ltr'><strong>imitationem</strong></span> 
     </span>
    </p>
   </div>
   <div class='ocr_carea' id='block_1_10' title="bbox 635 988 2215 1045">
    <p class='ocr_par' dir='ltr' id='par_1_10' title="bbox 635 988 2215 1045">
     <span class='ocr_line' id='line_1_10' title="bbox 635 988 2215 1045; baseline -0.003 0"><span class='ocrx_word' id='word_1_70' title='bbox 635 991 691 1045; x_wconf 90' lang='lat' dir='ltr'><strong>S.</strong></span> <span class='ocrx_word' id='word_1_71' title='bbox 724 992 834 1045; x_wconf 84' lang='lat' dir='ltr'><strong>Noe</strong></span> <span class='ocrx_word' id='word_1_72' title='bbox 860 991 1237 1044; x_wconf 88' lang='lat' dir='ltr'><strong>annuntiamus</strong></span> <span class='ocrx_word' id='word_1_73' title='bbox 1269 989 1417 1042; x_wconf 81' lang='lat' dir='ltr'><strong>vobis</strong></span> <span class='ocrx_word' id='word_1_74' title='bbox 1455 988 1635 1041; x_wconf 91' lang='lat' dir='ltr'><strong>mundi</strong></span> <span class='ocrx_word' id='word_1_75' title='bbox 1688 988 1918 1041; x_wconf 82' lang='lat' dir='ltr'><strong>futurum</strong></span> <span class='ocrx_word' id='word_1_76' title='bbox 1968 1002 2084 1041; x_wconf 89' lang='lat' dir='ltr'><strong>esse</strong></span> <span class='ocrx_word' id='word_1_77' title='bbox 2119 1003 2215 1040; x_wconf 81' lang='lat' dir='ltr'><strong>cx-</strong></span> 
     </span>
    </p>
   </div>
   <div class='ocr_carea' id='block_1_11' title="bbox 635 1076 2217 1145">
    <p class='ocr_par' dir='ltr' id='par_1_11' title="bbox 635 1076 2217 1145">
     <span class='ocr_line' id='line_1_11' title="bbox 635 1076 2217 1145; baseline -0.003 -13"><span class='ocrx_word' id='word_1_78' title='bbox 635 1079 860 1142; x_wconf 90' lang='lat' dir='ltr'><strong>cidium;</strong></span> <span class='ocrx_word' id='word_1_79' title='bbox 912 1087 965 1132; x_wconf 90' lang='lat' dir='ltr'><strong>et</strong></span> <span class='ocrx_word' id='word_1_80' title='bbox 1011 1080 1131 1131; x_wconf 91' lang='lat' dir='ltr'><strong>illos</strong></span> <span class='ocrx_word' id='word_1_81' title='bbox 1178 1076 1546 1130; x_wconf 85' lang='lat' dir='ltr'><strong>tantummodo</strong></span> <span class='ocrx_word' id='word_1_82' title='bbox 1588 1077 1811 1130; x_wconf 89' lang='lat' dir='ltr'><strong>dicimus</strong></span> <span class='ocrx_word' id='word_1_83' title='bbox 1853 1085 1878 1111; x_wconf 74' lang='grc'><strong>⁸</strong></span> <span class='ocrx_word' id='word_1_84' title='bbox 1925 1076 2217 1145; x_wconf 88' lang='lat' dir='ltr'><strong>periculum</strong></span> 
     </span>
    </p>
   </div>
   <div class='ocr_carea' id='block_1_12' title="bbox 635 1164 2218 1235">
    <p class='ocr_par' dir='ltr' id='par_1_12' title="bbox 635 1164 2218 1235">
     <span class='ocr_line' id='line_1_12' title="bbox 635 1164 2218 1235; baseline -0.003 -14"><span class='ocrx_word' id='word_1_85' title='bbox 635 1184 908 1231; x_wconf 84' lang='lat' dir='ltr'><strong>evasuros,</strong></span> <span class='ocrx_word' id='word_1_86' title='bbox 933 1184 1069 1235; x_wconf 90' lang='lat' dir='ltr'><strong>quos</strong></span> <span class='ocrx_word' id='word_1_87' title='bbox 1094 1167 1301 1235; x_wconf 60' lang='lat' dir='ltr'><strong>triplex.</strong></span> <span class='ocrx_word' id='word_1_88' title='bbox 1318 1181 1441 1221; x_wconf 89' lang='lat' dir='ltr'><strong>arca</strong></span> <span class='ocrx_word' id='word_1_89' title='bbox 1473 1167 1609 1219; x_wconf 90' lang='lat' dir='ltr'><strong>intra</strong></span> <span class='ocrx_word' id='word_1_90' title='bbox 1631 1182 1689 1219; x_wconf 92' lang='lat' dir='ltr'><strong>se</strong></span> <span class='ocrx_word' id='word_1_91' title='bbox 1713 1166 1917 1232; x_wconf 88' lang='lat' dir='ltr'><strong>gremio</strong></span> <span class='ocrx_word' id='word_1_92' title='bbox 1947 1164 2218 1231; x_wconf 79' lang='lat' dir='ltr'><strong>religionis</strong></span> 
     </span>
    </p>
   </div>
   <div class='ocr_carea' id='block_1_13' title="bbox 638 1253 2218 1325">
    <p class='ocr_par' dir='ltr' id='par_1_13' title="bbox 638 1253 2218 1325">
     <span class='ocr_line' id='line_1_13' title="bbox 638 1253 2218 1325; baseline -0.003 -15"><span class='ocrx_word' id='word_1_93' title='bbox 638 1259 929 1312; x_wconf 88' lang='lat' dir='ltr'><strong>incluserit.</strong></span> <span class='ocrx_word' id='word_1_94' title='bbox 965 1258 1179 1325; x_wconf 84' lang='lat' dir='ltr'><strong>Triplex</strong></span> <span class='ocrx_word' id='word_1_95' title='bbox 1212 1258 1352 1310; x_wconf 91' lang='lat' dir='ltr'><strong>enim</strong></span> <span class='ocrx_word' id='word_1_96' title='bbox 1394 1271 1518 1309; x_wconf 89' lang='lat' dir='ltr'><strong>arca</strong></span> <span class='ocrx_word' id='word_1_97' title='bbox 1547 1263 1628 1309; x_wconf 88' lang='lat' dir='ltr'><strong>est</strong></span> <span class='ocrx_word' id='word_1_98' title='bbox 1657 1254 1913 1319; x_wconf 86' lang='lat' dir='ltr'><strong>Ecclesia,</strong></span> <span class='ocrx_word' id='word_1_99' title='bbox 1945 1255 2069 1323; x_wconf 86' lang='lat' dir='ltr'><strong>quia</strong></span> <span class='ocrx_word' id='word_1_100' title='bbox 2101 1253 2218 1306; x_wconf 88' lang='lat' dir='ltr'><strong>Tri-</strong></span> 
     </span>
    </p>
   </div>
   <div class='ocr_carea' id='block_1_14' title="bbox 637 1343 2217 1401">
    <p class='ocr_par' dir='ltr' id='par_1_14' title="bbox 637 1343 2217 1401">
     <span class='ocr_line' id='line_1_14' title="bbox 637 1343 2217 1401; baseline -0.001 -3"><span class='ocrx_word' id='word_1_101' title='bbox 637 1348 819 1399; x_wconf 88' lang='lat' dir='ltr'><strong>nitatis</strong></span> <span class='ocrx_word' id='word_1_102' title='bbox 848 1348 1088 1400; x_wconf 88' lang='lat' dir='ltr'><strong>continet</strong></span> <span class='ocrx_word' id='word_1_103' title='bbox 1129 1354 1538 1401; x_wconf 66' lang='lat' dir='ltr'><strong>sacramentum.</strong></span> <span class='ocrx_word' id='word_1_104' title='bbox 1581 1344 1713 1398; x_wconf 87' lang='lat' dir='ltr'><strong>Nam</strong></span> <span class='ocrx_word' id='word_1_105' title='bbox 1751 1360 1871 1399; x_wconf 93' lang='lat' dir='ltr'><strong>cum</strong></span> <span class='ocrx_word' id='word_1_106' title='bbox 1900 1344 2027 1398; x_wconf 88' lang='lat' dir='ltr'><strong>dicit</strong></span> <span class='ocrx_word' id='word_1_107' title='bbox 2067 1343 2217 1397; x_wconf 89' lang='lat' dir='ltr'><strong>Scri-</strong></span> 
     </span>
    </p>
   </div>
   <div class='ocr_carea' id='block_1_15' title="bbox 640 1432 2213 1505">
    <p class='ocr_par' dir='ltr' id='par_1_15' title="bbox 640 1432 2213 1505">
     <span class='ocr_line' id='line_1_15' title="bbox 640 1432 2213 1505; baseline -0.003 -16"><span class='ocrx_word' id='word_1_108' title='bbox 640 1446 798 1505; x_wconf 90' lang='lat' dir='ltr'><strong>ptura</strong></span> <span class='ocrx_word' id='word_1_109' title='bbox 826 1436 1203 1489; x_wconf 87' lang='lat' dir='ltr'><strong>bicameratam</strong></span> <span class='ocrx_word' id='word_1_110' title='bbox 1232 1444 1286 1488; x_wconf 90' lang='lat' dir='ltr'><strong>et</strong></span> <span class='ocrx_word' id='word_1_111' title='bbox 1314 1436 1709 1497; x_wconf 82' lang='lat' dir='ltr'><strong>tricameratam</strong></span> <span class='ocrx_word' id='word_1_112' title='bbox 1747 1449 1865 1489; x_wconf 90' lang='lat' dir='ltr'><strong>eam</strong></span> <span class='ocrx_word' id='word_1_113' title='bbox 1896 1433 2075 1497; x_wconf 83' lang='lat' dir='ltr'><strong>fuisse,</strong></span> <span class='ocrx_word' id='word_1_114' title='bbox 2107 1432 2213 1485; x_wconf 91' lang='lat' dir='ltr'><strong>uti-</strong></span> 
     </span>
    </p>
   </div>
   <div class='ocr_carea' id='block_1_16' title="bbox 636 1524 2215 1593">
    <p class='ocr_par' dir='ltr' id='par_1_16' title="bbox 636 1524 2215 1593">
     <span class='ocr_line' id='line_1_16' title="bbox 636 1524 2215 1593; baseline 0.001 -18"><span class='ocrx_word' id='word_1_115' title='bbox 636 1539 743 1591; x_wconf 89' lang='lat' dir='ltr'><strong>que</strong></span> <span class='ocrx_word' id='word_1_116' title='bbox 788 1525 1121 1579; x_wconf 88' lang='lat' dir='ltr'><strong>demonstrat</strong></span> <span class='ocrx_word' id='word_1_117' title='bbox 1158 1525 1354 1593; x_wconf 90' lang='lat' dir='ltr'><strong>triplici</strong></span> <span class='ocrx_word' id='word_1_118' title='bbox 1394 1524 1694 1579; x_wconf 90' lang='lat' dir='ltr'><strong>Divinitatis</strong></span> <span class='ocrx_word' id='word_1_119' title='bbox 1722 1524 1869 1577; x_wconf 89' lang='lat' dir='ltr'><strong>illam</strong></span> <span class='ocrx_word' id='word_1_120' title='bbox 1900 1524 2071 1591; x_wconf 91' lang='lat' dir='ltr'><strong>gratia</strong></span> <span class='ocrx_word' id='word_1_121' title='bbox 2098 1537 2215 1577; x_wconf 88' lang='lat' dir='ltr'><strong>esse</strong></span> 
     </span>
    </p>
   </div>
   <div class='ocr_carea' id='block_1_17' title="bbox 640 1612 2217 1693">
    <p class='ocr_par' dir='ltr' id='par_1_17' title="bbox 640 1612 2217 1693">
     <span class='ocr_line' id='line_1_17' title="bbox 640 1612 2217 1693; baseline -0.001 -27"><span class='ocrx_word' id='word_1_122' title='bbox 640 1613 965 1667; x_wconf 87' lang='lat' dir='ltr'><strong>distinctam.</strong></span> <span class='ocrx_word' id='word_1_123' title='bbox 1020 1615 1409 1668; x_wconf 79' lang='lat' dir='ltr'><strong>Annuntiamus</strong></span> <span class='ocrx_word' id='word_1_124' title='bbox 1450 1614 1629 1693; x_wconf 64' lang='lat' dir='ltr'><strong>igitur,</strong></span> <span class='ocrx_word' id='word_1_125' title='bbox 1681 1614 1817 1668; x_wconf 88' lang='lat' dir='ltr'><strong>sicut</strong></span> <span class='ocrx_word' id='word_1_126' title='bbox 1852 1613 1984 1677; x_wconf 81' lang='lat' dir='ltr'><strong>Noe,</strong></span> <span class='ocrx_word' id='word_1_127' title='bbox 2034 1612 2217 1666; x_wconf 89' lang='lat' dir='ltr'><strong>mundi</strong></span> 
     </span>
    </p>
   </div>
   <div class='ocr_carea' id='block_1_18' title="bbox 638 1694 2218 1771">
    <p class='ocr_par' dir='ltr' id='par_1_18' title="bbox 638 1694 2218 1771">
     <span class='ocr_line' id='line_1_18' title="bbox 638 1694 2218 1771; baseline 0 -16"><span class='ocrx_word' id='word_1_128' title='bbox 638 1703 871 1757; x_wconf 80' lang='lat' dir='ltr'><strong>futurum</strong></span> <span class='ocrx_word' id='word_1_129' title='bbox 903 1719 1020 1759; x_wconf 85' lang='lat' dir='ltr'><strong>esse</strong></span> <span class='ocrx_word' id='word_1_130' title='bbox 1061 1705 1412 1771; x_wconf 83' lang='lat' dir='ltr'><strong>nauiragium,</strong></span> <span class='ocrx_word' id='word_1_131' title='bbox 1445 1712 1499 1757; x_wconf 91' lang='lat' dir='ltr'><strong>et</strong></span> <span class='ocrx_word' id='word_1_132' title='bbox 1521 1694 1591 1756; x_wconf 78' lang='lat' dir='ltr'><strong>ad</strong></span> <span class='ocrx_word' id='word_1_133' title='bbox 1619 1704 1757 1756; x_wconf 91' lang='lat' dir='ltr'><strong>hanc</strong></span> <span class='ocrx_word' id='word_1_134' title='bbox 1785 1702 2001 1757; x_wconf 88' lang='lat' dir='ltr'><strong>domum</strong></span> <span class='ocrx_word' id='word_1_135' title='bbox 2028 1700 2218 1757; x_wconf 82' lang='lat' dir='ltr'><strong>confu-</strong></span> 
     </span>
    </p>
   </div>
   <div class='ocr_carea' id='block_1_19' title="bbox 639 1790 2217 1860">
    <p class='ocr_par' dir='ltr' id='par_1_19' title="bbox 639 1790 2217 1860">
     <span class='ocr_line' id='line_1_19' title="bbox 639 1790 2217 1860; baseline -0.003 -12"><span class='ocrx_word' id='word_1_136' title='bbox 639 1806 767 1860; x_wconf 82' lang='lat' dir='ltr'><strong>gere</strong></span> <span class='ocrx_word' id='word_1_137' title='bbox 796 1810 984 1851; x_wconf 85' lang='lat' dir='ltr'><strong>omnes</strong></span> <span class='ocrx_word' id='word_1_138' title='bbox 1010 1794 1255 1848; x_wconf 86' lang='lat' dir='ltr'><strong>homines</strong></span> <span class='ocrx_word' id='word_1_139' title='bbox 1282 1794 1648 1848; x_wconf 88' lang='lat' dir='ltr'><strong>admonemus.</strong></span> <span class='ocrx_word' id='word_1_140' title='bbox 1680 1791 1746 1844; x_wconf 90' lang='lat' dir='ltr'><strong>Et</strong></span> <span class='ocrx_word' id='word_1_141' title='bbox 1773 1793 1910 1847; x_wconf 89' lang='lat' dir='ltr'><strong>sicut</strong></span> <span class='ocrx_word' id='word_1_142' title='bbox 1939 1791 2050 1845; x_wconf 87' lang='lat' dir='ltr'><strong>Noe</strong></span> <span class='ocrx_word' id='word_1_143' title='bbox 2080 1790 2217 1845; x_wconf 78' lang='lat' dir='ltr'><strong>ﬁlios</strong></span> 
     </span>
    </p>
   </div>
   <div class='ocr_carea' id='block_1_20' title="bbox 2320 542 3910 611">
    <p class='ocr_par' dir='ltr' id='par_1_20' title="bbox 2320 542 3910 611">
     <span class='ocr_line' id='line_1_20' title="bbox 2320 542 3910 611; baseline -0.003 -14"><span class='ocrx_word' id='word_1_144' title='bbox 2320 545 2373 597; x_wconf 91' lang='lat' dir='ltr'><strong>in</strong></span> <span class='ocrx_word' id='word_1_145' title='bbox 2421 546 2521 599; x_wconf 88' lang='lat' dir='ltr'><strong>ista</strong></span> <span class='ocrx_word' id='word_1_146' title='bbox 2569 560 2691 599; x_wconf 89' lang='lat' dir='ltr'><strong>arca</strong></span> <span class='ocrx_word' id='word_1_147' title='bbox 2730 545 3019 611; x_wconf 86' lang='lat' dir='ltr'><strong>suscipere.</strong></span> <span class='ocrx_word' id='word_1_148' title='bbox 3051 542 3300 611; x_wconf 87' lang='lat' dir='ltr'><strong>Quisquis</strong></span> <span class='ocrx_word' id='word_1_149' title='bbox 3340 544 3483 597; x_wconf 85' lang='lat' dir='ltr'><strong>enim</strong></span> <span class='ocrx_word' id='word_1_150' title='bbox 3524 542 3581 595; x_wconf 85' lang='lat' dir='ltr'><strong>in</strong></span> <span class='ocrx_word' id='word_1_151' title='bbox 3623 544 3733 596; x_wconf 87' lang='lat' dir='ltr'><strong>hac</strong></span> <span class='ocrx_word' id='word_1_152' title='bbox 3763 542 3910 595; x_wconf 67' lang='lat' dir='ltr'><strong>dum</strong></span> 
     </span>
    </p>
   </div>
   <div class='ocr_carea' id='block_1_21' title="bbox 2320 628 3910 699">
    <p class='ocr_par' dir='ltr' id='par_1_21' title="bbox 2320 628 3910 699">
     <span class='ocr_line' id='line_1_21' title="bbox 2320 628 3910 699; baseline -0.001 -13"><span class='ocrx_word' id='word_1_153' title='bbox 2320 636 2432 687; x_wconf 86' lang='lat' dir='ltr'><strong>vult</strong></span> <span class='ocrx_word' id='word_1_154' title='bbox 2480 634 2722 687; x_wconf 87' lang='lat' dir='ltr'><strong>habitare</strong></span> <span class='ocrx_word' id='word_1_155' title='bbox 2770 634 3066 699; x_wconf 87' lang='lat' dir='ltr'><strong>nobiscum,</strong></span> <span class='ocrx_word' id='word_1_156' title='bbox 3100 640 3283 685; x_wconf 85' lang='lat' dir='ltr'><strong>noster</strong></span> <span class='ocrx_word' id='word_1_157' title='bbox 3314 640 3397 684; x_wconf 87' lang='lat' dir='ltr'><strong>est</strong></span> <span class='ocrx_word' id='word_1_158' title='bbox 3435 630 3599 683; x_wconf 75' lang='lat' dir='ltr'><strong>(ilius.</strong></span> <span class='ocrx_word' id='word_1_159' title='bbox 3648 628 3770 683; x_wconf 82' lang='lat' dir='ltr'><strong>Sed</strong></span> 
     </span>
    </p>
   </div>
   <div class='ocr_carea' id='block_1_22' title="bbox 2320 717 3910 791">
    <p class='ocr_par' dir='ltr' id='par_1_22' title="bbox 2320 717 3910 791">
     <span class='ocr_line' id='line_1_22' title="bbox 2320 717 3910 791; baseline -0.003 -16"><span class='ocrx_word' id='word_1_160' title='bbox 2320 724 2542 791; x_wconf 89' lang='lat' dir='ltr'><strong>aliquis,</strong></span> <span class='ocrx_word' id='word_1_161' title='bbox 2591 722 2646 775; x_wconf 92' lang='lat' dir='ltr'><strong>S.</strong></span> <span class='ocrx_word' id='word_1_162' title='bbox 2688 721 2800 775; x_wconf 84' lang='lat' dir='ltr'><strong>Noe</strong></span> <span class='ocrx_word' id='word_1_163' title='bbox 2842 720 3235 789; x_wconf 70' lang='lat' dir='ltr'><strong>praedicationis</strong></span> <span class='ocrx_word' id='word_1_164' title='bbox 3283 732 3471 771; x_wconf 85' lang='lat' dir='ltr'><strong>vocem</strong></span> <span class='ocrx_word' id='word_1_165' title='bbox 3522 718 3575 770; x_wconf 83' lang='lat' dir='ltr'><strong>in</strong></span> <span class='ocrx_word' id='word_1_166' title='bbox 3620 717 3910 785; x_wconf 63' lang='lat' dir='ltr'><strong>Scriptum</strong></span> 
     </span>
    </p>
   </div>
   <div class='ocr_carea' id='block_1_23' title="bbox 2320 808 3910 879">
    <p class='ocr_par' dir='ltr' id='par_1_23' title="bbox 2320 808 3910 879">
     <span class='ocr_line' id='line_1_23' title="bbox 2320 808 3910 879; baseline -0.003 -13"><span class='ocrx_word' id='word_1_167' title='bbox 2320 814 2538 866; x_wconf 91' lang='lat' dir='ltr'><strong>minime</strong></span> <span class='ocrx_word' id='word_1_168' title='bbox 2567 826 2684 866; x_wconf 89' lang='lat' dir='ltr'><strong>esse</strong></span> <span class='ocrx_word' id='word_1_169' title='bbox 2713 812 3050 879; x_wconf 86' lang='lat' dir='ltr'><strong>descriptam.</strong></span> <span class='ocrx_word' id='word_1_170' title='bbox 3091 809 3226 862; x_wconf 80' lang='lat' dir='ltr'><strong>Audi</strong></span> <span class='ocrx_word' id='word_1_171' title='bbox 3266 809 3444 875; x_wconf 89' lang='lat' dir='ltr'><strong>igitur,</strong></span> <span class='ocrx_word' id='word_1_172' title='bbox 3479 808 3599 862; x_wconf 85' lang='lat' dir='ltr'><strong>Noe</strong></span> <span class='ocrx_word' id='word_1_173' title='bbox 3631 810 3746 861; x_wconf 84' lang='lat' dir='ltr'><strong>etsi</strong></span> <span class='ocrx_word' id='word_1_174' title='bbox 3784 818 3910 861; x_wconf 57' lang='lat' dir='ltr'><strong>tace~</strong></span> 
     </span>
    </p>
   </div>
   <div class='ocr_carea' id='block_1_24' title="bbox 2321 899 3910 970">
    <p class='ocr_par' dir='ltr' id='par_1_24' title="bbox 2321 899 3910 970">
     <span class='ocr_line' id='line_1_24' title="bbox 2321 899 3910 970; baseline -0.002 -14"><span class='ocrx_word' id='word_1_175' title='bbox 2321 903 2414 957; x_wconf 92' lang='lat' dir='ltr'><strong>bat</strong></span> <span class='ocrx_word' id='word_1_176' title='bbox 2441 918 2592 967; x_wconf 89' lang='lat' dir='ltr'><strong>voce,</strong></span> <span class='ocrx_word' id='word_1_177' title='bbox 2623 916 2785 970; x_wconf 90' lang='lat' dir='ltr'><strong>opere</strong></span> <span class='ocrx_word' id='word_1_178' title='bbox 2814 900 3161 967; x_wconf 87' lang='lat' dir='ltr'><strong>loquebatur;</strong></span> <span class='ocrx_word' id='word_1_179' title='bbox 3203 900 3395 970; x_wconf 82' lang='lat' dir='ltr'><strong>silebat</strong></span> <span class='ocrx_word' id='word_1_180' title='bbox 3424 900 3638 966; x_wconf 86' lang='lat' dir='ltr'><strong>lingua,</strong></span> <span class='ocrx_word' id='word_1_181' title='bbox 3684 899 3910 953; x_wconf 54' lang='lat' dir='ltr'><strong>fabr-icta</strong></span> 
     </span>
    </p>
   </div>
   <div class='ocr_carea' id='block_1_25' title="bbox 2320 968 3910 1056">
    <p class='ocr_par' dir='ltr' id='par_1_25' title="bbox 2320 968 3910 1056">
     <span class='ocr_line' id='line_1_25' title="bbox 2320 968 3910 1056; baseline -0.003 -12"><span class='ocrx_word' id='word_1_182' title='bbox 2320 992 2467 1044; x_wconf 88' lang='lat' dir='ltr'><strong>tione</strong></span> <span class='ocrx_word' id='word_1_183' title='bbox 2515 968 2797 1044; x_wconf 80' lang='lat' dir='ltr'><strong>clamabat.</strong></span> <span class='ocrx_word' id='word_1_184' title='bbox 2851 987 2978 1040; x_wconf 88' lang='lat' dir='ltr'><strong>Nam</strong></span> <span class='ocrx_word' id='word_1_185' title='bbox 3027 988 3208 1055; x_wconf 89' lang='lat' dir='ltr'><strong>utique</strong></span> <span class='ocrx_word' id='word_1_186' title='bbox 3253 968 3373 1041; x_wconf 76' lang='lat' dir='ltr'><strong>cum</strong></span> <span class='ocrx_word' id='word_1_187' title='bbox 3417 997 3758 1056; x_wconf 83' lang='lat' dir='ltr'><strong>operaretur</strong></span> <span class='ocrx_word' id='word_1_188' title='bbox 3794 1004 3910 1056; x_wconf 71' lang='lat' dir='ltr'><strong>opu</strong></span> 
     </span>
    </p>
   </div>
   <div class='ocr_carea' id='block_1_26' title="bbox 2322 1076 3910 1145">
    <p class='ocr_par' dir='ltr' id='par_1_26' title="bbox 2322 1076 3910 1145">
     <span class='ocr_line' id='line_1_26' title="bbox 2322 1076 3910 1145; baseline -0.003 -14"><span class='ocrx_word' id='word_1_189' title='bbox 2322 1094 2546 1143; x_wconf 90' lang='lat' dir='ltr'><strong>novum,</strong></span> <span class='ocrx_word' id='word_1_190' title='bbox 2589 1087 2643 1131; x_wconf 90' lang='lat' dir='ltr'><strong>et</strong></span> <span class='ocrx_word' id='word_1_191' title='bbox 2686 1076 2816 1130; x_wconf 89' lang='lat' dir='ltr'><strong>nulli</strong></span> <span class='ocrx_word' id='word_1_192' title='bbox 2854 1076 3138 1143; x_wconf 87' lang='lat' dir='ltr'><strong>aliquando</strong></span> <span class='ocrx_word' id='word_1_193' title='bbox 3174 1084 3538 1145; x_wconf 87' lang='lat' dir='ltr'><strong>compertum,</strong></span> <span class='ocrx_word' id='word_1_194' title='bbox 3586 1077 3910 1131; x_wconf 67' lang='lat' dir='ltr'><strong>admonebat.</strong></span> 
     </span>
    </p>
   </div>
   <div class='ocr_carea' id='block_1_27' title="bbox 2322 1166 3901 1235">
    <p class='ocr_par' dir='ltr' id='par_1_27' title="bbox 2322 1166 3901 1235">
     <span class='ocr_line' id='line_1_27' title="bbox 2322 1166 3901 1235; baseline -0.003 -14"><span class='ocrx_word' id='word_1_195' title='bbox 2322 1176 2541 1223; x_wconf 81' lang='lat' dir='ltr'><strong>cunctos</strong></span> <span class='ocrx_word' id='word_1_196' title='bbox 2596 1168 2747 1220; x_wconf 90' lang='lat' dir='ltr'><strong>novis</strong></span> <span class='ocrx_word' id='word_1_197' title='bbox 2775 1166 3024 1235; x_wconf 90' lang='lat' dir='ltr'><strong>periculis</strong></span> <span class='ocrx_word' id='word_1_198' title='bbox 3054 1181 3188 1219; x_wconf 88' lang='lat' dir='ltr'><strong>nova</strong></span> <span class='ocrx_word' id='word_1_199' title='bbox 3219 1166 3566 1220; x_wconf 71' lang='lat' dir='ltr'><strong>taberﬁacula</strong></span> <span class='ocrx_word' id='word_1_200' title='bbox 3597 1170 3901 1235; x_wconf 62' lang='grc' dir='ltr'><strong>ριπψδηη</strong></span> 
     </span>
    </p>
   </div>
   <div class='ocr_carea' id='block_1_28' title="bbox 2324 1252 3910 1323">
    <p class='ocr_par' dir='ltr' id='par_1_28' title="bbox 2324 1252 3910 1323">
     <span class='ocr_line' id='line_1_28' title="bbox 2324 1252 3910 1323; baseline 0 -16"><span class='ocrx_word' id='word_1_201' title='bbox 2324 1255 2663 1323; x_wconf 88' lang='lat' dir='ltr'><strong>Loquebatur</strong></span> <span class='ocrx_word' id='word_1_202' title='bbox 2702 1267 2829 1320; x_wconf 90' lang='lat' dir='ltr'><strong>ergo</strong></span> <span class='ocrx_word' id='word_1_203' title='bbox 2869 1269 3034 1322; x_wconf 91' lang='lat' dir='ltr'><strong>opere</strong></span> <span class='ocrx_word' id='word_1_204' title='bbox 3064 1252 3109 1316; x_wconf 71' lang='grc' dir='ltr'><strong>δ,</strong></span> <span class='ocrx_word' id='word_1_205' title='bbox 3142 1262 3195 1307; x_wconf 93' lang='lat' dir='ltr'><strong>et</strong></span> <span class='ocrx_word' id='word_1_206' title='bbox 3223 1253 3434 1307; x_wconf 89' lang='lat' dir='ltr'><strong>dicebat</strong></span> <span class='ocrx_word' id='word_1_207' title='bbox 3475 1254 3609 1307; x_wconf 89' lang='lat' dir='ltr'><strong>illud</strong></span> <span class='ocrx_word' id='word_1_208' title='bbox 3650 1258 3910 1322; x_wconf 74' lang='lat' dir='ltr'><strong>evangeli-</strong></span> 
     </span>
    </p>
   </div>
   <div class='ocr_carea' id='block_1_29' title="bbox 2324 1338 3910 1412">
    <p class='ocr_par' dir='ltr' id='par_1_29' title="bbox 2324 1338 3910 1412">
     <span class='ocr_line' id='line_1_29' title="bbox 2324 1338 3910 1412; baseline -0.003 -15"><span class='ocrx_word' id='word_1_209' title='bbox 2324 1359 2445 1397; x_wconf 90' lang='lat' dir='ltr'><strong>cum</strong></span> <span class='ocrx_word' id='word_1_210' title='bbox 2475 1343 2682 1396; x_wconf 86' lang='lat' dir='ltr'><strong>Domini</strong></span> <span class='ocrx_word' id='word_1_211' title='bbox 2710 1342 2909 1395; x_wconf 90' lang='lat' dir='ltr'><strong>dictum</strong></span> <span class='ocrx_word' id='word_1_212' title='bbox 2946 1359 2957 1392; x_wconf 88' lang='lat'><strong>:</strong></span> <span class='ocrx_word' id='word_1_213' title='bbox 2994 1340 3056 1394; x_wconf 90' lang='lat' dir='ltr'><strong>Si</strong></span> <span class='ocrx_word' id='word_1_214' title='bbox 3089 1342 3213 1393; x_wconf 85' lang='lat' dir='ltr'><strong>mihi</strong></span> <span class='ocrx_word' id='word_1_215' title='bbox 3256 1357 3356 1393; x_wconf 86' lang='lat' dir='ltr'><strong>non</strong></span> <span class='ocrx_word' id='word_1_216' title='bbox 3398 1338 3636 1405; x_wconf 73' lang='lat' dir='ltr'><strong>creditis,</strong></span> <span class='ocrx_word' id='word_1_217' title='bbox 3681 1344 3910 1412; x_wconf 63' lang='lat' dir='ltr'><strong>operibus</strong></span> 
     </span>
    </p>
   </div>
   <div class='ocr_carea' id='block_1_30' title="bbox 2320 1430 3910 1500">
    <p class='ocr_par' dir='ltr' id='par_1_30' title="bbox 2320 1430 3910 1500">
     <span class='ocr_line' id='line_1_30' title="bbox 2320 1430 3910 1500; baseline -0.001 -16"><span class='ocrx_word' id='word_1_218' title='bbox 2320 1434 2510 1485; x_wconf 78' lang='lat' dir='ltr'><strong>credite</strong></span> <span class='ocrx_word' id='word_1_219' title='bbox 2551 1432 2737 1500; x_wconf 63' lang='grc' dir='ltr'><strong>(Ιοαη.Δ</strong></span> <span class='ocrx_word' id='word_1_220' title='bbox 2774 1430 2853 1499; x_wconf 84' lang='lat' dir='ltr'><strong>x),</strong></span> <span class='ocrx_word' id='word_1_221' title='bbox 2918 1438 2971 1484; x_wconf 92' lang='lat' dir='ltr'><strong>et</strong></span> <span class='ocrx_word' id='word_1_222' title='bbox 3016 1430 3287 1485; x_wconf 88' lang='lat' dir='ltr'><strong>credendo</strong></span> <span class='ocrx_word' id='word_1_223' title='bbox 3337 1432 3643 1499; x_wconf 88' lang='lat' dir='ltr'><strong>periculum</strong></span> <span class='ocrx_word' id='word_1_224' title='bbox 3695 1432 3910 1485; x_wconf 66' lang='lat' dir='ltr'><strong>evndem</strong></span> 
     </span>
    </p>
   </div>
   <div class='ocr_carea' id='block_1_31' title="bbox 2320 1520 3910 1591">
    <p class='ocr_par' dir='ltr' id='par_1_31' title="bbox 2320 1520 3910 1591">
     <span class='ocr_line' id='line_1_31' title="bbox 2320 1520 3910 1591; baseline -0.003 -16"><span class='ocrx_word' id='word_1_225' title='bbox 2320 1523 2583 1591; x_wconf 86' lang='lat' dir='ltr'><strong>poteritis,</strong></span> <span class='ocrx_word' id='word_1_226' title='bbox 2616 1529 2900 1591; x_wconf 69' lang='lat' dir='ltr'><strong>prtestantc</strong></span> <span class='ocrx_word' id='word_1_227' title='bbox 2929 1521 3154 1575; x_wconf 89' lang='lat' dir='ltr'><strong>Domino</strong></span> <span class='ocrx_word' id='word_1_228' title='bbox 3186 1529 3371 1575; x_wconf 91' lang='lat' dir='ltr'><strong>nostro</strong></span> <span class='ocrx_word' id='word_1_229' title='bbox 3401 1520 3531 1575; x_wconf 87' lang='lat' dir='ltr'><strong>Jcsu</strong></span> <span class='ocrx_word' id='word_1_230' title='bbox 3550 1520 3804 1583; x_wconf 71' lang='lat' dir='ltr'><strong>Christo,</strong></span> <span class='ocrx_word' id='word_1_231' title='bbox 3836 1520 3910 1588; x_wconf 57' lang='lat' dir='ltr'><strong>qui:</strong></span> 
     </span>
    </p>
   </div>
   <div class='ocr_carea' id='block_1_32' title="bbox 2320 1608 3910 1678">
    <p class='ocr_par' dir='ltr' id='par_1_32' title="bbox 2320 1608 3910 1678">
     <span class='ocr_line' id='line_1_32' title="bbox 2320 1608 3910 1678; baseline -0.001 -13"><span class='ocrx_word' id='word_1_232' title='bbox 2320 1612 2453 1665; x_wconf 85' lang='lat' dir='ltr'><strong>vivit</strong></span> <span class='ocrx_word' id='word_1_233' title='bbox 2474 1620 2528 1664; x_wconf 89' lang='lat' dir='ltr'><strong>et</strong></span> <span class='ocrx_word' id='word_1_234' title='bbox 2556 1618 2741 1678; x_wconf 80' lang='lat' dir='ltr'><strong>regnat</strong></span> <span class='ocrx_word' id='word_1_235' title='bbox 2770 1625 2888 1665; x_wconf 90' lang='lat' dir='ltr'><strong>cum</strong></span> <span class='ocrx_word' id='word_1_236' title='bbox 2918 1608 3075 1664; x_wconf 87' lang='lat' dir='ltr'><strong>Patre</strong></span> <span class='ocrx_word' id='word_1_237' title='bbox 3104 1618 3157 1665; x_wconf 93' lang='lat' dir='ltr'><strong>et</strong></span> <span class='ocrx_word' id='word_1_238' title='bbox 3178 1609 3381 1678; x_wconf 85' lang='lat' dir='ltr'><strong>Spiritu</strong></span> <span class='ocrx_word' id='word_1_239' title='bbox 3411 1619 3609 1665; x_wconf 88' lang='lat' dir='ltr'><strong>sancto</strong></span> <span class='ocrx_word' id='word_1_240' title='bbox 3641 1612 3698 1664; x_wconf 87' lang='lat' dir='ltr'><strong>in</strong></span> <span class='ocrx_word' id='word_1_241' title='bbox 3727 1612 3910 1665; x_wconf 62' lang='lat' dir='ltr'><strong>secula</strong></span> 
     </span>
    </p>
   </div>
   <div class='ocr_carea' id='block_1_33' title="bbox 2321 1700 2877 1755">
    <p class='ocr_par' dir='ltr' id='par_1_33' title="bbox 2321 1700 2877 1755">
     <span class='ocr_line' id='line_1_33' title="bbox 2321 1700 2877 1755; baseline -0.002 -1"><span class='ocrx_word' id='word_1_242' title='bbox 2321 1700 2655 1755; x_wconf 70' lang='lat' dir='ltr'><strong>steculorum.</strong></span> <span class='ocrx_word' id='word_1_243' title='bbox 2688 1700 2877 1754; x_wconf 81' lang='lat' dir='ltr'><strong>Amen.</strong></span> 
     </span>
    </p>
   </div>
   <div class='ocr_carea' id='block_1_34' title="bbox 2024 1878 2511 1939">
    <p class='ocr_par' dir='ltr' id='par_1_34' title="bbox 2024 1878 2511 1939">
     <span class='ocr_line' id='line_1_34' title="bbox 2024 1878 2511 1939; baseline -0.004 0"><span class='ocrx_word' id='word_1_244' title='bbox 2024 1878 2290 1939; x_wconf 77' lang='lat' dir='ltr'><strong>SERMO</strong></span> <span class='ocrx_word' id='word_1_245' title='bbox 2336 1879 2511 1939; x_wconf 76' lang='lat' dir='ltr'><strong>XXI.</strong></span> 
     </span>
    </p>
   </div>
   <div class='ocr_carea' id='block_1_35' title="bbox 1916 1976 2628 2047">
    <p class='ocr_par' dir='ltr' id='par_1_35' title="bbox 1916 1976 2628 2047">
     <span class='ocr_line' id='line_1_35' title="bbox 1916 1976 2628 2047; baseline -0.003 -15"><span class='ocrx_word' id='word_1_246' title='bbox 1916 1979 1995 2033; x_wconf 89' lang='lat' dir='ltr'><strong>De</strong></span> <span class='ocrx_word' id='word_1_247' title='bbox 2036 1978 2451 2047; x_wconf 83' lang='lat' dir='ltr'><strong>Quadragesima</strong></span> <span class='ocrx_word' id='word_1_248' title='bbox 2497 1976 2628 2031; x_wconf 85' lang='lat' dir='ltr'><strong>VII.</strong></span> 
     </span>
    </p>
   </div>
   <div class='ocr_carea' id='block_1_36' title="bbox 2064 2066 2451 2120">
    <p class='ocr_par' dir='ltr' id='par_1_36' title="bbox 2064 2066 2451 2120">
     <span class='ocr_line' id='line_1_36' title="bbox 2064 2066 2451 2120; baseline -0.003 -1"><span class='ocrx_word' id='word_1_249' title='bbox 2064 2066 2451 2120; x_wconf 76' lang='lat' dir='ltr'><strong>ADMONITIO.</strong></span> 
     </span>
    </p>
   </div>
   <div class='ocr_carea' id='block_1_37' title="bbox 713 2151 3910 2235">
    <p class='ocr_par' dir='ltr' id='par_1_37' title="bbox 713 2151 3910 2235">
     <span class='ocr_line' id='line_1_37' title="bbox 713 2151 3910 2235; baseline -0.005 -15"><span class='ocrx_word' id='word_1_250' title='bbox 713 2161 869 2235; x_wconf 60' lang='lat'><strong>5.51</strong></span> <span class='ocrx_word' id='word_1_251' title='bbox 901 2164 1246 2235; x_wconf 52' lang='lat' dir='ltr'><strong>Superiogem</strong></span> <span class='ocrx_word' id='word_1_252' title='bbox 1265 2160 1543 2235; x_wconf 70' lang='lat' dir='ltr'><strong>excipitin</strong></span> <span class='ocrx_word' id='word_1_253' title='bbox 1572 2159 1766 2235; x_wconf 76' lang='lat' dir='ltr'><strong>codice</strong></span> <span class='ocrx_word' id='word_1_254' title='bbox 1786 2156 2097 2235; x_wconf 42' lang='lat' dir='ltr'><strong>Tauizinensi</strong></span> <span class='ocrx_word' id='word_1_255' title='bbox 2127 2156 2214 2235; x_wconf 64' lang='lat' dir='ltr'><strong>hic</strong></span> <span class='ocrx_word' id='word_1_256' title='bbox 2242 2168 2436 2235; x_wconf 81' lang='lat' dir='ltr'><strong>sermo,</strong></span> <span class='ocrx_word' id='word_1_257' title='bbox 2469 2168 2575 2221; x_wconf 92' lang='lat' dir='ltr'><strong>quo</strong></span> <span class='ocrx_word' id='word_1_258' title='bbox 2604 2153 2654 2205; x_wconf 89' lang='lat' dir='ltr'><strong>in</strong></span> <span class='ocrx_word' id='word_1_259' title='bbox 2674 2152 2867 2235; x_wconf 61' lang='lat' dir='ltr'><strong>codice</strong></span> <span class='ocrx_word' id='word_1_260' title='bbox 2897 2153 3201 2235; x_wconf 53' lang='lat' dir='ltr'><strong>inscribitur</strong></span> <span class='ocrx_word' id='word_1_261' title='bbox 3221 2172 3237 2235; x_wconf 61' lang='grc' dir='ltr'><em>ξ</em></span> <span class='ocrx_word' id='word_1_262' title='bbox 3262 2152 3405 2235; x_wconf 65' lang='lat' dir='ltr'><strong>Item</strong></span> <span class='ocrx_word' id='word_1_263' title='bbox 3432 2154 3575 2235; x_wconf 65' lang='lat' dir='ltr'><strong>etde</strong></span> <span class='ocrx_word' id='word_1_264' title='bbox 3611 2151 3910 2235; x_wconf 40' lang='lat' dir='ltr'><strong>Quadrag-</strong></span> 
     </span>
    </p>
   </div>
   <div class='ocr_carea' id='block_1_38' title="bbox 638 2220 3901 2299">
    <p class='ocr_par' dir='ltr' id='par_1_38' title="bbox 638 2220 3901 2299">
     <span class='ocr_line' id='line_1_38' title="bbox 638 2220 3901 2299; baseline -0.005 -11"><span class='ocrx_word' id='word_1_265' title='bbox 638 2220 959 2288; x_wconf 58' lang='grc' dir='ltr'><strong>ιπηιῖἧῖηηο</strong></span> <span class='ocrx_word' id='word_1_266' title='bbox 981 2220 1081 2285; x_wconf 69' lang='lat' dir='ltr'><em>XX</em></span> <span class='ocrx_word' id='word_1_267' title='bbox 1092 2231 1194 2285; x_wconf 83' lang='lat' dir='ltr'><strong>IX.</strong></span> <span class='ocrx_word' id='word_1_268' title='bbox 1222 2220 1400 2299; x_wconf 77' lang='lat' dir='ltr'><strong>Atque</strong></span> <span class='ocrx_word' id='word_1_269' title='bbox 1423 2228 1809 2299; x_wconf 7' lang='lat' dir='ltr'><strong>adnotatumqin</strong></span> <span class='ocrx_word' id='word_1_270' title='bbox 1830 2225 2017 2299; x_wconf 77' lang='lat' dir='ltr'><strong>eodem</strong></span> <span class='ocrx_word' id='word_1_271' title='bbox 2042 2224 2223 2279; x_wconf 87' lang='lat' dir='ltr'><strong>codice</strong></span> <span class='ocrx_word' id='word_1_272' title='bbox 2245 2232 2347 2299; x_wconf 74' lang='lat' dir='ltr'><strong>est,</strong></span> <span class='ocrx_word' id='word_1_273' title='bbox 2374 2220 2649 2299; x_wconf 61' lang='lat' dir='ltr'><strong>sermones</strong></span> <span class='ocrx_word' id='word_1_274' title='bbox 2672 2220 2761 2299; x_wconf 60' lang='grc' dir='ltr'><strong>βο,</strong></span> <span class='ocrx_word' id='word_1_275' title='bbox 2788 2221 2877 2299; x_wconf 72' lang='lat'><strong>3|,</strong></span> <span class='ocrx_word' id='word_1_276' title='bbox 2900 2222 2984 2299; x_wconf 44' lang='lat'><strong>5:2,</strong></span> <span class='ocrx_word' id='word_1_277' title='bbox 3011 2222 3081 2275; x_wconf 76' lang='grc'><strong>55</strong></span> <span class='ocrx_word' id='word_1_278' title='bbox 3095 2233 3155 2299; x_wconf 87' lang='lat' dir='ltr'><strong>et_</strong></span> <span class='ocrx_word' id='word_1_279' title='bbox 3260 2222 3623 2299; x_wconf 64' lang='lat' dir='ltr'><strong>intercidisse.</strong></span> <span class='ocrx_word' id='word_1_280' title='bbox 3650 2220 3774 2275; x_wconf 82' lang='lat' dir='ltr'><strong>Jam</strong></span> <span class='ocrx_word' id='word_1_281' title='bbox 3795 2220 3901 2271; x_wconf 67' lang='lat' dir='ltr'><strong>rem</strong></span> 
     </span>
    </p>
   </div>
   <div class='ocr_carea' id='block_1_39' title="bbox 639 2290 3910 2369">
    <p class='ocr_par' dir='ltr' id='par_1_39' title="bbox 639 2290 3910 2369">
     <span class='ocr_line' id='line_1_39' title="bbox 639 2290 3910 2369; baseline -0.005 -14"><span class='ocrx_word' id='word_1_282' title='bbox 639 2304 745 2366; x_wconf 86' lang='lat' dir='ltr'><strong>hic,</strong></span> <span class='ocrx_word' id='word_1_283' title='bbox 777 2318 934 2369; x_wconf 88' lang='lat' dir='ltr'><strong>quem</strong></span> <span class='ocrx_word' id='word_1_284' title='bbox 964 2303 1203 2369; x_wconf 84' lang='lat' dir='ltr'><strong>proxime</strong></span> <span class='ocrx_word' id='word_1_285' title='bbox 1228 2290 1431 2359; x_wconf 83' lang='lat' dir='ltr'><strong>damus.</strong></span> <span class='ocrx_word' id='word_1_286' title='bbox 1461 2299 1515 2369; x_wconf 89' lang='lat' dir='ltr'><strong>in</strong></span> <span class='ocrx_word' id='word_1_287' title='bbox 1543 2296 1890 2369; x_wconf 61' lang='lat' dir='ltr'><strong>appendicem</strong></span> <span class='ocrx_word' id='word_1_288' title='bbox 1914 2296 2212 2369; x_wconf 59' lang='lat' dir='ltr'><strong>adtnmum</strong></span> <span class='ocrx_word' id='word_1_289' title='bbox 2316 2305 2537 2369; x_wconf 83' lang='lat' dir='ltr'><strong>operum</strong></span> <span class='ocrx_word' id='word_1_290' title='bbox 2568 2290 2620 2343; x_wconf 91' lang='lat' dir='ltr'><strong>S.</strong></span> <span class='ocrx_word' id='word_1_291' title='bbox 2656 2290 2938 2369; x_wconf 64' lang='lat' dir='ltr'><strong>Augustini</strong></span> <span class='ocrx_word' id='word_1_292' title='bbox 2969 2307 3113 2365; x_wconf 86' lang='lat' dir='ltr'><strong>num.</strong></span> <span class='ocrx_word' id='word_1_293' title='bbox 3132 2290 3236 2342; x_wconf 73' lang='grc'><strong>144</strong></span> <span class='ocrx_word' id='word_1_294' title='bbox 3265 2291 3503 2369; x_wconf 77' lang='lat' dir='ltr'><strong>rejectus</strong></span> <span class='ocrx_word' id='word_1_295' title='bbox 3672 2306 3701 2369; x_wconf 90' lang='lat' dir='ltr'><strong>a</strong></span> <span class='ocrx_word' id='word_1_296' title='bbox 3734 2306 3910 2369; x_wconf 49' lang='lat' dir='ltr'><strong>itione-</strong></span> 
     </span>
    </p>
   </div>
   <div class='ocr_carea' id='block_1_40' title="bbox 638 2359 3901 2434">
    <p class='ocr_par' dir='ltr' id='par_1_40' title="bbox 638 2359 3901 2434">
     <span class='ocr_line' id='line_1_40' title="bbox 638 2359 3901 2434; baseline -0.006 -9"><span class='ocrx_word' id='word_1_297' title='bbox 638 2359 752 2425; x_wconf 81' lang='lat' dir='ltr'><strong>chis</strong></span> <span class='ocrx_word' id='word_1_298' title='bbox 784 2359 1136 2424; x_wconf 76' lang='lat' dir='ltr'><strong>Benedictinls</strong></span> <span class='ocrx_word' id='word_1_299' title='bbox 1166 2359 1595 2434; x_wconf 78' lang='lat' dir='ltr'><strong>congregationis</strong></span> <span class='ocrx_word' id='word_1_300' title='bbox 1616 2359 1688 2419; x_wconf 54' lang='lat' dir='ltr'><strong>&#39;S.</strong></span> <span class='ocrx_word' id='word_1_301' title='bbox 1723 2364 1907 2416; x_wconf 85' lang='lat' dir='ltr'><strong>Mauri.</strong></span> <span class='ocrx_word' id='word_1_302' title='bbox 1933 2361 2206 2434; x_wconf 7' lang='lat' dir='ltr'><strong>‘Hiqneque</strong></span> <span class='ocrx_word' id='word_1_303' title='bbox 2238 2360 2539 2421; x_wconf 83' lang='lat' dir='ltr'><strong>Ambrosio,</strong></span> <span class='ocrx_word' id='word_1_304' title='bbox 2572 2374 2747 2434; x_wconf 67' lang='lat' dir='ltr'><strong>neque</strong></span> <span class='ocrx_word' id='word_1_305' title='bbox 2762 2359 3110 2434; x_wconf 70' lang='lat' dir='ltr'><strong>llieronymo,</strong></span> <span class='ocrx_word' id='word_1_306' title='bbox 3136 2359 3644 2434; x_wconf 36' lang='lat' dir='ltr'><strong>nequejugustino</strong></span> <span class='ocrx_word' id='word_1_307' title='bbox 3678 2360 3901 2434; x_wconf 67' lang='lat' dir='ltr'><strong>tribues-</strong></span> 
     </span>
    </p>
   </div>
   <div class='ocr_carea' id='block_1_41' title="bbox 639 2427 3903 2501">
    <p class='ocr_par' dir='ltr' id='par_1_41' title="bbox 639 2427 3903 2501">
     <span class='ocr_line' id='line_1_41' title="bbox 639 2427 3903 2501; baseline -0.005 -9"><span class='ocrx_word' id='word_1_308' title='bbox 639 2441 765 2493; x_wconf 90' lang='lat' dir='ltr'><strong>dum</strong></span> <span class='ocrx_word' id='word_1_309' title='bbox 796 2441 1146 2501; x_wconf 85' lang='lat' dir='ltr'><strong>arbitrantur;</strong></span> <span class='ocrx_word' id='word_1_310' title='bbox 1191 2427 1298 2489; x_wconf 67' lang='lat' dir='ltr'><strong>nec</strong></span> <span class='ocrx_word' id='word_1_311' title='bbox 1328 2427 1503 2488; x_wconf 45' lang='lat' dir='ltr'><strong>ta&#39;men</strong></span> <span class='ocrx_word' id='word_1_312' title='bbox 1532 2434 1729 2488; x_wconf 87' lang='lat' dir='ltr'><strong>docent</strong></span> <span class='ocrx_word' id='word_1_313' title='bbox 1753 2434 1961 2501; x_wconf 85' lang='lat' dir='ltr'><strong>cuinam</strong></span> <span class='ocrx_word' id='word_1_314' title='bbox 2001 2427 2211 2485; x_wconf 87' lang='lat' dir='ltr'><strong>demum</strong></span> <span class='ocrx_word' id='word_1_315' title='bbox 2243 2436 2493 2501; x_wconf 80' lang='lat' dir='ltr'><strong>acceptus</strong></span> <span class='ocrx_word' id='word_1_316' title='bbox 2530 2428 2717 2501; x_wconf 79' lang='lat' dir='ltr'><strong>referri</strong></span> <span class='ocrx_word' id='word_1_317' title='bbox 2744 2427 2983 2501; x_wconf 50' lang='lat' dir='ltr'><strong>debeatf</strong></span> <span class='ocrx_word' id='word_1_318' title='bbox 3004 2427 3069 2480; x_wconf 88' lang='lat' dir='ltr'><strong>Ut</strong></span> <span class='ocrx_word' id='word_1_319' title='bbox 3108 2439 3286 2501; x_wconf 71' lang='lat' dir='ltr'><strong>autem</strong></span> <span class='ocrx_word' id='word_1_320' title='bbox 3311 2428 3552 2501; x_wconf 73' lang='lat' dir='ltr'><strong>Maximo</strong></span> <span class='ocrx_word' id='word_1_321' title='bbox 3582 2428 3903 2501; x_wconf 77' lang='lat' dir='ltr'><strong>ascribamus</strong></span> 
     </span>
    </p>
   </div>
   <div class='ocr_carea' id='block_1_42' title="bbox 638 2492 3901 2570">
    <p class='ocr_par' dir='ltr' id='par_1_42' title="bbox 638 2492 3901 2570">
     <span class='ocr_line' id='line_1_42' title="bbox 638 2492 3901 2570; baseline -0.006 -9"><span class='ocrx_word' id='word_1_322' title='bbox 638 2492 738 2562; x_wconf 79' lang='lat' dir='ltr'><strong>nus</strong></span> <span class='ocrx_word' id='word_1_323' title='bbox 765 2518 944 2561; x_wconf 89' lang='lat' dir='ltr'><strong>movet</strong></span> <span class='ocrx_word' id='word_1_324' title='bbox 972 2492 1169 2561; x_wconf 78' lang='lat' dir='ltr'><strong>codicis</strong></span> <span class='ocrx_word' id='word_1_325' title='bbox 1198 2503 1558 2569; x_wconf 79' lang='lat' dir='ltr'><strong>Tauriuensis,</strong></span> <span class='ocrx_word' id='word_1_326' title='bbox 1590 2496 1926 2570; x_wconf 49' lang='lat' dir='ltr'><strong>cujus&#39;paulo</strong></span> <span class='ocrx_word' id='word_1_327' title='bbox 1958 2509 2080 2553; x_wconf 89' lang='lat' dir='ltr'><strong>ante</strong></span> <span class='ocrx_word' id='word_1_328' title='bbox 2109 2492 2466 2557; x_wconf 74' lang='lat' dir='ltr'><strong>meminimus,</strong></span> <span class='ocrx_word' id='word_1_329' title='bbox 2504 2497 2812 2570; x_wconf 52' lang='lat' dir='ltr'><strong>auctoritas.</strong></span> <span class='ocrx_word' id='word_1_330' title='bbox 2856 2494 3169 2570; x_wconf 75' lang='lat' dir='ltr'><strong>Quanquam</strong></span> <span class='ocrx_word' id='word_1_331' title='bbox 3201 2492 3328 2570; x_wconf 68' lang='lat' dir='ltr'><strong>illud</strong></span> <span class='ocrx_word' id='word_1_332' title='bbox 3369 2497 3532 2548; x_wconf 91' lang='lat' dir='ltr'><strong>etiam</strong></span> <span class='ocrx_word' id='word_1_333' title='bbox 3562 2496 3821 2551; x_wconf 88' lang='lat' dir='ltr'><strong>accedat.</strong></span> <span class='ocrx_word' id='word_1_334' title='bbox 3839 2500 3901 2570; x_wconf 52' lang='lat' dir='ltr'><strong>ab</strong></span> 
     </span>
    </p>
   </div>
   <div class='ocr_carea' id='block_1_43' title="bbox 638 2562 3902 2641">
    <p class='ocr_par' dir='ltr' id='par_1_43' title="bbox 638 2562 3902 2641">
     <span class='ocr_line' id='line_1_43' title="bbox 638 2562 3902 2641; baseline -0.005 -12"><span class='ocrx_word' id='word_1_335' title='bbox 638 2592 704 2629; x_wconf 92' lang='lat' dir='ltr'><strong>eo</strong></span> <span class='ocrx_word' id='word_1_336' title='bbox 732 2584 949 2630; x_wconf 89' lang='lat' dir='ltr'><strong>auctore</strong></span> <span class='ocrx_word' id='word_1_337' title='bbox 975 2577 1114 2628; x_wconf 91' lang='lat' dir='ltr'><strong>hunc</strong></span> <span class='ocrx_word' id='word_1_338' title='bbox 1143 2574 1496 2641; x_wconf 84' lang='lat' dir='ltr'><strong>compositum</strong></span> <span class='ocrx_word' id='word_1_339' title='bbox 1523 2562 1709 2631; x_wconf 69' lang='lat' dir='ltr'><strong>videri,</strong></span> <span class='ocrx_word' id='word_1_340' title='bbox 1739 2562 1901 2641; x_wconf 57' lang='lat' dir='ltr'><strong>a&#39;quo</strong></span> <span class='ocrx_word' id='word_1_341' title='bbox 1926 2569 2251 2641; x_wconf 78' lang='lat' dir='ltr'><strong>perscriptus</strong></span> <span class='ocrx_word' id='word_1_342' title='bbox 2280 2574 2361 2619; x_wconf 88' lang='lat' dir='ltr'><strong>est</strong></span> <span class='ocrx_word' id='word_1_343' title='bbox 2388 2574 2610 2641; x_wconf 78' lang='lat' dir='ltr'><strong>quartus</strong></span> <span class='ocrx_word' id='word_1_344' title='bbox 2636 2564 2714 2619; x_wconf 86' lang='lat' dir='ltr'><strong>De</strong></span> <span class='ocrx_word' id='word_1_345' title='bbox 2742 2562 3168 2634; x_wconf 71' lang='lat' dir='ltr'><strong>Quadragesima.</strong></span> <span class='ocrx_word' id='word_1_346' title='bbox 3198 2564 3458 2629; x_wconf 88' lang='lat' dir='ltr'><strong>Quartum</strong></span> <span class='ocrx_word' id='word_1_347' title='bbox 3484 2572 3673 2617; x_wconf 88' lang='lat' dir='ltr'><strong>autem</strong></span> <span class='ocrx_word' id='word_1_348' title='bbox 3706 2580 3738 2615; x_wconf 87' lang='lat' dir='ltr'><strong>a</strong></span> <span class='ocrx_word' id='word_1_349' title='bbox 3765 2565 3902 2616; x_wconf 75' lang='lat' dir='ltr'><strong>nobis</strong></span> 
     </span>
    </p>
   </div>
   <div class='ocr_carea' id='block_1_44' title="bbox 638 2635 2605 2712">
    <p class='ocr_par' dir='ltr' id='par_1_44' title="bbox 638 2635 2605 2712">
     <span class='ocr_line' id='line_1_44' title="bbox 638 2635 2605 2712; baseline -0.007 -14"><span class='ocrx_word' id='word_1_350' title='bbox 638 2644 842 2698; x_wconf 90' lang='lat' dir='ltr'><strong>editum</strong></span> <span class='ocrx_word' id='word_1_351' title='bbox 874 2644 949 2697; x_wconf 88' lang='lat' dir='ltr'><strong>De</strong></span> <span class='ocrx_word' id='word_1_352' title='bbox 980 2635 1385 2712; x_wconf 77' lang='lat' dir='ltr'><strong>Quadragesima</strong></span> <span class='ocrx_word' id='word_1_353' title='bbox 1414 2640 1646 2693; x_wconf 83' lang='lat' dir='ltr'><strong>Maximo</strong></span> <span class='ocrx_word' id='word_1_354' title='bbox 1676 2654 1795 2694; x_wconf 89' lang='lat' dir='ltr'><strong>esse</strong></span> <span class='ocrx_word' id='word_1_355' title='bbox 1810 2635 2223 2705; x_wconf 29' lang='lat' dir='ltr'><strong>‘adjudicandum</strong></span> <span class='ocrx_word' id='word_1_356' title='bbox 2254 2635 2605 2703; x_wconf 65' lang='lat' dir='ltr'><strong>ostendimus.</strong></span> 
     </span>
    </p>
   </div>
   <div class='ocr_carea' id='block_1_45' title="bbox 641 2745 3901 2823">
    <p class='ocr_par' dir='ltr' id='par_1_45' title="bbox 641 2745 3901 2823">
     <span class='ocr_line' id='line_1_45' title="bbox 641 2745 3901 2823; baseline -0.005 -13"><span class='ocrx_word' id='word_1_357' title='bbox 641 2758 1027 2811; x_wconf 73' lang='lat' dir='ltr'><strong>Ancuusmuu.</strong></span> <span class='ocrx_word' id='word_1_358' title='bbox 1059 2787 1130 2797; x_wconf 89' lang='lat'><strong>—-</strong></span> <span class='ocrx_word' id='word_1_359' title='bbox 1153 2754 1441 2823; x_wconf 83' lang='lat' dir='ltr'><strong>Propositis</strong></span> <span class='ocrx_word' id='word_1_360' title='bbox 1469 2752 1716 2823; x_wconf 79' lang='lat' dir='ltr'><strong>exemplis</strong></span> <span class='ocrx_word' id='word_1_361' title='bbox 1748 2758 2040 2823; x_wconf 75' lang='lat' dir='ltr'><strong>sanctorum</strong></span> <span class='ocrx_word' id='word_1_362' title='bbox 2078 2749 2215 2801; x_wconf 84' lang='lat' dir='ltr'><strong>viro-</strong></span> <span class='ocrx_word' id='word_1_363' title='bbox 2250 2751 2293 2808; x_wconf 86' lang='grc' dir='ltr'><strong>Β</strong></span> <span class='ocrx_word' id='word_1_364' title='bbox 2320 2745 2548 2815; x_wconf 88' lang='lat' dir='ltr'><strong>denique</strong></span> <span class='ocrx_word' id='word_1_365' title='bbox 2578 2746 2746 2800; x_wconf 80' lang='lat' dir='ltr'><strong>tribus</strong></span> <span class='ocrx_word' id='word_1_366' title='bbox 2774 2746 2927 2799; x_wconf 91' lang='lat' dir='ltr'><strong>annis</strong></span> <span class='ocrx_word' id='word_1_367' title='bbox 2967 2752 3022 2799; x_wconf 89' lang='lat' dir='ltr'><strong>et</strong></span> <span class='ocrx_word' id='word_1_368' title='bbox 3065 2760 3161 2800; x_wconf 92' lang='lat' dir='ltr'><strong>sex</strong></span> <span class='ocrx_word' id='word_1_369' title='bbox 3192 2760 3403 2799; x_wconf 89' lang='lat' dir='ltr'><strong>menses</strong></span> <span class='ocrx_word' id='word_1_370' title='bbox 3431 2746 3636 2799; x_wconf 70' lang='lat' dir='ltr'><strong>ccelum</strong></span> <span class='ocrx_word' id='word_1_371' title='bbox 3669 2745 3684 2794; x_wconf 89' lang='lat' dir='ltr'><strong>i</strong></span> <span class='ocrx_word' id='word_1_372' title='bbox 3724 2746 3901 2799; x_wconf 72' lang='lat' dir='ltr'><strong>clausit</strong></span> 
     </span>
    </p>
   </div>
   <div class='ocr_carea' id='block_1_46' title="bbox 709 2819 2213 2891">
    <p class='ocr_par' dir='ltr' id='par_1_46' title="bbox 709 2819 2213 2891">
     <span class='ocr_line' id='line_1_46' title="bbox 709 2819 2213 2891; baseline -0.006 -14"><span class='ocrx_word' id='word_1_373' title='bbox 709 2842 820 2877; x_wconf 89' lang='lat' dir='ltr'><strong>rum</strong></span> <span class='ocrx_word' id='word_1_374' title='bbox 864 2826 921 2879; x_wconf 91' lang='lat' dir='ltr'><strong>S.</strong></span> <span class='ocrx_word' id='word_1_375' title='bbox 965 2824 1225 2876; x_wconf 74' lang='lat' dir='ltr'><strong>Maximus</strong></span> <span class='ocrx_word' id='word_1_376' title='bbox 1256 2819 1445 2891; x_wconf 67' lang='lat' dir='ltr'><strong>fratres</strong></span> <span class='ocrx_word' id='word_1_377' title='bbox 1485 2822 1551 2872; x_wconf 85' lang='lat' dir='ltr'><strong>ad</strong></span> <span class='ocrx_word' id='word_1_378' title='bbox 1577 2819 1922 2891; x_wconf 78' lang='lat' dir='ltr'><strong>jejunandum</strong></span> <span class='ocrx_word' id='word_1_379' title='bbox 1951 2819 2213 2891; x_wconf 73' lang='lat' dir='ltr'><strong>hortatur;</strong></span> 
     </span>
    </p>
   </div>
   <div class='ocr_carea' id='block_1_47' title="bbox 706 2886 2218 2962">
    <p class='ocr_par' dir='ltr' id='par_1_47' title="bbox 706 2886 2218 2962">
     <span class='ocr_line' id='line_1_47' title="bbox 706 2886 2218 2962; baseline -0.006 -16"><span class='ocrx_word' id='word_1_380' title='bbox 706 2894 795 2947; x_wconf 85' lang='lat' dir='ltr'><strong>sed</strong></span> <span class='ocrx_word' id='word_1_381' title='bbox 823 2903 877 2945; x_wconf 91' lang='lat' dir='ltr'><strong>ut</strong></span> <span class='ocrx_word' id='word_1_382' title='bbox 900 2894 1102 2962; x_wconf 77' lang='lat' dir='ltr'><strong>jejunio</strong></span> <span class='ocrx_word' id='word_1_383' title='bbox 1141 2886 1291 2960; x_wconf 77' lang='lat' dir='ltr'><strong>plena</strong></span> <span class='ocrx_word' id='word_1_384' title='bbox 1335 2892 1458 2955; x_wconf 78' lang='lat' dir='ltr'><strong>sint,</strong></span> <span class='ocrx_word' id='word_1_385' title='bbox 1496 2886 1678 2960; x_wconf 73' lang='lat' dir='ltr'><strong>inquit,</strong></span> <span class='ocrx_word' id='word_1_386' title='bbox 1707 2889 2074 2942; x_wconf 73' lang='lat' dir='ltr'><strong>misericordia:</strong></span> <span class='ocrx_word' id='word_1_387' title='bbox 2100 2886 2218 2954; x_wconf 81' lang='lat' dir='ltr'><strong>pin-</strong></span> 
     </span>
    </p>
   </div>
   <div class='ocr_carea' id='block_1_48' title="bbox 708 2963 1271 3031">
    <p class='ocr_par' dir='ltr' id='par_1_48' title="bbox 708 2963 1271 3031">
     <span class='ocr_line' id='line_1_48' title="bbox 708 2963 1271 3031; baseline -0.005 -16"><span class='ocrx_word' id='word_1_388' title='bbox 708 2963 924 3031; x_wconf 75' lang='lat' dir='ltr'><strong>guedine</strong></span> <span class='ocrx_word' id='word_1_389' title='bbox 951 2963 1271 3018; x_wconf 85' lang='lat' dir='ltr'><strong>saainentur.</strong></span> 
     </span>
    </p>
   </div>
   <div class='ocr_carea' id='block_1_49' title="bbox 710 3107 2217 3176">
    <p class='ocr_par' dir='ltr' id='par_1_49' title="bbox 710 3107 2217 3176">
     <span class='ocr_line' id='line_1_49' title="bbox 710 3107 2217 3176; baseline -0.003 -12"><span class='ocrx_word' id='word_1_390' title='bbox 710 3112 873 3165; x_wconf 82' lang='lat' dir='ltr'><strong>Adest</strong></span> <span class='ocrx_word' id='word_1_391' title='bbox 918 3112 1071 3165; x_wconf 88' lang='lat' dir='ltr'><strong>nobis</strong></span> <span class='ocrx_word' id='word_1_392' title='bbox 1116 3110 1419 3165; x_wconf 87' lang='lat' dir='ltr'><strong>venerabile</strong></span> <span class='ocrx_word' id='word_1_393' title='bbox 1470 3122 1491 3148; x_wconf 75' lang='grc' dir='ltr'><strong>ο</strong></span> <span class='ocrx_word' id='word_1_394' title='bbox 1541 3118 1597 3163; x_wconf 88' lang='lat' dir='ltr'><strong>et</strong></span> <span class='ocrx_word' id='word_1_395' title='bbox 1644 3107 1957 3163; x_wconf 87' lang='lat' dir='ltr'><strong>medicabile</strong></span> <span class='ocrx_word' id='word_1_396' title='bbox 2010 3116 2217 3176; x_wconf 90' lang='lat' dir='ltr'><strong>tempus</strong></span> 
     </span>
    </p>
   </div>
   <div class='ocr_carea' id='block_1_50' title="bbox 639 3198 2219 3269">
    <p class='ocr_par' dir='ltr' id='par_1_50' title="bbox 639 3198 2219 3269">
     <span class='ocr_line' id='line_1_50' title="bbox 639 3198 2219 3269; baseline -0.003 -14"><span class='ocrx_word' id='word_1_397' title='bbox 639 3202 1085 3269; x_wconf 70' lang='lat' dir='ltr'><strong>Quadragesimtc,</strong></span> <span class='ocrx_word' id='word_1_398' title='bbox 1127 3201 1405 3261; x_wconf 86' lang='lat' dir='ltr'><strong>carissimi,</strong></span> <span class='ocrx_word' id='word_1_399' title='bbox 1447 3214 1549 3267; x_wconf 89' lang='lat' dir='ltr'><strong>per</strong></span> <span class='ocrx_word' id='word_1_400' title='bbox 1584 3200 1728 3266; x_wconf 88' lang='lat' dir='ltr'><strong>quod</strong></span> <span class='ocrx_word' id='word_1_401' title='bbox 1762 3198 2067 3267; x_wconf 88' lang='lat' dir='ltr'><strong>jejunantes</strong></span> <span class='ocrx_word' id='word_1_402' title='bbox 2094 3213 2219 3265; x_wconf 89' lang='lat' dir='ltr'><strong>pec-</strong></span> 
     </span>
    </p>
   </div>
   <div class='ocr_carea' id='block_1_51' title="bbox 639 3286 2217 3351">
    <p class='ocr_par' dir='ltr' id='par_1_51' title="bbox 639 3286 2217 3351">
     <span class='ocr_line' id='line_1_51' title="bbox 639 3286 2217 3351; baseline -0.004 -6"><span class='ocrx_word' id='word_1_403' title='bbox 639 3300 881 3346; x_wconf 89' lang='lat' dir='ltr'><strong>catorum</strong></span> <span class='ocrx_word' id='word_1_404' title='bbox 913 3298 1214 3343; x_wconf 91' lang='lat' dir='ltr'><strong>nostrorum</strong></span> <span class='ocrx_word' id='word_1_405' title='bbox 1244 3289 1462 3341; x_wconf 89' lang='lat' dir='ltr'><strong>vulnera</strong></span> <span class='ocrx_word' id='word_1_406' title='bbox 1499 3302 1687 3341; x_wconf 88' lang='lat' dir='ltr'><strong>curare</strong></span> <span class='ocrx_word' id='word_1_407' title='bbox 1729 3288 2003 3340; x_wconf 89' lang='lat' dir='ltr'><strong>debemus.</strong></span> <span class='ocrx_word' id='word_1_408' title='bbox 2030 3286 2217 3351; x_wconf 88' lang='lat' dir='ltr'><strong>Quan-</strong></span> 
     </span>
    </p>
   </div>
   <div class='ocr_carea' id='block_1_52' title="bbox 640 3375 2218 3447">
    <p class='ocr_par' dir='ltr' id='par_1_52' title="bbox 640 3375 2218 3447">
     <span class='ocr_line' id='line_1_52' title="bbox 640 3375 2218 3447; baseline -0.003 -11"><span class='ocrx_word' id='word_1_409' title='bbox 640 3391 750 3436; x_wconf 92' lang='lat' dir='ltr'><strong>tum</strong></span> <span class='ocrx_word' id='word_1_410' title='bbox 777 3381 846 3434; x_wconf 91' lang='lat' dir='ltr'><strong>sit</strong></span> <span class='ocrx_word' id='word_1_411' title='bbox 873 3393 999 3445; x_wconf 87' lang='lat' dir='ltr'><strong>ergo</strong></span> <span class='ocrx_word' id='word_1_412' title='bbox 1028 3381 1225 3433; x_wconf 88' lang='lat' dir='ltr'><strong>bonum</strong></span> <span class='ocrx_word' id='word_1_413' title='bbox 1248 3378 1434 3447; x_wconf 87' lang='lat' dir='ltr'><strong>jejunii</strong></span> <span class='ocrx_word' id='word_1_414' title='bbox 1461 3375 1511 3441; x_wconf 75' lang='grc' dir='ltr'><strong>δ,</strong></span> <span class='ocrx_word' id='word_1_415' title='bbox 1540 3378 1796 3445; x_wconf 82' lang='lat' dir='ltr'><strong>exemplis</strong></span> <span class='ocrx_word' id='word_1_416' title='bbox 1834 3376 2033 3430; x_wconf 89' lang='lat' dir='ltr'><strong>additis</strong></span> <span class='ocrx_word' id='word_1_417' title='bbox 2050 3377 2218 3431; x_wconf 88' lang='lat' dir='ltr'><strong>disse-</strong></span> 
     </span>
    </p>
   </div>
   <div class='ocr_carea' id='block_1_53' title="bbox 638 3467 2218 3537">
    <p class='ocr_par' dir='ltr' id='par_1_53' title="bbox 638 3467 2218 3537">
     <span class='ocr_line' id='line_1_53' title="bbox 638 3467 2218 3537; baseline -0.003 -14"><span class='ocrx_word' id='word_1_418' title='bbox 638 3484 839 3523; x_wconf 88' lang='lat' dir='ltr'><strong>ramus.</strong></span> <span class='ocrx_word' id='word_1_419' title='bbox 864 3468 1071 3537; x_wconf 81' lang='lat' dir='ltr'><strong>Moyses</strong></span> <span class='ocrx_word' id='word_1_420' title='bbox 1092 3470 1290 3537; x_wconf 89' lang='lat' dir='ltr'><strong>primus</strong></span> <span class='ocrx_word' id='word_1_421' title='bbox 1310 3468 1657 3536; x_wconf 80' lang='lat' dir='ltr'><strong>quadraginta</strong></span> <span class='ocrx_word' id='word_1_422' title='bbox 1682 3468 1867 3521; x_wconf 92' lang='lat' dir='ltr'><strong>diebus</strong></span> <span class='ocrx_word' id='word_1_423' title='bbox 1890 3481 1953 3520; x_wconf 90' lang='lat' dir='ltr'><strong>ac</strong></span> <span class='ocrx_word' id='word_1_424' title='bbox 1975 3467 2218 3521; x_wconf 86' lang='lat' dir='ltr'><strong>noctibus</strong></span> 
     </span>
    </p>
   </div>
   <div class='ocr_carea' id='block_1_54' title="bbox 640 3558 2211 3631">
    <p class='ocr_par' dir='ltr' id='par_1_54' title="bbox 640 3558 2211 3631">
     <span class='ocr_line' id='line_1_54' title="bbox 640 3558 2211 3631; baseline -0.002 -19"><span class='ocrx_word' id='word_1_425' title='bbox 640 3573 759 3622; x_wconf 82' lang='lat' dir='ltr'><strong>cum</strong></span> <span class='ocrx_word' id='word_1_426' title='bbox 802 3558 1115 3626; x_wconf 85' lang='lat' dir='ltr'><strong>jejunasset,</strong></span> <span class='ocrx_word' id='word_1_427' title='bbox 1159 3560 1351 3625; x_wconf 77' lang='lat' dir='ltr'><strong>legem‘</strong></span> <span class='ocrx_word' id='word_1_428' title='bbox 1377 3559 1587 3626; x_wconf 86' lang='lat' dir='ltr'><strong>Domini</strong></span> <span class='ocrx_word' id='word_1_429' title='bbox 1629 3568 1651 3595; x_wconf 73' lang='grc' dir='ltr'><strong>ο</strong></span> <span class='ocrx_word' id='word_1_430' title='bbox 1690 3559 2166 3631; x_wconf 15' lang='grc' dir='ltr'><strong>ῐηετυίιηδιεὶρθτθ</strong></span> <span class='ocrx_word' id='word_1_431' title='bbox 2200 3574 2211 3609; x_wconf 94' lang='lat'>:</span> 
     </span>
    </p>
   </div>
   <div class='ocr_carea' id='block_1_55' title="bbox 640 3647 2219 3717">
    <p class='ocr_par' dir='ltr' id='par_1_55' title="bbox 640 3647 2219 3717">
     <span class='ocr_line' id='line_1_55' title="bbox 640 3647 2219 3717; baseline -0.001 -16"><span class='ocrx_word' id='word_1_432' title='bbox 640 3650 1061 3717; x_wconf 88' lang='lat' dir='ltr'><strong>impetraverunt</strong></span> <span class='ocrx_word' id='word_1_433' title='bbox 1090 3650 1231 3702; x_wconf 92' lang='lat' dir='ltr'><strong>enim</strong></span> <span class='ocrx_word' id='word_1_434' title='bbox 1260 3649 1414 3701; x_wconf 92' lang='lat' dir='ltr'><strong>unius</strong></span> <span class='ocrx_word' id='word_1_435' title='bbox 1460 3648 1692 3701; x_wconf 83' lang='lat' dir='ltr'><strong>hominis</strong></span> <span class='ocrx_word' id='word_1_436' title='bbox 1730 3647 1932 3715; x_wconf 90' lang='lat' dir='ltr'><strong>jejunia</strong></span> <span class='ocrx_word' id='word_1_437' title='bbox 1960 3647 2101 3714; x_wconf 92' lang='lat' dir='ltr'><strong>quod</strong></span> <span class='ocrx_word' id='word_1_438' title='bbox 2135 3656 2219 3700; x_wconf 49' lang='lat' dir='ltr'><strong>to.</strong></span> 
     </span>
    </p>
   </div>
   <div class='ocr_carea' id='block_1_56' title="bbox 642 3736 2216 3805">
    <p class='ocr_par' dir='ltr' id='par_1_56' title="bbox 642 3736 2216 3805">
     <span class='ocr_line' id='line_1_56' title="bbox 642 3736 2216 3805; baseline 0 -16"><span class='ocrx_word' id='word_1_439' title='bbox 642 3739 745 3789; x_wconf 90' lang='lat' dir='ltr'><strong>tius</strong></span> <span class='ocrx_word' id='word_1_440' title='bbox 774 3738 957 3805; x_wconf 90' lang='lat' dir='ltr'><strong>populi</strong></span> <span class='ocrx_word' id='word_1_441' title='bbox 986 3738 1238 3789; x_wconf 87' lang='lat' dir='ltr'><strong>saturitas</strong></span> <span class='ocrx_word' id='word_1_442' title='bbox 1266 3736 1659 3804; x_wconf 89' lang='lat' dir='ltr'><strong>desperaverat.</strong></span> <span class='ocrx_word' id='word_1_443' title='bbox 1707 3736 2058 3789; x_wconf 84' lang='lat' dir='ltr'><strong>Advertamus</strong></span> <span class='ocrx_word' id='word_1_444' title='bbox 2086 3749 2216 3803; x_wconf 83' lang='lat' dir='ltr'><strong>ergo</strong></span> 
     </span>
    </p>
   </div>
   <div class='ocr_carea' id='block_1_57' title="bbox 641 3826 2210 3896">
    <p class='ocr_par' dir='ltr' id='par_1_57' title="bbox 641 3826 2210 3896">
     <span class='ocr_line' id='line_1_57' title="bbox 641 3826 2210 3896; baseline -0.001 -16"><span class='ocrx_word' id='word_1_445' title='bbox 641 3836 839 3896; x_wconf 84' lang='lat' dir='ltr'><strong>quanta</strong></span> <span class='ocrx_word' id='word_1_446' title='bbox 869 3829 936 3881; x_wconf 87' lang='lat' dir='ltr'><strong>sit</strong></span> <span class='ocrx_word' id='word_1_447' title='bbox 963 3829 1104 3881; x_wconf 87' lang='lat' dir='ltr'><strong>inter</strong></span> <span class='ocrx_word' id='word_1_448' title='bbox 1144 3827 1405 3895; x_wconf 86' lang='lat' dir='ltr'><strong>jejunium</strong></span> <span class='ocrx_word' id='word_1_449' title='bbox 1434 3835 1487 3880; x_wconf 88' lang='lat' dir='ltr'><strong>et</strong></span> <span class='ocrx_word' id='word_1_450' title='bbox 1524 3828 1855 3880; x_wconf 89' lang='lat' dir='ltr'><strong>saturitatem</strong></span> <span class='ocrx_word' id='word_1_451' title='bbox 1884 3827 2133 3880; x_wconf 82' lang='lat' dir='ltr'><strong>distantia</strong></span> <span class='ocrx_word' id='word_1_452' title='bbox 2169 3826 2210 3879; x_wconf 71' lang='grc' dir='ltr'><strong>ί.</strong></span> 
     </span>
    </p>
   </div>
   <div class='ocr_carea' id='block_1_58' title="bbox 642 3914 2216 3993">
    <p class='ocr_par' dir='ltr' id='par_1_58' title="bbox 642 3914 2216 3993">
     <span class='ocr_line' id='line_1_58' title="bbox 642 3914 2216 3993; baseline -0.002 -22"><span class='ocrx_word' id='word_1_453' title='bbox 642 3918 871 3987; x_wconf 78' lang='lat' dir='ltr'><strong>Moyses,</strong></span> <span class='ocrx_word' id='word_1_454' title='bbox 910 3919 999 3984; x_wconf 91' lang='lat' dir='ltr'><strong>qui</strong></span> <span class='ocrx_word' id='word_1_455' title='bbox 1025 3918 1302 3985; x_wconf 87' lang='lat' dir='ltr'><strong>jejunavit,</strong></span> <span class='ocrx_word' id='word_1_456' title='bbox 1329 3917 1607 3993; x_wconf 86' lang='lat' dir='ltr'><strong>Dominum</strong></span> <span class='ocrx_word' id='word_1_457' title='bbox 1651 3917 1799 3968; x_wconf 83' lang='lat' dir='ltr'><strong>vidit.</strong></span> <span class='ocrx_word' id='word_1_458' title='bbox 1843 3914 2092 3983; x_wconf 87' lang='lat' dir='ltr'><strong>Populus,</strong></span> <span class='ocrx_word' id='word_1_459' title='bbox 2125 3918 2216 3985; x_wconf 85' lang='lat' dir='ltr'><strong>qui</strong></span> 
     </span>
    </p>
   </div>
   <div class='ocr_carea' id='block_1_59' title="bbox 642 4004 2211 4076">
    <p class='ocr_par' dir='ltr' id='par_1_59' title="bbox 642 4004 2211 4076">
     <span class='ocr_line' id='line_1_59' title="bbox 642 4004 2211 4076; baseline 0 -15"><span class='ocrx_word' id='word_1_460' title='bbox 642 4008 983 4062; x_wconf 83' lang='lat' dir='ltr'><strong>manducavit</strong></span> <span class='ocrx_word' id='word_1_461' title='bbox 1004 4016 1057 4060; x_wconf 93' lang='lat' dir='ltr'><strong>et</strong></span> <span class='ocrx_word' id='word_1_462' title='bbox 1082 4008 1235 4069; x_wconf 86' lang='lat' dir='ltr'><strong>bibit,</strong></span> <span class='ocrx_word' id='word_1_463' title='bbox 1259 4007 1399 4059; x_wconf 91' lang='lat' dir='ltr'><strong>idola</strong></span> <span class='ocrx_word' id='word_1_464' title='bbox 1422 4004 1703 4060; x_wconf 75' lang='lat' dir='ltr'><strong>fabricatus</strong></span> <span class='ocrx_word' id='word_1_465' title='bbox 1726 4014 1805 4061; x_wconf 84' lang='lat' dir='ltr'><strong>est</strong></span> <span class='ocrx_word' id='word_1_466' title='bbox 1828 4005 2018 4073; x_wconf 71' lang='lat' dir='ltr'><strong>(Exod.</strong></span> <span class='ocrx_word' id='word_1_467' title='bbox 2044 4007 2211 4076; x_wconf 79' lang='lat' dir='ltr'><strong>xxrv).</strong></span> 
     </span>
    </p>
   </div>
   <div class='ocr_carea' id='block_1_60' title="bbox 2321 2834 3900 2905">
    <p class='ocr_par' dir='ltr' id='par_1_60' title="bbox 2321 2834 3900 2905">
     <span class='ocr_line' id='line_1_60' title="bbox 2321 2834 3900 2905; baseline 0.001 -18"><span class='ocrx_word' id='word_1_468' title='bbox 2321 2834 2429 2905; x_wconf 84' lang='lat' dir='ltr'><strong>(IV</strong></span> <span class='ocrx_word' id='word_1_469' title='bbox 2461 2834 2586 2902; x_wconf 82' lang='lat' dir='ltr'><strong>Reg.</strong></span> <span class='ocrx_word' id='word_1_470' title='bbox 2620 2834 2681 2903; x_wconf 86' lang='grc' dir='ltr'><strong>ι).</strong></span> <span class='ocrx_word' id='word_1_471' title='bbox 2731 2835 2809 2889; x_wconf 84' lang='lat' dir='ltr'><strong>Ad</strong></span> <span class='ocrx_word' id='word_1_472' title='bbox 2847 2836 3003 2903; x_wconf 92' lang='lat' dir='ltr'><strong>hujus</strong></span> <span class='ocrx_word' id='word_1_473' title='bbox 3042 2850 3229 2890; x_wconf 87' lang='lat' dir='ltr'><strong>vocem</strong></span> <span class='ocrx_word' id='word_1_474' title='bbox 3276 2837 3437 2890; x_wconf 90' lang='lat' dir='ltr'><strong>etiam</strong></span> <span class='ocrx_word' id='word_1_475' title='bbox 3485 2852 3791 2903; x_wconf 87' lang='lat' dir='ltr'><strong>supernum</strong></span> <span class='ocrx_word' id='word_1_476' title='bbox 3822 2836 3900 2887; x_wconf 54' lang='lat' dir='ltr'><strong>de</strong></span> 
     </span>
    </p>
   </div>
   <div class='ocr_carea' id='block_1_61' title="bbox 2318 2924 3899 2991">
    <p class='ocr_par' dir='ltr' id='par_1_61' title="bbox 2318 2924 3899 2991">
     <span class='ocr_line' id='line_1_61' title="bbox 2318 2924 3899 2991; baseline -0.002 -14"><span class='ocrx_word' id='word_1_477' title='bbox 2318 2924 2522 2979; x_wconf 90' lang='lat' dir='ltr'><strong>scendit</strong></span> <span class='ocrx_word' id='word_1_478' title='bbox 2552 2925 2871 2979; x_wconf 84' lang='lat' dir='ltr'><strong>incendium.</strong></span> <span class='ocrx_word' id='word_1_479' title='bbox 2903 2924 2969 2978; x_wconf 90' lang='lat' dir='ltr'><strong>Et</strong></span> <span class='ocrx_word' id='word_1_480' title='bbox 2996 2940 3113 2979; x_wconf 91' lang='lat' dir='ltr'><strong>cum</strong></span> <span class='ocrx_word' id='word_1_481' title='bbox 3144 2940 3264 2978; x_wconf 90' lang='lat' dir='ltr'><strong>eum</strong></span> <span class='ocrx_word' id='word_1_482' title='bbox 3292 2924 3504 2977; x_wconf 74' lang='lat' dir='ltr'><strong>Iezabel</strong></span> <span class='ocrx_word' id='word_1_483' title='bbox 3528 2926 3718 2991; x_wconf 77' lang='lat' dir='ltr'><strong>regina</strong></span> <span class='ocrx_word' id='word_1_484' title='bbox 3756 2926 3899 2977; x_wconf 57' lang='lat' dir='ltr'><strong>vellet</strong></span> 
     </span>
    </p>
   </div>
   <div class='ocr_carea' id='block_1_62' title="bbox 2318 3014 3897 3085">
    <p class='ocr_par' dir='ltr' id='par_1_62' title="bbox 2318 3014 3897 3085">
     <span class='ocr_line' id='line_1_62' title="bbox 2318 3014 3897 3085; baseline -0.003 -16"><span class='ocrx_word' id='word_1_485' title='bbox 2318 3015 2583 3079; x_wconf 87' lang='lat' dir='ltr'><strong>occidere,</strong></span> <span class='ocrx_word' id='word_1_486' title='bbox 2617 3026 2669 3067; x_wconf 88' lang='lat' dir='ltr'><strong>et</strong></span> <span class='ocrx_word' id='word_1_487' title='bbox 2697 3015 2857 3085; x_wconf 66' lang='grc'><strong>452</strong></span> <span class='ocrx_word' id='word_1_488' title='bbox 2880 3016 3047 3069; x_wconf 82' lang='lat' dir='ltr'><strong>fessus</strong></span> <span class='ocrx_word' id='word_1_489' title='bbox 3077 3016 3174 3069; x_wconf 91' lang='lat' dir='ltr'><strong>suh</strong></span> <span class='ocrx_word' id='word_1_490' title='bbox 3203 3016 3394 3067; x_wconf 89' lang='lat' dir='ltr'><strong>arbore</strong></span> <span class='ocrx_word' id='word_1_491' title='bbox 3422 3014 3684 3067; x_wconf 80' lang='lat' dir='ltr'><strong>frondosa</strong></span> <span class='ocrx_word' id='word_1_492' title='bbox 3706 3014 3897 3082; x_wconf 64' lang='lat' dir='ltr'><strong>jacere!</strong></span> 
     </span>
    </p>
   </div>
   <div class='ocr_carea' id='block_1_63' title="bbox 2317 3103 3903 3171">
    <p class='ocr_par' dir='ltr' id='par_1_63' title="bbox 2317 3103 3903 3171">
     <span class='ocr_line' id='line_1_63' title="bbox 2317 3103 3903 3171; baseline -0.002 -14"><span class='ocrx_word' id='word_1_493' title='bbox 2317 3103 2369 3157; x_wconf 92' lang='lat' dir='ltr'><strong>in</strong></span> <span class='ocrx_word' id='word_1_494' title='bbox 2393 3104 2698 3166; x_wconf 89' lang='lat' dir='ltr'><strong>solitudine,</strong></span> <span class='ocrx_word' id='word_1_495' title='bbox 2730 3104 2949 3171; x_wconf 79' lang='lat' dir='ltr'><strong>angelus</strong></span> <span class='ocrx_word' id='word_1_496' title='bbox 2994 3105 3059 3157; x_wconf 84' lang='lat' dir='ltr'><strong>ad</strong></span> <span class='ocrx_word' id='word_1_497' title='bbox 3102 3119 3224 3157; x_wconf 93' lang='lat' dir='ltr'><strong>eum</strong></span> <span class='ocrx_word' id='word_1_498' title='bbox 3265 3104 3515 3167; x_wconf 86' lang='lat' dir='ltr'><strong>mittitur,</strong></span> <span class='ocrx_word' id='word_1_499' title='bbox 3548 3111 3606 3156; x_wconf 92' lang='lat' dir='ltr'><strong>et</strong></span> <span class='ocrx_word' id='word_1_500' title='bbox 3647 3103 3783 3155; x_wconf 84' lang='lat' dir='ltr'><strong>dicit</strong></span> <span class='ocrx_word' id='word_1_501' title='bbox 3818 3104 3861 3155; x_wconf 85' lang='lat' dir='ltr'><strong>ei</strong></span> <span class='ocrx_word' id='word_1_502' title='bbox 3886 3119 3903 3153; x_wconf 72' lang='grc' dir='ltr'><em>τ</em></span> 
     </span>
    </p>
   </div>
   <div class='ocr_carea' id='block_1_64' title="bbox 2319 3192 3897 3264">
    <p class='ocr_par' dir='ltr' id='par_1_64' title="bbox 2319 3192 3897 3264">
     <span class='ocr_line' id='line_1_64' title="bbox 2319 3192 3897 3264; baseline -0.001 -18"><span class='ocrx_word' id='word_1_503' title='bbox 2319 3194 2476 3246; x_wconf 86' lang='lat' dir='ltr'><strong>Sume</strong></span> <span class='ocrx_word' id='word_1_504' title='bbox 2503 3194 2766 3262; x_wconf 80' lang='lat' dir='ltr'><strong>paululum</strong></span> <span class='ocrx_word' id='word_1_505' title='bbox 2795 3195 2945 3262; x_wconf 85' lang='lat' dir='ltr'><strong>panis</strong></span> <span class='ocrx_word' id='word_1_506' title='bbox 2985 3203 3033 3247; x_wconf 90' lang='lat' dir='ltr'><strong>et</strong></span> <span class='ocrx_word' id='word_1_507' title='bbox 3062 3210 3208 3264; x_wconf 72' lang='lat' dir='ltr'><strong>aqua:</strong></span> <span class='ocrx_word' id='word_1_508' title='bbox 3230 3192 3351 3263; x_wconf 87' lang='lat' dir='ltr'><strong>(III</strong></span> <span class='ocrx_word' id='word_1_509' title='bbox 3383 3192 3509 3262; x_wconf 83' lang='lat' dir='ltr'><strong>Reg.</strong></span> <span class='ocrx_word' id='word_1_510' title='bbox 3543 3193 3685 3259; x_wconf 72' lang='lat' dir='ltr'><strong>xu).</strong></span> <span class='ocrx_word' id='word_1_511' title='bbox 3717 3192 3897 3245; x_wconf 73' lang='lat' dir='ltr'><strong>Videte</strong></span> 
     </span>
    </p>
   </div>
   <div class='ocr_carea' id='block_1_65' title="bbox 2318 3283 3893 3352">
    <p class='ocr_par' dir='ltr' id='par_1_65' title="bbox 2318 3283 3893 3352">
     <span class='ocr_line' id='line_1_65' title="bbox 2318 3283 3893 3352; baseline -0.003 -16"><span class='ocrx_word' id='word_1_512' title='bbox 2318 3291 2517 3350; x_wconf 85' lang='lat' dir='ltr'><strong>quanta</strong></span> <span class='ocrx_word' id='word_1_513' title='bbox 2557 3284 2627 3335; x_wconf 92' lang='lat' dir='ltr'><strong>sit</strong></span> <span class='ocrx_word' id='word_1_514' title='bbox 2664 3284 2757 3337; x_wconf 90' lang='lat' dir='ltr'><strong>Dei</strong></span> <span class='ocrx_word' id='word_1_515' title='bbox 2792 3284 3072 3338; x_wconf 90' lang='lat' dir='ltr'><strong>clementia</strong></span> <span class='ocrx_word' id='word_1_516' title='bbox 3106 3297 3230 3351; x_wconf 88' lang='lat' dir='ltr'><strong>erga</strong></span> <span class='ocrx_word' id='word_1_517' title='bbox 3256 3283 3585 3352; x_wconf 79' lang='lat' dir='ltr'><strong>jejunantes,</strong></span> <span class='ocrx_word' id='word_1_518' title='bbox 3619 3284 3893 3337; x_wconf 72' lang='lat' dir='ltr'><strong>carissimi.</strong></span> 
     </span>
    </p>
   </div>
   <div class='ocr_carea' id='block_1_66' title="bbox 2318 3369 3895 3440">
    <p class='ocr_par' dir='ltr' id='par_1_66' title="bbox 2318 3369 3895 3440">
     <span class='ocr_line' id='line_1_66' title="bbox 2318 3369 3895 3440; baseline 0.001 -17"><span class='ocrx_word' id='word_1_519' title='bbox 2318 3371 2433 3424; x_wconf 85' lang='lat' dir='ltr'><strong>Non</strong></span> <span class='ocrx_word' id='word_1_520' title='bbox 2462 3369 2757 3425; x_wconf 82' lang='lat' dir='ltr'><strong>suﬂiciebat</strong></span> <span class='ocrx_word' id='word_1_521' title='bbox 2778 3374 2901 3440; x_wconf 91' lang='lat' dir='ltr'><strong>quia</strong></span> <span class='ocrx_word' id='word_1_522' title='bbox 2918 3373 3169 3438; x_wconf 83' lang='lat' dir='ltr'><strong>angelum</strong></span> <span class='ocrx_word' id='word_1_523' title='bbox 3198 3372 3262 3425; x_wconf 92' lang='lat' dir='ltr'><strong>ad</strong></span> <span class='ocrx_word' id='word_1_524' title='bbox 3285 3372 3623 3439; x_wconf 85' lang='lat' dir='ltr'><strong>jejunantem</strong></span> <span class='ocrx_word' id='word_1_525' title='bbox 3646 3372 3895 3425; x_wconf 74' lang='lat' dir='ltr'><strong>Dominus</strong></span> 
     </span>
    </p>
   </div>
   <div class='ocr_carea' id='block_1_67' title="bbox 2319 3459 3893 3529">
    <p class='ocr_par' dir='ltr' id='par_1_67' title="bbox 2319 3459 3893 3529">
     <span class='ocr_line' id='line_1_67' title="bbox 2319 3459 3893 3529; baseline 0.001 -17"><span class='ocrx_word' id='word_1_526' title='bbox 2319 3461 2537 3515; x_wconf 89' lang='lat' dir='ltr'><strong>miserat</strong></span> <span class='ocrx_word' id='word_1_527' title='bbox 2572 3462 2663 3529; x_wconf 92' lang='lat' dir='ltr'><strong>qui</strong></span> <span class='ocrx_word' id='word_1_528' title='bbox 2701 3476 2823 3514; x_wconf 89' lang='lat' dir='ltr'><strong>eum</strong></span> <span class='ocrx_word' id='word_1_529' title='bbox 2872 3470 2930 3513; x_wconf 94' lang='lat' dir='ltr'><strong>ut</strong></span> <span class='ocrx_word' id='word_1_530' title='bbox 2976 3463 3151 3515; x_wconf 90' lang='lat' dir='ltr'><strong>cibum</strong></span> <span class='ocrx_word' id='word_1_531' title='bbox 3192 3472 3435 3514; x_wconf 86' lang='lat' dir='ltr'><strong>sumeret</strong></span> <span class='ocrx_word' id='word_1_532' title='bbox 3465 3459 3488 3495; x_wconf 64' lang='grc' dir='ltr'>ι</span> <span class='ocrx_word' id='word_1_533' title='bbox 3515 3460 3759 3528; x_wconf 88' lang='lat' dir='ltr'><strong>juberet,</strong></span> <span class='ocrx_word' id='word_1_534' title='bbox 3816 3462 3893 3514; x_wconf 77' lang='lat' dir='ltr'><strong>sed</strong></span> 
     </span>
    </p>
   </div>
   <div class='ocr_carea' id='block_1_68' title="bbox 2317 3550 3893 3620">
    <p class='ocr_par' dir='ltr' id='par_1_68' title="bbox 2317 3550 3893 3620">
     <span class='ocr_line' id='line_1_68' title="bbox 2317 3550 3893 3620; baseline -0.001 -17"><span class='ocrx_word' id='word_1_535' title='bbox 2317 3552 2477 3604; x_wconf 88' lang='lat' dir='ltr'><strong>etiam</strong></span> <span class='ocrx_word' id='word_1_536' title='bbox 2506 3552 2757 3620; x_wconf 63' lang='lat' dir='ltr'><strong>praecepit</strong></span> <span class='ocrx_word' id='word_1_537' title='bbox 2801 3562 2860 3605; x_wconf 91' lang='lat' dir='ltr'><strong>ut</strong></span> <span class='ocrx_word' id='word_1_538' title='bbox 2908 3552 3112 3619; x_wconf 85' lang='lat' dir='ltr'><strong>longius</strong></span> <span class='ocrx_word' id='word_1_539' title='bbox 3148 3550 3316 3618; x_wconf 76' lang='lat' dir='ltr'><strong>fugiat</strong></span> <span class='ocrx_word' id='word_1_540' title='bbox 3343 3562 3789 3620; x_wconf 90' lang='lat' dir='ltr'><strong>persequentem.</strong></span> <span class='ocrx_word' id='word_1_541' title='bbox 3822 3554 3893 3609; x_wconf 66' lang='lat' dir='ltr'><strong>Ait</strong></span> 
     </span>
    </p>
   </div>
   <div class='ocr_carea' id='block_1_69' title="bbox 2316 3641 3889 3712">
    <p class='ocr_par' dir='ltr' id='par_1_69' title="bbox 2316 3641 3889 3712">
     <span class='ocr_line' id='line_1_69' title="bbox 2316 3641 3889 3712; baseline -0.001 -17"><span class='ocrx_word' id='word_1_542' title='bbox 2316 3656 2491 3709; x_wconf 87' lang='lat' dir='ltr'><strong>ergo:</strong></span> <span class='ocrx_word' id='word_1_543' title='bbox 2527 3642 2684 3696; x_wconf 87' lang='lat' dir='ltr'><strong>Sume</strong></span> <span class='ocrx_word' id='word_1_544' title='bbox 2730 3643 2992 3711; x_wconf 82' lang='lat' dir='ltr'><strong>paululum</strong></span> <span class='ocrx_word' id='word_1_545' title='bbox 3037 3644 3187 3711; x_wconf 85' lang='lat' dir='ltr'><strong>panis</strong></span> <span class='ocrx_word' id='word_1_546' title='bbox 3232 3651 3280 3695; x_wconf 88' lang='lat' dir='ltr'><strong>et</strong></span> <span class='ocrx_word' id='word_1_547' title='bbox 3326 3658 3491 3712; x_wconf 66' lang='lat' dir='ltr'><strong>aqua.</strong></span> <span class='ocrx_word' id='word_1_548' title='bbox 3536 3641 3889 3710; x_wconf 76' lang='lat' dir='ltr'><strong>Quadraginta</strong></span> 
     </span>
    </p>
   </div>
   <div class='ocr_carea' id='block_1_70' title="bbox 2318 3723 3891 3802">
    <p class='ocr_par' dir='ltr' id='par_1_70' title="bbox 2318 3723 3891 3802">
     <span class='ocr_line' id='line_1_70' title="bbox 2318 3723 3891 3802; baseline -0.001 -17"><span class='ocrx_word' id='word_1_549' title='bbox 2318 3733 2458 3785; x_wconf 91' lang='lat' dir='ltr'><strong>enim</strong></span> <span class='ocrx_word' id='word_1_550' title='bbox 2487 3732 2692 3786; x_wconf 90' lang='lat' dir='ltr'><strong>dierum</strong></span> <span class='ocrx_word' id='word_1_551' title='bbox 2727 3732 2932 3801; x_wconf 91' lang='lat' dir='ltr'><strong>jejunio</strong></span> <span class='ocrx_word' id='word_1_552' title='bbox 2973 3741 3312 3802; x_wconf 88' lang='lat' dir='ltr'><strong>perrecturus</strong></span> <span class='ocrx_word' id='word_1_553' title='bbox 3343 3723 3460 3786; x_wconf 78' lang='lat' dir='ltr'><strong>erat</strong></span> <span class='ocrx_word' id='word_1_554' title='bbox 3497 3747 3597 3801; x_wconf 88' lang='lat' dir='ltr'><strong>per</strong></span> <span class='ocrx_word' id='word_1_555' title='bbox 3624 3732 3891 3787; x_wconf 80' lang='lat' dir='ltr'><strong>desertum</strong></span> 
     </span>
    </p>
   </div>
   <div class='ocr_carea' id='block_1_71' title="bbox 2318 3823 3889 3893">
    <p class='ocr_par' dir='ltr' id='par_1_71' title="bbox 2318 3823 3889 3893">
     <span class='ocr_line' id='line_1_71' title="bbox 2318 3823 3889 3893; baseline 0.001 -18"><span class='ocrx_word' id='word_1_556' title='bbox 2318 3838 2485 3890; x_wconf 87' lang='lat' dir='ltr'><strong>usque</strong></span> <span class='ocrx_word' id='word_1_557' title='bbox 2514 3823 2578 3877; x_wconf 89' lang='lat' dir='ltr'><strong>ad</strong></span> <span class='ocrx_word' id='word_1_558' title='bbox 2610 3833 2845 3878; x_wconf 89' lang='lat' dir='ltr'><strong>montem</strong></span> <span class='ocrx_word' id='word_1_559' title='bbox 2873 3824 3017 3877; x_wconf 89' lang='lat' dir='ltr'><strong>Sina.</strong></span> <span class='ocrx_word' id='word_1_560' title='bbox 3051 3824 3296 3893; x_wconf 88' lang='lat' dir='ltr'><strong>Nunquid</strong></span> <span class='ocrx_word' id='word_1_561' title='bbox 3322 3825 3464 3877; x_wconf 91' lang='lat' dir='ltr'><strong>enim</strong></span> <span class='ocrx_word' id='word_1_562' title='bbox 3494 3824 3781 3888; x_wconf 88' lang='lat' dir='ltr'><strong>Dominus,</strong></span> <span class='ocrx_word' id='word_1_563' title='bbox 3812 3826 3889 3891; x_wconf 83' lang='lat' dir='ltr'><strong>qui</strong></span> 
     </span>
    </p>
   </div>
   <div class='ocr_carea' id='block_1_72' title="bbox 2317 3912 3887 3980">
    <p class='ocr_par' dir='ltr' id='par_1_72' title="bbox 2317 3912 3887 3980">
     <span class='ocr_line' id='line_1_72' title="bbox 2317 3912 3887 3980; baseline 0.003 -16"><span class='ocrx_word' id='word_1_564' title='bbox 2317 3914 2507 3965; x_wconf 63' lang='lat' dir='ltr'><strong>malum</strong></span> <span class='ocrx_word' id='word_1_565' title='bbox 2539 3920 2592 3965; x_wconf 90' lang='lat' dir='ltr'><strong>et</strong></span> <span class='ocrx_word' id='word_1_566' title='bbox 2639 3913 2651 3949; x_wconf 82' lang='grc' dir='ltr'><strong><em>ι</em></strong></span> <span class='ocrx_word' id='word_1_567' title='bbox 2704 3922 2873 3967; x_wconf 87' lang='lat' dir='ltr'><strong>terras</strong></span> <span class='ocrx_word' id='word_1_568' title='bbox 2908 3912 3052 3980; x_wconf 80' lang='lat' dir='ltr'><strong>fecit,</strong></span> <span class='ocrx_word' id='word_1_569' title='bbox 3093 3914 3244 3980; x_wconf 91' lang='lat' dir='ltr'><strong>cujus</strong></span> <span class='ocrx_word' id='word_1_570' title='bbox 3284 3914 3457 3966; x_wconf 90' lang='lat' dir='ltr'><strong>omnis</strong></span> <span class='ocrx_word' id='word_1_571' title='bbox 3497 3920 3600 3965; x_wconf 80' lang='lat' dir='ltr'><strong>est</strong></span> <span class='ocrx_word' id='word_1_572' title='bbox 3628 3924 3887 3968; x_wconf 72' lang='lat' dir='ltr'><strong>creatura.</strong></span> 
     </span>
    </p>
   </div>
   <div class='ocr_carea' id='block_1_73' title="bbox 2320 4002 3885 4071">
    <p class='ocr_par' dir='ltr' id='par_1_73' title="bbox 2320 4002 3885 4071">
     <span class='ocr_line' id='line_1_73' title="bbox 2320 4002 3885 4071; baseline 0.001 -17"><span class='ocrx_word' id='word_1_573' title='bbox 2320 4018 2425 4055; x_wconf 93' lang='lat' dir='ltr'><strong>non</strong></span> <span class='ocrx_word' id='word_1_574' title='bbox 2458 4004 2629 4071; x_wconf 87' lang='lat' dir='ltr'><strong>potuit</strong></span> <span class='ocrx_word' id='word_1_575' title='bbox 2658 4003 2707 4055; x_wconf 92' lang='lat' dir='ltr'><strong>in</strong></span> <span class='ocrx_word' id='word_1_576' title='bbox 2738 4017 2919 4059; x_wconf 89' lang='lat' dir='ltr'><strong>eremo</strong></span> <span class='ocrx_word' id='word_1_577' title='bbox 2947 4018 3041 4071; x_wconf 90' lang='lat' dir='ltr'><strong>per</strong></span> <span class='ocrx_word' id='word_1_578' title='bbox 3069 4002 3314 4069; x_wconf 87' lang='lat' dir='ltr'><strong>angelum</strong></span> <span class='ocrx_word' id='word_1_579' title='bbox 3348 4002 3629 4070; x_wconf 88' lang='lat' dir='ltr'><strong>prandium</strong></span> <span class='ocrx_word' id='word_1_580' title='bbox 3659 4004 3885 4056; x_wconf 75' lang='lat' dir='ltr'><strong>mittere.</strong></span> 
     </span>
    </p>
   </div>
   <div class='ocr_carea' id='block_1_74' title="bbox 640 4092 3889 4165">
    <p class='ocr_par' dir='ltr' id='par_1_74' title="bbox 640 4092 3889 4165">
     <span class='ocr_line' id='line_1_74' title="bbox 640 4092 3889 4165; baseline -0.002 -14"><span class='ocrx_word' id='word_1_581' title='bbox 640 4098 745 4151; x_wconf 91' lang='lat' dir='ltr'><strong>Sed</strong></span> <span class='ocrx_word' id='word_1_582' title='bbox 774 4098 897 4165; x_wconf 89' lang='lat' dir='ltr'><strong>quid</strong></span> <span class='ocrx_word' id='word_1_583' title='bbox 927 4097 994 4149; x_wconf 92' lang='lat' dir='ltr'><strong>de</strong></span> <span class='ocrx_word' id='word_1_584' title='bbox 1022 4096 1202 4164; x_wconf 84' lang='lat' dir='ltr'><strong>Moyse</strong></span> <span class='ocrx_word' id='word_1_585' title='bbox 1230 4104 1282 4149; x_wconf 91' lang='lat' dir='ltr'><strong>et</strong></span> <span class='ocrx_word' id='word_1_586' title='bbox 1310 4095 1598 4149; x_wconf 81' lang='lat' dir='ltr'><strong>Israelitica</strong></span> <span class='ocrx_word' id='word_1_587' title='bbox 1628 4096 1961 4149; x_wconf 89' lang='lat' dir='ltr'><strong>multitudine</strong></span> <span class='ocrx_word' id='word_1_588' title='bbox 1990 4096 2211 4164; x_wconf 84' lang='lat' dir='ltr'><strong>loquar?</strong></span> <span class='ocrx_word' id='word_1_589' title='bbox 2242 4098 2285 4158; x_wconf 86' lang='lat' dir='ltr'>C</span> <span class='ocrx_word' id='word_1_590' title='bbox 2317 4093 2453 4145; x_wconf 91' lang='lat' dir='ltr'><strong>sicut</strong></span> <span class='ocrx_word' id='word_1_591' title='bbox 2499 4093 2701 4145; x_wconf 90' lang='lat' dir='ltr'><strong>Danicli</strong></span> <span class='ocrx_word' id='word_1_592' title='bbox 2747 4092 2801 4145; x_wconf 92' lang='lat' dir='ltr'><strong>in</strong></span> <span class='ocrx_word' id='word_1_593' title='bbox 2847 4092 3020 4145; x_wconf 90' lang='lat' dir='ltr'><strong>lacum</strong></span> <span class='ocrx_word' id='word_1_594' title='bbox 3062 4093 3275 4146; x_wconf 91' lang='lat' dir='ltr'><strong>leonum</strong></span> <span class='ocrx_word' id='word_1_595' title='bbox 3309 4107 3405 4162; x_wconf 90' lang='lat' dir='ltr'><strong>per</strong></span> <span class='ocrx_word' id='word_1_596' title='bbox 3434 4092 3691 4147; x_wconf 84' lang='lat' dir='ltr'><strong>Abbacuc</strong></span> <span class='ocrx_word' id='word_1_597' title='bbox 3717 4095 3889 4147; x_wconf 78' lang='lat' dir='ltr'><strong>misit?</strong></span> 
     </span>
    </p>
   </div>
   <div class='ocr_carea' id='block_1_75' title="bbox 641 4184 2212 4256">
    <p class='ocr_par' dir='ltr' id='par_1_75' title="bbox 641 4184 2212 4256">
     <span class='ocr_line' id='line_1_75' title="bbox 641 4184 2212 4256; baseline 0.001 -16"><span class='ocrx_word' id='word_1_598' title='bbox 641 4188 895 4255; x_wconf 89' lang='lat' dir='ltr'><strong>Princeps</strong></span> <span class='ocrx_word' id='word_1_599' title='bbox 918 4188 1005 4241; x_wconf 89' lang='lat' dir='ltr'><strong>ille</strong></span> <span class='ocrx_word' id='word_1_600' title='bbox 1029 4187 1245 4240; x_wconf 86' lang='lat' dir='ltr'><strong>humani</strong></span> <span class='ocrx_word' id='word_1_601' title='bbox 1284 4188 1495 4249; x_wconf 81' lang='lat' dir='ltr'><strong>generis</strong></span> <span class='ocrx_word' id='word_1_602' title='bbox 1534 4186 1701 4239; x_wconf 84' lang='lat' dir='ltr'><strong>Adam</strong></span> <span class='ocrx_word' id='word_1_603' title='bbox 1732 4184 1882 4256; x_wconf 83' lang='lat' dir='ltr'><strong>(Gen.</strong></span> <span class='ocrx_word' id='word_1_604' title='bbox 1907 4190 2013 4253; x_wconf 59' lang='lat' dir='ltr'><strong>&#39;m),</strong></span> <span class='ocrx_word' id='word_1_605' title='bbox 2039 4202 2212 4255; x_wconf 91' lang='lat' dir='ltr'><strong>quan-</strong></span> 
     </span>
    </p>
   </div>
   <div class='ocr_carea' id='block_1_76' title="bbox 639 4275 2211 4345">
    <p class='ocr_par' dir='ltr' id='par_1_76' title="bbox 639 4275 2211 4345">
     <span class='ocr_line' id='line_1_76' title="bbox 639 4275 2211 4345; baseline 0.001 -16"><span class='ocrx_word' id='word_1_606' title='bbox 639 4276 727 4329; x_wconf 92' lang='lat' dir='ltr'><strong>diu</strong></span> <span class='ocrx_word' id='word_1_607' title='bbox 754 4275 1033 4343; x_wconf 89' lang='lat' dir='ltr'><strong>jejunavit,</strong></span> <span class='ocrx_word' id='word_1_608' title='bbox 1066 4285 1089 4321; x_wconf 76' lang='grc' dir='ltr'><strong>ε</strong></span> <span class='ocrx_word' id='word_1_609' title='bbox 1122 4276 1329 4328; x_wconf 89' lang='lat' dir='ltr'><strong>Domini</strong></span> <span class='ocrx_word' id='word_1_610' title='bbox 1373 4290 1593 4328; x_wconf 87' lang='lat' dir='ltr'><strong>servans</strong></span> <span class='ocrx_word' id='word_1_611' title='bbox 1632 4275 1936 4327; x_wconf 88' lang='lat' dir='ltr'><strong>mandatum</strong></span> <span class='ocrx_word' id='word_1_612' title='bbox 1968 4277 2017 4329; x_wconf 90' lang='lat' dir='ltr'><strong>in</strong></span> <span class='ocrx_word' id='word_1_613' title='bbox 2051 4292 2211 4345; x_wconf 88' lang='lat' dir='ltr'><strong>para-</strong></span> 
     </span>
    </p>
   </div>
   <div class='ocr_carea' id='block_1_77' title="bbox 638 4362 2209 4433">
    <p class='ocr_par' dir='ltr' id='par_1_77' title="bbox 638 4362 2209 4433">
     <span class='ocr_line' id='line_1_77' title="bbox 638 4362 2209 4433; baseline 0.002 -16"><span class='ocrx_word' id='word_1_614' title='bbox 638 4364 755 4417; x_wconf 91' lang='lat' dir='ltr'><strong>diso</strong></span> <span class='ocrx_word' id='word_1_615' title='bbox 785 4364 900 4416; x_wconf 82' lang='lat' dir='ltr'><strong>fuit.</strong></span> <span class='ocrx_word' id='word_1_616' title='bbox 936 4362 1032 4416; x_wconf 89' lang='lat' dir='ltr'><strong>Ubi</strong></span> <span class='ocrx_word' id='word_1_617' title='bbox 1064 4378 1190 4422; x_wconf 90' lang='lat' dir='ltr'><strong>vero</strong></span> <span class='ocrx_word' id='word_1_618' title='bbox 1220 4364 1469 4427; x_wconf 89' lang='lat' dir='ltr'><strong>comedit,</strong></span> <span class='ocrx_word' id='word_1_619' title='bbox 1503 4363 1704 4430; x_wconf 89' lang='lat' dir='ltr'><strong>ejectus</strong></span> <span class='ocrx_word' id='word_1_620' title='bbox 1733 4372 1813 4417; x_wconf 89' lang='lat' dir='ltr'><strong>est</strong></span> <span class='ocrx_word' id='word_1_621' title='bbox 1842 4363 1907 4417; x_wconf 90' lang='lat' dir='ltr'><strong>de</strong></span> <span class='ocrx_word' id='word_1_622' title='bbox 1929 4367 2209 4433; x_wconf 88' lang='lat' dir='ltr'><strong>paradiso;</strong></span> 
     </span>
    </p>
   </div>
   <div class='ocr_carea' id='block_1_78' title="bbox 638 4450 2211 4523">
    <p class='ocr_par' dir='ltr' id='par_1_78' title="bbox 638 4450 2211 4523">
     <span class='ocr_line' id='line_1_78' title="bbox 638 4450 2211 4523; baseline 0.005 -21"><span class='ocrx_word' id='word_1_623' title='bbox 638 4460 693 4503; x_wconf 90' lang='lat' dir='ltr'><strong>et</strong></span> <span class='ocrx_word' id='word_1_624' title='bbox 713 4451 802 4518; x_wconf 82' lang='lat' dir='ltr'><strong>qui</strong></span> <span class='ocrx_word' id='word_1_625' title='bbox 826 4452 877 4502; x_wconf 92' lang='lat' dir='ltr'><strong>in</strong></span> <span class='ocrx_word' id='word_1_626' title='bbox 900 4450 1144 4519; x_wconf 86' lang='lat' dir='ltr'><strong>paradiso</strong></span> <span class='ocrx_word' id='word_1_627' title='bbox 1168 4451 1259 4504; x_wconf 90' lang='lat' dir='ltr'><strong>Dei</strong></span> <span class='ocrx_word' id='word_1_628' title='bbox 1283 4452 1430 4518; x_wconf 84' lang='lat' dir='ltr'><strong>virgo</strong></span> <span class='ocrx_word' id='word_1_629' title='bbox 1451 4452 1642 4515; x_wconf 82' lang='lat' dir='ltr'><strong>fuerat,</strong></span> <span class='ocrx_word' id='word_1_630' title='bbox 1666 4452 1867 4518; x_wconf 88' lang='lat' dir='ltr'><strong>ejectus</strong></span> <span class='ocrx_word' id='word_1_631' title='bbox 1881 4453 1946 4508; x_wconf 92' lang='lat' dir='ltr'><strong>de</strong></span> <span class='ocrx_word' id='word_1_632' title='bbox 1967 4456 2211 4523; x_wconf 86' lang='lat' dir='ltr'><strong>paradiso</strong></span> 
     </span>
    </p>
   </div>
   <div class='ocr_carea' id='block_1_79' title="bbox 637 4539 2212 4609">
    <p class='ocr_par' dir='ltr' id='par_1_79' title="bbox 637 4539 2212 4609">
     <span class='ocr_line' id='line_1_79' title="bbox 637 4539 2212 4609; baseline 0.001 -13"><span class='ocrx_word' id='word_1_633' title='bbox 637 4544 889 4609; x_wconf 91' lang='lat' dir='ltr'><strong>cognovit</strong></span> <span class='ocrx_word' id='word_1_634' title='bbox 918 4555 1157 4595; x_wconf 84' lang='lat' dir='ltr'><strong>uxorem.</strong></span> <span class='ocrx_word' id='word_1_635' title='bbox 1205 4540 1427 4609; x_wconf 89' lang='lat' dir='ltr'><strong>Semper</strong></span> <span class='ocrx_word' id='word_1_636' title='bbox 1452 4541 1591 4593; x_wconf 91' lang='lat' dir='ltr'><strong>enim</strong></span> <span class='ocrx_word' id='word_1_637' title='bbox 1614 4539 1796 4607; x_wconf 90' lang='lat' dir='ltr'><strong>juncta</strong></span> <span class='ocrx_word' id='word_1_638' title='bbox 1828 4550 1910 4595; x_wconf 89' lang='lat' dir='ltr'><strong>est</strong></span> <span class='ocrx_word' id='word_1_639' title='bbox 1948 4544 2212 4597; x_wconf 88' lang='lat' dir='ltr'><strong>saturitati</strong></span> 
     </span>
    </p>
   </div>
   <div class='ocr_carea' id='block_1_80' title="bbox 639 4630 2208 4699">
    <p class='ocr_par' dir='ltr' id='par_1_80' title="bbox 639 4630 2208 4699">
     <span class='ocr_line' id='line_1_80' title="bbox 639 4630 2208 4699; baseline 0.001 -15"><span class='ocrx_word' id='word_1_640' title='bbox 639 4631 663 4668; x_wconf 70' lang='grc' dir='ltr'><strong>ιι</strong></span> <span class='ocrx_word' id='word_1_641' title='bbox 692 4633 917 4685; x_wconf 83' lang='lat' dir='ltr'><strong>luxuria.</strong></span> <span class='ocrx_word' id='word_1_642' title='bbox 950 4630 1119 4699; x_wconf 85' lang='lat' dir='ltr'><strong>Ejecit</strong></span> <span class='ocrx_word' id='word_1_643' title='bbox 1146 4643 1273 4697; x_wconf 90' lang='lat' dir='ltr'><strong>ergo</strong></span> <span class='ocrx_word' id='word_1_644' title='bbox 1300 4646 1395 4684; x_wconf 89' lang='lat' dir='ltr'><strong>nos</strong></span> <span class='ocrx_word' id='word_1_645' title='bbox 1424 4630 1491 4684; x_wconf 89' lang='lat' dir='ltr'><strong>de</strong></span> <span class='ocrx_word' id='word_1_646' title='bbox 1518 4632 1767 4699; x_wconf 89' lang='lat' dir='ltr'><strong>paradiso</strong></span> <span class='ocrx_word' id='word_1_647' title='bbox 1795 4632 1963 4699; x_wconf 90' lang='lat' dir='ltr'><strong>cibus,</strong></span> <span class='ocrx_word' id='word_1_648' title='bbox 1993 4633 2208 4687; x_wconf 88' lang='lat' dir='ltr'><strong>reducat</strong></span> 
     </span>
    </p>
   </div>
   <div class='ocr_carea' id='block_1_81' title="bbox 637 4718 2214 4792">
    <p class='ocr_par' dir='ltr' id='par_1_81' title="bbox 637 4718 2214 4792">
     <span class='ocr_line' id='line_1_81' title="bbox 637 4718 2214 4792; baseline -0.001 -16"><span class='ocrx_word' id='word_1_649' title='bbox 637 4723 859 4785; x_wconf 82' lang='lat' dir='ltr'><strong>esuries,</strong></span> <span class='ocrx_word' id='word_1_650' title='bbox 887 4722 1108 4775; x_wconf 88' lang='lat' dir='ltr'><strong>reducat</strong></span> <span class='ocrx_word' id='word_1_651' title='bbox 1129 4719 1409 4787; x_wconf 90' lang='lat' dir='ltr'><strong>jejunium.</strong></span> <span class='ocrx_word' id='word_1_652' title='bbox 1446 4718 1461 4755; x_wconf 76' lang='grc' dir='ltr'><strong>ί</strong></span> <span class='ocrx_word' id='word_1_653' title='bbox 1498 4719 1736 4773; x_wconf 81' lang='lat' dir='ltr'><strong>Diximus</strong></span> <span class='ocrx_word' id='word_1_654' title='bbox 1764 4720 1887 4788; x_wconf 91' lang='lat' dir='ltr'><strong>quid</strong></span> <span class='ocrx_word' id='word_1_655' title='bbox 1917 4720 1973 4773; x_wconf 93' lang='lat' dir='ltr'><strong>S.</strong></span> <span class='ocrx_word' id='word_1_656' title='bbox 2004 4720 2214 4792; x_wconf 86' lang='lat' dir='ltr'><strong>Moyses</strong></span> 
     </span>
    </p>
   </div>
   <div class='ocr_carea' id='block_1_82' title="bbox 639 4808 2210 4885">
    <p class='ocr_par' dir='ltr' id='par_1_82' title="bbox 639 4808 2210 4885">
     <span class='ocr_line' id='line_1_82' title="bbox 639 4808 2210 4885; baseline 0 -22"><span class='ocrx_word' id='word_1_657' title='bbox 639 4812 833 4885; x_wconf 79' lang='lat' dir='ltr'><strong>meruit</strong></span> <span class='ocrx_word' id='word_1_658' title='bbox 879 4809 1189 4877; x_wconf 89' lang='lat' dir='ltr'><strong>jejunando,</strong></span> <span class='ocrx_word' id='word_1_659' title='bbox 1232 4808 1421 4862; x_wconf 91' lang='lat' dir='ltr'><strong>deinde</strong></span> <span class='ocrx_word' id='word_1_660' title='bbox 1464 4815 1519 4861; x_wconf 94' lang='lat' dir='ltr'><strong>et</strong></span> <span class='ocrx_word' id='word_1_661' title='bbox 1558 4816 1781 4862; x_wconf 90' lang='lat' dir='ltr'><strong>cunctos</strong></span> <span class='ocrx_word' id='word_1_662' title='bbox 1818 4809 2107 4874; x_wconf 75' lang='lat' dir='ltr'><strong>videamus.</strong></span> <span class='ocrx_word' id='word_1_663' title='bbox 2152 4808 2210 4864; x_wconf 90' lang='lat' dir='ltr'><strong>S.</strong></span> 
     </span>
    </p>
   </div>
   <div class='ocr_carea' id='block_1_83' title="bbox 639 4896 2213 4965">
    <p class='ocr_par' dir='ltr' id='par_1_83' title="bbox 639 4896 2213 4965">
     <span class='ocr_line' id='line_1_83' title="bbox 639 4896 2213 4965; baseline 0.001 -12"><span class='ocrx_word' id='word_1_664' title='bbox 639 4898 765 4953; x_wconf 71' lang='lat' dir='ltr'><strong>Elia:</strong></span> <span class='ocrx_word' id='word_1_665' title='bbox 798 4898 1066 4965; x_wconf 62' lang='lat' dir='ltr'><strong>&#39;jejuuanti</strong></span> <span class='ocrx_word' id='word_1_666' title='bbox 1111 4899 1271 4951; x_wconf 90' lang='lat' dir='ltr'><strong>etiam</strong></span> <span class='ocrx_word' id='word_1_667' title='bbox 1316 4898 1582 4951; x_wconf 90' lang='lat' dir='ltr'><strong>elementa</strong></span> <span class='ocrx_word' id='word_1_668' title='bbox 1632 4896 1881 4951; x_wconf 77' lang='lat' dir='ltr'><strong>famulata</strong></span> <span class='ocrx_word' id='word_1_669' title='bbox 1925 4908 2067 4953; x_wconf 87' lang='lat' dir='ltr'><strong>sunt.</strong></span> <span class='ocrx_word' id='word_1_670' title='bbox 2116 4898 2213 4955; x_wconf 82' lang='lat' dir='ltr'><strong>Hic</strong></span> 
     </span>
    </p>
   </div>
   <div class='ocr_carea' id='block_1_84' title="bbox 708 5114 1747 5185">
    <p class='ocr_par' dir='ltr' id='par_1_84' title="bbox 708 5114 1747 5185">
     <span class='ocr_line' id='line_1_84' title="bbox 708 5114 1747 5185; baseline 0.003 -17"><span class='ocrx_word' id='word_1_671' title='bbox 708 5125 731 5151; x_wconf 81' lang='grc'><strong><em>⁸</em></strong></span> <span class='ocrx_word' id='word_1_672' title='bbox 757 5114 890 5168; x_wconf 89' lang='lat' dir='ltr'><strong>Cod.</strong></span> <span class='ocrx_word' id='word_1_673' title='bbox 918 5114 1110 5185; x_wconf 56' lang='lat' dir='ltr'><strong>ferus.</strong></span> <span class='ocrx_word' id='word_1_674' title='bbox 1141 5115 1193 5179; x_wconf 66' lang='lat'><strong>2,</strong></span> <span class='ocrx_word' id='word_1_675' title='bbox 1225 5118 1463 5185; x_wconf 78' lang='lat' dir='ltr'><strong>periculis</strong></span> <span class='ocrx_word' id='word_1_676' title='bbox 1491 5136 1747 5172; x_wconf 86' lang='lat' dir='ltr'><strong>evasuros.</strong></span> 
     </span>
    </p>
   </div>
   <div class='ocr_carea' id='block_1_85' title="bbox 705 5183 2209 5257">
    <p class='ocr_par' dir='ltr' id='par_1_85' title="bbox 705 5183 2209 5257">
     <span class='ocr_line' id='line_1_85' title="bbox 705 5183 2209 5257; baseline 0.003 -21"><span class='ocrx_word' id='word_1_677' title='bbox 705 5184 731 5221; x_wconf 67' lang='grc' dir='ltr'>δ</span> <span class='ocrx_word' id='word_1_678' title='bbox 758 5183 1192 5257; x_wconf 37' lang='lat' dir='ltr'><strong>Cod.‘Urhevet.,</strong></span> <span class='ocrx_word' id='word_1_679' title='bbox 1221 5183 1541 5256; x_wconf 86' lang='lat' dir='ltr'><strong>Loquebatur</strong></span> <span class='ocrx_word' id='word_1_680' title='bbox 1564 5204 1684 5257; x_wconf 88' lang='lat' dir='ltr'><strong>ergo</strong></span> <span class='ocrx_word' id='word_1_681' title='bbox 1714 5204 1864 5257; x_wconf 85' lang='lat' dir='ltr'><strong>apere</strong></span> <span class='ocrx_word' id='word_1_682' title='bbox 1891 5186 2101 5241; x_wconf 56' lang='lat' dir='ltr'><strong>Domini</strong></span> <span class='ocrx_word' id='word_1_683' title='bbox 2131 5191 2209 5241; x_wconf 87' lang='lat' dir='ltr'><strong>di-</strong></span> 
     </span>
    </p>
   </div>
   <div class='ocr_carea' id='block_1_86' title="bbox 634 5254 2208 5323">
    <p class='ocr_par' dir='ltr' id='par_1_86' title="bbox 634 5254 2208 5323">
     <span class='ocr_line' id='line_1_86' title="bbox 634 5254 2208 5323; baseline 0.006 -20"><span class='ocrx_word' id='word_1_684' title='bbox 634 5254 793 5323; x_wconf 79' lang='lat' dir='ltr'><strong>centis</strong></span> <span class='ocrx_word' id='word_1_685' title='bbox 826 5270 842 5305; x_wconf 93' lang='lat'><strong><em>:</em></strong></span> <span class='ocrx_word' id='word_1_686' title='bbox 875 5254 935 5306; x_wconf 92' lang='lat' dir='ltr'><strong>Si</strong></span> <span class='ocrx_word' id='word_1_687' title='bbox 959 5254 1081 5307; x_wconf 83' lang='lat' dir='ltr'><strong>mihi</strong></span> <span class='ocrx_word' id='word_1_688' title='bbox 1105 5272 1206 5309; x_wconf 87' lang='lat' dir='ltr'><strong>non</strong></span> <span class='ocrx_word' id='word_1_689' title='bbox 1231 5254 1455 5319; x_wconf 81' lang='lat' dir='ltr'><strong>creditis,</strong></span> <span class='ocrx_word' id='word_1_690' title='bbox 1487 5254 1718 5323; x_wconf 60' lang='lat' dir='ltr'><strong>operibus</strong></span> <span class='ocrx_word' id='word_1_691' title='bbox 1747 5254 1956 5309; x_wconf 77' lang='lat' dir='ltr'><strong>credite.</strong></span> <span class='ocrx_word' id='word_1_692' title='bbox 1990 5257 2085 5312; x_wconf 87' lang='lat' dir='ltr'><strong>Hic</strong></span> <span class='ocrx_word' id='word_1_693' title='bbox 2110 5260 2208 5313; x_wconf 88' lang='lat' dir='ltr'><strong>de-</strong></span> 
     </span>
    </p>
   </div>
   <div class='ocr_carea' id='block_1_87' title="bbox 635 5322 2026 5379">
    <p class='ocr_par' dir='ltr' id='par_1_87' title="bbox 635 5322 2026 5379">
     <span class='ocr_line' id='line_1_87' title="bbox 635 5322 2026 5379; baseline 0.005 -7"><span class='ocrx_word' id='word_1_694' title='bbox 635 5322 763 5374; x_wconf 79' lang='lat' dir='ltr'><strong>sinit</strong></span> <span class='ocrx_word' id='word_1_695' title='bbox 790 5338 965 5375; x_wconf 89' lang='lat' dir='ltr'><strong>sermo</strong></span> <span class='ocrx_word' id='word_1_696' title='bbox 995 5325 1046 5376; x_wconf 92' lang='lat' dir='ltr'><strong>in</strong></span> <span class='ocrx_word' id='word_1_697' title='bbox 1076 5324 1197 5378; x_wconf 91' lang='lat' dir='ltr'><strong>cod.</strong></span> <span class='ocrx_word' id='word_1_698' title='bbox 1234 5325 1481 5377; x_wconf 86' lang='lat' dir='ltr'><strong>Urhevet.</strong></span> <span class='ocrx_word' id='word_1_699' title='bbox 1515 5322 1569 5377; x_wconf 87' lang='lat' dir='ltr'><strong>et</strong></span> <span class='ocrx_word' id='word_1_700' title='bbox 1606 5326 1656 5377; x_wconf 94' lang='lat' dir='ltr'><strong>in</strong></span> <span class='ocrx_word' id='word_1_701' title='bbox 1687 5328 1806 5379; x_wconf 90' lang='lat' dir='ltr'><strong>cod.</strong></span> <span class='ocrx_word' id='word_1_702' title='bbox 1840 5327 2026 5379; x_wconf 88' lang='lat' dir='ltr'><strong>Venet.</strong></span> 
     </span>
    </p>
   </div>
   <div class='ocr_carea' id='block_1_88' title="bbox 708 5389 2203 5476">
    <p class='ocr_par' dir='ltr' id='par_1_88' title="bbox 708 5389 2203 5476">
     <span class='ocr_line' id='line_1_88' title="bbox 708 5389 2203 5476; baseline 0.005 -35"><span class='ocrx_word' id='word_1_703' title='bbox 708 5403 728 5476; x_wconf 62' lang='grc' dir='ltr'><strong>ξ</strong></span> <span class='ocrx_word' id='word_1_704' title='bbox 754 5391 893 5476; x_wconf 48' lang='lat' dir='ltr'><strong>E&#39;dit‘.</strong></span> <span class='ocrx_word' id='word_1_705' title='bbox 927 5391 1115 5476; x_wconf 41' lang='lat' dir='ltr'><strong>Mam},</strong></span> <span class='ocrx_word' id='word_1_706' title='bbox 1141 5403 1187 5445; x_wconf 87' lang='lat' dir='ltr'><strong>et</strong></span> <span class='ocrx_word' id='word_1_707' title='bbox 1218 5394 1519 5476; x_wconf 46' lang='lat' dir='ltr'><strong>medicinale</strong></span> <span class='ocrx_word' id='word_1_708' title='bbox 1551 5392 1970 5476; x_wconf 67' lang='lat' dir='ltr'><strong>Quadragesimte</strong></span> <span class='ocrx_word' id='word_1_709' title='bbox 1991 5389 2203 5476; x_wconf 53' lang='lat' dir='ltr'><strong>tempus.</strong></span> 
     </span>
    </p>
   </div>
   <div class='ocr_carea' id='block_1_89' title="bbox 702 5459 2207 5533">
    <p class='ocr_par' dir='ltr' id='par_1_89' title="bbox 702 5459 2207 5533">
     <span class='ocr_line' id='line_1_89' title="bbox 702 5459 2207 5533; baseline 0.003 -22"><span class='ocrx_word' id='word_1_710' title='bbox 702 5460 729 5495; x_wconf 75' lang='grc' dir='ltr'>ἀ</span> <span class='ocrx_word' id='word_1_711' title='bbox 776 5459 975 5512; x_wconf 85' lang='lat' dir='ltr'><strong>Eadem</strong></span> <span class='ocrx_word' id='word_1_712' title='bbox 1022 5461 1177 5533; x_wconf 77' lang='lat' dir='ltr'><strong>edit.,</strong></span> <span class='ocrx_word' id='word_1_713' title='bbox 1228 5461 1487 5524; x_wconf 86' lang='lat' dir='ltr'><strong>Quantum</strong></span> <span class='ocrx_word' id='word_1_714' title='bbox 1525 5465 1592 5533; x_wconf 75' lang='lat' dir='ltr'><strong>sit</strong></span> <span class='ocrx_word' id='word_1_715' title='bbox 1636 5459 1980 5533; x_wconf 47' lang='lat' dir='ltr'><strong>ergo-bonum</strong></span> <span class='ocrx_word' id='word_1_716' title='bbox 2019 5459 2207 5533; x_wconf 78' lang='lat' dir='ltr'><strong>jejunii</strong></span> 
     </span>
    </p>
   </div>
   <div class='ocr_carea' id='block_1_90' title="bbox 633 5530 2206 5603">
    <p class='ocr_par' dir='ltr' id='par_1_90' title="bbox 633 5530 2206 5603">
     <span class='ocr_line' id='line_1_90' title="bbox 633 5530 2206 5603; baseline 0.004 -23"><span class='ocrx_word' id='word_1_717' title='bbox 633 5539 974 5603; x_wconf 66' lang='lat' dir='ltr'><strong>quantumque</strong></span> <span class='ocrx_word' id='word_1_718' title='bbox 1020 5532 1201 5599; x_wconf 70' lang='lat' dir='ltr'><strong>gratia:</strong></span> <span class='ocrx_word' id='word_1_719' title='bbox 1245 5534 1481 5602; x_wconf 75' lang='lat' dir='ltr'><strong>conferat</strong></span> <span class='ocrx_word' id='word_1_720' title='bbox 1524 5530 1656 5583; x_wconf 80' lang='lat' dir='ltr'><strong>brevi</strong></span> <span class='ocrx_word' id='word_1_721' title='bbox 1693 5530 1931 5586; x_wconf 65' lang='lat' dir='ltr'><strong>sermone</strong></span> <span class='ocrx_word' id='word_1_722' title='bbox 1961 5530 2206 5603; x_wconf 72' lang='lat' dir='ltr'><strong>exentplis</strong></span> 
     </span>
    </p>
   </div>
   <div class='ocr_carea' id='block_1_91' title="bbox 635 5598 1187 5661">
    <p class='ocr_par' dir='ltr' id='par_1_91' title="bbox 635 5598 1187 5661">
     <span class='ocr_line' id='line_1_91' title="bbox 635 5598 1187 5661; baseline 0.005 -12"><span class='ocrx_word' id='word_1_723' title='bbox 635 5598 825 5661; x_wconf 75' lang='lat' dir='ltr'><strong>additis</strong></span> <span class='ocrx_word' id='word_1_724' title='bbox 855 5598 1187 5652; x_wconf 74' lang='lat' dir='ltr'><strong>disseramus.</strong></span> 
     </span>
    </p>
   </div>
   <div class='ocr_carea' id='block_1_92' title="bbox 708 5665 2204 5741">
    <p class='ocr_par' dir='ltr' id='par_1_92' title="bbox 708 5665 2204 5741">
     <span class='ocr_line' id='line_1_92' title="bbox 708 5665 2204 5741; baseline 0.003 -21"><span class='ocrx_word' id='word_1_725' title='bbox 708 5678 729 5704; x_wconf 82' lang='grc' dir='ltr'><strong>ε</strong></span> <span class='ocrx_word' id='word_1_726' title='bbox 761 5665 960 5722; x_wconf 84' lang='lat' dir='ltr'><strong>Eadem</strong></span> <span class='ocrx_word' id='word_1_727' title='bbox 995 5669 1144 5735; x_wconf 90' lang='lat' dir='ltr'><strong>edit.,</strong></span> <span class='ocrx_word' id='word_1_728' title='bbox 1186 5670 1415 5737; x_wconf 82' lang='lat' dir='ltr'><strong>accipere</strong></span> <span class='ocrx_word' id='word_1_729' title='bbox 1454 5671 1654 5731; x_wconf 86' lang='lat' dir='ltr'><strong>meruit.</strong></span> <span class='ocrx_word' id='word_1_730' title='bbox 1696 5686 1787 5738; x_wconf 83' lang='lat' dir='ltr'><strong>per</strong></span> <span class='ocrx_word' id='word_1_731' title='bbox 1818 5687 1971 5740; x_wconf 84' lang='lat' dir='ltr'><strong>quam</strong></span> <span class='ocrx_word' id='word_1_732' title='bbox 2006 5672 2204 5741; x_wconf 80' lang='lat' dir='ltr'><strong>pupulis</strong></span> 
     </span>
    </p>
   </div>
   <div class='ocr_carea' id='block_1_93' title="bbox 2315 4182 3887 4251">
    <p class='ocr_par' dir='ltr' id='par_1_93' title="bbox 2315 4182 3887 4251">
     <span class='ocr_line' id='line_1_93' title="bbox 2315 4182 3887 4251; baseline -0.001 -14"><span class='ocrx_word' id='word_1_733' title='bbox 2315 4182 2419 4237; x_wconf 90' lang='lat' dir='ltr'><strong>Sed</strong></span> <span class='ocrx_word' id='word_1_734' title='bbox 2447 4182 2651 4237; x_wconf 86' lang='lat' dir='ltr'><strong>sciebat</strong></span> <span class='ocrx_word' id='word_1_735' title='bbox 2680 4183 2819 4236; x_wconf 89' lang='lat' dir='ltr'><strong>Deus</strong></span> <span class='ocrx_word' id='word_1_736' title='bbox 2842 4183 3156 4251; x_wconf 87' lang='lat' dir='ltr'><strong>prophetam</strong></span> <span class='ocrx_word' id='word_1_737' title='bbox 3191 4197 3346 4236; x_wconf 91' lang='lat' dir='ltr'><strong>suum</strong></span> <span class='ocrx_word' id='word_1_738' title='bbox 3380 4189 3683 4236; x_wconf 87' lang='lat' dir='ltr'><strong>tentantem</strong></span> <span class='ocrx_word' id='word_1_739' title='bbox 3710 4182 3887 4235; x_wconf 82' lang='lat' dir='ltr'><strong>diabo-</strong></span> 
     </span>
    </p>
   </div>
   <div class='ocr_carea' id='block_1_94' title="bbox 2315 4271 3889 4340">
    <p class='ocr_par' dir='ltr' id='par_1_94' title="bbox 2315 4271 3889 4340">
     <span class='ocr_line' id='line_1_94' title="bbox 2315 4271 3889 4340; baseline -0.001 -14"><span class='ocrx_word' id='word_1_740' title='bbox 2315 4274 2422 4326; x_wconf 92' lang='lat' dir='ltr'><strong>lum</strong></span> <span class='ocrx_word' id='word_1_741' title='bbox 2450 4272 2603 4325; x_wconf 89' lang='lat' dir='ltr'><strong>aliter</strong></span> <span class='ocrx_word' id='word_1_742' title='bbox 2629 4286 2884 4340; x_wconf 88' lang='lat' dir='ltr'><strong>superare</strong></span> <span class='ocrx_word' id='word_1_743' title='bbox 2924 4286 3028 4325; x_wconf 91' lang='lat' dir='ltr'><strong>non</strong></span> <span class='ocrx_word' id='word_1_744' title='bbox 3070 4286 3245 4339; x_wconf 88' lang='lat' dir='ltr'><strong>posse,</strong></span> <span class='ocrx_word' id='word_1_745' title='bbox 3282 4272 3381 4325; x_wconf 92' lang='lat' dir='ltr'><strong>nisi</strong></span> <span class='ocrx_word' id='word_1_746' title='bbox 3423 4271 3613 4339; x_wconf 90' lang='lat' dir='ltr'><strong>jejunii</strong></span> <span class='ocrx_word' id='word_1_747' title='bbox 3658 4272 3889 4325; x_wconf 80' lang='lat' dir='ltr'><strong>emditus</strong></span> 
     </span>
    </p>
   </div>
   <div class='ocr_carea' id='block_1_95' title="bbox 2316 4362 3888 4431">
    <p class='ocr_par' dir='ltr' id='par_1_95' title="bbox 2316 4362 3888 4431">
     <span class='ocr_line' id='line_1_95' title="bbox 2316 4362 3888 4431; baseline -0.001 -15"><span class='ocrx_word' id='word_1_748' title='bbox 2316 4362 2613 4416; x_wconf 90' lang='lat' dir='ltr'><strong>insidiantis</strong></span> <span class='ocrx_word' id='word_1_749' title='bbox 2643 4362 2841 4415; x_wconf 92' lang='lat' dir='ltr'><strong>inimici</strong></span> <span class='ocrx_word' id='word_1_750' title='bbox 2865 4370 3191 4415; x_wconf 90' lang='lat' dir='ltr'><strong>tentamenta</strong></span> <span class='ocrx_word' id='word_1_751' title='bbox 3218 4362 3520 4431; x_wconf 88' lang='lat' dir='ltr'><strong>repelleret.</strong></span> <span class='ocrx_word' id='word_1_752' title='bbox 3550 4362 3738 4417; x_wconf 83' lang='lat' dir='ltr'><strong>Daniel</strong></span> <span class='ocrx_word' id='word_1_753' title='bbox 3764 4380 3888 4431; x_wconf 84' lang='lat' dir='ltr'><strong>quo-</strong></span> 
     </span>
    </p>
   </div>
   <div class='ocr_carea' id='block_1_96' title="bbox 2315 4450 3886 4520">
    <p class='ocr_par' dir='ltr' id='par_1_96' title="bbox 2315 4450 3886 4520">
     <span class='ocr_line' id='line_1_96' title="bbox 2315 4450 3886 4520; baseline 0.001 -15"><span class='ocrx_word' id='word_1_754' title='bbox 2315 4466 2419 4520; x_wconf 91' lang='lat' dir='ltr'><strong>que</strong></span> <span class='ocrx_word' id='word_1_755' title='bbox 2450 4450 2679 4520; x_wconf 86' lang='lat' dir='ltr'><strong>(Daniel.</strong></span> <span class='ocrx_word' id='word_1_756' title='bbox 2722 4450 2829 4519; x_wconf 81' lang='lat' dir='ltr'><strong>xiv)</strong></span> <span class='ocrx_word' id='word_1_757' title='bbox 2861 4451 2949 4505; x_wconf 89' lang='lat' dir='ltr'><strong>ille</strong></span> <span class='ocrx_word' id='word_1_758' title='bbox 2979 4450 3275 4505; x_wconf 90' lang='lat' dir='ltr'><strong>futurorum</strong></span> <span class='ocrx_word' id='word_1_759' title='bbox 3304 4465 3517 4518; x_wconf 88' lang='lat' dir='ltr'><strong>gnarus,</strong></span> <span class='ocrx_word' id='word_1_760' title='bbox 3550 4460 3604 4504; x_wconf 89' lang='lat' dir='ltr'><strong>et</strong></span> <span class='ocrx_word' id='word_1_761' title='bbox 3634 4452 3886 4506; x_wconf 76' lang='lat' dir='ltr'><strong>adventus</strong></span> 
     </span>
    </p>
   </div>
   <div class='ocr_carea' id='block_1_97' title="bbox 2316 4540 3885 4604">
    <p class='ocr_par' dir='ltr' id='par_1_97' title="bbox 2316 4540 3885 4604">
     <span class='ocr_line' id='line_1_97' title="bbox 2316 4540 3885 4604; baseline 0.003 -12"><span class='ocrx_word' id='word_1_762' title='bbox 2316 4541 2520 4595; x_wconf 92' lang='lat' dir='ltr'><strong>Domini</strong></span> <span class='ocrx_word' id='word_1_763' title='bbox 2552 4542 2815 4604; x_wconf 90' lang='lat' dir='ltr'><strong>conscius,</strong></span> <span class='ocrx_word' id='word_1_764' title='bbox 2847 4549 2902 4595; x_wconf 89' lang='lat' dir='ltr'><strong>et</strong></span> <span class='ocrx_word' id='word_1_765' title='bbox 2926 4541 3219 4596; x_wconf 87' lang='lat' dir='ltr'><strong>eversionis</strong></span> <span class='ocrx_word' id='word_1_766' title='bbox 3245 4540 3537 4595; x_wconf 88' lang='lat' dir='ltr'><strong>Jerusalem</strong></span> <span class='ocrx_word' id='word_1_767' title='bbox 3565 4542 3885 4596; x_wconf 78' lang='lat' dir='ltr'><strong>manifestis-</strong></span> 
     </span>
    </p>
   </div>
   <div class='ocr_carea' id='block_1_98' title="bbox 2314 4629 3883 4699">
    <p class='ocr_par' dir='ltr' id='par_1_98' title="bbox 2314 4629 3883 4699">
     <span class='ocr_line' id='line_1_98' title="bbox 2314 4629 3883 4699; baseline 0.001 -15"><span class='ocrx_word' id='word_1_768' title='bbox 2314 4631 2479 4684; x_wconf 87' lang='lat' dir='ltr'><strong>simus</strong></span> <span class='ocrx_word' id='word_1_769' title='bbox 2507 4631 2841 4699; x_wconf 72' lang='lat' dir='ltr'><strong>prmdicator.</strong></span> <span class='ocrx_word' id='word_1_770' title='bbox 2877 4630 2997 4684; x_wconf 78' lang='lat' dir='ltr'><strong>iJeo</strong></span> <span class='ocrx_word' id='word_1_771' title='bbox 3042 4630 3123 4683; x_wconf 88' lang='lat' dir='ltr'><strong>vir</strong></span> <span class='ocrx_word' id='word_1_772' title='bbox 3161 4629 3544 4684; x_wconf 88' lang='lat' dir='ltr'><strong>desideriorum</strong></span> <span class='ocrx_word' id='word_1_773' title='bbox 3590 4632 3883 4699; x_wconf 82' lang='lat' dir='ltr'><strong>appellatus</strong></span> 
     </span>
    </p>
   </div>
   <div class='ocr_carea' id='block_1_99' title="bbox 2315 4718 3881 4790">
    <p class='ocr_par' dir='ltr' id='par_1_99' title="bbox 2315 4718 3881 4790">
     <span class='ocr_line' id='line_1_99' title="bbox 2315 4718 3881 4790; baseline 0 -15"><span class='ocrx_word' id='word_1_774' title='bbox 2315 4728 2413 4783; x_wconf 90' lang='lat' dir='ltr'><strong>est,</strong></span> <span class='ocrx_word' id='word_1_775' title='bbox 2440 4721 2563 4790; x_wconf 91' lang='lat' dir='ltr'><strong>quia</strong></span> <span class='ocrx_word' id='word_1_776' title='bbox 2592 4736 2781 4790; x_wconf 79' lang='lat' dir='ltr'><strong>panem</strong></span> <span class='ocrx_word' id='word_1_777' title='bbox 2810 4719 3057 4774; x_wconf 88' lang='lat' dir='ltr'><strong>desiderii</strong></span> <span class='ocrx_word' id='word_1_778' title='bbox 3085 4735 3190 4774; x_wconf 90' lang='lat' dir='ltr'><strong>non</strong></span> <span class='ocrx_word' id='word_1_779' title='bbox 3219 4718 3449 4774; x_wconf 88' lang='lat' dir='ltr'><strong>comedit</strong></span> <span class='ocrx_word' id='word_1_780' title='bbox 3474 4728 3532 4772; x_wconf 88' lang='lat' dir='ltr'><strong>et</strong></span> <span class='ocrx_word' id='word_1_781' title='bbox 3551 4729 3738 4788; x_wconf 88' lang='lat' dir='ltr'><strong>potum</strong></span> <span class='ocrx_word' id='word_1_782' title='bbox 3761 4737 3881 4775; x_wconf 81' lang='lat' dir='ltr'><strong>con-</strong></span> 
     </span>
    </p>
   </div>
   <div class='ocr_carea' id='block_1_100' title="bbox 2314 4809 3877 4880">
    <p class='ocr_par' dir='ltr' id='par_1_100' title="bbox 2314 4809 3877 4880">
     <span class='ocr_line' id='line_1_100' title="bbox 2314 4809 3877 4880; baseline -0.002 -14"><span class='ocrx_word' id='word_1_783' title='bbox 2314 4812 2651 4880; x_wconf 70' lang='lat' dir='ltr'><strong>cupiscentia)</strong></span> <span class='ocrx_word' id='word_1_784' title='bbox 2692 4826 2799 4864; x_wconf 91' lang='lat' dir='ltr'><strong>non</strong></span> <span class='ocrx_word' id='word_1_785' title='bbox 2839 4811 2989 4873; x_wconf 88' lang='lat' dir='ltr'><strong>bibit,</strong></span> <span class='ocrx_word' id='word_1_786' title='bbox 3034 4810 3156 4879; x_wconf 91' lang='lat' dir='ltr'><strong>quia</strong></span> <span class='ocrx_word' id='word_1_787' title='bbox 3204 4810 3371 4878; x_wconf 89' lang='lat' dir='ltr'><strong>magis</strong></span> <span class='ocrx_word' id='word_1_788' title='bbox 3416 4809 3688 4863; x_wconf 78' lang='lat' dir='ltr'><strong>Christum</strong></span> <span class='ocrx_word' id='word_1_789' title='bbox 3726 4826 3877 4879; x_wconf 83' lang='lat' dir='ltr'><strong>quam</strong></span> 
     </span>
    </p>
   </div>
   <div class='ocr_carea' id='block_1_101' title="bbox 2315 4898 3879 4970">
    <p class='ocr_par' dir='ltr' id='par_1_101' title="bbox 2315 4898 3879 4970">
     <span class='ocr_line' id='line_1_101' title="bbox 2315 4898 3879 4970; baseline 0 -16"><span class='ocrx_word' id='word_1_790' title='bbox 2315 4901 2499 4970; x_wconf 90' lang='lat' dir='ltr'><strong>epulas</strong></span> <span class='ocrx_word' id='word_1_791' title='bbox 2527 4899 2877 4953; x_wconf 72' lang='lat' dir='ltr'><strong>desiderabat.</strong></span> <span class='ocrx_word' id='word_1_792' title='bbox 2923 4898 3156 4954; x_wconf 74' lang='lat' dir='ltr'><strong>Joannes</strong></span> <span class='ocrx_word' id='word_1_793' title='bbox 3192 4909 3405 4968; x_wconf 80' lang='lat' dir='ltr'><strong>quoque</strong></span> <span class='ocrx_word' id='word_1_794' title='bbox 3448 4914 3750 4969; x_wconf 59' lang='lat' dir='ltr'><strong>praacursor</strong></span> <span class='ocrx_word' id='word_1_795' title='bbox 3779 4902 3879 4954; x_wconf 47' lang='lat' dir='ltr'><strong>Do.</strong></span> 
     </span>
    </p>
   </div>
   <div class='ocr_carea' id='block_1_102' title="bbox 2310 5119 3873 5257">
    <p class='ocr_par' dir='ltr' id='par_1_102' title="bbox 2310 5119 3873 5257">
     <span class='ocr_line' id='line_1_102' title="bbox 2310 5119 3069 5189; baseline -0.003 -15"><span class='ocrx_word' id='word_1_796' title='bbox 2310 5122 2605 5189; x_wconf 84' lang='lat' dir='ltr'><strong>imperaret.</strong></span> <span class='ocrx_word' id='word_1_797' title='bbox 2641 5119 3069 5189; x_wconf 78' lang='lat' dir='ltr'><strong>Impetrauerunt.</strong></span> 
     </span>
     <span class='ocr_line' id='line_1_103' title="bbox 2387 5188 3873 5257; baseline 0 -16"><span class='ocrx_word' id='word_1_798' title='bbox 2387 5188 2407 5228; x_wconf 71' lang='grc' dir='ltr'>ί</span> <span class='ocrx_word' id='word_1_799' title='bbox 2440 5189 2568 5243; x_wconf 84' lang='lat' dir='ltr'><strong>Ead.</strong></span> <span class='ocrx_word' id='word_1_800' title='bbox 2600 5190 2727 5243; x_wconf 88' lang='lat' dir='ltr'><strong>edit.</strong></span> <span class='ocrx_word' id='word_1_801' title='bbox 2752 5189 2897 5242; x_wconf 91' lang='lat' dir='ltr'><strong>addit</strong></span> <span class='ocrx_word' id='word_1_802' title='bbox 2920 5190 3053 5241; x_wconf 85' lang='lat' dir='ltr'><strong>inter</strong></span> <span class='ocrx_word' id='word_1_803' title='bbox 3080 5196 3302 5242; x_wconf 82' lang='lat' dir='ltr'><strong>ventrem</strong></span> <span class='ocrx_word' id='word_1_804' title='bbox 3320 5203 3531 5240; x_wconf 81' lang='lat' dir='ltr'><strong>vacuum</strong></span> <span class='ocrx_word' id='word_1_805' title='bbox 3552 5195 3600 5240; x_wconf 81' lang='lat' dir='ltr'><strong>et</strong></span> <span class='ocrx_word' id='word_1_806' title='bbox 3618 5188 3873 5257; x_wconf 61' lang='lat' dir='ltr'><strong>panem</strong></span> 
     </span>
    </p>
   </div>
   <div class='ocr_carea' id='block_1_103' title="bbox 2310 5257 3455 5327">
    <p class='ocr_par' dir='ltr' id='par_1_103' title="bbox 2310 5257 3455 5327">
     <span class='ocr_line' id='line_1_104' title="bbox 2310 5257 3455 5327; baseline -0.003 -16"><span class='ocrx_word' id='word_1_807' title='bbox 2310 5259 2471 5327; x_wconf 78' lang='lat' dir='ltr'><strong>epulis</strong></span> <span class='ocrx_word' id='word_1_808' title='bbox 2494 5269 2787 5311; x_wconf 58' lang='lat' dir='ltr'><strong>restitantes.</strong></span> <span class='ocrx_word' id='word_1_809' title='bbox 2812 5257 3017 5327; x_wconf 74' lang='lat' dir='ltr'><strong>Moyses</strong></span> <span class='ocrx_word' id='word_1_810' title='bbox 3044 5273 3193 5327; x_wconf 82' lang='lat' dir='ltr'><strong>ergo,</strong></span> <span class='ocrx_word' id='word_1_811' title='bbox 3216 5258 3319 5327; x_wconf 84' lang='lat' dir='ltr'><strong>qui,</strong></span> <span class='ocrx_word' id='word_1_812' title='bbox 3351 5264 3455 5309; x_wconf 87' lang='lat' dir='ltr'><strong>etc.</strong></span> 
     </span>
    </p>
   </div>
   <div class='ocr_carea' id='block_1_104' title="bbox 2381 5325 3215 5381">
    <p class='ocr_par' dir='ltr' id='par_1_104' title="bbox 2381 5325 3215 5381">
     <span class='ocr_line' id='line_1_105' title="bbox 2381 5325 3215 5381; baseline 0.001 -4"><span class='ocrx_word' id='word_1_813' title='bbox 2381 5338 2406 5373; x_wconf 79' lang='lat' dir='ltr'><strong>tt</strong></span> <span class='ocrx_word' id='word_1_814' title='bbox 2436 5327 2567 5380; x_wconf 89' lang='lat' dir='ltr'><strong>Ead.</strong></span> <span class='ocrx_word' id='word_1_815' title='bbox 2599 5328 2726 5381; x_wconf 91' lang='lat' dir='ltr'><strong>edit.</strong></span> <span class='ocrx_word' id='word_1_816' title='bbox 2762 5325 2958 5380; x_wconf 85' lang='lat' dir='ltr'><strong>omittit</strong></span> <span class='ocrx_word' id='word_1_817' title='bbox 2990 5325 3215 5379; x_wconf 83' lang='lat' dir='ltr'><strong>Domini.</strong></span> 
     </span>
    </p>
   </div>
   <div class='ocr_carea' id='block_1_105' title="bbox 2379 5394 3004 5459">
    <p class='ocr_par' dir='ltr' id='par_1_105' title="bbox 2379 5394 3004 5459">
     <span class='ocr_line' id='line_1_106' title="bbox 2379 5394 3004 5459; baseline 0.005 -13"><span class='ocrx_word' id='word_1_818' title='bbox 2379 5394 2404 5431; x_wconf 67' lang='grc' dir='ltr'>δ</span> <span class='ocrx_word' id='word_1_819' title='bbox 2437 5395 2565 5448; x_wconf 89' lang='lat' dir='ltr'><strong>Ead.</strong></span> <span class='ocrx_word' id='word_1_820' title='bbox 2592 5397 2743 5459; x_wconf 87' lang='lat' dir='ltr'><strong>edit.,</strong></span> <span class='ocrx_word' id='word_1_821' title='bbox 2777 5396 3004 5449; x_wconf 74' lang='lat' dir='ltr'><strong>lascivia.</strong></span> 
     </span>
    </p>
   </div>
   <div class='ocr_carea' id='block_1_106' title="bbox 2387 5462 3323 5534">
    <p class='ocr_par' dir='ltr' id='par_1_106' title="bbox 2387 5462 3323 5534">
     <span class='ocr_line' id='line_1_107' title="bbox 2387 5462 3323 5534; baseline 0 -19"><span class='ocrx_word' id='word_1_822' title='bbox 2387 5465 2401 5534; x_wconf 54' lang='grc' dir='ltr'>ξ</span> <span class='ocrx_word' id='word_1_823' title='bbox 2438 5462 2565 5534; x_wconf 56' lang='lat' dir='ltr'><strong>Ead.</strong></span> <span class='ocrx_word' id='word_1_824' title='bbox 2598 5466 2749 5530; x_wconf 87' lang='lat' dir='ltr'><strong>edit.,</strong></span> <span class='ocrx_word' id='word_1_825' title='bbox 2782 5464 3020 5518; x_wconf 72' lang='lat' dir='ltr'><strong>Diximus</strong></span> <span class='ocrx_word' id='word_1_826' title='bbox 3046 5480 3188 5534; x_wconf 80' lang='lat' dir='ltr'><strong>ergo,</strong></span> <span class='ocrx_word' id='word_1_827' title='bbox 3220 5470 3323 5534; x_wconf 80' lang='lat' dir='ltr'><strong>etc.</strong></span> 
     </span>
    </p>
   </div>
   <div class='ocr_carea' id='block_1_107' title="bbox 2386 5530 3767 5599">
    <p class='ocr_par' dir='ltr' id='par_1_107' title="bbox 2386 5530 3767 5599">
     <span class='ocr_line' id='line_1_108' title="bbox 2386 5530 3767 5599; baseline 0.007 -18"><span class='ocrx_word' id='word_1_828' title='bbox 2386 5532 2400 5580; x_wconf 84' lang='lat' dir='ltr'><strong>i</strong></span> <span class='ocrx_word' id='word_1_829' title='bbox 2441 5532 2568 5584; x_wconf 86' lang='lat' dir='ltr'><strong>Ead.</strong></span> <span class='ocrx_word' id='word_1_830' title='bbox 2603 5534 2731 5586; x_wconf 79' lang='lat' dir='ltr'><strong>edit.</strong></span> <span class='ocrx_word' id='word_1_831' title='bbox 2756 5534 2889 5599; x_wconf 83' lang='lat' dir='ltr'><strong>legit</strong></span> <span class='ocrx_word' id='word_1_832' title='bbox 2917 5530 3144 5586; x_wconf 45' lang='lat' dir='ltr'><strong>clausit“:</strong></span> <span class='ocrx_word' id='word_1_833' title='bbox 3166 5531 3236 5584; x_wconf 85' lang='lat' dir='ltr'><strong>ad</strong></span> <span class='ocrx_word' id='word_1_834' title='bbox 3260 5530 3403 5598; x_wconf 76' lang='lat' dir='ltr'><strong>cujus</strong></span> <span class='ocrx_word' id='word_1_835' title='bbox 3436 5548 3634 5599; x_wconf 70' lang='lat' dir='ltr'><strong>vocari,</strong></span> <span class='ocrx_word' id='word_1_836' title='bbox 3662 5542 3767 5591; x_wconf 83' lang='lat' dir='ltr'><strong>etc.</strong></span> 
     </span>
    </p>
   </div>
   <div class='ocr_carea' id='block_1_108' title="bbox 2385 5599 3088 5664">
    <p class='ocr_par' dir='ltr' id='par_1_108' title="bbox 2385 5599 3088 5664">
     <span class='ocr_line' id='line_1_109' title="bbox 2385 5599 3088 5664; baseline 0.006 -14"><span class='ocrx_word' id='word_1_837' title='bbox 2385 5600 2406 5636; x_wconf 66' lang='grc' dir='ltr'><strong>ιι</strong></span> <span class='ocrx_word' id='word_1_838' title='bbox 2437 5599 2563 5651; x_wconf 85' lang='lat' dir='ltr'><strong>Ead.</strong></span> <span class='ocrx_word' id='word_1_839' title='bbox 2596 5601 2746 5664; x_wconf 86' lang='lat' dir='ltr'><strong>edit.,</strong></span> <span class='ocrx_word' id='word_1_840' title='bbox 2776 5603 3088 5655; x_wconf 85' lang='lat' dir='ltr'><strong>admoneret.</strong></span> 
     </span>
    </p>
   </div>
   <div class='ocr_carea' id='block_1_109' title="bbox 2391 5668 3599 5741">
    <p class='ocr_par' dir='ltr' id='par_1_109' title="bbox 2391 5668 3599 5741">
     <span class='ocr_line' id='line_1_110' title="bbox 2391 5668 3599 5741; baseline 0.003 -21"><span class='ocrx_word' id='word_1_841' title='bbox 2391 5670 2405 5706; x_wconf 75' lang='grc' dir='ltr'>ι</span> <span class='ocrx_word' id='word_1_842' title='bbox 2442 5668 2573 5722; x_wconf 86' lang='lat' dir='ltr'><strong>Ead.</strong></span> <span class='ocrx_word' id='word_1_843' title='bbox 2605 5670 2755 5733; x_wconf 83' lang='lat' dir='ltr'><strong>edit.,</strong></span> <span class='ocrx_word' id='word_1_844' title='bbox 2779 5673 2863 5741; x_wconf 86' lang='lat' dir='ltr'><strong>qui</strong></span> <span class='ocrx_word' id='word_1_845' title='bbox 2891 5672 3067 5724; x_wconf 67' lang='lat' dir='ltr'><strong>coelum</strong></span> <span class='ocrx_word' id='word_1_846' title='bbox 3088 5680 3136 5724; x_wconf 86' lang='lat' dir='ltr'><strong>et</strong></span> <span class='ocrx_word' id='word_1_847' title='bbox 3167 5680 3355 5724; x_wconf 81' lang='lat' dir='ltr'><strong>terram</strong></span> <span class='ocrx_word' id='word_1_848' title='bbox 3377 5670 3599 5738; x_wconf 72' lang='lat' dir='ltr'><strong>fecerat.</strong></span> 
     </span>
    </p>
   </div>
  </div>
