3910 6238
3 358 61 409 77
1417 353 1648 407 SERMO
1691 353 1869 407 XXIII.

3143 356 3246 409 573

0 469 86 521 nini
114 467 343 521 locustis
376 467 436 519 in
469 482 671 521 eremo
700 474 755 521 et
783 468 975 535 agresti
1003 466 1160 521 melle
1189 465 1438 529 nutritur,
1470 481 1577 519 non
1610 474 1650 525 Α
1681 473 1808 519 tem.
1839 466 1956 518 Non
1982 465 2103 519 dico
2126 465 2508 531 hebdomadas,
2539 480 2646 518 non
2674 456 2959 533 duplicata,
2986 482 3091 520 non
3116 469 3255 521 mul-

0 558 267 612 nimalium
301 558 607 620 carnibus,
643 572 751 610 non
779 557 1051 611 volucrum
1092 555 1437 609 suavitatibus
1482 569 1580 623 pa-

0 649 141 701 titur.
164 646 403 701 Poterat
428 648 635 715 utique
653 647 805 715 juxta
824 646 1105 700 Iordanem
1128 646 1332 715 positus
1350 645 1575 712 piscium

0 740 55 792 ibi
87 738 357 793 exhibere
390 736 655 800 delicias,
692 736 784 790 sed
810 736 1170 805 pmnitentiam
1197 735 1578 803 praedicaturus
1631 799 1643 809 _

17 829 246 893 rigorem
272 825 486 892 jejunii
524 824 778 893 exemplo
807 840 902 876 suo
931 824 1097 891 magis
1134 823 1317 876 debuit
1345 831 1398 876 et
1425 822 1577 875 factis

0 916 243 969 stendere
292 930 475 983 quam
550 929 702 967 voce.
754 912 809 965 In
856 912 1143 977 Ev‘angelio
1180 911 1395 979 (Matth.
1446 910 1574 979 xvu)

0 1020 189 1073 noque,
224 1020 358 1059 cum
391 1003 630 1072 quidam
659 1002 899 1056 dmmone
926 1002 1111 1069 plenus
1142 1001 1366 1054 Domino
1394 999 1579 1053 fuisset

0 1091 191 1156 blatus,
220 1105 394 1157 quem
422 1091 672 1159 apostoli
701 1105 888 1143 curare
907 1088 1065 1158 553
1097 1089 1464 1155 nequiverant,
1498 1089 1581 1140 in-

0 1190 304 1248 :rrogantes
363 1180 612 1233 audiunt
640 1194 669 1231 a
700 1178 926 1233 Domino
955 1177 1250 1231 istiusmodi
1278 1192 1445 1243 genus
1469 1192 1576 1231 non

0 1281 115 1319 osse
145 1268 270 1334 ejici
299 1268 413 1320 nisi
445 1268 790 1321 orationibus
827 1275 880 1320 et
918 1266 1154 1333 jejuniis.
1198 1266 1385 1319 Videte
1426 1278 1575 1331 ergo,

0 1367 171 1423 atres,
202 1365 423 1423 quanta
456 1358 536 1411 sit
558 1357 882 1424 jejuniorum
922 1358 1107 1419 virtus,
1135 1364 1190 1409 ut
1217 1356 1267 1409 id
1294 1353 1467 1409 facere
1491 1356 1578 1423 je-

0 1443 104 1496 tnia
132 1444 359 1496 valeant
391 1444 554 1512 quod
585 1444 812 1512 apostoli
840 1444 1208 1510 nequiverant.
1250 1440 1449 1494 Omitto
1477 1456 1580 1494 ca:-

0 1547 104 1593 ara;
147 1532 246 1585 sed
298 1532 691 1600 unusquisque
739 1531 1040 1585 consideret
1085 1538 1282 1603 quanta
1326 1530 1394 1582 sit
1440 1530 1580 1582 inter

0 1619 217 1687 ejuninzn
248 1630 309 1675 et
347 1622 706 1676 saturitatem
734 1620 1011 1685 distantia,
1042 1619 1181 1672 inter
1206 1622 1449 1672 ventrem
1483 1634 1577 1671 va-

0 1724 119 1762 num
165 1719 223 1763 et
270 1710 583 1773 refertum,
636 1711 774 1762 inter
810 1710 1086 1762 rubentem
1139 1708 1327 1761 faciem
1380 1715 1433 1760 et
1480 1723 1576 1761 ora

1682 553 1914 621 tiplicata
1940 553 2157 620 jejunia,
2180 553 2272 606 sed
2294 553 2375 605 vel
2402 552 2639 621 singulos
2658 552 2771 606 dies
2794 554 2991 621 absque
3012 557 3253 611 ciborum

1679 640 2011 694 bnimietate
2053 651 2420 694 transeamus-
2443 640 2663 695 Cessent
2714 643 2937 709 lavacra,
2983 646 3125 708 vina,
3168 648 3253 700 vel

1680 722 1887 795 carnes,
1913 748 2019 785 non
2038 730 2177 798 quod
2204 738 2503 784 creaturam
2530 731 2621 783 Dei
2647 730 2945 799 judicemus
2960 748 3077 788 esse
3097 735 3251 787 dam-

1678 822 1942 884 nandam;
1986 821 2148 891 555
2194 820 2287 875 sed
2324 822 2414 888 qui
2462 830 2575 874 toto
2616 836 2756 875 anno
2802 824 2955 878 nobis
3002 826 3249 890 viximus,

1678 904 1866 964 saltem
1897 912 1979 964 vel
2006 926 2206 979 paucos
2232 911 2345 963 dies
2377 912 2614 964 vivamus
2635 920 2686 965 et
2709 912 2953 967 Domino.
2987 914 3093 969 Sed
3112 917 3253 984 jeju-

1678 1000 1763 1054 uia
1794 1010 1992 1065 nostra,
2028 1010 2083 1053 ut
2111 1001 2264 1069 plena
2297 1001 2407 1055 sint
2443 1009 2496 1053 et
2538 1012 2561 1040 α
2610 1002 2846 1068 sulferta,
2878 1004 3253 1060 misericordia:

1679 1091 1998 1158 pinguedine
2043 1091 2368 1156 sagiuentur.
2419 1088 2615 1143 Demus
2662 1092 3015 1146 esurientibus
3060 1109 3253 1162 panem

1679 1188 1937 1231 nostrum.
1971 1178 2080 1231 Nec
2109 1176 2133 1215 ἀ
2163 1185 2409 1245 putemus
2433 1176 2633 1244 jejuuia
2662 1178 2777 1231 sola
2806 1179 3049 1233 sufficere
3073 1181 3140 1233 ad
3166 1196 3255 1234 sa—

1680 1268 1853 1320 nanda
1881 1268 2101 1320 vulnera
2145 1274 2507 1335 peccatorum,
2544 1267 2644 1319 nisi
2687 1276 2709 1304 ε
2758 1268 2811 1320 in
2860 1269 3252 1323 medicamento

1677 1356 2027 1426 eleemos‘ynze
2072 1365 2399 1409 recreentur.
2431 1355 2699 1423 Jejuuium
2744 1368 2872 1422 ergo
2905 1366 3051 1410 tuum
3083 1367 3134 1411 te
3162 1374 3252 1412 ca-

1676 1446 1851 1510 stiget,
1894 1444 1988 1497 sed
2030 1443 2261 1497 lmtiﬁcet
2307 1444 2550 1507 alterum,
2578 1451 2634 1496 et
2671 1444 2743 1497 ita
2784 1442 3066 1499 fructuosa:
3095 1456 3253 1500 erunt

1678 1531 1933 1597 angustia:
1963 1539 2083 1595 tum,
2116 1532 2160 1583 si
2190 1532 2342 1584 alteri
2383 1531 2717 1584 latitudinem
2757 1540 3026 1597 praestent.
3058 1534 3147 1588 Sic
3170 1534 3253 1601 je-

1672 1620 1819 1688 juna,
1847 1631 1905 1673 ut
1931 1623 1982 1673 in
2014 1622 2118 1674 alio
2142 1620 2494 1675 manducante
2539 1630 2591 1675 te
2621 1621 2895 1689 prandisse
2930 1624 2946 1660 ί
2978 1625 3211 1690 gaudeas
3237 1644 3248 1677 :

1679 1708 1913 1761 Hilarem
1941 1710 2073 1762 enim
2104 1710 2337 1762 datorem
2363 1711 2529 1779 diligit
2565 1710 2704 1763 Deus
2736 1710 2790 1781 (Ι
2830 1710 2950 1765 Cor.
2993 1713 3089 1781 ιχ).
3121 1714 3252 1767 Nam

0 1797 237 1863 allentia,
265 1800 421 1853 inter
452 1815 523 1855 os
546 1798 787 1867 jejunum
812 1806 867 1852 et
893 1798 1031 1852 labia
1055 1798 1275 1867 crapula
1297 1797 1571 1862 dissoluta,
1610 1812 1649 1870 Β
1678 1799 2032 1853 manducante
2060 1814 2294 1868 paupere
2314 1798 2381 1851 de
2410 1799 2563 1852 bonis
2590 1800 2715 1865 tuis,
2738 1801 2963 1868 prandet
2990 1802 3250 1869 Christus,

0 1893 103 1940 iter
131 1901 475 1957 oppressum
517 1888 688 1957 epulis
732 1896 787 1943 et
833 1888 1020 1942 inedia:
1063 1889 1320 1943 tenuitate
1354 1888 1576 1956 vigilan-

1681 1889 1772 1957 qui
1800 1904 1858 1942 se
1886 1890 1937 1941 in
1965 1901 2198 1957 paupere
2226 1887 2427 1942 esurire
2456 1896 2699 1943 testatur.
2731 1888 2978 1960 Explicit.

1383 1999 1649 2060 SERMO
1688 2001 1890 2060 XXII.

1272 2098 1350 2151 De
1376 2098 1786 2168 Quadrugesima
1820 2099 1980 2153 VIII.

1415 2191 1805 2244 ADMUNITIO.

43 2277 353 2350 Dolendum
368 2279 628 2350 profecto
649 2286 751 2350 est,
778 2286 996 2347 propter
1022 2285 1344 2350 vetustatem
1368 2280 1564 2350 codicis
1605 2280 1913 2334 monasterii
1941 2280 2065 2333 olim
2101 2279 2167 2350 de
2194 2278 2489 2350 Appannis,
2522 2280 2778 2348 majorem
2808 2282 2963 2350 hujus
2988 2287 3251 2341 sermonis

0 2356 180 2417 iartem
211 2348 321 2414 legi
358 2346 516 2403 nullo
546 2346 704 2417 modo
735 2346 927 2416 posse;
960 2361 1124 2417 quare
1145 2348 1367 2417 diversis
1398 2349 1447 2400 in
1491 2349 1623 2401 locis
1653 2350 1832 2402 multis
1874 2350 1983 2403 suis
2013 2346 2254 2417 partibus
2274 2346 3079 2417 diminutum,quemaduiodum
3101 2371 3251 2410 acce-

0 2415 165 2479 pimus,
197 2417 370 2471 edere
392 2416 654 2471 eumdem
683 2415 940 2483 cogimur.
993 2415 1286 2484 Inscriptus
1314 2416 1509 2470 ibidem
1539 2426 1621 2471 est
1648 2435 1660 2470 :
1693 2417 1826 2471 Item
1854 2426 1903 2471 et
1924 2418 1986 2470 de
2018 2415 2429 2487 Quadragesima
2455 2434 2622 2472 sermo
2657 2415 2791 2472 VII.

0 2564 376 2621 lacunarum.
402 2597 480 2608 —-
497 2565 595 2619 -Εω
606 2567 685 2635 Itis
707 2581 819 2635 gum
845 2572 1071 2635 praestat
1091 2565 1174 2617 hic
1200 2581 1365 2635 serum
1387 2566 1577 2635 imper-

53 2637 211 2702 fectus
235 2674 250 2695 ,
302 2637 549 2688 novimus
592 2634 651 2687 S.
697 2632 985 2686 Maximum
1015 2632 1190 2701 Μαι]δὶ
1220 2644 1269 2685 et
1307 2632 1466 2697 Elite,
1486 2651 1577 2687 nec

54 2701 151 2772 non
178 2702 209 2753 1
217 2720 308 2755 esu
347 2704 546 2756 Christi
568 2702 823 2772 jejunium
850 2701 1189 2772 prtedicasse,
1217 2710 1272 2754 ut
1298 2702 1479 2772 ﬁdeles
1508 2702 1577 2755 ad

42 2770 400 2839 jejunandum
430 2770 743 2825 incenderet.

57 2921 313 2987 Quamvis
336 2964 352 2987 ,
412 2924 643 2988 fratres,
694 2930 809 2979 toto
846 2922 968 2977 vitae
1012 2932 1204 2978 nostra:
1232 2930 1477 2993 tempore
1506 2925 1573 2981 ad

0 3012 257 3067 uelestem
303 3014 545 3082 patriam
595 3013 923 3068 contendere
950 3012 1264 3077 debeamus,
1315 3012 1364 3065 id
1396 3020 1574 3066 tamen

2 3104 251 3171 prmcipue
278 3106 334 3158 in
365 3105 455 3159 his
482 3104 679 3159 sanctis
707 3103 1135 3169 Quadragesima:
1162 3105 1349 3157 diebus
1375 3111 1575 3171 quanta

2 3208 271 3259 possumus
351 3236 366 3250 .

8 3297 27 3333 a
73 3286 219 3339 nobis
265 3294 351 3341 est
390 3287 719 3342 enitendum.
769 3286 1234 3355 Quadragenarius
1271 3294 1450 3340 autem
1475 3288 1575 3341 iste

1684 2543 1881 2600 vat'oris
1930 2547 2099 2600 nostri
2147 2546 2450 2615 exemplum
2490 2548 2810 2611 addidimus,
2857 2550 2969 2617 qui,
3008 2559 3067 2606 ut
3104 2568 3160 2607 se
3187 2553 3251 2606 ad

1679 2633 1953 2701 Evangelii
1991 2634 2072 2687 sui
2109 2644 2435 2703 praepararet
2463 2636 2925 2703 prmdicationem,
2956 2640 3251 2708 quadrage—

1679 2723 1831 2775 nario
1861 2722 2064 2775 dierum
2094 2723 2433 2790 noctiumque
2454 2737 2678 2779 numero
2706 2727 2773 2779 ab
2798 2729 2941 2781 omni
2974 2730 3092 2782 cibo
3122 2733 3250 2785 abs-

1682 2814 1841 2865 tinuit
1890 2822 2049 2881 atque
2083 2798 2244 2881 pot'u;
2278 2814 2418 2867 unde
2448 2821 2503 2868 et
2529 2815 2594 2868 de
2622 2816 2898 2871 diabolicis
2941 2822 3252 2875 tentationi-

1674 2896 1775 2956 bus
1806 2902 2028 2970 (Desunt
2049 2903 2100 2954 in
2124 2902 2364 2972 originali
2386 2902 2487 2955 duo
2509 2904 2669 2973 folia;
2694 2904 2876 2958 deinde
2904 2907 2998 2959 hoc
3027 2910 3252 2975 sequitur

1677 2998 2069 3071 fragmentum).

1748 3091 1945 3145 Verum
1972 3090 2098 3159 quid
2129 3088 2348 3158 prodest
2373 3090 2593 3155 homini,
2626 3092 2668 3145 si
2699 3108 2893 3161 corpus
2918 3109 2947 3145 a
2976 3094 3095 3148 cibo
3111 3096 3252 3164 jeju-

1677 3191 1800 3244 net,
1831 3197 1983 3235 mens
2012 3190 2191 3234 autem
2222 3196 2325 3235 non
2348 3180 2589 3247 jejunet?
2629 3182 2765 3246 Quid
2796 3184 2840 3236 si
2868 3199 2898 3236 a
2927 3186 3057 3238 cibis
3086 3185 3245 3239 absti-

1678 3287 1837 3335 neas,
1878 3279 1933 3324 et
1972 3270 2155 3324 illicita
2184 3269 2383 3331 facias?
2408 3268 2465 3323 Si
2495 3271 2779 3339 pupillum,
2814 3272 2860 3325 si
2887 3272 3097 3327 viduam
3122 3290 3249 3342 per-

6 3372 191 3427 dierum
223 3392 504 3441 numerus,
533 3385 592 3430 ut
616 3378 819 3445 pluries
848 3378 1120 3432 sanctitati
1149 3383 1338 3431 vestra:
1368 3375 1575 3429 intima-

1678 3361 3210 3431 sequeris,si.............

8 3461 182 3525 vimus,
208 3466 262 3517 in
290 3468 465 3522 saeris
500 3466 788 3535 Scripturis
810 3468 1068 3537 mysticus
1096 3474 1178 3522 est
1205 3474 1364 3533 atque
1388 3481 1572 3519 conss

6 3560 189 3605 cratus.
224 3555 407 3610 Nostis
435 3558 600 3621 enim,
630 3566 690 3609 ut
710 3572 851 3625 saepe
870 3557 1122 3623 diximus,
1151 3556 1207 3609 S.
1238 3555 1478 3624 Moysen,
1512 3562 1572 3607 ut

10 3641 216 3709 scriptas
245 3644 418 3712 digito
468 3646 563 3699 Dei
610 3646 817 3699 tabulas
868 3646 936 3698 ab
980 3646 1071 3698 illo
1098 3652 1397 3699 mereretur
1416 3643 1570 3697 acci-

12 3743 156 3793 vere,
200 3734 554 3802 quadraginta
598 3734 803 3788 dierum
850 3742 904 3787 et
950 3735 1187 3787 noctium
1236 3746 1457 3786 numero
1504 3732 1571 3785 ab

13 3818 141 3869 omni
164 3834 285 3873 esca
316 3816 645 3875 abstinuisse
671 3830 727 3875 et
754 3829 904 3889 potu.
936 3820 1237 3888 Adjecimus
1265 3821 1426 3872 etiam
1446 3819 1575 3873 bea-

17 3912 112 3957 tum
136 3905 301 3963 Ellam
331 3918 455 3979 post
482 3910 834 3979 quadraginta
875 3910 1081 3963 dierum
1110 3910 1414 3962 continuata
1436 3907 1575 3975 jeju-

16 3993 90 4045 uia
122 4011 275 4051 curru
321 4001 480 4067 igneo
524 4000 581 4053 in
620 3999 815 4053 coelum
842 4014 964 4052 esse
992 3999 1325 4051 translatum.
1391 3996 1577 4064 Neque,

19 4079 148 4139 hisce
170 4094 376 4145 tantum
400 4132 416 4156 ,
466 4090 561 4145 sed
607 4098 663 4144 et
697 4091 815 4143 aliis
849 4090 1045 4143 veteris
1073 4090 1205 4156 tegis
1233 4088 1491 4156 exemplis
1519 4087 1571 4139 id

20 4169 495 4239 demonstravimus.
545 4180 795 4247 Quinimo
819 4181 989 4252 ipsius
1018 4181 1228 4235 Domini
1257 4188 1415 4248 atque
1447 4179 1567 4231 Sal-

1679 3493 1693 3506 .
1770 3492 1786 3505 ο
1865 3490 1879 3504 0
1960 3490 1973 3503 0
2056 3489 2070 3503 ο
2153 3489 2168 3503 0
2246 3489 2261 3501 0
2343 3489 2355 3501 Ι
2438 3488 2452 3501 0
2531 3488 2544 3502 ο
2624 3489 2638 3501 0
2716 3490 2731 3502 ο
2812 3491 2825 3503 ο
2906 3491 2917 3503 ι
3000 3490 3011 3501 α
3091 3490 3105 3502 ο
3184 3489 3199 3502 ο

1675 3544 1824 3598 Tunc
1852 3544 1961 3597 Deo
1990 3550 2137 3609 grata
2162 3582 2176 3603 ,
2220 3548 2381 3608 atque
2409 3548 2625 3609 accepta
2655 3550 2810 3595 erunt
2839 3550 2929 3595 tua
2950 3541 3172 3609 jejunia,
3205 3541 3251 3595 si

1673 3634 1906 3688 alienum
1952 3631 2143 3685 reddas
2189 3628 2335 3697 quod
2382 3637 2563 3693 tenes;
2612 3630 2657 3683 si
2705 3629 2874 3692 fra’tri,
2906 3632 2994 3698 qui
3027 3630 3119 3683 tibi
3152 3630 3251 3683 fuit

1675 3724 1950 3789 molestus,
1984 3722 2257 3788 ignoscas;
2289 3719 2332 3771 si
2364 3719 2429 3771 ab
2459 3720 2630 3772 aliena
2682 3735 2847 3773 uxore
2874 3722 3166 3783 abstineas,
3199 3722 3245 3773 si

1677 3810 2002 3880 pauperibus
2043 3809 2110 3861 de
2147 3808 2230 3860 his
2270 3822 2387 3875 qua:
2419 3814 2507 3859 tua
2536 3815 2659 3859 sunt
2690 3807 2929 3874 largiaris
2955 3808 3252 3879 eleemosy-

1675 3917 1777 3960 nas
1811 3903 1821 3957 ῐ
1833 3898 2028 3952 Desunt
2056 3900 2108 3950 in
2136 3896 2380 3966 originali
2404 3896 2688 3970 quindecim
2712 3897 2905 3965 linere.)
2937 3896 3062 3953 Hmc
3092 3898 3251 3965 igitur

1678 3993 1833 4047 vobis
1860 3992 2036 4045 divina
2066 3987 2429 4042 misericordia
2460 3989 2735 4053 concedat,
2755 3996 2812 4041 ut
2834 3988 3070 4057 jejuniis,
3102 3990 3249 4043 elec-

1678 4084 1934 4154 mosyuis,
1967 4082 2272 4147 sanctisque
2299 4078 2552 4147 operibus
2578 4087 2835 4134 :eternam
2864 4081 3025 4135 vitam
3055 4096 3250 4136 conse-

1677 4176 1767 4243 qui
1798 4171 2125 4227 mereamini.
2157 4168 2404 4239 Explicit.

1348 4268 1614 4327 SEllMO
1658 4264 1896 4325 XXIII.

1288 4365 1369 4419 De
1398 4365 1803 4434 Quadragesima
1847 4360 1875 4413 Ι
1878 4360 1949 4413 Χ.

1454 4449 1843 4508 ADMONlTlO.

85 4544 225 4613 1.55
236 4545 487 4604 Occurrit
509 4549 662 4625 uehis
679 4545 1103 4625 ?"9"5¢¥m9"i”
1124 4560 1237 4625 (ιυεξ
1251 4538 2053 4625 ῖθειίδίερηιίίιιξίιεξῖε.εοιὲῖφξ
2066 4536 2293 4625 ἕλε’ΡὶἾὲ
2309 4533 3097 4625 °!‘}9.5;.P?1'F'?}FizEER'PK‘ES
3115 4537 3241 4625 9‘5}

30 4602 533 4682 miniaceam”
558 4616 806 4671 Plurimis
825 4618 969 4670 enim
991 4602 1192 4675 lacunis
1221 4602 1448 4668 laborat.
1475 4612 1531 4666 In
1557 4602 1799 4680 originali
1826 4609 2009 4665 titulus
2030 4614 2111 4661 est
2130 4623 2147 4657 :
2182 4603 2315 4658 Item
2334 4614 2383 4657 et
2399 4605 2461 4657 de
2482 4602 3079 4675 Quadragesima'sermo
3104 4604 3245 4667 XII,

32 4736 385 4826 Anco-sum.
412 4747 742 4826 --_-“Disserit
773 4754 952 4826 auctgr
1099 4736 1296 4813 Moysi:
1334 4743 1560 4826 jejunio,
1596 4768 1645 4826 υ

86 4825 327 4886 monetque
367 4828 424 4869 ut
450 4817 596 4869 illum
637 4832 746 4885 prae
782 4816 942 4886 oculis
971 4812 1267 4886 nabeamus.
1292 4882 1303 4886 Α
1328 4812 1388 4886 Si
1426 4812 1563 4886 enim

88 4875 185 4943 ipse
215 4875 383 4953 justus
411 4896 460 4938 et
488 4875 697 4937 sanctus
737 4883 1083 4953 quadraginta
1127 4882 1237 4934 dies
1275 4880 1563 4953 jejunando

89 4950 341 5030 transegit,
402 4954 559 5007 multo
806 4969 838 5004 a
872 4950 1016 5030 nobis
1047 4950 1401 5030 peccatoribus
1431 4950 1568 5030 idem

90 5018 379 5083 jejuniorum
401 5038 638 5075 numerus
657 5018 713 5074 in
736 5018 1146 5090 Quadragesima
1173 5026 1249 5071 est
1265 5018 1567 5071 servandus.

94 5187 276 5251 Sancus
298 5195 732 5265 Quadragesimae
767 5192 913 5254 dies,
963 5191 1113 5259 cujus
1138 5190 1296 5248 hodie
1324 5204 1573 5243 curamus

47 5281 274 5340 exordium
294 5328 311 5355 ,
374 5286 645 5356 quomodo
704 5283 963 5338 Dominus
1019 5281 1346 5348 Redemptor
1393 5289 1574 5336 noster

105 5438 124 5465 "
146 5429 265 5491 Edil.
302 5438 477 5494 Maur.
498 5478 513 5501 ,
540 5435 631 5489 sed
658 5433 1009 5504 pmnitentiam
1044 5429 1564 5504 pradicaturusdoe-

52 5498 200 5577 ις’ἱιιαηι
222 5509 409 5577 rigoris
453 5498 508 5560 et
538 5498 749 5575 jejunii,
796 5498 1148 5571 exemplo’suo
1194 5500 1360 5569 magis
1396 5498 1566 5550 debuit

53 5566 196 5624 άοεετε
218 5566 362 5631 etiam
389 5591 527 5631 uoce.

110 5634 129 5670 δ
155 5634 261 5698 P.3d.
284 5646 419 5702 edit.
451 5643 601 5697 Hadr
629 5683 649 5705 ,
667 5642 894 5696 ciborum
923 5638 1124 5691 luntria
1146 5647 1511 5705 transigimus.

1668 4736 2065 4795 consecraverit
2085 4776 2099 4799 ,
2147 4750 2255 4803 quo
2294 4741 2454 4802 pacto
2483 4733 2643 4786 etiam
2677 4732 2887 4803 Moyses
2915 4742 3075 4803 atque
3104 4733 3249 4788 Elias

1669 4830 1767 4884 sub
1798 4828 1976 4882 Veteri
2006 4826 2349 4880 Testamento
2378 4822 2827 4876 sanctilicaverint
2847 4864 2859 4883 ,
2888 4822 3113 4885 hatres,
3136 4823 3248 4891 jam

1670 4920 1867 4989 pluries
1888 4916 2039 4970 vobis
2060 4914 2341 4969 ediximus.
2372 4911 2438 4963 Et
2466 4926 2654 4965 revera
2681 4911 2785 4964 illis
2815 4911 2867 4963 in
2896 4912 3248 4979 quadraginta

1670 4987 1877 5071 diebus,
1900 5006 2090 5073 quibus
2112 5002 2322 5073 Moyses
2350 5010 2510 5068 atque
2536 4999 2679 5052 Elias
2700 5000 2752 5052 in
2786 5001 2951 5053 veteri
2978 5000 3092 5068 lege
3109 5001 3248 5069 λεία-

1672 5098 1759 5151 nia
1805 5104 1988 5150 sancta
2036 5098 2356 5154 servarunt,
2405 5089 2567 5143 veluti
2610 5088 3078 5155 Quadragesimam
3104 5090 3246 5157 jeju-

1672 5201 1828 5239 nasse
1851 5222 1865 5247 ,
1907 5191 2068 5251 atque
2097 5180 2231 5234 adeo
2260 5178 2427 5232 sancti
2452 5176 2640 5245 jejunii
2668 5176 2807 5243 quod
2836 5176 2993 5230 hodie
3022 5178 3244 5231 inchoa-

1674 5290 1810 5337 mus,
1840 5271 2003 5325 veluti
2031 5278 2214 5339 typum
2236 5269 2617 5337 pnetigurasse,
2642 5262 2908 5319 sanctitati
2929 5271 3119 5319 vestris
3141 5254 3253 5330 iam

1744 5436 1765 5464 ε
1799 5423 1929 5477 Ead.
1959 5422 2110 5485 edit.,
2140 5430 2190 5473 et
2207 5420 2447 5487 stt/farta.

1742 5491 1767 5529 ⁸³
1801 5493 1930 5546 Ead.
1955 5492 2105 5551 edit.,
2138 5488 2250 5541 Nec
2276 5496 2439 5556 putes.

1748 5573 1771 5600 ο
1803 5562 1935 5614 Ead.
1964 5560 2092 5613 edit.
2121 5559 2319 5613 omittit
2340 5558 2413 5608 in.

1750 5630 1767 5669 ί
1805 5630 1932 5683 Ead.
1961 5628 2114 5691 edit.,
2143 5626 2412 5695 prandisse
2440 5633 2485 5676 te
2510 5621 2779 5692 gaudeam.
2836 5694 2837 5697 η
