3910 6238
51 339 151 392 58!

1461 326 1691 381 SERMO
1732 325 1907 378 XXVI.

3210 332 3313 387 ’ἱδῖ

52 445 209 510 lenti,
269 456 428 510 quam
481 442 645 510 iniqui
692 442 892 511 pariter
919 439 1175 509 etjejuni.
1207 437 1300 491 ille
1327 435 1468 490 enim
1499 449 1625 503 pec-
1660 442 1707 498 Α
1737 433 1787 485 in
1818 431 1903 485 his
1928 432 2114 486 diebus
2156 447 2317 488 servo
2362 449 2469 489 non
2509 434 2703 503 parcit,
2754 436 2972 492 minime
3018 438 3343 509 respiciens.

51 547 178 586 care
201 528 494 600 aliquando
520 530 734 594 desinit,
760 530 850 597 qui
899 529 1078 582 ebrius
1105 525 1390 595 aliquando
1433 524 1632 578 obdor-

51 621 184 685 mit;
235 620 323 674 hic
377 626 560 672 autem
583 633 770 672 errare
799 632 904 671 non
933 626 1127 681 cessat,
1175 615 1265 682 qui
1312 613 1634 682 exercitatus

52 710 218 775 malo,
243 709 465 777 jejuniis
491 723 704 777 semper
733 707 996 774 invigilat;
1027 705 1167 758 unde
1190 703 1377 757 inutile
1404 709 1460 755 et
1477 702 1635 755 inane

53 809 134 853 est
166 799 282 852 tale
317 797 602 867 jejunium,
634 797 777 865 quod
820 797 993 851 inedia
1024 795 1262 849 membra
1291 793 1552 853 debilitat,
1579 800 1636 845 et

51 887 292 939 animam
313 901 342 938 a
363 886 670 954 perditione
689 901 798 939 non
829 885 1041 947 liberat,
1070 883 1136 937 de
1157 897 1264 950 quo
1281 882 1483 950 jejunio
1505 880 1635 935 dicit

54 983 277 1030 sanctus
301 974 561 1044 propheta
591 989 655 1028 ex
685 964 914 1042 persona
943 972 1150 1027 Domini
1174 988 1190 1024 :
1235 971 1307 1025 Ut
1333 972 1456 1024 mihi
1488 970 1633 1040 jeju-

51 1065 229 1116 ηειιὶεέ
258 1079 362 1116 non
391 1063 496 1116 tale
534 1063 796 1134 jejunium
844 1063 994 1132 elegi,
1025 1062 1148 1114 dicit
1195 1061 1446 1114 Dominus
1494 1059 1629 1128 (Ιεα.

56 1153 225 1221 LVIII).
261 1153 340 1205 An
368 1153 568 1221 putatis
607 1152 760 1205 illum
786 1152 1049 1219 jejunare,
1084 1150 1291 1211 fratres,
1323 1149 1411 1218 qui
1459 1149 1631 1217 primo

54 1244 291 1297 diluculo
344 1260 449 1298 non
493 1243 557 1296 ad
614 1243 899 1297 ecclesiam
955 1242 1156 1311 vigilat,
1202 1258 1306 1295 non
1355 1242 1630 1295 beatorum

55 1340 346 1402 martyrum
376 1333 493 1386 loca
523 1339 705 1385 sancta
733 1332 1012 1400 perquirit,
1044 1332 1138 1384 sed
1163 1344 1384 1397 surgens
1409 1344 1633 1398 congre-

54 1428 142 1486 gat
187 1421 452 1487 servulos,
509 1419 743 1490 disponit
790 1419 948 1491 retia,
978 1434 1139 1474 canes
1167 1419 1432 1488 producit,
1465 1419 1632 1473 saltus

55 1507 320 1576 silvasque
345 1508 637 1577 perlustrat
665 1525 678 1559 :
709 1507 972 1574 servulos,
1003 1507 1239 1575 inquam,
1286 1522 1468 1560 secum
1509 1521 1633 1574 per-

59 1595 234 1658 trahit,
270 1595 502 1651 fortasse
527 1597 696 1663 magis
719 1596 785 1650 ad
817 1597 1098 1651 ecclesiam
1124 1597 1307 1650 venire
1332 1596 1628 1665 cupientes,

53 1690 108 1736 et
132 1683 499 1752 voluptatibus
527 1686 636 1738 suis
665 1694 883 1753 peccata
939 1685 1238 1740 accumulat
1285 1685 1477 1752 aliena,
1533 1700 1630 1739 ne-

1735 522 1876 590 quod
1930 521 1975 574 si
2028 536 2213 576 servus
2258 530 2341 577 est
2368 523 2695 590 conditione,
2725 527 2894 591 gratia
2920 533 3100 582 tamen
3145 527 3314 584 frater

1733 620 1834 666 est.
1865 611 2075 666 Etenim
2101 613 2346 668 similiter
2373 614 2642 669 Christum
2669 615 2888 684 inducit,
2928 617 3116 673 iisdem
3141 621 3310 689 parti-

1727 704 1875 772 cipat
1899 705 2276 769 sacramentis;
2308 706 2496 761 eodem
2527 707 2618 773 qui
2642 714 2698 760 et
2727 715 2781 760 tu
2807 710 2974 762 utitur
2995 709 3106 764 Deo
3122 709 3304 776 Patre,

1730 808 1825 856 cur
1853 800 1905 847 te
1949 808 2056 846 non
2085 802 2265 847 utatur
2285 801 2342 848 ut
2376 795 2573 850 fratre?
2601 795 2739 850 Sunt
2767 798 2910 851 enim
2937 799 3182 869 plerique
3208 803 3301 870 qui

1731 880 1797 936 de
1822 884 2196 939 venationibus
2219 887 2507 940 redeuntes
2533 888 2700 954 magis
2723 903 2914 960 canum
2942 906 3101 958 quam
3123 907 3306 946 servo-

1728 985 1848 1022 rum
1876 986 2058 1024 curam
2080 961 2294 1039 gerunt,
2319 982 2375 1028 et
2396 973 2597 1028 faciunt
2615 990 2711 1030 eos
2725 975 2884 1044 juxta
2900 993 2960 1032 se
2982 978 3064 1031 vel
3094 993 3307 1041 meum;

1731 1059 1878 1122 bere,
1899 1059 1982 1114 vel
2012 1060 2263 1124 dormire,
2293 1062 2662 1128 quotidianum
2685 1064 2787 1118 illis
2809 1065 2983 1118 cibum
3002 1061 3031 1102 4
3057 1066 3137 1119 sui
3169 1083 3308 1135 pra:-

1732 1149 1904 1202 sentia
1933 1149 2318 1217 ministrantes,
2347 1152 2438 1220 qui
2468 1159 2642 1205 utrum
2665 1154 2804 1206 servi
2828 1168 3014 1207 eorum
3035 1152 3174 1207 fame
3201 1171 3316 1210 mo-

1732 1237 1936 1295 riantur
1963 1237 2209 1307 ignorant
2240 1256 2252 1293 :
2289 1246 2363 1306 et,
2388 1241 2530 1306 quod
2562 1248 2645 1293 est
2672 1242 2906 1309 gravius,
2939 1242 3036 1297 nisi
3083 1242 3311 1312 diligen-

1734 1333 1815 1379 ter
1837 1326 1920 1379 his
1941 1335 2296 1396 praeparatum
2319 1327 2498 1392 fuerit,
2523 1341 2626 1397 pro
2669 1345 2803 1383 cane
2826 1346 3012 1384 servus
3058 1330 3309 1386 abicitur.

1732 1415 1890 1470 Vides
1918 1416 2060 1470 enim
2087 1417 2143 1470 in
2174 1419 2553 1472 nonnullorum
2571 1418 2816 1473 domibus
2841 1418 3041 1473 nitidos
3084 1430 3137 1474 et
3163 1437 3308 1476 cras-

1732 1521 1821 1559 sos
1841 1521 2002 1561 canes
2022 1507 2341 1573 discurrere,
2371 1508 2615 1563 homines
2634 1517 2811 1562 autem
2857 1509 3117 1577 pallentes
3145 1510 3310 1580 aco

1730 1602 1785 1648 et
1827 1596 2118 1651 titubantes
2173 1597 2440 1651 incedere.
2497 1596 2589 1651 Isti
2630 1610 2759 1664 ergo
2787 1588 3186 1652 niiserebuntur
3210 1599 3311 1654 ali-

1730 1684 1944 1752 quando
1967 1686 2310 1754 pauperibus,
2342 1687 2434 1753 qui
2463 1686 2684 1740 minime
2708 1687 2820 1740 suis
2861 1684 3076 1740 famulis
3125 1687 3306 1741 domi-

55 1773 225 1826 sciens
249 1789 405 1826 reum
435 1789 494 1827 se
517 1773 748 1827 futurum
781 1781 887 1827 tam
917 1772 983 1828 de
1024 1790 1121 1828 suo
1151 1774 1345 1829 delicto
1376 1789 1536 1841 quam
1565 1775 1632 1828 de
1663 1787 1705 1845 η
1732 1773 1833 1827 bus
1874 1774 2229 1828 miserentur?
2275 1772 2425 1828 Scire
2455 1775 2616 1843 igitur
2633 1774 2910 1837 debemus,
2947 1774 3154 1838 fratres,
3206 1775 3312 1830 hoc

57 1861 354 1927 perditione
404 1863 716 1916 servorum?
745 1862 878 1916 Tota
918 1862 1078 1930 igitur
1105 1863 1191 1917 die
1223 1864 1498 1917 venatibus
1528 1863 1631 1916 im-

57 1958 321 2008 moratur;
378 1966 522 2003 nunc
563 1951 855 2004 clamorem
925 1950 1329 2005 immoderatum
1383 1951 1626 2015 θῆαι-επις,

58 2051 188 2090 nunc
207 2037 487 2091 silentium
510 2039 739 2092 latenter
767 2039 1038 2103 indicens;
1063 2039 1215 2094 ltetus
1243 2042 1286 2096 si
1315 2043 1512 2111 aliquid
1537 2057 1628 2097 ce-

58 2126 202 2190 perit,
256 2126 431 2179 iratus
479 2128 522 2180 si
575 2127 627 2181 id
671 2127 816 2195 quod
870 2145 975 2183 non
1004 2129 1234 2183 habebat
1261 2132 1497 2185 amiserit
1531 2149 1544 2183 :
1576 2141 1632 2187 et

58 2225 198 2271 tanto
224 2217 410 2272 studio
439 2219 595 2285 gerit,
621 2220 774 2288 quasi
797 2219 914 2274 ideo
936 2219 1191 2274 indictum
1209 2220 1470 2289 jejunium
1509 2219 1628 2276 fue-

54 2307 119 2358 rit
159 2314 216 2360 ut
258 2315 528 2382 venetur.
567 2307 628 2361 in
657 2308 741 2362 his
787 2322 915 2375 ergo
944 2308 1182 2373 lnxuriis,
1213 2309 1424 2374 Intres,
1445 2310 1624 2373 dicite,

54 2396 163 2461 quis
209 2394 390 2449 cultus
428 2395 499 2449 sit
525 2395 640 2461 Dei,
663 2410 784 2465 quat
832 2397 1027 2451 mentis
1051 2398 1220 2466 possit
1244 2413 1362 2452 esse
1389 2399 1626 2469 devotio,

55 2486 136 2553 qui
163 2495 453 2555 propterea
478 2486 704 2554 jejunat,
734 2503 842 2542 non
864 2495 923 2541 ut
949 2481 1059 2542 Deo
1100 2496 1263 2556 atque
1299 2490 1627 2543 orationibus

57 2584 220 2638 vacet,
254 2591 352 2629 seu
383 2582 443 2628 ut
472 2583 583 2628 tota
611 2574 698 2629 die
723 2575 926 2629 otiosus
955 2585 1009 2628 et
1038 2575 1172 2630 liber
1197 2577 1439 2646 proprias
1468 2592 1624 2630 exer-

58 2649 169 2713 ceat
209 2662 552 2730 voluptates?
600 2661 854 2728 Quamvis
904 2663 1082 2728 igitur,
1122 2663 1213 2730 qui
1255 2664 1517 2731 ejusmodi
1546 2679 1624 2729 es,

57 2754 207 2826 559
231 2756 417 2821 frater,
440 2771 664 2824 vespere
686 2756 750 2809 ad
781 2756 995 2809 domum
1023 2755 1211 2809 redeas
1226 2798 1242 2819 ,
1266 2756 1506 2823 quamvis
1524 2756 1623 2810 de-

58 2846 280 2899 clinante
299 2845 413 2912 jam
444 2845 559 2898 sole
581 2844 888 2905 manduces,
918 2851 1072 2912 potes
1099 2843 1266 2896 videri
1298 2843 1496 2896 tardius
1535 2857 1624 2897 re-

59 2935 250 3001 fecisse,
276 2953 380 2991 non
409 2946 588 2990 tamen
611 2935 837 2988 Domino
854 2934 1142 3002 jejunasse.
1170 2934 1280 2988 Nec
1309 2935 1447 2988 enim
1471 2942 1626 3002 potes

59 3026 213 3081 videri
241 3036 266 3064 ι
292 3027 632 3096 voluptatem
673 3033 821 3079 tuam
875 3038 1130 3078 exercens
1177 3022 1365 3077 fecisse
1418 3022 1624 3076 Domini

65 3116 401 3170 voluntatem.
436 3115 562 3169 Htec
589 3115 727 3168 enim
757 3113 1002 3168 voluntas
1029 3122 1110 3166 est
1139 3113 1368 3176 Domini,
1400 3119 1458 3164 ut
1481 3111 1620 3180 jeju-
1650 3128 1693 3188 ς

60 3219 234 3257 nemus
252 3219 282 3256 a
309 3205 450 3258 cibis
493 3204 693 3271 pariter
716 3209 771 3255 et
794 3216 823 3254 a
850 3202 1104 3269 peccatis.
1130 3201 1518 3253 Abstinentiam
1545 3201 1627 3253 in-

60 3291 283 3345 dicamus
308 3293 551 3362 corpori,
581 3299 641 3345 ut
667 3306 697 3344 a
725 3291 869 3344 vitiis
899 3291 1066 3357 magis
1095 3291 1330 3343 animam
1361 3288 1627 3343 abstinere

58 3383 327 3446 possimus.
391 3380 625 3434 Freuum
672 3379 813 3432 enim
867 3386 948 3433 est
999 3378 1268 3446 quoddam
1313 3378 1628 3432 luxuriantis

59 3471 234 3524 animm
280 3485 482 3539 corpus
527 3470 866 3523 exhaustum.
898 3467 1149 3534 Quisquis
1175 3466 1319 3520 enim
1345 3465 1553 3534 jejuuat
1571 3473 1626 3520 et

57 3569 249 3628 peccat,
276 3557 483 3613 lucrum
513 3573 756 3613 escarum
783 3552 974 3610 fecisse
999 3555 1231 3620 videtur,
1264 3571 1370 3609 non
1401 3555 1620 3619 salutis;

58 3659 108 3700 et
150 3649 418 3718 parcendo
449 3647 619 3717 cupiis
667 3647 901 3716 replesse
922 3645 1215 3710 cellarium,
1251 3660 1357 3698 non
1385 3653 1622 3698 mentem

57 3741 312 3806 saginasse
360 3738 669 3792 virtutibus.
718 3734 968 3789 Nonnulli
1015 3743 1193 3787 autem
1226 3731 1252 3771 δ
1282 3733 1625 3786 immemores

60 3838 459 3896 pncceptorum,
494 3828 565 3879 ita
599 3827 739 3881 circa
769 3839 957 3879 servos
984 3839 1110 3877 suos
1156 3832 1211 3876 et
1256 3823 1494 3876 subditos
1523 3822 1623 3876 sibi

63 3924 361 3982 potestatem
391 3914 774 3969 dominationis
815 3921 1088 3978 exercent,
1139 3919 1196 3964 ut
1224 3911 1278 3964 iu
1306 3912 1388 3965 his
1434 3910 1624 3965 diebus

63 4017 156 4055 non
184 4004 423 4056 dubitent
457 4000 633 4067 ﬂagris
658 4015 751 4054 eos
772 4001 996 4061 caedere,
1030 3994 1200 4068 panis
1223 3998 1454 4061 afficere,
1472 4013 1623 4052 com-

65 4092 270 4156 pedibus
314 4092 646 4162 praepcdire;
681 4098 734 4144 et
755 4090 800 4145 si
844 4087 1002 4154 forte,
1032 4069 1152 4165 cum
1183 4089 1248 4142 ad
1278 4088 1624 4145 reficiendum

67 4181 277 4244 venitur,
305 4181 512 4235 tardius
540 4180 784 4234 minister
806 4179 1050 4241 adfuerit,
1078 4179 1256 4232 statim
1287 4193 1407 4233 eum
1437 4180 1625 4233 verbe-

66 4269 195 4323 n'bus
224 4271 483 4336 lanciare,
513 4278 567 4323 et
613 4271 760 4338 prius
805 4283 863 4322 se
909 4269 1104 4322 satiare
1129 4268 1323 4323 servuli
1369 4269 1624 4335 sanguine

65 4371 208 4424 quam
235 4360 470 4414 convivii
495 4360 790 4428 voluptate.
835 4356 1038 4412 Horum
1081 4359 1189 4412 tale
1217 4357 1476 4426 jejunium
1522 4366 1620 4422 est,

1733 1871 2010 1931 acceptum
2038 1859 2150 1916 Deo
2177 1877 2293 1918 esse
2317 1863 2602 1930 jejunium,
2630 1863 2675 1915 si
2701 1878 2804 1915 non
2826 1863 2999 1916 solum
3031 1863 3308 1916 abstinen-

1735 1952 1805 2005 tia
1837 1953 2155 2020 castigemus
2177 1968 2424 2021 corpora,
2444 1953 2540 2007 sed
2589 1954 2747 2006 etiam
2777 1953 3076 2006 humilitate
3103 1952 3310 2006 animas

1730 2040 2031 2094 induamus.
2089 2039 2266 2094 Simus
2294 2040 2360 2094 ad
2388 2041 2632 2096 servulos
2658 2041 2834 2104 mites,
2887 2040 3069 2094 blandi
3097 2039 3166 2094 ad
3214 2055 3310 2093 ex-

1731 2137 1967 2196 traneos,
2018 2129 2389 2189 misericordes
2419 2128 2485 2183 ad
2512 2145 2798 2198 pauperes,
2828 2137 3106 2196 surgentes
3133 2130 3308 2198 primo

1730 2219 1962 2274 diluculo
2011 2221 2078 2274 ad
2125 2220 2405 2288 ecclesiam
2469 2220 2803 2288 festinemus,
2846 2220 3140 2277 referamus
3195 2221 3307 2275 Deo

1727 2308 1944 2374 gratias,
1993 2309 2225 2376 peccatis
2250 2310 2460 2364 veniam
2490 2310 2840 2379 postulemus,
2886 2319 3136 2376 rogantes
3172 2324 3309 2378 prte-

1729 2397 1900 2450 teritis
1925 2396 2134 2450 delictis
2165 2395 2567 2464 indulgentiam,
2599 2399 2863 2452 cautelam
2921 2398 3140 2458 futuris;
3191 2405 3306 2452 tota

1727 2484 1813 2537 die
1841 2484 2080 2541 sitnohis
2102 2484 2311 2539 assidua
2332 2486 2417 2539 vel
2448 2487 2638 2551 oratio,
2665 2487 2748 2540 vel
2771 2487 2951 2540 lectio.
2976 2486 3074 2551 Qui
3103 2487 3309 2540 litteras

1726 2559 1913 2636 nescit,
1939 2583 2181 2628 sanctum
2203 2575 2376 2627 virum
2399 2575 2710 2643 perquirens
2735 2575 2852 2642 ejus
2874 2574 3309 2629 confabulatione

1725 2669 1993 2729 pascatur.
2027 2663 2163 2717 Nulli
2191 2672 2344 2728 actus
2371 2664 2552 2718 steculi
2595 2672 2750 2717 actus
2796 2663 3098 2730 Divinitatis
3138 2664 3308 2732 impe-

1725 2750 1902 2814 diant;
1953 2767 2058 2806 non
2094 2752 2253 2806 ludus
2293 2753 2485 2807 tabulze
2515 2763 2747 2808 mentem
2778 2763 2988 2818 avocet,
3020 2755 3124 2807 uo’n
3153 2753 3308 2807 volu-

1726 2849 1843 2917 ptas
1866 2855 2058 2894 canum
2078 2856 2266 2895 sensus
2292 2842 2543 2909 obducat,
2574 2858 2677 2897 non
2705 2843 2903 2910 negotii
2927 2842 3304 2910 compendium

1727 2929 1960 2981 animam
1991 2928 2247 3000 aviditate
2277 2938 2568 2998 pervertat.
2598 2919 2866 3000 Quidquid
2921 2932 3062 2983 enim
3111 2939 3307 2998 prmter

1729 3015 2034 3069 mandatum
2058 3016 2152 3070 Dei
2183 3017 2392 3082 feceris,
2417 3020 2662 3086 quamvis
2692 3019 2981 3080 abstineas,
3012 3033 3118 3071 non
3164 3016 3301 3084 jeju-

1727 3121 1838 3159 nas.
1872 3105 1987 3159 Hoc
2014 3114 2098 3159 est
2136 3107 2277 3160 enim
2307 3107 2541 3160 salutare
2583 3098 2862 3175 jejunium,
2889 3116 2946 3159 ut
2969 3107 3110 3160 sicut
3137 3106 3306 3158 absti-

1731 3205 1885 3250 netur
1908 3212 2108 3264 corpus
2131 3197 2200 3250 ab
2223 3197 2414 3264 epulis,
2437 3198 2509 3249 ita
2538 3204 2596 3251 et
2642 3198 2819 3252 anima
2849 3194 3152 3249 refrenetur
3174 3211 3202 3247 a
3232 3196 3310 3248 vi-

1729 3285 1833 3337 tiis.
1861 3283 1993 3337 illud
2022 3284 2202 3346 etiam,
2237 3283 2447 3348 fratres,
2494 3285 2560 3338 ad
2583 3285 2968 3353 perfectionem
3004 3283 3192 3350 jejunii
3221 3290 3306 3337 ta-

1726 3373 1949 3426 cendum
1977 3389 2085 3426 non
2112 3382 2214 3436 est,
2245 3381 2304 3427 ut
2325 3374 2416 3441 qui
2445 3373 2794 3436 abstinemus,
2826 3384 2882 3427 et
2911 3374 3128 3428 minime
3154 3387 3310 3440 pran-

1726 3462 1912 3516 demus
1959 3463 2063 3516 hoc
2114 3470 2394 3531 tempore,
2443 3463 2666 3531 prandia
2722 3471 2905 3517 nostra
2952 3461 3206 3515 fratribus
3254 3469 3310 3516 et

1727 3550 2048 3638 pauperibus
2089 3561 2112 3588 ο
2143 3565 2520 3631 prterogemus.
2553 3551 2676 3605 Hmc
2715 3554 2859 3605 enim
2887 3560 2970 3605 est
2999 3566 3123 3604 vera
3143 3550 3308 3617 'justi-

1726 3642 1819 3706 tia,
1842 3641 1887 3696 si
1913 3650 1965 3695 te
1986 3642 2254 3696 esuriente
2282 3640 2351 3706 de
2379 3639 2499 3696 cibo
2522 3652 2614 3695 tuo
2634 3657 2838 3710 pauper
2859 3648 3150 3703 saturetur,
3173 3649 3228 3693 et
3249 3649 3307 3693 tu

1725 3747 1823 3800 pro
1866 3731 2074 3786 delictis
2123 3732 2227 3786 tuis
2250 3731 2465 3800 jejunus
2490 3730 2775 3786 Dominum
2805 3745 2983 3799 roges,
3015 3738 3068 3784 et
3090 3730 3180 3784 ille
3208 3745 3306 3798 pro

1728 3829 1779 3874 te
1806 3822 2028 3875 satiatus
2075 3829 2280 3875 exoret.
2315 3819 2613 3888 Utrumque
2659 3821 2751 3873 tibi
2799 3818 3065 3888 proficiet,
3114 3826 3168 3872 et
3215 3827 3306 3872 tua

1726 3910 1913 3978 fames,
1942 3919 1996 3965 et
2024 3912 2278 3966 saturitas
2303 3910 2689 3974 meudicorum.
2746 3907 3034 3971 Cancrum,
3087 3908 3179 3976 qui
3225 3908 3307 3962 sic

1726 4002 1976 4066 abstinet,
2007 4010 2066 4054 ut
2095 4002 2225 4065 nihil
2253 4000 2577 4070 pauperibus
2604 4000 2671 4054 de
2691 4000 2802 4055 suis
2822 4000 2994 4067 epulis
3023 4000 3301 4066 largiatur,

1726 4091 1937 4146 videtur
1964 4101 2225 4161 questum
2254 4107 2407 4148 suum
2429 4092 2527 4145 sibi
2551 4091 2740 4146 fecisse
2757 4091 3016 4158 jejunium
3044 4098 3102 4142 et
3130 4103 3292 4156 nego-

1725 4182 2000 4236 tiationem
2023 4183 2323 4238 exercuisse
2344 4182 2634 4252 parcendo.
2650 4183 2846 4235 Adhuc
2862 4183 3002 4235 enim
3025 4180 3302 4243 abstinuit,

1726 4288 1832 4326 non
1861 4272 2182 4341 utplaceret
2208 4271 2341 4336 Deo,
2364 4272 2455 4328 sed
2486 4286 2554 4326 ne
2576 4271 2804 4340 amplius
2833 4278 3111 4337 erogaret;
3141 4277 3304 4334 atque

1727 4358 1847 4413 ideo
1873 4359 2015 4412 bona
2044 4359 2382 4429 eleemosyna
2411 4373 2532 4412 cum
2558 4357 2786 4426 jejunio,-
2816 4357 2968 4426 quasi
2997 4372 3103 4410 non
3131 4354 3302 4424 quod-

70 4457 88 4482 ε
111 4449 243 4516 quod
271 4451 392 4504 ideo
418 4449 720 4518 jejunatum
744 4457 843 4514 est,
879 4465 983 4503 non
1012 4456 1073 4501 ut
1096 4447 1398 4501 Divinitatis
1419 4448 1623 4501 miseri—
1657 4474 1699 4531 ι)
1728 4450 1846 4504 dam
1873 4450 2253 4517 negotiationis
2274 4465 2442 4518 genus
2469 4457 2570 4514 est,
2607 4457 2664 4526 ut
2692 4457 2799 4502 tam
2848 4464 3009 4518 parce
3036 4449 3200 4513 vivat,
3249 4455 3308 4501 ut

66 4537 283 4591 cordiam
302 4546 626 4608 provocaret
671 4538 764 4592 sed
795 4545 854 4592 ut
882 4539 1173 4591 clamorem
1225 4536 1437 4590 familiae
1479 4537 1624 4604 iuge-

69 4625 320 4681 miscentis
349 4627 663 4681 effunderet.
697 4625 948 4696 Quisquis
976 4634 1153 4679 autem
1203 4627 1351 4695 cupit
1395 4625 1462 4678 de
1513 4624 1624 4680 Deo

71 4714 468 4769 misericordiam
499 4716 816 4784 promereri,
848 4715 962 4784 ipse
990 4715 1150 4770 debet
1173 4715 1322 4785 prior
1368 4730 1484 4769 esse
1526 4715 1627 4768 mi-

70 4805 296 4857 sericors.
327 4803 600 4874 Scriptum
646 4811 728 4859 est
756 4805 942 4857 enim:
1003 4801 1118 4866 Qua
1173 4820 1412 4858 mensura
1463 4805 1624 4858 menti

73 4892 268 4956 fueritis,
292 4895 470 4947 eadem
498 4909 740 4963 mensura
765 4893 1052 4945 remetiatur
1073 4892 1221 4959 (an.
1246 4892 1341 4959 vi).
1373 4891 1458 4954 Et,
1483 4893 1624 4960 quod

71 4981 222 5048 magis
246 4982 536 5038 dolendum
564 4993 664 5048 est,
695 4981 1026 5037 Christianus
1053 4983 1300 5037 dominus
1320 4980 1624 5037 Christiano

1728 4539 2051 4593 abstinentia
2082 4555 2177 4594 sua
2197 4539 2493 4594 monachos
2540 4539 2870 4608 clericosque
2892 4536 3176 4607 praecedat.
3195 4535 3308 4590 Nisi

1725 4627 1827 4681 hoc
1857 4627 2098 4692 interest,
2121 4629 2276 4696 quod
2296 4628 2372 4682 illi
2397 4628 2502 4685 hoc
2523 4630 2758 4697 q'utestus
2779 4642 2938 4682 causa
2961 4627 3181 4688 faciunt,
3207 4639 3308 4679 nos

1724 4716 1954 4770 salutis:
1998 4717 2071 4770 illi
2104 4717 2345 4786 pecuniae
2392 4716 2715 4786 compendio
2762 4717 2967 4769 animas
3012 4723 3309 4781 macerant,

1725 4822 1823 4860 nos
1846 4815 2064 4875 propter
2091 4807 2388 4862 animarum
2434 4807 2640 4863 lucrum
2679 4814 2864 4863 nostra
2889 4819 3117 4874 corpora
3141 4804 3307 4858 casti-

1729 4908 1936 4963 gamus.
1965 4893 2214 4963 Explicit.

1390 5077 1657 5137 SERMO
1709 5077 1946 5138 XXVI.

1341 5193 1415 5247 De
1451 5192 1858 5262 Quadragesima
1881 5193 2019 5248 XII.

1481 5284 1870 5340 ADMONITIO.

135 5370 593 5444 ἤειδετωοηθηι
613 5377 773 5441 hunc,
810 5375 962 5444 cujus
981 5375 1165 5429 titulus
1186 5375 1326 5447 apud
1345 5373 1673 5431 Gennadium
1698 5381 1779 5428 est
1794 5372 1870 5428 De
1885 5373 2086 5443 jejunio
2114 5387 2373 5427 servorum
2395 5370 2493 5423 Dei
2517 5360 2748 5438 generali
2768 5407 2782 5431 ,
2810 5366 2865 5420 in
2895 5363 3165 5420 codicibus
3216 5363 3308 5428 qui

142 5517 157 5536 -"
189 5505 321 5561 Edit.
345 5503 597 5571 Mauriu.,
620 5509 948 5562 rolimtatem.
1298 5541 1299 5544 η

139 5572 161 5607 ’⁸
189 5574 311 5644 glad.
341 5581 491 5644 edit.,
523 5579 808 5631 divinorum
831 5579 1174 5639 immemores,
1195 5583 1300 5632 etc.

141 5651 160 5678 ‘
189 5641 309 5702 Emi.
335 5641 486 5716 edit.,
507 5647 656 5720 quasi
684 5646 817 5701 ideo.

1801 5503 1827 5543 δ
1861 5505 1986 5559 Ead.
2011 5505 2163 5568 edit.,
2196 5521 2288 5558 sua
2317 5507 2612 5572 praesentia.

1806 5583 1830 5612 ο
1851 5573 1982 5629 Ead.
2011 5574 2164 5640 edit.,
2189 5589 2471 5643 erogcmus.
