3910 6238
618 312 720 365 $83
1827 317 1881 369 S.
1926 317 2162 371 ΜΑΧΙΜΙ

2271 319 2647 374 111111ΝΕΧ818
3742 325 3820 375 531

613 419 859 498 eumdem
902 420 958 474 S.
984 420 1226 498 Maximo
1250 421 1553 498 adjudicant
1575 462 1588 486 ,
1638 423 1718 498 lle
1755 425 1955 498 jejunio
1999 437 2047 478 et
2075 429 2150 498 de
2167 425 2572 498 Quadragesima
2606 430 2925 483 inscribitur.
2947 429 3093 498 Sunt
3121 435 3299 498 autem
3332 428 3367 480 ii
3393 427 3608 498 codices
3629 430 3819 498 Sangal-

615 443 859 474 cuuluem
902 443 958 474 ο.
991 443 1220 475 maxumo
1250 443 1553 487 aujuulcam
1575 462 1588 486 ,
1638 443 1718 476 ue
1755 443 1811 493 1e
1869 443 1955 478 mo
1999 443 2047 478 et
2075 443 2137 478 ae
2167 443 2572 498 quadragesima
2606 443 2925 483 inscribitur.
2960 443 3093 482 bunt
3121 443 3299 482 autem
3332 445 3367 480 ll
3393 443 3608 482 codices
3629 443 3819 498 Sangal-

615 488 777 574 l’ensis
805 505 953 569 num.
979 487 1074 553 6i,
1097 488 1453 574 ‘Slucrucisjn
1481 491 1775 574 .Ierusalem
1894 507 2051 573 serm.
2084 494 2341 574 47,‘_item_
2360 499 2416 550 S.
2445 496 2630 552 Crucis
2657 499 2725 550 99
2753 513 2910 551 serui.
2944 497 3029 560 57,
3075 506 3128 549 et
3156 496 3511 574 Taurinensis.
3531 513 3685 574 scrin.
3715 501 3733 549 I
3764 500 3820 551 ορ

616 554 1044 643 Quadragesima;
1085 557 1214 637 Agit.
1246 559 1335 638 hic
1372 559 1634 613 Maximus
1674 561 1738 613 de
1761 570 1912 643 recta
1939 554 2212 643 jejunandi
2241 566 2533 643 rationeet
2562 575 2819 643 tempore,
2853 581 2958 643 quo
2987 554 3352 643 pigescripntum
3385 574 3484 643 est_
3491 565 3757 643 jejunium,
3782 581 3818 643 et

615 625 741 710 illud
761 625 1117 706 commendat.
1143 625 1400 710 jejunium
1426 666 1440 687 ,
1491 644 1603 710 non
1633 629 1775 710 quod
1810 625 1969 697 aliqui
1992 625 2268 710 'arbitra‘tu
2303 649 2399 710 suo
2429 633 2528 687 sibi
2559 625 2776 700 eligunt,
2804 625 2898 710 sed
2923 625 3062 710 quod
3092 625 3220 710 veri:
3234 632 3436 710 ﬁdeles,
3471 625 3572 686 hoc
3603 642 3682 685 est
3708 625 3817 710 serv;

615 693 724 770 Dei,
749 695 1054 778 institutum
1105 696 1175 778 in.
1199 693 1436 778 Ecclesia
1481 693 1714 776 perfecte
1761 693 2141 778 exsequuntur.
2177 701 2299 754 Haec
2327 709 2408 778 est
2435 693 2956 778 summavserinonis.’
2995 701 3155 767 Igitur
3182 693 3462 778 Gennadio
3492 704 3815 778 consentiunt.

610 762 699 836 qui
730 762 791 836 de
810 763 1027 836 jejunii}
1064 773 1112 836 et
1141 764 1203 836 de
1233 762 1635 836 Quadragesima
1658 762 2330 834 eumdeurinscripserunt;
2365 770 2416 820 in
2445 785 2509 822 ea
2537 772 2676 822 enim
2699 770 3002 836 jejunantes
3019 762 3134 822 non
3165 784 3274 822 sua:
3303 769 3582 835 indulgent
3613 771 3814 828 vanitati.

608 829 702 916 sed
729 827 841 916 Deo
863 827 961 909 per
989 830 1278 916 Ecclesiam
1304 827 1927 916 jubentinobtemperant,
1979 844 2032 914 et
2062 827 2523 916 tanquam'faniuli
2550 827 2817 916 Qhrisjtu'm
2848 837 3035 916 ducem
3065 848 3120 891 et
3146 827 3535 916 pgceptorEm
3561 839 3814 916 imitantur.

612 896 935 966 Benedictini
964 902 1208 953 monachi
1239 896 1485 966 cohgreg.
1519 900 1572 953 S.
1607 896 1775 954 Mauri
1804 896 1944 956 hunc
1985 904 2123 955 inter
2160 896 2432 958 sermones
2470 907 2848 958 Ambrosianos
2877 907 2974 958 sub
3000 896 3245 958 num-9.5
3273 896 3362 958 cit.
3399 907 3530 959 edit.
3566 905 3726 959 Paris.
3750 923 3812 956 an.

607 963 746 1015 1690
776 966 1050 1042 ediderunt
1076 1007 1090 1030 ,
1141 963 1408 1042 multaque
1443 963 1518 1042 vde
1547 984 1633 1042 eo,
1664 977 1718 1022 et
1744 971 2036 1042 praesertim
2065 972 2139 1042 de,
2173 974 2564 1040 nuncupatione
2593 973 3051 1042 Quinquagesimaa
3081 991 3185 1027 non
3216 983 3339 1027 ante
3368 975 3625 1027 satculum
3654 990 3816 1026 nonum

608 1036 1271 1114 usurpata-disseruerunt.
1317 1034 1426 1095 Nos
1453 1034 1552 1090 fide
1579 1034 1859 1104 Gennadii,
1889 1047 1944 1092 et
1970 1034 2365 1108 descriptorum-
2386 1034 2634 1095 codicum
2659 1034 2800 1109 freti,
2829 1034 2883 1095 S.
2918 1043 3168 1110 episcopo
3199 1042 3524 1096 Taurinensi—
3547 1044 3689 1096 hunc
3712 1058 3816 1108 quo-

605 1115 711 1165 que
741 1115 1104 1170 ascnpsrmus.

606 1187 992 1269 Angungnruu.
1033 1222 1102 1230 ——
1134 1188 1600 1269 Qyinquagesimafi
1629 1185 1927 1258 improbata
1966 1194 2165 1269 jejunio
2193 1204 2241 1257 Α
2271 1196 2462 1250 faciant
2477 1196 2786 1265 jejunando,
2819 1213 2937 1251 cum
2968 1199 3068 1252 illis
3091 1198 3351 1266 jejunium
3376 1202 3481 1254 tale
3507 1217 3615 1254 non
3642 1203 3816 1269 prosit?

661 1256 737 1310 ~S.
771 1256 1030 1331 Mamimtts
1069 1257 1244 1331 scribit
1283 1256 1618 1331 contumacia
1653 1256 1787 1312 reum
1832 1279 1941 1314 esse
1966 1256 2050 1331 qui
2091 1264 2165 1315 le-

665 1342 787 1393 gem
809 1327 1001 1396 jejunii
1025 1327 1480 1396 quadragesimalia
1511 1330 1749 1381 divinitus
1773 1330 1944 1382 datam
1977 1327 2168 1382 rescin-

664 1396 768 1466 dit.
806 1393 1069 1466 Improbat
1098 1393 1290 1466 quoque
1320 1397 1805 1465 jeju‘nium'illorum
1825 1400 1910 1466 qui
1946 1400 2000 1449 in
2027 1397 2170 1460 Qua-

664 1463 962 1534 dragesima
984 1472 1171 1529 septem
1194 1465 1301 1534 dies
1320 1463 1591 1534 prandent,
1624 1474 1670 1516 ct
1699 1463 1887 1534 septem
1909 1467 2167 1534 jejunanl.

661 1529 824 1602 Unde
850 1546 1089 1582 numerus
1118 1529 1460 1601 quadraginta
1487 1534 1679 1584 dierum
1700 1529 1887 1602 jejunii
1908 1529 2173 1588 ciordium

674 1600 843 1666 coepit.

671 1707 921 1761 Nonnulli
962 1707 1412 1774 Christianorum,
1463 1711 1673 1776 fratres,
1722 1712 2084 1766 existimantes
2113 1729 2169 1767 se

608 1797 906 1856 Divinitatis
952 1806 1217 1866 przecepta
1265 1799 1560 1868 religiosius
1611 1799 1925 1866 observare,
1958 1808 2173 1868 praster-

606 1887 786 1944 missa,
809 1880 1102 1939 devotione
1141 1885 1573 1952 Quadragesima:
1599 1929 1614 1954 ,
1655 1888 1803 1954 cujus
1830 1889 1990 1942 hodie
2014 1905 2171 1942 cura-

603 1989 720 2026 mus
749 1973 1064 2038 exordium,
1095 1974 1586 2042 quinquagesimam
1617 1991 1673 2028 se
1704 1976 1878 2029 facere
1906 1977 2173 2029 mentiun-

603 2073 708 2125 tur,
761 2077 882 2116 cum
927 2063 980 2116 id
1026 2078 1200 2131 neque
1243 2064 1432 2116 divinis
1465 2063 1676 2117 Litteris
1699 2065 1969 2132 jubeatnr,
2002 2081 2172 2133 neque

604 2153 862 2204 traditum
909 2153 978 2205 sit
1027 2153 1346 2207 auctoritate
1397 2154 1676 2220 majorum.
1727 2154 1848 2208 Sola
1889 2156 2046 2222 igitur
2072 2157 2173 2210 hoc

604 2237 805 2290 faciunt
842 2239 1004 2291 animi
1034 2241 1478 2308 praasumptione,
1515 2251 1569 2300 et
1597 2242 1720 2294 dum
1751 2252 1937 2311 putant
1978 2259 2035 2297 se
2079 2244 2173 2297 de-

604 2325 780 2379 votius
809 2340 966 2393 agere
990 2367 1004 2390 ,
1057 2329 1473 2396 superstitiosius
1501 2341 1900 2384 conversantur.
1953 2332 2088 2384 Dicit
2114 2347 2173 2385 se

604 2415 886 2468 observare
909 2416 1407 2484 Quinquagesimam
1439 2419 1527 2486 qui
1551 2417 1686 2472 forte
1706 2419 2170 2488 Quadragesimam

603 2502 826 2571 implere
867 2506 952 2556 vix
992 2507 1175 2572 possit.
1219 2506 1421 2559 Bonum
1450 2515 1531 2560 est
1557 2508 1769 2576 quidem
1796 2511 2002 2564 cunctis
2032 2519 2168 2564 tem-

603 2594 1094 2662 poribusjejunare,
1128 2596 1220 2648 sed
1251 2597 1437 2654 melius
1457 2597 2171 2668 Quadragesimamjejunare

605 2698 726 2736 cum
755 2683 988 2737 Christo.
1033 2683 1178 2739 Hanc
1215 2687 1355 2738 alim
1384 2686 1852 2754 Quadragesimam
1883 2691 2035 2743 nobis
2063 2691 2171 2744 Do-

607 2771 782 2824 minus
829 2786 927 2824 suo
970 2771 1172 2839 jejunio
1218 2777 1564 2828 consecravit.
1619 2775 1921 2850 Quod‘dixi
1944 2777 2167 2845 jejunio,

606 2875 712 2912 non
739 2859 982 2927 jejuniis;
1028 2877 1188 2914 unum
1225 2863 1366 2914 enim
1405 2863 1662 2930 jejunium
1701 2865 1909 2918 Domini
1933 2865 2048 2929 fuit,
2081 2868 2171 2935 qui

604 2948 926 3000 continuatis
972 2949 1318 3015 quadraginta
1367 2951 1553 3003 diebus
1600 2960 1654 3004 et
1703 2954 1948 3006 noctibus
1995 2954 2170 3023 cibum

604 3036 820 3088 omnino
849 3052 952 3088 non
983 3038 1224 3104 sumpsit.
1273 3036 1519 3105 Quisquis
1541 3055 1668 3108 ergo
1699 3041 2030 3112 Christianus
2052 3060 2174 3099 con-

605 3135 869 3174 secratam
891 3122 1180 3191 jejunando
1211 3140 1316 3178 non
1354 3127 1647 3195 impleverit
1681 3129 2170 3198 Quadragesimam,

603 3213 1052 3280 pnevaricationis
1090 3222 1143 3267 et
1179 3219 1527 3270 contumaciae
1557 3233 1678 3272 reus
1718 3221 2002 3288 tenebitur,
2032 3223 2175 3291 quod

602 3300 773 3367 legem
802 3301 1051 3356 divinitus
1081 3319 1178 3371 pro
1205 3304 1376 3357 salute
1402 3320 1496 3358 sua
1525 3306 1702 3360 datam
1727 3309 2036 3376 prandendo
2059 3313 2171 3380 ipse

601 3389 871 3441 rescindit.
905 3389 1179 3444 Rescindis
1207 3393 1349 3444 enim
1372 3393 1540 3459 legem
1563 3397 1650 3461 qui
1665 3398 1967 3465 exemplum
1985 3399 2170 3466 jejunii

601 3475 852 3529 dominici
891 3492 997 3530 non
1034 3478 1288 3534 custodis.
1341 3479 1521 3544 Qualis
1549 3498 1674 3535 vero
1702 3493 1879 3536 autem
1908 3483 2168 3543 Christia-

603 3579 700 3618 nus
725 3579 813 3631 es,
834 3576 973 3631 cum,
999 3565 1532 3636 Dominojejunante,
1566 3579 1622 3623 tu
1649 3572 1912 3640 prandes?
1939 3583 1963 3610 ⁸
1991 3573 2170 3640 Qualis

600 3654 930 3709 Christianus
970 3671 1046 3722 es,
1097 3673 1236 3720 cum,
1280 3659 1491 3713 Christo
1540 3664 1836 3726 esuriente,
1878 3672 1936 3718 tu
1964 3664 2169 3721 reﬁcis?

603 3741 696 3794 Ille
724 3758 820 3810 pro
849 3744 1017 3797 salute
1048 3752 1135 3798 tua
1181 3747 1372 3799 famem
1416 3748 1670 3814 sustinet,
1721 3759 1779 3804 tu
1808 3768 1906 3820 pro
1935 3755 2168 3821 peccatis

603 3832 708 3886 tuis
737 3832 1154 3902 462'jejunare
1184 3834 1476 3891 formidas?
1525 3839 1694 3894 Dicite
1723 3842 1863 3894 enim
1891 3844 2048 3907 mihi,
2083 3845 2164 3897 in-

601 3927 814 3986 terrogo
843 3935 971 3984 vos,
1003 3922 1093 3988 qui
1123 3922 1174 3974 in
1215 3923 1629 3992 Quadragesima
1661 3929 1959 3995 prantletis,
1990 3933 2035 3983 si
2060 3947 2169 3985 non

601 4008 1010 4064 in'conscientiis
1038 4013 1226 4072 vestris
1252 4014 1328 4066 rei
1358 4015 1505 4082 estis,
1537 4019 1697 4085 quod,
1721 4019 2018 4074 abstinente
2044 4037 2174 4078 cun-

598 4105 689 4149 cto
720 4098 937 4165 populo,
966 4115 1060 4153 vos
1088 4101 1187 4153 soli
1219 4113 1404 4156 contra
1429 4115 1750 4175 praeceptum
1778 4106 1987 4161 Domini
2010 4110 2173 4170 devo-

600 4184 766 4236 ratis?
795 4184 850 4238 Si
881 4201 987 4238 non
1017 4189 1168 4241 vobis
1196 4190 1361 4244 rubor
1380 4200 1463 4245 est
1483 4208 1603 4260 cum
1625 4196 1780 4249 exitls
1809 4196 1861 4248 in
1884 4198 2169 4266 publicum,

605 4287 670 4325 ne
700 4275 820 4342 quis
851 4277 1000 4329 vobis
1023 4275 1237 4345 jejunus
1268 4292 1513 4336 occurrat
1538 4303 1549 4335 '.
1583 4300 1674 4338 aut
1702 4293 1746 4339 st
1775 4297 1881 4343 non
1903 4290 2170 4362 cogitatis,

601 4375 722 4413 cum
751 4361 818 4414 ad
857 4364 1135 4418 ecclesiam
1159 4370 1476 4436 proceditis,
1515 4377 1960 4441 quemadmodum
1979 4361 2170 4444 pacem

602 4450 854 4518 episcopo
877 4455 1192 4522 porrigatis,
1219 4473 1285 4511 ne
1306 4457 1442 4513 forte
1468 4462 1582 4529 ipso
1598 4455 1785 4530 spiritu
1814 4465 1982 4520 osculi
2011 4468 2170 4521 vestri

606 4553 699 4592 vos
725 4541 1012 4607 reprobet?
1041 4542 1192 4607 Quod
1215 4546 1261 4598 si
1287 4547 1399 4602 hare
1421 4547 1559 4604 forte
1582 4564 1688 4604 non
1715 4556 1982 4620 cogitatis,
2001 4553 2170 4611 ‘forsi—

605 4636 693 4681 tan
718 4630 1059 4685 vehementer
1106 4637 1323 4702 erratis;
1373 4639 1508 4693 scire
1543 4643 1685 4694 enim
1721 4642 1927 4697 debetis
1954 4653 2073 4699 cum
2117 4647 2170 4705 in

603 4716 1029 4785 Quadragesima:
1067 4722 1252 4778 diebus
1296 4726 1479 4794 jejuno
1522 4744 1746 4797 pransus
1784 4735 2032 4799 occurrit,
2065 4751 2170 4789 non

603 4809 740 4861 bene
764 4804 948 4864 de'lllo
973 4811 1173 4878 iudicat
1200 4816 1287 4883 qui
1310 4806 1533 4884 jejtmat.
1567 4817 1680 4874 Hoc
1707 4821 1849 4874 enim
1878 4823 2002 4880 ideo
2026 4824 2166 4887 dico,

601 4899 723 4964 quia
772 4898 933 4952 audio
981 4903 1315 4970 complures,
1379 4908 1523 4972 quod
1568 4910 1781 4975 gravius
1821 4919 1937 4976 est,
1993 4911 2171 4967 lideles

602 4984 822 5039 alternis
869 4987 922 5038 in
968 4987 1378 5057 Quadragesima
1409 4995 1757 5052 hebdomadis
1785 5000 2051 5055 abstinere
2070 5044 2083 5067 ,
2115 5010 2170 5056 et

599 5083 969 5128 consecratum
1007 5077 1155 5130 illum
1181 5080 1384 5135 dierum
1429 5099 1708 5140 numerum
1747 5089 1881 5155 gulae
1910 5091 2168 5159 intempe-

599 5165 770 5217 rantia
802 5166 1030 5235 violare,
1065 5169 1168 5223 hoc
1195 5181 1276 5226 est
1297 5174 1559 5240 prandere
1583 5188 1786 5247 septem
1813 5181 2018 5235 dierum
2045 5195 2166 5236 cur-

599 5253 784 5320 riculo,
814 5263 868 5308 et
887 5267 1089 5326 septem
1111 5259 1316 5315 dierum
1344 5265 1517 5332 spatio
1542 5266 1801 5334 jejunare.
1835 5270 2035 5336 Quibus
2059 5272 2161 5327 hoc

596 5342 734 5408 dico,
785 5358 883 5397 cur
924 5347 1083 5400 etiam
1116 5363 1210 5418 per
1250 5351 1370 5407 illos
1412 5361 1614 5422 septem
1649 5357 1763 5412 dies
1793 5358 2028 5418 Modern
2059 5363 2158 5418 sibi

668 5494 691 5520 κ
733 5484 895 5540 Abest
938 5501 968 5542 a
996 5490 1167 5568 codd.
1213 5491 1564 5568 _Vallioellano
1600 5505 1654 5551 et
1683 5497 1943 5568 Lugdun.,
1969 5500 2161 5566 Qualis

595 5569 713 5626 vero
796 5594 809 5606 .
829 5595 858 5626 ξ.
888 5595 914 5626 .7
937 5597 951 5626 ε
985 5567 1034 5608 tu
1056 5561 1278 5626 prande:
1302 5562 1327 5613 ?

666 5623 688 5659 ιι
730 5623 858 5676 ϐοά.
893 5625 960 5677 89
987 5623 1260 5683 S.'Crucis
1291 5630 1340 5682 in
1371 5630 1500 5695 Jcr.,
1536 5640 1704 5702 (mpii.

2273 1288 2525 1352 Quamvis
2553 1293 2696 1344 enim
2724 1294 3133 1365 abstineatquis
3161 1297 3320 1348 certis
3351 1296 3570 1359 diebus,
3612 1299 3818 1364 quamvis

2272 1378 2511 1431 ciborum
2551 1380 2788 1434 dulciora
2824 1382 3085 1438 alimenta
3132 1400 3238 1436 non
3284 1394 3486 1448 sumat;
3529 1401 3637 1438 non
3673 1397 3816 1437 tamen

2272 1467 2346 1519 illi
2373 1475 2594 1535 accepto
2633 1467 2800 1541 fertur
2829 1469 3255 1537 Quadragesima:
3288 1472 3580 1539 jejunium,
3620 1475 3706 1540 qui
3733 1490 3816 1525 non

2272 1556 2458 1609 diebus
2503 1557 2852 1625 quadraginta
2895 1560 3118 1626 jejunat.
3171 1560 3336 1614 Pudet
3365 1563 3579 1625 dicere,
3619 1579 3760 1616 senes
3779 1573 3820 1615 et

2272 1645 2495 1699 anicula:
2537 1646 3003 1714 Quadragesimam
3048 1650 3287 1701 faciunt:
3331 1649 3556 1717 juvenes
3585 1661 3639 1704 et
3661 1651 3820 1717 juven-

2271 1734 2401 1786 culte
2446 1750 2552 1789 non
2595 1735 2813 1788 faciunt.
2865 1736 3019 1790 Omni
3056 1739 3212 1805 igitur
3249 1739 3609 1794 sollicitudine
3640 1751 3820 1808 tempus

2269 1820 2684 1877 sacratissitnum
2732 1826 3097 1894 celebremus,
3142 1844 3248 1881 non
3290 1839 3574 1896 praetereat
3603 1845 3696 1882 nos
3730 1829 3820 1880 dies

2271 1911 2471 1979 absque
2500 1911 2737 1979 jejunio,
2787 1929 2892 1966 non
2940 1930 3036 1967 nos
3081 1923 3318 1968 transeat
3366 1932 3469 1969 una
3518 1916 3819 1970 hebdomade

2272 2000 2471 2068 absque
2501 2002 2710 2068 vigiliis.
2758 2001 2850 2055 Ille
2890 2004 3033 2055 enim
3062 2004 3188 2057 facit
3216 2003 3715 2072 Quadragesimam,
3743 2008 3818 2074 qui

2265 2086 2558 2154 jejunando
2587 2099 2640 2143 et
2668 2091 2937 2159 vigilando
2967 2094 3204 2147 ascendit
3231 2094 3296 2147 ad
3326 2093 3552 2148 Pascha.
3578 2097 3703 2148 Nam
3731 2097 3820 2148 sic—

2275 2182 2334 2226 ut
2362 2175 2569 2242 reliquo
2606 2193 2747 2230 anno
2787 2178 3031 2245 jejunare
3056 2185 3330 2249 prtemium
3378 2192 3488 2247 est,
3523 2186 3596 2236 ita
3624 2185 3674 2236 in
3703 2184 3821 2248 Qua-

2270 2261 2566 2328 dragesima
2593 2281 2700 2318 non
2736 2265 2980 2336 jejunare
3008 2279 3285 2338 peccatum
3315 2280 3423 2334 est;
3455 2272 3544 2324 illa
3573 2273 3710 2324 enim
3740 2288 3819 2323 vo-

2271 2350 2648 2406 luntaria'sunt
2674 2354 2898 2422 jejunia,
2934 2357 3034 2410 ista
3055 2360 3387 2422 necessaria;
3419 2361 3508 2413 illa
3537 2361 3603 2414 de
3627 2361 3821 2412 arbitrio

2271 2442 2528 2506 veniunt',
2580 2445 2679 2496 ista
2727 2445 2794 2497 de
2844 2445 2990 2516 lege;
3039 2447 3104 2501 ad
3154 2449 3242 2501 illa
3277 2450 3597 2513 invitamur,
3641 2450 3704 2502 ad
3743 2450 3822 2505 ista

2273 2531 2657 2598 compellimur.
2706 2533 2816 2588 Sed
2854 2535 3128 2598 videamus
3175 2537 3332 2608 A63
3371 2539 3473 2592 iste
3498 2540 3823 2607 quadraginta

2273 2617 2478 2671 dierum
2508 2622 2896 2675 sacratissimus
2921 2638 3174 2678 numerus
3201 2625 3340 2679 unde
3370 2626 3570 2680 habere
3599 2625 3626 2664 δ
3665 2643 3824 2695 ccepe-

2275 2708 2342 2759 rit
2364 2709 2663 2762 exordium.
2695 2708 2944 2777 Legimus
2964 2713 3194 2780 primum
3218 2715 3270 2766 in
3296 2714 3481 2767 Veteri
3502 2701 3822 2769 Testamento

2276 2795 2388 2850 Noe
2419 2798 2747 2866 temporibus
2763 2791 2786 2864 ',
2837 2814 2957 2855 cum
2987 2816 3145 2855 omne
3171 2816 3338 2869 genus
3373 2803 3649 2858 hominum
3674 2806 3825 2857 scele-

2274 2894 2389 2937 rata
2417 2886 2670 2952 iniquitas
2711 2897 3055 2956 occupasset,
3097 2899 3178 2944 tot
3204 2890 3410 2944 dierum
3437 2907 3664 2945 numero
3691 2901 3825 2960 pate.

2274 2973 2426 3028 factis
2456 2977 2738 3030 cataractis
2763 2978 2888 3033 coeli
2911 2993 3169 3047 aquarum
3200 2979 3406 3049 pluvias
3433 2981 3747 3044 deﬂuxisse,
3785 2990 3824 3034 et

2275 3064 2529 3133 mysterio
2576 3066 2807 3140 quodam
2867 3067 3294 3135 Quadragesima:
3338 3069 3688 3124 inundatione
3727 3070 3826 3124 orbi

2277 3153 2706 3207 terrarlunfacta
2747 3170 2856 3208 non
2903 3162 3010 3208 tam
3049 3157 3304 3210 diluvium
3332 3173 3493 3226 quam
3529 3158 3826 3228 baptismnm

2275 3245 2584 3311 contigisse.
2636 3243 2936 3313 Baptismus
2963 3246 3121 3314 plane
3142 3247 3264 3311 fuit,
3324 3264 3421 3315 per
3449 3248 3598 3316 quod
3635 3251 3687 3302 in
3715 3261 3824 3316 pec-

2273 3334 2544 3387 catoribus
2597 3333 2847 3401 iniquitas
2898 3333 3105 3387 sublata
3151 3343 3262 3400 est,
3309 3335 3418 3390 Noe
3463 3337 3674 3404 justitia
3721 3350 3828 3389 mn-

2271 3430 2498 3476 servata.
2548 3422 2624 3474 Ita
2648 3437 2775 3489 ergo
2822 3431 2876 3477 et
2913 3423 3071 3478 modo
3118 3424 3270 3478 nobis
3317 3424 3575 3480 Dominus
3605 3437 3627 3464 ε
3659 3424 3722 3478 ad
3757 3425 3826 3477 in-

2272 3517 2384 3561 star
2424 3509 2562 3562 illius
2605 3511 2860 3578 temporis
2902 3510 3371 3578 Quadragesimam
3417 3513 3596 3580 dedit;
3628 3523 3687 3568 ut
3713 3528 3825 3568 cou-

2270 3598 2454 3651 stituto
2499 3598 2702 3651 dierum
2750 3615 2992 3664 numero,
3020 3602 3298 3669 patefactis
3327 3605 3508 3669 malis,
3541 3606 3718 3673 pluvia
3745 3618 3825 3656 nos

2263 3685 2643 3738 misericordia:
2703 3686 2938 3739 cmlestis
3003 3688 3225 3753 irroret,
3277 3699 3331 3743 et
3375 3692 3720 3746 inundatione
3762 3691 3825 3742 fa-

2269 3781 2353 3827 cta
2384 3789 2478 3842 per
2517 3774 2835 3842 baptismum
2883 3776 3076 3830 lavacri
3112 3780 3358 3836 salutaris
3399 3797 3499 3835 nos
3529 3784 3697 3835 imber
3724 3782 3825 3834 illu-

2195 3891 2239 3950 C
2272 3862 2464 3924 minet;
2497 3869 2550 3914 et
2596 3863 2731 3915 sicut
2773 3871 2900 3917 tunc
2944 3864 3136 3927 factum
3179 3877 3262 3921 est
3287 3884 3546 3936 aquarum
3577 3870 3823 3930 ﬂuctibus,

2278 3949 2642 4017 exstingdatur
2699 3967 2846 4005 nunc.
2903 3970 2955 4005 Ill
3011 3955 3163 4009 nobis
3211 3956 3528 4010 delictorum
3573 3959 3824 4026 iniquitas,

2272 4039 2523 4097 virtutum
2567 4041 2773 4108 justitia
2819 4055 3182 4101 conservetur.
3242 4048 3360 4117 Ipsa
3407 4051 3553 4103 enim
3593 4065 3707 4118 quae
3745 4049 3826 4103 sub

2272 4127 2401 4192 Noe,
2432 4137 2486 4180 et
2514 4129 2678 4183 modo
2710 4133 2931 4185 vertitur
2960 4136 3128 4200 ratio;
3159 4136 3453 4206 baptismus
3481 4140 3623 4192 enim
3653 4153 3827 4207 pecca-

2277 4217 2380 4271 tori
2424 4217 2678 4275 diluvium
2725 4228 2836 4280 est.
2887 4226 3218 4279 consecratio
3248 4235 3330 4280 est
3357 4227 3519 4280 fideli.
3562 4225 3664 4281 Per
3690 4229 3824 4280 lava-

2273 4321 2420 4362 crum
2442 4308 2580 4363 enim
2608 4308 2815 4365 Domini
2858 4313 3097 4368 salvatur
3112 4314 3316 4380 justitia
3333 4353 3347 4377 ,
3395 4324 3617 4370 necatur
3645 4316 3824 4383 injusti-

2273 4396 2386 4450 tia-:
2418 4397 2562 4470 quod
2586 4398 2642 4451 in
2665 4414 2773 4453 uno
2793 4411 3087 4470 eodemque
3107 4402 3305 4457 factum
3329 4405 3570 4459 videmus
3599 4406 3825 4474 apostolo

2271 4482 2456 4549 Paulo,
2486 4486 2596 4553 qni,
2639 4487 2944 4556 priusquam
2985 4493 3263 4558 praeceptis
3292 4491 3670 4564 dspiritalibus
3697 4493 3824 4546 lava-

2269 4584 2434 4639 retur,
2478 4584 2595 4633 erat
2639 4577 3012 4648 blasphemus,
3061 4591 3390 4652 persecutor,
3436 4593 3490 4637 et
3519 4585 3727 4638 Saulus.
3770 4585 3824 4635 At

2273 4664 2361 4731 ubi
2388 4664 2564 4733 pluvia
2594 4681 2754 4734 super
2776 4683 2898 4727 eum
2928 4669 3125 4723 lavacri
3160 4671 3402 4726 coalestis.
3423 4671 3652 4735 inﬂuxit,
3681 4687 3822 4728 neca-

2271 4761 2356 4807 tur
2400 4752 2740 4821 blasphemus
2773 4796 2788 4820 ,
2861 4767 3078 4812 necatur
3127 4769 3460 4828 persecutor,
3522 4770 3746 4816 necatur
3779 4769 3823 4814 et

2269 4839 2490 4908 Saulus;
2517 4843 2812 4900 vivificatnr
2828 4849 3130 4915 apostolus,
3160 4849 3456 4904 vivilicatur
3477 4851 3684 4919 justus,
3716 4851 3820 4904 vivi-

2272 4930 2459 4984 licatur
2479 4941 2532 4984 et
2555 4933 2767 4991 Paulus.
2800 4934 2977 5003 Usque
3002 4938 3138 4991 adeo
3160 4948 3333 4992 autem
3357 4939 3584 5007 perdidit
3604 4949 3818 4994 veterem

2272 5033 2392 5071 cum
2423 5021 2627 5074 actibus
2660 5032 2682 5058 ε
2714 5026 2823 5077 suis
2863 5026 3162 5088 hominem,
3203 5036 3261 5079 ut
3300 5043 3420 5080 cum
3452 5030 3687 5083 moribus
3715 5043 3817 5082 mu-

2269 5115 2406 5160 taret
2452 5119 2507 5161 et
2552 5125 2767 5164 nomen.
2838 5112 3086 5181 Quisquis
3135 5128 3261 5181 ergo
3305 5117 3358 5168 in
3406 5117 3508 5170 hac
3551 5118 3815 5171 devotione

2192 5223 2240 5282 D
2266 5193 2694 5264 Quadragesima:
2730 5201 2997 5258 dominica
3044 5205 3290 5258 mandata
3321 5209 3645 5273 servaverit,
3681 5222 3817 5262 neca-

2265 5283 2406 5337 bitur
2434 5285 2486 5338 in
2524 5301 2590 5341 eo
2617 5288 2878 5344 diabolica
2909 5292 3152 5361 impietas
3171 5333 3186 5358 ,
3225 5297 3518 5363 apostolica
3547 5305 3723 5351 autem
3748 5309 3813 5348 re,»

2263 5375 2556 5430 servabitur
2601 5379 2802 5445 gratia;
2851 5387 2906 5434 et
2949 5378 3234 5436 succedens
3280 5383 3678 5452 quodammodo
3719 5389 3812 5452 ipte

2340 5518 2362 5575 ξ
2403 5509 2456 5562 1η
2483 5511 2600 5564 cod.
2632 5512 2699 5564 90
2723 5512 2776 5567 S.
2807 5511 2992 5569 Crucis
3022 5516 3073 5569 in
3103 5515 3232 5575 Jer.,
3260 5515 3347 5574 ad.

2332 5573 2356 5612 δ
2397 5578 2469 5649 I_d.
2501 5581 2643 5649 cod.,
2672 5581 3038 5649 spirimm'ibm.

2335 5654 2357 5680 ⁸
2397 5646 2524 5701 Cod.
2556 5647 2622 5700 90
2651 5646 2737 5703 cit.
2771 5654 2967 5705 omittit
2997 5655 3118 5706 suis.
