3910 6238
77 289 187 345 683

1516 277 1743 337 SERMO
1782 274 1983 331 XXVII.

3255 270 3354 328 58f

72 407 202 465 sibi,
240 404 472 457 moritur
502 418 567 457 ex
605 418 670 457 ea
712 406 864 471 parte
892 414 994 470 qua
1027 408 1278 470 peccator
1304 404 1412 462 cst,
1446 404 1470 432 ι
1501 394 1677 449 vivill-
1708 400 1755 457 Α
1784 405 2053 447 annorum
2084 398 2335 459 tempore
2366 387 2771 460 qualiscumque
2800 388 3132 445 substantia?
3162 389 3361 447 Intelli-

74 504 237 549 catur
262 509 331 548 ex
380 493 469 546 illa
517 500 674 561 parte
719 506 823 560 qua
848 491 1026 559 justus
1053 496 1154 545 est.
1199 488 1488 543 Videamus
1515 488 1677 541 etiam

76 586 121 640 si
152 585 285 639 alibi
316 584 371 638 in
400 583 695 652 Scripturis
737 582 881 635 hunc
919 580 1207 651 mysticum
1248 577 1678 647 Quadragesima:

85 690 375 729 numerum
404 688 693 743 possumus
720 671 981 726 invenire.
1017 670 1265 738 Legimus
1288 669 1431 738 quod
1460 675 1677 723 sanctus

82 771 299 842 Moyses
326 769 529 842 (Exod.
556 768 667 838 xvi)
719 768 775 822 in
812 770 996 821 eremo
1027 765 1379 835 quadraginta
1415 778 1676 821 annorum

82 861 355 915 curriculo
384 860 526 913 filios
554 858 716 913 Israel
744 856 909 929 m
935 856 1139 912 caelesti
1179 870 1376 909 manna
1404 854 1673 908 nutrierit.

81 950 269 1006 Bonus
294 965 423 1018 ergo
452 964 726 1013 numerus,
760 949 852 1017 qui
878 962 1090 1016 semper
1114 946 1307 1001 cmlum
1339 945 1547 1014 aperit:
1579 944 1678 998 ho-

82 1056 219 1109 nus,
254 1042 469 1110 inquam
490 1079 505 1102 ,
538 1054 830 1103 numerus,
862 1054 958 1108 per
984 1038 1145 1108 quem
1180 1036 1389 1105 justitia
1431 1035 1544 1090 Noe
1570 1035 1679 1090 sal-

83 1140 264 1196 vatur,
306 1141 362 1186 et
388 1131 555 1185 Israel
581 1130 676 1183 ﬁlii
716 1129 1047 1197 saginantur.
1101 1126 1253 1181 Unde
1279 1134 1337 1181 et
1365 1140 1463 1181 nos
1491 1125 1678 1179 obser-

86 1236 274 1274 vemus
322 1221 468 1274 hunc
513 1234 837 1284 numerum,
888 1226 944 1272 et
988 1218 1298 1287 aperiantur
1348 1216 1504 1270 nobis
1532 1215 1673 1277 cceli,

92 1323 360 1381 quatenus
406 1321 461 1367 et
510 1312 690 1382 pluvia
732 1326 833 1366 nos
876 1311 1061 1377 gratia:
1108 1308 1341 1364 welestis
1370 1309 1594 1374 irroret,
1624 1314 1679 1361 et

88 1403 409 1472 spiritalium
457 1409 922 1457 sacramentorum
974 1414 1171 1454 manna
1218 1396 1459 1461 reﬁciat;
1508 1397 1678 1450 instar

87 1494 232 1547 enim
262 1501 471 1563 patrum
500 1500 841 1557 nostrorum,
890 1491 990 1544 bac
1023 1489 1403 1544 observatione
1431 1486 1676 1553 Quadra-

83 1586 301 1651 gesimze
345 1591 400 1638 et
441 1582 801 1653 justiﬁeamur
847 1589 901 1636 et
950 1581 1217 1650 poscimur
1259 1596 1272 1631 :
1319 1577 1679 1645 justiiicamur

86 1675 328 1739 lavacro,
371 1674 642 1743 pascimur
688 1671 1061 1735 sacramentis.
1112 1667 1219 1723 Sed
1267 1667 1412 1721 dicet
1445 1665 1672 1733 aliquis:

1780 486 1956 552 gimus
1983 496 2112 550 ergo
2134 482 2408 551 jejunasse
2436 480 2573 536 ﬁlios
2600 480 2793 548 Israel,
2836 482 2959 553 quia
2988 484 3365 559 cogensehnus

1782 569 1885 626 illis
1930 585 2175 626 escarum
2201 571 2426 639 copiam
2466 567 2701 625 defuisse
2728 578 2783 624 et
2812 578 2939 625 tunc
2965 572 3258 641 sumpsisse
3287 574 3366 629 ci-

1779 662 1908 716 bum
1927 663 2143 729 quando
2169 661 2413 729 Iargienti
2437 659 2665 714 Domino
2684 660 2988 729 placuisset.
3021 660 3162 717 Satis
3180 671 3365 718 autem

1779 750 1870 804 diu
1914 749 2124 820 jejunat
2167 751 2259 820 qui
2305 766 2426 805 cum
2484 742 2684 805 Christi
2736 751 3010 805 voluntate
3060 768 3119 805 se
3168 752 3360 809 reﬁcit.

1781 839 1963 909 Usque
1991 842 2127 895 adeo
2155 857 2285 895 vero
2313 842 2635 896 abstinentia
2659 842 2885 896 ﬁliorum
2911 842 3073 897 Israel
3104 844 3158 898 in
3180 859 3364 901 eremo

1777 930 1981 1000 placuit
2028 930 2325 997 Salvatori,
2374 940 2434 985 ut
2469 932 2821 1002 quorumdam
2862 934 3025 988 etiam
3054 936 3196 989 inter
3223 926 3366 1005 ipSos

1779 1024 2194 1093 intemperantia
2222 1032 2536 1089 notaretur;
2583 1025 2654 1078 ita
2682 1034 2740 1077 ut
2764 1026 3005 1094 quisquis
3035 1025 3243 1081 avidior
3269 1027 3369 1081 du-

1779 1114 1927 1183 plum
1955 1129 2111 1169 mane
2159 1115 2337 1170 cibum
2380 1116 2480 1171 sibi
2528 1116 2846 1183 collegerat,
2898 1113 2987 1172 hic
3033 1119 3131 1172 hac
3172 1118 3366 1188 injuria

1780 1202 2049 1270 feriretur,
2079 1213 2137 1258 ut
2165 1220 2273 1259 non
2297 1212 2405 1258 tam
2433 1206 2610 1260 cibum
2640 1207 2738 1261 sibi
2769 1208 3101 1263 inveniretur
3123 1224 3369 1265 servasse

1780 1308 1941 1361 quam
1988 1309 2247 1348 vermes:
2302 1292 2509 1349 scilicet
2557 1303 2615 1348 ut
2657 1296 2781 1363 quia
2830 1312 2989 1366 supra
3033 1298 3367 1363 moderatam

1780 1381 2130 1437 refectionem
2172 1386 2557 1454 concupierat,
2610 1387 2757 1440 velut
2793 1388 3021 1442 stimulis
3046 1390 3368 1459 quibusdam

1779 1471 2125 1526 conscientiae
2162 1474 2214 1527 in
2253 1489 2459 1528 morem
2503 1476 2766 1530 vermium
2794 1476 2822 1514 ιι
2853 1487 3155 1546 urgeretur.
3204 1480 3368 1548 Igitur

1781 1571 1837 1618 et
1865 1580 1998 1633 nos,
2047 1564 2271 1630 fratres,
2310 1567 2661 1622 observantes
2709 1566 3142 1639 Quadragesimaa
3188 1574 3369 1641 quoti-

1780 1653 1937 1708 diana
1987 1661 2043 1708 et
2088 1655 2365 1710 moderata
2409 1656 2612 1726 jejunia
2642 1698 2657 1725 ,
2700 1668 2754 1713 et
2791 1668 3046 1731 tanquam
3092 1662 3147 1717 in
3184 1678 3369 1719 eremo

88 1764 227 1817 ﬁlios
256 1763 418 1818 Israel
464 1763 520 1817 in
572 1776 756 1816 eremo
785 1759 1004 1828 quando
1032 1772 1231 1812 manna
1274 1755 1502 1811 saturati
1532 1761 1675 1817 sunt,
1709 1768 1755 1827 Β
1780 1745 2094 1810 εοηδῑίιυῑί,
2134 1746 2266 1800 nihil
2312 1747 2622 1803 deliciarum
2672 1752 3005 1807 saecularium
3048 1755 3366 1823 cogitemus.

88 1854 310 1906 minime
341 1852 631 1921 jejunasse.
683 1849 796 1918 Ego
826 1856 1007 1903 autem
1036 1848 1157 1902 dico
1189 1846 1311 1900 illos
1341 1845 1554 1899 nonnisi
1583 1844 1678 1897 ab—

84 1942 351 1995 stinentia:
376 1949 506 1996 tunc
532 1954 773 2002 vacasse,
806 1946 969 2007 atque
998 1936 1119 1990 ideo
1147 1936 1382 1991 caelestis
1410 1934 1677 1988 alimoniae

82 2032 311 2097 gratiam
356 2032 633 2085 meruisse.
696 2028 963 2094 Primum,
1015 2026 1139 2095 quia
1189 2025 1463 2081 desertum
1511 2038 1675 2078 omne

78 2121 343 2189 jejunium
373 2130 485 2185 est;
516 2121 642 2189 quia
674 2120 921 2174 anxietas
951 2118 1255 2173 solitudinis
1285 2116 1689 2186 concupiscen-‘

78 2212 209 2265 tiam
236 2212 451 2281 repellit
488 2214 765 2275 escarum;
809 2210 1005 2264 deinde
1046 2210 1099 2262 in
1130 2223 1314 2263 eremo
1344 2207 1485 2261 unde
1513 2221 1675 2261 accu-

79 2310 207 2355 ratae
235 2302 455 2372 epulae?
503 2301 645 2356 unde
678 2300 800 2354 vina
840 2300 1115 2369 pretiosa?
1152 2299 1293 2354 unde
1321 2296 1674 2366 quadraginta

1784 1836 1930 1890 nulla
1954 1852 2052 1891 nos
2071 1838 2426 1907 cupiditatum
2455 1841 2816 1909 corporalium
2836 1842 3064 1897 dulcedo
3091 1844 3366 1899 sullicitet.

1784 1926 1962 1980 Simus
1991 1928 2203 2003 sobrii,
2222 1929 2389 1982 simus
2414 1931 2578 1995 casti,
2608 1930 2871 1986 habentes
2896 1932 3111 2002 quidem
3140 1950 3368 1990 conver-

1782 2019 2048 2074 sationem
2077 2020 2130 2073 in
2153 2020 2405 2085 urbibus,
2447 2021 2819 2090 possideamus
2862 2031 3043 2078 mente
3070 2024 3363 2080 desertum.

1781 2109 1838 2165 Si
1868 2111 1941 2165 ita
1982 2108 2313 2167 abstinentes
2338 2112 2637 2180 egerimus,
2678 2114 2782 2167 erit
2807 2121 2868 2167 ut
2894 2114 3127 2169 cmlestis
3154 2130 3367 2171 manna:

1779 2202 2082 2257 reﬁciamur
2110 2203 2385 2271 alimonia,
2414 2212 2469 2259 et
2497 2204 2655 2261 nullis
2680 2205 2944 2261 vermium
2970 2206 3199 2263 stimulis
3217 2222 3367 2264 com-

1777 2307 2095 2364 pungamur.

1434 2408 1704 2469 SERMO
1747 2407 2014 2468 XXVII.

1356 2506 1437 2561 De
1465 2504 1881 2577 Quadragesima
1908 2505 2082 2561 XIII.

342 2668 591 2743 Monachi
618 2667 953 2743 99ncdictini
976 2667 1409 2743 congregationis
1439 2594 2229 2743 Sanégmgli‘ilringappendice
2256 2662 2327 2743 ad
2352 2675 2653 2743 extremum
2693 2673 2901 2725 tomum
2932 2684 3156 2743 operum
3191 2676 3365 2732 sancti

70 2738 351 2793 Ambrosii
400 2754 565 2802 serm.
618 2738 706 2799 55,
738 2739 829 2807 qui
860 2748 942 2792 est
991 2738 1057 2790 l7

72 2808 337 2872 Maximo,
366 2808 513 2877 cujus
538 2817 595 2877 et
612 2808 793 2877 stylus,
818 2817 867 2860 et
890 2808 943 2861 in
967 2808 1140 2861 codice

1137 2755 1164 2790 ε
1186 2738 1405 2806 jejuniis
1452 2736 1897 2806 Quadragesimw,
1948 2736 2229 2805 probabile
2280 2738 2432 2791 aiunt
2476 2753 2597 2793 esse
2642 2740 2785 2796 hunc
2835 2736 3137 2797 sermonem
3179 2744 3365 2803 deberi

1214 2808 1650 2879 anigianoetiam
1674 2820 1869 2879 nomen,
1887 2808 2202 2879 noscendum
2226 2807 2441 2879 pra'bet.
2477 2806 2809 2879 ﬁemigiano,
2834 2826 2993 2879 quem
3020 2812 3095 2866 illi
3126 2814 3365 2878 laudant,

70 2874 933 2953 consonat_codex.Taurinepsis,
967 2878 1025 2953 iu_
1058 2892 1166 2953 quo
1186 2874 1421 2953 hzec'est
1442 2874 1616 2953 eidem
1637 2875 2116 2953 sermoni_pra:ﬁxa
2141 2874 2421 2953 inscriptio
2446 2892 2459 2929 ε
2493 2874 2730 2953 Ιεεηιξάε
2762 2874 3171 2953 Quadragesima
3197 2874 3366 2953 sermo

70 2946 253 3022 XIII.
286 2946 511 3022 Ilahitus
541 2939 1152 3022 fortasse_in_dominica
1185 2944 1496 3022 Pahnarum
1537 2945 1652 3008 fuit,
1686 2939 2083 3022 ut_conjectura
2110 2962 2171 3001 se
2211 2939 2371 3001 iidem
2400 2948 2651 3003 monachi
2676 2939 2954 3006 assécutos
2977 2939 3199 3022 "putant.
3232 2952 3366 3010 Nam

68 3032 137 3070 ea
168 3017 263 3070 die
294 3018 348 3070 in
376 3016 650 3084 plerisque
669 3015 923 3071 Ecclesiis
953 3016 1091 3069 tradi
1120 3016 1421 3086 symbolum
1442 3016 1873 3085 competentibus
1892 3025 2265 3071 consueverat.

68 3132 477 3185 Ancona-run.
508 3161 581 3172 —
606 3128 820 3199 Jejum'a
857 3135 913 3179 ut
935 3126 1093 3199 Elius
1137 3126 1481 3199 observantes,
1521 3127 1670 3180 adhi-

148 3200 275 3252 bitis
314 3194 822 3267 precibusicla'usum
849 3198 1029 3250 emtum
1055 3196 1457 3266 competentibus
1482 3213 1675 3251 resere-
1701 3194 1747 3257 C

143 3285 289 3332 me,
316 3266 513 3322 Clavem
542 3266 710 3334 Petri,
739 3266 795 3319 id
821 3275 898 3321 est
926 3266 1084 3337 ﬁdem
1102 3282 1387 3321 sumamus.

146 3399 395 3469 Propitia
441 3398 762 3461 Divinitate,
809 3413 938 3453 ecce
978 3397 1089 3467 jam
1137 3414 1277 3468 pene
1316 3399 1674 3467 transegimus

72 3490 522 3559 Quadragesima:
566 3490 798 3545 indicata
837 3489 1061 3558 jejunia,
1094 3498 1151 3545 et
1178 3499 1446 3560 praecepta
1474 3489 1677 3547 Christi

72 3583 300 3639 Domini
320 3582 656 3636 abstinentiae
677 3580 963 3635 devotione
982 3580 1391 3650 complevimus.
1419 3580 1678 3651 Superest

74 3690 247 3737 nunc,
282 3682 341 3728 ut
366 3672 820 3741 quemadmodum
850 3670 1034 3726 famuli
1064 3671 1181 3740 ejus
1210 3672 1424 3745 Moyses
1450 3682 1503 3729 et
1533 3673 1678 3728 Elias

73 3768 227 3821 hunc
270 3764 691 3819 sacratissimum
720 3778 1006 3817 numerum
1053 3763 1415 3828 observando,
1448 3765 1677 3832 gratiam

72 3864 437 3921 meruerunt;
480 3856 550 3909 ita
573 3864 630 3909 et
653 3870 752 3909 nos
772 3854 878 3909 hoc
903 3854 1075 3923 ipsum
1095 3862 1306 3925 tempus
1327 3857 1678 3913 custodiendo

71 3963 413 4013 mereamur,
438 3946 833 4015 sitque’similis
860 3940 1223 4000 remuneratio
1250 3946 1302 3999 in
1334 3948 1679 4015 perceptione

71 4038 314 4108 praemii,
345 4052 575 4106 quorum
604 4035 795 4092 similis
820 4035 973 4090 labor
1001 4043 1083 4090 est
1111 4036 1166 4090 in
1194 4036 1572 4092 observatione
1595 4038 1680 4106 je-

72 4130 236 4199 junii.
269 4128 417 4186 Elias
436 4130 603 4195 enim,
630 4144 755 4186 cum
782 4136 926 4182 esset
953 4128 1191 4183 clausum
1218 4129 1465 4183 humanis
1486 4129 1671 4197 iniqui-

75 4218 287 4273 tatibus
314 4218 533 4284 cmlum,
556 4226 611 4272 et
638 4217 782 4272 nulla
805 4218 1087 4273 mundanis
1116 4220 1277 4274 rebus
1305 4220 1538 4289 desuper
1555 4221 1676 4290 plu-

75 4312 299 4363 viarum
326 4308 557 4362 stillaret
583 4308 821 4370 ubertas,
855 4315 1018 4376 atque
1058 4308 1236 4362 omnia
1269 4308 1439 4377 longae
1468 4310 1678 4365 siccita—

74 4402 146 4455 tis
188 4400 443 4469 squalore
470 4399 821 4466 ‘Ianguerent,
871 4407 928 4453 et
955 4408 1098 4453 esset
1127 4401 1295 4453 iantes
1323 4415 1516 4469 magna
1552 4402 1676 4455 uni-

75 4508 241 4548 verso
263 4492 452 4559 generi
482 4491 740 4554 humano,
771 4491 1026 4559 quoniam
1057 4492 1195 4544 enim
1221 4492 1418 4545 caelum
1440 4480 1675 4561 pluviam

1781 3124 1902 3181 ﬁcio
1925 3126 2089 3183 totius
2116 3126 2301 3181 mundi
2334 3128 2546 3197 species
2574 3127 2827 3185 innovata
2856 3140 3223 3201 consurgeret.
3260 3132 3366 3205 Igi-

1780 3223 1869 3270 tur
1887 3224 1944 3270 et
1972 3231 2071 3271 nos
2098 3217 2289 3272 eadem
2316 3233 2435 3285 quae
2463 3217 2609 3273 Elias
2639 3220 2989 3276 observantes
3021 3221 3251 3293 jejunia,
3272 3226 3365 3281 ad-

1781 3308 1964 3364 bibitis
2006 3309 2254 3378 precibus
2293 3310 2536 3365 clausum
2564 3312 2759 3366 cmlum
2787 3314 2986 3369 nostris
3011 3321 3367 3387 competenti-

1778 3401 1879 3455 bus
1907 3417 2211 3456 reseremus
2231 3418 2246 3467 ;
2269 3410 2535 3470 quatenus
2556 3404 2675 3457 illos
2698 3404 2893 3460 lavacri
2922 3407 3171 3464 salutaris
3193 3410 3367 3467 imber

1778 3487 1807 3525 ἀ
1837 3490 2120 3544 illuminet.
2160 3489 2416 3545 Clausum
2457 3492 2601 3545 enim
2630 3492 2735 3547 illis
2770 3502 2855 3550 est
2881 3496 3097 3562 emtum,
3128 3500 3365 3567 quandiu

1780 3581 2015 3635 nondum
2046 3581 2114 3636 de
2153 3583 2291 3636 cmlo
2333 3581 2566 3651 Spiritus
2590 3593 2807 3639 sanctus
2834 3585 3144 3657 adveniens,
3175 3604 3363 3644 eorum

1779 3670 1943 3726 corda
1974 3671 2139 3741 466
2179 3668 2412 3725 viviﬁcat
2444 3690 2456 3724 :
2489 3673 2788 3727 siccitatem
2830 3675 3229 3744 quodammodo
3264 3695 3365 3748 pa-

1780 3762 2004 3825 tiuntur,
2036 3761 2161 3832 quia
2192 3761 2426 3816 nondum
2456 3763 2627 3829 gratia
2673 3762 3013 3833 baptismatis
3050 3767 3360 3835 irrigantur.

1782 3852 2052 3907 Laborant
2072 3854 2235 3907 etiam
2259 3851 2399 3908 fame
2427 3867 2637 3921 magna,
2668 3855 2923 3923 quoniam
2944 3857 3091 3911 velut
3118 3859 3365 3914 esurien-

1780 3951 1880 4008 tes,
1912 3943 2151 3997 coelestia
2180 3950 2517 3998 sacramenta
2537 3942 2862 3998 desiderant.
2892 3945 3215 4004 Reseremus
3233 3964 3364 4019 ergo

1780 4034 1884 4088 illis
1912 4035 2127 4097 caelum,
2158 4043 2218 4089 ut
2258 4034 2577 4089 adveniente
2621 4034 2852 4105 desuper
2893 4038 3117 4108 spiritali
3160 4042 3359 4112 pluvia,

1780 4138 1967 4177 eorum
1999 4133 2138 4178 terra
2180 4124 2377 4178 lavacri
2423 4123 2623 4192 irriguo
2660 4127 2907 4193 satietur,
2946 4138 3000 4185 et
3038 4130 3361 4190 delictorum

1780 4215 2065 4269 sterilitate
2092 4214 2358 4284 deposita,
2402 4216 2660 4285 incipiant
2687 4216 2891 4274 fructus
2919 4223 3221 4288 germinare
3247 4227 3363 4281 vir-

1781 4313 1978 4359 tutum.
2010 4305 2219 4360 Etenim
2261 4307 2492 4361 cmlestis
2529 4308 2701 4363 imber
2744 4310 2871 4364 vitia
2912 4322 3252 4381 pewatorum
3281 4319 3365 4374 di-

1783 4396 1903 4463 luit,
1922 4396 2143 4465 justitiaa
2174 4400 2499 4452 incrementa
2524 4399 2726 4467 pandit,
2755 4400 2958 4456 decutit
2991 4406 3197 4461 aridum
3227 4425 3362 4464 con-

1781 4486 2126 4557 cupiscentia:
2180 4488 2475 4557 pulverem,
2524 4487 2755 4544 laetiﬁcat
2802 4492 2985 4546 utilem
3032 4498 3365 4555 castimonia:

79 4598 193 4637 non
238 4581 425 4645 dabat,
479 4595 583 4634 nec
630 4588 775 4633 terra
827 4580 1081 4649 pabulum
1128 4582 1483 4649 germinabat,
1531 4582 1678 4638 Elias
1705 4561 1759 4622 Ῑ)
1786 4578 2096 4647 puritatem,
2138 4579 2319 4632 obruit
2360 4579 2597 4633 avaritiae
2642 4581 2915 4636 sordidam
2964 4584 3165 4653 faecem,
3199 4594 3367 4647 nutrit

76 4680 303 4729 sanctus
325 4672 585 4726 reseravit
610 4671 830 4740 jejuniis
858 4672 967 4726 suis
997 4672 1211 4737 omium,
1242 4681 1438 4728 terram
1469 4677 1675 4729 oratio-

76 4764 241 4816 nibus
271 4760 581 4815 fecundavit
610 4760 698 4831 (ΙΙ
730 4761 859 4833 Reg.
891 4761 1062 4831 xvm).
1093 4761 1239 4816 Illius
1275 4765 1420 4818 enim
1465 4766 1679 4820 siccita-

80 4866 197 4909 tem
226 4853 501 4909 convertit
532 4854 584 4907 in
614 4853 871 4921 pluviam,
903 4853 1061 4922 hujus
1089 4855 1425 4909 sterilitatem
1456 4858 1679 4911 resolvit

78 4948 134 4999 in
170 4952 418 5013 partum;
450 4952 598 4997 tanta
622 4944 765 4997 enim
794 4942 910 5012 ejus
931 4945 1177 5013 precibus
1206 4946 1390 5001 orbem
1414 4956 1677 5002 terrarum

79 5032 341 5087 imbrium
386 5024 610 5099 largitas
658 5032 915 5100 irrigavit,
960 5041 1019 5086 ut
1073 5035 1220 5089 arida
1264 5036 1674 5106 revirescerent,

80 5131 303 5177 mortua
352 5130 718 5193 resurgerem,
766 5121 1456 5191 Ianguenlia'sanarentur.
1490 5126 1557 5179 Et
1604 5129 1678 5182 ita

80 5215 249 5270 rebus
279 5214 493 5269 cunctis
521 5212 747 5268 fontium
770 5216 984 5283 quidam
1014 5224 1222 5269 meatus
1252 5216 1454 5271 infusus
1489 5226 1590 5285 est,
1620 5227 1681 5272 ut

82 5302 467 5374 puriﬁcatione
508 5303 647 5357 facta
677 5317 775 5373 per
802 5305 1040 5374 pluviam
1074 5317 1095 5344 ο
1128 5308 1365 5361 omnium
1404 5318 1679 5362 creatura-

83 5409 207 5447 rum
238 5393 367 5447 vitia
409 5394 735 5462 lavarentur,
765 5404 929 5464 atque
953 5396 1319 5451 inundationis
1349 5400 1490 5453 illius
1516 5400 1681 5454 bene-

162 5534 188 5607 ξ
488 5524 992 5607 git.,‘uiui‘ﬁc.abi‘tur.

160 5604 189 5635 ⁵
394 5593 462 5666 9})
489 5593 765 5666 S._Crucis
790 5597 844 5666 in
873 5595 1009 5658 Jer.,
1043 5605 1357 5666 argueretur.

163 5677 186 5705 ι
216 5663 388 5720 Codd.
422 5662 664 5732 Lugdun.
697 5675 752 5718 et
782 5664 1066 5730 Vallicell.,
1106 5662 1374 5733 omnium;
1403 5666 1670 5723 editiones

334 5757 607 5817 Ριτιοι..
655 5756 845 5821 LVII.

1782 4677 2038 4723 :eternam
2066 4669 2441 4723 miseridordia:
2466 4670 2786 4738 largitatem.
2819 4672 2969 4729 Sicut
2989 4679 3131 4731 enim
3173 4696 3366 4748 snper—

1784 4759 2031 4813 veniente
2059 4757 2185 4812 Elia:
2208 4759 2405 4828 pluvia,
2438 4773 2599 4813 omne
2629 4762 2881 4829 pabulum
2912 4772 3050 4820 terra
3082 4768 3363 4839 produxit;

1782 4853 1856 4906 ita
1899 4859 1953 4905 et
1992 4852 2426 4921 superveniente-
2455 4850 2652 4907 Christi
2696 4853 2931 4922 lavacro,
2962 4872 3179 4914 omnem
3203 4861 3366 4929 justi-

1786 4944 1912 4997 tiam
1940 4942 2115 4995 anima
2145 4941 2483 5009 germinavit.
2514 4940 2583 5019 Et
2618 4942 2759 4996 sicut
2784 4944 2891 4998 illic
2919 4946 3218 5014 pluviarum
3248 4951 3369 5006 fon-

1784 5042 1865 5089 tes
1915 5033 2269 5100 irrigaverunt
2310 5032 2514 5096 orbem,
2545 5040 2606 5085 ut
2642 5034 3043 5089 viviﬁcarentur
3080 5039 3368 5098 herbarum

1784 5125 2106 5180 mortiﬁcata
2132 5124 2242 5192 jam
2266 5124 2473 5178 semina
2498 5140 2513 5177 :
2548 5124 2619 5177 ita
2641 5133 2698 5178 et
2721 5124 2841 5179 fons
2866 5125 3209 5193 baptismatis
3250 5133 3367 5186 irri«

1786 5226 1876 5284 gat
1902 5232 2068 5285 genus
2098 5218 2397 5283 hominum,
2424 5225 2481 5272 ut
2509 5218 2807 5270 animarum
2837 5216 3157 5275 mortiﬁcata
3204 5225 3367 5278 corda

1783 5307 2033 5363 viviﬁcet.
2059 5308 2173 5362 Hoc
2194 5308 2593 5361 observantium
2626 5308 2726 5361 ista
2750 5307 2953 5376 jejunia
2982 5316 3068 5361 est
3098 5313 3371 5375 meritum,

1782 5408 1839 5453 ut
1863 5400 2192 5453 orationibus
2216 5412 2404 5451 eorum
2433 5406 2523 5451 aut
2556 5399 2842 5455 innovatur
2871 5396 3127 5465 mundus,
3156 5417 3249 5455 aut
3278 5400 3371 5453 fra-

1778 5543 1991 5591 omnes,
2019 5528 2193 5580 omnia
2232 5535 2587 5578 creaturarum
2618 5524 2764 5578 vitia.

1849 5596 1873 5635 ἀ
1905 5596 2037 5650 Cod.
2073 5596 2353 5662 Vallicell.,
2385 5593 2546 5647 imber
2575 5594 2802 5649 mundat.

3092 5752 3172 5815 19
