3910 6238
592 344 696 400 5S7

1815 345 1870 396 S.
1913 343 2156 396 MAXIM!
2197 343 2642 400 TAURINENSIS

593 469 703 512 tres
731 457 906 510 denuo
935 465 1304 510 renascantur.
1363 455 1724 510 Rcscrandum
1757 457 1915 523 igitur
1944 474 2162 526 compe-
2193 467 2238 518 Α
2267 463 2400 527 xvr).
2428 460 2539 512 lmo
2571 473 2818 526 rogemus
2849 459 3082 522 Petrum,
3128 470 3184 514 ut
3233 463 3344 528 ipse
3395 463 3549 515 nobis
3597 472 3836 530 tanquam

590 549 822 603 tentibus
851 547 1048 602 nostris
1067 555 1150 601 cst
1187 546 1399 611 cmlum,
1432 548 1682 616 quoniam
1723 548 1897 602 adhuc
1924 549 2158 602 clausum

588 647 669 691 est
697 637 835 706 apud
867 636 1017 701 illos;
1047 636 1282 690 clausum
1325 645 1406 689 est
1449 637 1591 689 enim
1627 636 1820 690 cmlum
1870 637 1990 698 illis,
2024 654 2160 706 quo-

589 731 727 783 niam
750 727 1060 799 mysterium
1085 728 1318 782 nondum
1340 729 1620 795 pervident
1645 727 1937 783 Trinitatis.
1967 727 2160 782 Clauso

585 819 728 870 enim
752 818 850 871 sibi
874 817 1031 881 coelo,
1063 833 1223 885 super
1251 817 1444 871 cmlum
1477 817 1606 884 quid
1634 828 1844 886 agatur,
1868 821 2114 885 ignorant
2142 838 2153 870 :

586 922 686 960 nec
715 906 852 960 scire
881 914 1104 974 possunt
1144 921 1261 975 quce
1284 905 1355 958 sit
1375 905 1492 958 Filii
1519 905 1794 976 Patrisque
1824 907 2115 960 substantia
2143 925 2154 957 :

584 996 686 1048 nisi
740 996 886 1064 prius
947 994 1131 1049 mundi
1187 996 1454 1049 elementa
1509 997 1954 1051 transcenderint.
2008 996 2158 1050 Tunc

583 1089 724 1141 enim
756 1087 953 1156 poterit
993 1087 1113 1155 quis
1149 1086 1424 1141 Trinitatis
1461 1088 1702 1156 aspicere
1735 1087 1913 1142 divina
1957 1096 2157 1157 myste-

583 1182 687 1248 ria,
728 1194 847 1235 eum
892 1181 1058 1235 cmlos
1099 1195 1193 1234 sua
1234 1181 1435 1235 virtute
1476 1181 1723 1234 habuerit
1759 1189 1990 1249 apertos,
2023 1181 2159 1233 sicut

582 1272 774 1328 beatus
806 1270 1109 1340 Stephanus
1133 1279 1336 1342 martyr
1364 1273 1622 1325 resera’vit
1654 1271 1754 1325 sibi
1783 1271 2036 1340 martyrio
2060 1285 2159 1323 suo

583 1364 767 1426 caelos,
800 1348 854 1416 et
881 1370 1111 1415 stantem
1141 1359 1272 1414 vidit
1300 1360 1366 1414 ad
1404 1361 1645 1414 dextram
1682 1359 2035 1421 Salvatorem,
2067 1374 2155 1412 se-

583 1453 815 1506 cundutn
842 1449 987 1518 quod
1019 1450 1134 1519 ipse
1163 1451 1237 1503 ait
1279 1469 1291 1502 :
1334 1448 1470 1504 Ecce
1498 1449 1639 1502 video
1666 1449 1817 1503 caelos
1847 1457 2071 1518 apertos,
2109 1457 2157 1502 et

584 1551 805 1616 stantem
843 1539 1020 1594 Iesum
1065 1540 1133 1592 ad
1180 1541 1417 1593 dextram
1456 1538 1552 1592 Dei
1593 1539 1726 1608 (Act.
1755 1540 1870 1606 vn).
1903 1537 2042 1604 Ergo
2071 1538 2156 1591 cui

583 1631 752 1685 clausi
795 1637 920 1684 sunt
967 1629 1107 1694 cmli,
1161 1628 1424 1697 agendum
1470 1638 1570 1693 est,
1602 1636 1660 1681 ut
1695 1628 2012 1696 aperiantur
2059 1627 2154 1691 illi,

574 1729 849 1788 .quatenus
869 1733 1030 1786 super
1042 1718 1206 1772 cmlos
1225 1717 1494 1771 Christum
1516 1717 1685 1787 possit
1704 1717 1972 1784 aspicere;
1996 1716 2151 1786 467

2269 551 2438 603 bonus
2459 550 2662 617 janitor
2690 551 2846 618 regia:
2874 551 3105 604 cmlestis
3133 553 3359 619 aperiat.
3385 552 3515 616 Quae
3543 561 3720 604 autem
3745 555 3834 605 isu

2266 640 2430 693 clavis
2459 640 2546 701 sit,
2579 640 2886 706 diligentius
2914 641 3269 708 requiramus.
3303 640 3526 693 Clavem
3569 639 3733 706 Petri,
3778 644 3829 691 li-

2264 731 2385 784 dem
2431 731 2654 784 dixerim
2685 729 2847 794 Petri,
2879 746 2975 798 per
3016 746 3177 798 quam
3217 732 3384 785 caios
3413 731 3645 799 aperuit,
3676 747 3826 800 pene-

2264 822 2423 873 travit
2471 821 2674 874 inferna
2722 836 2967 884 securus,
3018 822 3185 874 maria
3239 822 3469 875 calcavit
3524 822 3822 890 intrepidus.

2264 911 2430 964 Tanta
2455 913 2596 965 enim
2629 913 2936 980 apostolica:
2967 910 3085 965 ﬁdei
3115 912 3283 964 virtus
3309 920 3410 972 est,
3447 922 3506 964 ut
3534 921 3729 964 cuncta
3765 912 3826 962 ilgi

2261 1000 2523 1053 elementa
2554 1007 2790 1068 pateant,
2823 1001 2926 1053 hoc
2955 1009 3036 1053 cst
3064 1015 3171 1054 non
3198 1001 3273 1053 illi
3303 1000 3560 1065 angelica:
3589 1001 3825 1053 claudan-

2261 1101 2348 1144 tur
2371 1091 2567 1160 janure,
2598 1107 2705 1143 non
2731 1099 2903 1158 porta:
2932 1091 3256 1158 praevaleant
3285 1090 3447 1160 5.88
3490 1091 3702 1153 tartari,
3732 1102 3826 1140 non

2260 1198 2518 1250 aquarum
2547 1181 2743 1236 ﬂuenta
2773 1182 3071 1235 subsidant.
3115 1181 3221 1235 Ista
3269 1189 3448 1234 autem
3491 1181 3606 1250 ipsa
3654 1181 3821 1240 clavis,

2259 1285 2418 1339 quam
2449 1271 2603 1325 fidem
2633 1271 2877 1332 dicimus.
2909 1271 3186 1324 videamus
3219 1271 3674 1338 quemadmodum
3705 1285 3821 1323 con-

2257 1371 2383 1425 stet,
2412 1369 2465 1416 et
2505 1362 2955 1429 quemadmodum
2998 1361 3221 1416 solidata
3270 1362 3358 1415 sit.
3413 1361 3666 1414 Arbitror
3695 1360 3822 1412 illam

2257 1451 2536 1504 duodecim
2567 1453 2831 1505 artiﬁcum
2856 1451 3170 1518 operatione
3197 1449 3521 1515 conﬂatam;
3552 1450 3821 1503 duodecim

2259 1543 2400 1596 enim
2429 1541 2796 1610 apostolorum
2824 1541 3067 1610 symbolo
3090 1539 3218 1594 ﬁdes
3239 1550 3421 1594 sancta
3443 1552 3706 1607 concepta
3733 1550 3823 1600 est,

2257 1632 2347 1700 qui
2378 1633 2522 1685 velut
2551 1631 2705 1700 periti
2738 1629 2970 1685 artiﬁces
3009 1631 3064 1684 in
3093 1647 3258 1684 unum
3283 1631 3688 1692 convenientes,
3729 1629 3822 1682 cla-

2258 1736 2378 1775 vem
2415 1736 2512 1774 suo
2541 1720 2767 1774 consilio
2793 1718 3182 1773 conﬂaverunt.
3213 1718 3431 1772 Clavem
3477 1720 3620 1772 enim
3651 1732 3821 1788 quam-

583 1824 708 1862 uam
736 1807 974 1876 quandiu
1008 1807 1176 1862 clausi
1205 1813 1329 1859 sunt
1366 1806 1590 1870 homini,
1619 1805 1888 1859 Christmn
1918 1820 2025 1858 non
2055 1821 2152 1874 po-
2186 1821 2227 1878 Β
2255 1810 2378 1863 dam
2408 1809 2579 1877 ipsum
2623 1809 2923 1878 symbolum
2956 1809 3206 1876 dixerim,
3234 1824 3331 1878 per
3355 1810 3501 1877 quod
3532 1818 3822 1863 reserantur

584 1906 690 1951 test
731 1897 910 1950 videre
938 1903 1270 1964 regnantem.
1300 1893 1755 1960 Quemadmodum
1783 1902 1960 1947 autem
1989 1894 2154 1948 clausi

583 1989 702 2042 (ταξιί
743 1975 1013 2055 aperiendi
1054 1993 1178 2039 sunt
1220 1986 1486 2054 inquirere
1525 1993 1757 2053 oportet.
1812 1983 1948 2039 Puto
1977 1993 2151 2038 autem

583 2079 739 2132 aliter
759 2093 852 2131 eos
877 2076 1071 2146 aperiri
1095 2091 1199 2129 non
1229 2090 1402 2144 posse,
1428 2076 1528 2128 nisi
1551 2075 1726 2128 claves
1752 2073 1896 2128 Petri
1925 2075 2153 2143 apostoli

583 2168 983 2236 sumpserimus,
1013 2182 1146 2234 quas
1173 2167 1398 2220 Domino
1439 2166 1699 2234 largiente
1727 2167 1973 2234 suscepit,
2014 2167 2152 2219 sicut

584 2261 696 2329 ipse
724 2259 856 2312 dixit
885 2277 896 2311 :
933 2257 1043 2312 Tibi
1073 2257 1206 2310 dabo
1255 2258 1422 2311 clave:
1457 2259 1604 2328 regni
1647 2257 1889 2310 ctetorum
1933 2257 2147 2324 (Matth.

2256 1901 2454 1956 diaboli
2484 1901 2740 1964 tenebrae,
2767 1908 2825 1954 ut
2855 1901 2944 1954 lux
2973 1900 3169 1954 Christi
3196 1901 3445 1954 adveniat
3481 1919 3493 1951 :
3527 1901 3822 1968 aperiuntur

2256 1991 2594 2045 conscientia:
2615 1990 2795 2043 clausa
2823 1998 3066 2057 peccata,
3089 1997 3147 2042 ut
3165 1990 3384 2057 justitiaa
3410 1988 3654 2056 fulgeant
3676 2002 3821 2055 opera

2258 2077 2556 2133 manifesta.
2590 2077 2754 2145 Igitur
2781 2079 2894 2132 haec
2923 2079 3087 2132 clavis
3116 2078 3443 2132 ostendenda
3478 2085 3562 2131 est
3588 2076 3822 2130 fratribus

2258 2171 2488 2235 nostris,
2534 2177 2592 2222 ut
2628 2178 2682 2222 et
2723 2169 2824 2237 ipsi
2869 2177 3122 2237 tanquam
3161 2170 3405 2237 discipuli
3447 2168 3590 2222 Petri
3635 2169 3820 2222 inferna

2256 2262 2355 2315 sibi
2386 2276 2627 2316 reserare
2655 2271 2710 2315 et
2730 2261 2897 2316 cmlos
2917 2262 3128 2331 aperire
3146 2269 3527 2315 consuescant.

1903 2368 2168 2430 SERMO
2210 2370 2504 2432 XXVIII.

1854 2465 1933 2519 De
1962 2464 2371 2539 Quadragesima
2401 2468 2483 2522 XI
2499 2469 2560 2520 γ.

1988 2575 2374 2632 ΑΒΜΟΝΙΤΙΟ.

651 2673 768 2729 Non
798 2672 978 2735 alium,
1011 2669 1112 2724 nisi
1141 2668 1447 2737 episcopum
1478 2665 1859 2737 Taurinensem
1884 2664 2172 2737 Maximum
2208 2666 2363 2732 hujus
2393 2666 2551 2737 fuisse
2578 2668 2844 2720 sermonis
2885 2676 3177 2730 auctorem,
3212 2681 3241 2718 a
3270 2667 3554 2737 monachis,
3582 2665 3819 2737 Maurinii

584 2747 637 2798 in
667 2743 797 2798 edit.
831 2740 1086 2794 Parisien.
1129 2734 1349 2807 operum
1379 2737 1543 2791 sancti
1571 2735 1838 2807 Ambrosii
1878 2746 2043 2807 serm.‘
2086 2734 2170 2807 18Δ
2195 2735 2628 2807 animadversum
2669 2744 2898 2803 estcum
2929 2737 3191 2807 existylo.
3230 2744 3338 2789 tum
3360 2746 3428 2807 εξ
3458 2735 3582 2807 cod.
3613 2735 3818 2807 Sangal-

584 2814 737 2878 lensi,
767 2811 858 2865 ubi
885 2823 1047 2864 serm.
1093 2803 1427 2878 ﬁj'ejusdem
1473 2806 1644 2878 sancti
1679 2804 1897 2878 Maximi
1926 2819 2035 2873 pra:
2054 2819 2119 2878 se
2147 2803 2250 2858 fert
2285 2820 2501 2878 nomen.
2529 2803 3354 2878 Adjungimus‘codicesSanctae
3372 2804 3565 2878 Crucis
3610 2804 3819 2878 in_Jer_u-

582 2873 751 2936 salem
796 2879 864 2933 90
911 2892 1058 2933 num.
1091 2874 1180 2943 53,
1209 2873 1265 2930 et
1291 2873 1358 2926 99
1403 2891 1549 2929 num.
1579 2874 1669 2941 2‘2,
1720 2883 1773 2929 et
1816 2874 2232 2928 Laurentianum
2263 2891 2297 2928 x
2346 2873 2489 2928 Plut.
2521 2891 2607 2926 xiv
2649 2889 2770 2943 pag.
2803 2873 2926 2938 250,
2971 2875 3024 2927 in
3050 2875 3244 2942 quibus
3269 2875 3452 2928 titulus
3480 2883 3564 2928 est
3599 2893 3614 2926 :
3650 2874 3723 2926 De
3753 2875 3822 2942 je-

583 2951 763 3023 juniis.

583 3063 968 3122 Aucuusuruu.
998 3091 1065 3102 ——
1095 3057 1357 3110 Jc'unium
1396 3072 1503 3109 esse
1543 3055 1698 3109 veluti
1734 3055 2012 3108 secundum
2055 3054 2153 3106 6ο-
2182 3060 2228 3122 ς
2260 3053 2518 3108 Morimur
2545 3068 2674 3122 ergo
2703 3056 2958 3122 peccatis,
2989 3053 3236 3107 videlicet
3271 3067 3366 3121 per
3395 3053 3676 3107 lavacrum
3710 3070 3722 3104 :
3752 3067 3823 3104 re-

644 3135 889 3180 mimmm
929 3128 1110 3180 nrobat
1243 3124 1526 3178 Maximus.
1552 3123 1990 3180 Quemadmodum
2019 3125 2154 3176 enim
2257 3159 2575 3180 nnnnrnmnr
2601 3153 2777 3180 onInna
2803 3145 2922 3180 υίιηη
2943 3158 3038 3180 nar
3061 3143 3308 3180 εηίιιίιιιιηη
3354 3142 3488 3180 cimll
3516 3144 3586 3180 nil
3625 3145 3823 3180 Δηηςιη.

644 3135 889 3205 ριὶεηιαηι
929 3128 1110 3198 probat
1243 3124 1526 3205 Maximus.
1552 3123 1990 3205 Quemadmodum
2019 3125 2154 3176 enim

650 3194 972 3274 peccatorum
1018 3197 1231 3274 macula:
1262 3195 1642 3274 perfpirituatne
1689 3194 1951 3273 lavacrum
1999 3208 2152 3245 mun-

651 3263 858 3333 dantur,
891 3278 938 3321 et
967 3269 1052 3338 qui
1080 3265 1207 3338 illud
1231 3263 1518 3338 suscipiunt
1546 3263 1616 3338 ad
1644 3279 1826 3338 nouam
1867 3265 2026 3315 vitam
2067 3278 2154 3314 re-

652 3333 989 3399 nascunturj
1009 3339 1080 3388 ita
1109 3333 1420 3386 abstinentia
1448 3333 1814 3384 conscientiam
1860 3350 1891 3384 a
1919 3339 2155 3400 peccato-

652 3427 763 3465 rum
785 3408 1021 3462 sordibus
1042 3405 1210 3473 tergit,
1235 3411 1282 3456 et
1308 3402 1510 3468 copiam
1529 3402 1712 3470 gratim
1737 3401 1954 3454 caelestis
1974 3402 2156 3468 imper-

657 3482 796 3533 titur.

651 3595 1037 3652 Testimonium
1074 3591 1318 3661 perhibet
1357 3599 1572 3645 sanctus
1603 3590 1889 3658 Apostolus
1917 3589 1982 3642 de
2024 3604 2151 3657 pro-

581 3690 757 3762 phetis
785 3686 966 3739 dicens
1013 3701 1025 3736 :
1058 3682 1305 3751 Tempore
1333 3679 1631 3750 acceptabili
1661 3681 1900 3733 exaudiri
1925 3690 1988 3741 te,
2026 3688 2073 3732 et
2100 3680 2152 3731 in

581 3784 665 3834 die
691 3777 872 3832 salutis
904 3774 1076 3843 adjuvi
1107 3780 1187 3834 te;
1229 3778 1284 3824 et
1311 3770 1649 3836 subsequitur
1679 3769 1789 3838 ipse
1822 3787 1833 3821 :
1859 3765 1996 3821 Εεεὲ
2019 3783 2152 3820 nunc

581 3883 774 3939 tempus
800 3863 1128 3934 acceptabile,
1160 3878 1273 3914 ecce
1303 3877 1434 3914 nunc
1461 3861 1570 3914 dies
1595 3861 1777 3914 salutis
1821 3859 1873 3927 (I
1901 3859 2018 3926 Cor,
2052 3860 2148 3927 γι).

585 3960 738 4015 Unde
782 3965 837 4010 et
876 3970 975 4023 ego
1021 3953 1274 4008 testiﬁcor
1313 3953 1482 4014 vobis,
1524 3953 1622 4006 hos
1651 3967 1769 4006 esse
1798 3953 1912 4005 dies
1941 3952 2150 4005 redem-

582 4048 802 4120 ptionis,
836 4046 937 4099 hoc
965 4052 1045 4097 est
1074 4051 1282 4111 tempus
1319 4041 1552 4095 cmleslis
1597 4042 1996 4110 quodammodo
2034 4058 2146 4094 me-

579 4143 785 4202 dicinm,
818 4153 924 4206 quo
975 4146 1213 4204 tempore
1258 4135 1492 4188 omnium
1542 4135 1795 4188 vitiorum
1841 4143 2147 4188 nostrorum

580 4236 756 4287 labem
795 4239 848 4284 et
885 4230 1128 4284 universa
1162 4228 1381 4280 vulnera
1413 4235 1752 4296 peccatorum
1778 4242 1967 4280 sanare
1994 4235 2148 4294 pote-

578 4327 766 4388 rimus,
823 4324 868 4376 si
916 4320 1176 4374 medicum
1233 4319 1528 4371 animarum
1580 4326 1882 4371 nostrarum
1923 4314 2151 4370 ﬁdeliter

2256 3159 2575 3212 generamur
2600 3153 2778 3198 autem
2803 3145 2922 3198 vitae
2943 3158 3038 3212 per
3061 3143 3330 3211 spiritum,
3354 3142 3495 3195 sicut
3512 3144 3594 3196 ait
3617 3145 3823 3211 Aposto-

2261 3235 2341 3286 lus
2373 3252 2384 3285 :
2412 3231 2671 3296 Quoniam
2700 3235 2888 3287 mortui
2925 3234 3045 3285 eatis
3073 3232 3269 3284 delictis
3296 3234 3493 3294 vestris,
3528 3241 3578 3284 et
3612 3236 3716 3286 vita
3755 3249 3825 3284 νεα

2257 3334 2366 3375 atra
2413 3322 2711 3374 abscondita
2750 3330 2823 3374 est
2865 3331 2889 3356 ἰ
2933 3337 3045 3373 cum
3092 3319 3294 3373 Christo
3338 3319 3471 3387 (Col.
3505 3322 3609 3387 ιιι).
3646 3322 3823 3374 Conse-

2253 3413 2383 3482 pulti
2423 3414 2560 3464 enim
2599 3413 2719 3464 estis
2749 3428 2864 3464 cum
2905 3411 2996 3464 illo
3039 3428 3128 3479 per
3169 3411 3477 3480 baptismum
3523 3413 3578 3464 in
3624 3421 3826 3465 mortem

2258 3502 2432 3573 (Rom.
2460 3501 2554 3570 vi).
2586 3501 2889 3555 Occidimur
2917 3501 3059 3554 enim
3087 3498 3508 3568 quodammodo,
3540 3516 3664 3553 cum
3697 3499 3822 3552 desi-

2256 3596 2430 3647 nimus
2459 3608 2574 3646 esse
2618 3592 2762 3660 quod
2799 3589 3012 3644 fuimus.
3044 3590 3190 3643 Novo
3220 3591 3360 3643 enim
3394 3591 3615 3658 pietatis
3643 3604 3823 3658 genere

2256 3687 2305 3737 in
2351 3701 2458 3739 uno
2497 3684 2793 3750 eodemque
2840 3683 3055 3735 homine
3105 3697 3250 3736 mors
3301 3694 3562 3749 operatur
3609 3691 3664 3735 et
3707 3683 3820 3732 vita.

2255 3772 2512 3826 Morimur
2540 3772 2680 3825 enim
2712 3771 2736 3808 δ
2768 3771 3200 3840 concupiscentia
3249 3779 3626 3840 peccatorum,
3665 3767 3796 3822 vivift

2253 3871 2406 3917 catur
2435 3861 2566 3917 ordo
2588 3863 2864 3916 virtutum.
2894 3860 2950 3914 In
2982 3876 3088 3915 uno
3118 3872 3139 3897 ε
3167 3875 3397 3927 namque
3426 3860 3727 3928 eodemque
3747 3859 3819 3910 ho-

2253 3953 2395 4005 mine
2421 3953 2632 4020 impius,
2675 3960 2729 4004 et
2759 3951 2966 4004 adulter
2993 3951 3272 4013 occiditur,
3307 3959 3361 4002 ut
3394 3950 3704 4003 misericors
3742 3963 3816 4000 re—

2253 4052 2501 4095 nascatur
2531 4051 2584 4095 et
2618 4050 2816 4094 castus.
2842 4040 3164 4093 lnterimitur
3195 4039 3519 4103 idololatria,
3550 4048 3608 4090 ut
3644 4037 3817 4103 religio

2253 4140 2594 4201 propagetur.
2614 4131 2926 4184 Fornicator
2941 4138 2994 4184 et
3009 4130 3186 4184 ebrius
3202 4129 3584 4194 exstinguitur,
3603 4137 3659 4180 ut
3673 4126 3816 4180 conti-

2251 4236 2384 4274 nens
2413 4229 2467 4273 ct
2508 4219 2720 4273 sobrius
2765 4227 3094 4289 procreetur.
3133 4215 3223 4270 Sic
3251 4230 3380 4283 ergo
3408 4215 3699 4269 mortiﬁcat
3727 4213 3816 4266 Do-

2251 4316 2448 4381 minus,
2479 4324 2536 4369 ut
2565 4314 2833 4370 viviﬁcare
2874 4316 3032 4370 faciat
3062 4332 3077 4370 :
3107 4315 3183 4369 sic
3212 4315 3428 4378 occidit,
3459 4324 3517 4367 ut
3545 4316 3731 4384 prosit,
3751 4314 3814 4364 sic

580 4429 884 4478 exoremus,
915 4418 971 4465 et
990 4416 1254 4479 praecepta
1283 4407 1397 4474 ejus
1427 4415 1678 4474 tanquam
1709 4407 1944 4474 suscepti
1973 4406 2147 4459 idonei
2183 4410 2224 4465 υ
2252 4406 2523 4468 verberat,
2553 4412 2609 4456 ut
2639 4404 2907 4458 emendet.
2954 4402 3077 4457 Hcce
3106 4411 3187 4457 est
3216 4403 3377 4471 igitur
3417 4404 3558 4458 circa
3592 4405 3814 4457 homines

581 4504 801 4558 minime
828 4501 1215 4568 dispernamus.
1249 4495 1398 4549 Tunc
1424 4497 1563 4550 enim
1588 4495 1864 4562 languidus
1888 4494 2150 4561 :cgritutli-

581 4595 662 4647 nis
685 4607 793 4646 sua:
818 4589 1016 4642 invenit
1045 4587 1388 4654 medicinam,
1407 4587 1452 4640 si
1476 4587 1620 4640 onmi
1645 4586 2001 4640 sollicitudine
2029 4601 2144 4638 me-

581 4688 685 4742 dici
729 4684 977 4738 mandata
1007 4679 1300 4733 servaverit
1328 4696 1340 4730 :
1387 4677 1529 4746 quod
1557 4678 1601 4730 si
1641 4677 1781 4730 aliud
1813 4676 1991 4740 faciat,
2025 4691 2144 4730 cum

579 4772 722 4827 aliud
757 4771 990 4839 jubetur,
1022 4768 1349 4821 increscente
1379 4767 1585 4830 morbo,
1618 4782 1723 4819 non
1769 4765 2021 4828 medicus,
2055 4766 2147 4818 sed

581 4861 958 4930 praevaricator
985 4857 1038 4909 in
1068 4856 1220 4924 culpa
1244 4863 1346 4908 est.
1377 4853 1610 4908 Medicus
1635 4863 1811 4908 autem
1855 4861 1935 4907 est
1963 4853 2144 4906 Domi-

579 4968 678 5006 nus
727 4957 908 5002 noster
934 4945 1087 5000 Jesus
1115 4944 1380 5011 Christus,
1406 4945 1496 5012 qui
1521 4945 1596 4996 ait
1629 4962 1640 4996 :
1676 4943 1788 5014 Ego
1819 4944 2069 5010 occidam,
2101 4955 2149 4997 et

576 5037 840 5109 riviﬁcabo
858 5055 873 5103 ,°
893 5037 1195 5105 percutiant,
1223 5043 1268 5088 et
1297 5033 1490 5087 sonabo
1515 5035 1690 5101 (Deut.
1724 5036 1911 5102 xxx").
1936 5032 2144 5088 Occidit

581 5130 722 5182 enim
752 5125 1147 5196 quodammodo
1176 5134 1459 5190 antequam
1489 5121 1718 5176 viviﬁcet
1745 5125 2014 5177 Dominus.
2043 5121 2144 5178 0c-

581 5220 710 5274 cidit
752 5216 896 5271 enim
943 5215 1174 5282 primum
1214 5214 1264 5264 in
1313 5213 1462 5266 nobis
1505 5212 1818 5278 homicidia,
1863 5212 2143 5267 adulteria.

577 5307 803 5366 scelera,
843 5303 985 5357 furta
1035 5317 1128 5371 per
1175 5301 1514 5370 baptismum,
1549 5310 1604 5355 et
1640 5303 1718 5355 sic
1757 5316 1854 5355 nos
1892 5310 2145 5369 tanquam

577 5417 745 5458 novos
798 5400 1039 5452 homines
1089 5395 1403 5450 mternitatis
1452 5394 1853 5448 immortalitate
1891 5393 2144 5448 viviﬁcat.

645 5571 669 5597 ι
711 5561 844 5614 Cod.
871 5559 938 5612 90
976 5557 1032 5612 S.
1065 5555 1254 5612 Crucis
1293 5556 1346 5609 in
1389 5552 1670 5609 Jer..addit
1700 5570 1812 5606 cum
1842 5552 2045 5607 Christo
2093 5556 2146 5606 in

576 5631 833 5756 Dﬁmtllgii.
859 5699 925 5752 99
955 5701 1010 5755 S.
1037 5697 1221 5753 Crucis
1253 5697 1304 5749 in
1344 5691 1452 5747 Jer.
1488 5693 1614 5760 legit
1637 5693 1925 5760 viviﬁcatur
1955 5679 2143 5744 concu-

2255 4509 2382 4548 suos
2403 4494 2519 4562 ejus
2548 4502 2657 4547 tota
2681 4495 2960 4559 severitas,
2982 4501 3042 4547 ut
3064 4493 3115 4546 in
3153 4493 3237 4546 bis
3269 4507 3490 4562 peccata
3521 4495 3807 4562 puniantur.

2252 4586 2426 4637 anima
2440 4585 2604 4655 469
2613 4593 2974 4638 conservetur:
2991 4583 3342 4637 abstollantur
3353 4583 3670 4638 detestanda
3681 4583 3810 4640 vitia,

2248 4675 2472 4727 virtutes
2506 4675 2720 4742 optimm
2760 4673 3078 4727 nutriantur.
3114 4669 3293 4739 Usque
3329 4671 3464 4725 adeo
3513 4665 3690 4726 autem
3727 4670 3809 4722 hac

2249 4765 2336 4833 pia
2367 4761 2393 4800 ά
2423 4764 2690 4836 occisione
2715 4763 2922 4816 Domini
2952 4762 3216 4817 cernimus
3246 4761 3533 4830 plerosque
3555 4775 3671 4816 esse
3698 4774 3808 4813 con-

2251 4869 2455 4920 versos,
2505 4855 2556 4906 in
2601 4862 2806 4907 tantum
2857 4853 2922 4907 ad
2969 4852 3159 4907 melius
3199 4850 3510 4921 profecisse,
3556 4860 3613 4906 et
3650 4851 3721 4906 sic
3751 4848 3806 4899 de

2251 4943 2493 5011 pessimis
2521 4944 2750 5011 optimos
2785 4943 2972 5002 factos,
3015 4950 3073 4994 ut
3113 4957 3234 4994 cum
3277 4941 3457 4996 videas
3494 4956 3613 5005 eos,
3641 4940 3804 4994 credas

2252 5041 2482 5086 mutatos
2511 5033 2773 5096 homines,
2805 5048 2922 5086 cum
2961 5048 3066 5084 non
3096 5029 3277 5083 videas
3301 5038 3535 5085 mutatas
3554 5044 3670 5084 esse
3697 5041 3801 5096 per-

2252 5140 2431 5179 sonas.
2465 5125 2730 5178 lntantum
2762 5125 2902 5177 enim
2935 5125 2988 5176 in
3028 5122 3206 5187 nobis,
3235 5119 3379 5191 quod
3407 5120 3556 5189 prius
3591 5133 3795 5174 eramus

2254 5217 2593 5279 interimitur,
2622 5216 2878 5279 aufertur,
2906 5215 3276 5281 exstinguitur,
3306 5221 3363 5264 ut
3392 5211 3443 5265 id
3463 5209 3612 5278 quod
3641 5219 3801 5278 poetea

2252 5323 2454 5371 sumus,
2482 5306 2656 5361 denuo
2693 5316 2935 5359 renatum
2965 5320 3082 5359 esse
3109 5303 3385 5358 credamus
3419 5319 3428 5352 :
3464 5301 3606 5354 unde
3633 5297 3800 5352 nativi-

2255 5404 2337 5449 tas
2376 5397 2486 5449 hmc
2524 5396 2750 5450 secunda
2777 5397 2971 5464 prioris
2998 5396 3116 5447 vita:
3147 5391 3305 5446 ﬁnem
3331 5391 3442 5459 jam
3470 5391 3632 5446 fuisse
3660 5387 3799 5455 signi-

2249 5555 2498 5622 piscentia
2529 5555 2896 5607 desideriorum
2923 5563 3240 5622 sanctorum.

2325 5635 2344 5659 ο
2379 5623 2509 5676 Cod.
2545 5623 2611 5675 90
2636 5623 2691 5675 S.
2727 5622 2910 5676 Crucis
2937 5624 2988 5676 in
3017 5621 3126 5676 Jer.
3152 5622 3350 5675 omittit
3371 5638 3610 5689 uanique.

2321 5689 2346 5728 ἀ
2382 5690 2612 5758 Uterque
2641 5691 2760 5746 cod.
2793 5691 2846 5745 S.
2879 5689 3066 5745 Crucis
3095 5692 3145 5744 in
3173 5689 3304 5756 Jer.,
3335 5691 3628 5745 occatione.
