  <div class='ocr_page' id='page_1' title='image "/cluster/home/n/w/nwhite01/storage/ocr_20150623/57/uva.x000827099/298.png"; bbox 0 0 3910 6238; ppageno 0'>
   <div class='ocr_carea' id='block_1_1' title="bbox 86 364 183 421">
    <p class='ocr_par' dir='ltr' id='par_1_1' title="bbox 86 364 183 421">
     <span class='ocr_line' id='line_1_1' title="bbox 86 364 183 421; baseline 0 0"><span class='ocrx_word' id='word_1_1' title='bbox 86 364 183 421; x_wconf 81' lang='lat'><strong>589</strong></span> 
     </span>
    </p>
   </div>
   <div class='ocr_carea' id='block_1_2' title="bbox 1474 351 1926 414">
    <p class='ocr_par' dir='ltr' id='par_1_2' title="bbox 1474 351 1926 414">
     <span class='ocr_line' id='line_1_2' title="bbox 1474 351 1926 414; baseline -0.011 0"><span class='ocrx_word' id='word_1_2' title='bbox 1474 358 1703 414; x_wconf 76' lang='lat' dir='ltr'><strong>SERMO</strong></span> <span class='ocrx_word' id='word_1_3' title='bbox 1743 351 1926 410; x_wconf 71' lang='lat' dir='ltr'><strong>XXIX.</strong></span> 
     </span>
    </p>
   </div>
   <div class='ocr_carea' id='block_1_3' title="bbox 3237 352 3343 407">
    <p class='ocr_par' dir='ltr' id='par_1_3' title="bbox 3237 352 3343 407">
     <span class='ocr_line' id='line_1_3' title="bbox 3237 352 3343 407; baseline 0.019 -2"><span class='ocrx_word' id='word_1_4' title='bbox 3237 352 3343 407; x_wconf 71' lang='lat'><strong>500</strong></span> 
     </span>
    </p>
   </div>
   <div class='ocr_carea' id='block_1_4' title="bbox 84 464 3339 555">
    <p class='ocr_par' dir='ltr' id='par_1_4' title="bbox 84 464 3339 555">
     <span class='ocr_line' id='line_1_4' title="bbox 84 464 3339 555; baseline -0.004 -19"><span class='ocrx_word' id='word_1_5' title='bbox 84 486 215 538; x_wconf 77' lang='lat' dir='ltr'><strong>fleat.</strong></span> <span class='ocrx_word' id='word_1_6' title='bbox 240 482 398 549; x_wconf 84' lang='lat' dir='ltr'><strong>Quod</strong></span> <span class='ocrx_word' id='word_1_7' title='bbox 424 494 609 540; x_wconf 87' lang='lat' dir='ltr'><strong>autem</strong></span> <span class='ocrx_word' id='word_1_8' title='bbox 638 486 713 538; x_wconf 91' lang='lat' dir='ltr'><strong>ait</strong></span> <span class='ocrx_word' id='word_1_9' title='bbox 744 502 755 535; x_wconf 88' lang='lat'><strong>:</strong></span> <span class='ocrx_word' id='word_1_10' title='bbox 784 468 893 555; x_wconf 69' lang='lat' dir='ltr'><strong>Ego</strong></span> <span class='ocrx_word' id='word_1_11' title='bbox 919 482 1199 553; x_wconf 75' lang='lat' dir='ltr'><strong>percutiam</strong></span> <span class='ocrx_word' id='word_1_12' title='bbox 1228 488 1275 533; x_wconf 86' lang='lat' dir='ltr'><strong>et</strong></span> <span class='ocrx_word' id='word_1_13' title='bbox 1300 476 1493 533; x_wconf 79' lang='lat' dir='ltr'><strong>sonabo</strong></span> <span class='ocrx_word' id='word_1_14' title='bbox 1520 480 1655 544; x_wconf 77' lang='lat' dir='ltr'><strong>(Art.</strong></span> <span class='ocrx_word' id='word_1_15' title='bbox 1691 480 1736 535; x_wconf 79' lang='grc' dir='ltr'><strong>Α</strong></span> <span class='ocrx_word' id='word_1_16' title='bbox 1764 474 1997 530; x_wconf 83' lang='lat' dir='ltr'><strong>indolem</strong></span> <span class='ocrx_word' id='word_1_17' title='bbox 2022 470 2315 541; x_wconf 70' lang='lat' dir='ltr'><strong>iuventutis</strong></span> <span class='ocrx_word' id='word_1_18' title='bbox 2342 470 2604 539; x_wconf 75' lang='lat' dir='ltr'><strong>acquirat.</strong></span> <span class='ocrx_word' id='word_1_19' title='bbox 2632 464 2702 522; x_wconf 80' lang='lat' dir='ltr'><strong>Et</strong></span> <span class='ocrx_word' id='word_1_20' title='bbox 2726 468 2917 523; x_wconf 88' lang='lat' dir='ltr'><strong>mirum</strong></span> <span class='ocrx_word' id='word_1_21' title='bbox 2946 466 2999 522; x_wconf 92' lang='lat' dir='ltr'><strong>in</strong></span> <span class='ocrx_word' id='word_1_22' title='bbox 3035 465 3267 522; x_wconf 73' lang='lat' dir='ltr'><strong>modum“</strong></span> <span class='ocrx_word' id='word_1_23' title='bbox 3288 472 3339 524; x_wconf 91' lang='lat' dir='ltr'><strong>in</strong></span> 
     </span>
    </p>
   </div>
   <div class='ocr_carea' id='block_1_5' title="bbox 84 568 1659 644">
    <p class='ocr_par' dir='ltr' id='par_1_5' title="bbox 84 568 1659 644">
     <span class='ocr_line' id='line_1_5' title="bbox 84 568 1659 644; baseline -0.004 -17"><span class='ocrx_word' id='word_1_24' title='bbox 84 576 175 643; x_wconf 74' lang='lat' dir='ltr'><strong>Ix).</strong></span> <span class='ocrx_word' id='word_1_25' title='bbox 201 577 443 644; x_wconf 85' lang='lat' dir='ltr'><strong>percutit</strong></span> <span class='ocrx_word' id='word_1_26' title='bbox 469 576 629 644; x_wconf 83' lang='lat' dir='ltr'><strong>plane</strong></span> <span class='ocrx_word' id='word_1_27' title='bbox 653 568 930 643; x_wconf 72' lang='lat' dir='ltr'><strong>prmccptis</strong></span> <span class='ocrx_word' id='word_1_28' title='bbox 956 574 1066 627; x_wconf 86' lang='lat' dir='ltr'><strong>suis</strong></span> <span class='ocrx_word' id='word_1_29' title='bbox 1104 571 1362 625; x_wconf 76' lang='lat' dir='ltr'><strong>Dominus</strong></span> <span class='ocrx_word' id='word_1_30' title='bbox 1404 576 1659 638; x_wconf 80' lang='lat' dir='ltr'><strong>peccato-</strong></span> 
     </span>
    </p>
   </div>
   <div class='ocr_carea' id='block_1_6' title="bbox 84 658 1659 729">
    <p class='ocr_par' dir='ltr' id='par_1_6' title="bbox 84 658 1659 729">
     <span class='ocr_line' id='line_1_6' title="bbox 84 658 1659 729; baseline -0.006 -10"><span class='ocrx_word' id='word_1_31' title='bbox 84 681 164 721; x_wconf 79' lang='lat' dir='ltr'><strong>res</strong></span> <span class='ocrx_word' id='word_1_32' title='bbox 188 676 244 719; x_wconf 93' lang='lat' dir='ltr'><strong>ut</strong></span> <span class='ocrx_word' id='word_1_33' title='bbox 269 675 461 729; x_wconf 87' lang='lat' dir='ltr'><strong>sanet;</strong></span> <span class='ocrx_word' id='word_1_34' title='bbox 490 665 754 720; x_wconf 75' lang='lat' dir='ltr'><strong>mandatis</strong></span> <span class='ocrx_word' id='word_1_35' title='bbox 796 665 1041 717; x_wconf 75' lang='lat' dir='ltr'><strong>verberat</strong></span> <span class='ocrx_word' id='word_1_36' title='bbox 1073 674 1132 715; x_wconf 89' lang='lat' dir='ltr'><strong>ut</strong></span> <span class='ocrx_word' id='word_1_37' title='bbox 1161 662 1436 724; x_wconf 79' lang='lat' dir='ltr'><strong>emendet;</strong></span> <span class='ocrx_word' id='word_1_38' title='bbox 1458 658 1659 727; x_wconf 88' lang='lat' dir='ltr'><strong>jejunia</strong></span> 
     </span>
    </p>
   </div>
   <div class='ocr_carea' id='block_1_7' title="bbox 83 749 1654 826">
    <p class='ocr_par' dir='ltr' id='par_1_7' title="bbox 83 749 1654 826">
     <span class='ocr_line' id='line_1_7' title="bbox 83 749 1654 826; baseline -0.007 -16"><span class='ocrx_word' id='word_1_39' title='bbox 83 757 334 826; x_wconf 65' lang='lat' dir='ltr'><strong>pnu&#39;jpit,</strong></span> <span class='ocrx_word' id='word_1_40' title='bbox 366 756 558 810; x_wconf 82' lang='lat' dir='ltr'><strong>indicit</strong></span> <span class='ocrx_word' id='word_1_41' title='bbox 584 754 983 813; x_wconf 88' lang='lat' dir='ltr'><strong>continentiam,</strong></span> <span class='ocrx_word' id='word_1_42' title='bbox 1002 751 1258 821; x_wconf 83' lang='lat' dir='ltr'><strong>judicium</strong></span> <span class='ocrx_word' id='word_1_43' title='bbox 1281 749 1654 809; x_wconf 78' lang='lat' dir='ltr'><strong>comminatur,</strong></span> 
     </span>
    </p>
   </div>
   <div class='ocr_carea' id='block_1_8' title="bbox 83 838 1661 911">
    <p class='ocr_par' dir='ltr' id='par_1_8' title="bbox 83 838 1661 911">
     <span class='ocr_line' id='line_1_8' title="bbox 83 838 1661 911; baseline -0.005 -15"><span class='ocrx_word' id='word_1_44' title='bbox 83 854 133 897; x_wconf 87' lang='lat' dir='ltr'><strong>et</strong></span> <span class='ocrx_word' id='word_1_45' title='bbox 161 846 365 898; x_wconf 83' lang='lat' dir='ltr'><strong>tristem</strong></span> <span class='ocrx_word' id='word_1_46' title='bbox 396 845 656 911; x_wconf 68' lang='lat' dir='ltr'><strong>gehennae</strong></span> <span class='ocrx_word' id='word_1_47' title='bbox 683 854 882 896; x_wconf 90' lang='lat' dir='ltr'><strong>metum</strong></span> <span class='ocrx_word' id='word_1_48' title='bbox 914 852 938 878; x_wconf 76' lang='grc' dir='ltr'><strong>ιι</strong></span> <span class='ocrx_word' id='word_1_49' title='bbox 970 841 1250 895; x_wconf 77' lang='lat' dir='ltr'><strong>excutiens</strong></span> <span class='ocrx_word' id='word_1_50' title='bbox 1292 838 1510 891; x_wconf 80' lang='lat' dir='ltr'><strong>adhibet</strong></span> <span class='ocrx_word' id='word_1_51' title='bbox 1549 851 1661 888; x_wconf 90' lang='lat' dir='ltr'><strong>me-</strong></span> 
     </span>
    </p>
   </div>
   <div class='ocr_carea' id='block_1_9' title="bbox 82 927 1659 999">
    <p class='ocr_par' dir='ltr' id='par_1_9' title="bbox 82 927 1659 999">
     <span class='ocr_line' id='line_1_9' title="bbox 82 927 1659 999; baseline -0.004 -14"><span class='ocrx_word' id='word_1_52' title='bbox 82 933 322 997; x_wconf 86' lang='lat' dir='ltr'><strong>dicinam,</strong></span> <span class='ocrx_word' id='word_1_53' title='bbox 377 942 439 987; x_wconf 89' lang='lat' dir='ltr'><strong>ut</strong></span> <span class='ocrx_word' id='word_1_54' title='bbox 484 934 611 985; x_wconf 88' lang='lat' dir='ltr'><strong>dum</strong></span> <span class='ocrx_word' id='word_1_55' title='bbox 666 932 836 985; x_wconf 77' lang='lat' dir='ltr'><strong>futura</strong></span> <span class='ocrx_word' id='word_1_56' title='bbox 886 931 1329 999; x_wconf 79' lang='lat' dir='ltr'><strong>pertimescimus,</strong></span> <span class='ocrx_word' id='word_1_57' title='bbox 1375 927 1659 997; x_wconf 68' lang='lat' dir='ltr'><strong>prmsentia</strong></span> 
     </span>
    </p>
   </div>
   <div class='ocr_carea' id='block_1_10' title="bbox 82 1020 1660 1090">
    <p class='ocr_par' dir='ltr' id='par_1_10' title="bbox 82 1020 1660 1090">
     <span class='ocr_line' id='line_1_10' title="bbox 82 1020 1660 1090; baseline -0.004 -15"><span class='ocrx_word' id='word_1_58' title='bbox 82 1026 431 1089; x_wconf 76' lang='lat' dir='ltr'><strong>corrigamus.</strong></span> <span class='ocrx_word' id='word_1_59' title='bbox 481 1024 571 1077; x_wconf 85' lang='lat' dir='ltr'><strong>Sic</strong></span> <span class='ocrx_word' id='word_1_60' title='bbox 616 1038 843 1090; x_wconf 89' lang='lat' dir='ltr'><strong>namque</strong></span> <span class='ocrx_word' id='word_1_61' title='bbox 880 1021 1101 1074; x_wconf 84' lang='lat' dir='ltr'><strong>Paulum</strong></span> <span class='ocrx_word' id='word_1_62' title='bbox 1141 1020 1442 1088; x_wconf 81' lang='lat' dir='ltr'><strong>apostolum</strong></span> <span class='ocrx_word' id='word_1_63' title='bbox 1468 1032 1660 1085; x_wconf 86' lang='lat' dir='ltr'><strong>percu-</strong></span> 
     </span>
    </p>
   </div>
   <div class='ocr_carea' id='block_1_11' title="bbox 82 1110 1661 1177">
    <p class='ocr_par' dir='ltr' id='par_1_11' title="bbox 82 1110 1661 1177">
     <span class='ocr_line' id='line_1_11' title="bbox 82 1110 1661 1177; baseline -0.004 -11"><span class='ocrx_word' id='word_1_64' title='bbox 82 1114 256 1167; x_wconf 87' lang='lat' dir='ltr'><strong>tiendo</strong></span> <span class='ocrx_word' id='word_1_65' title='bbox 282 1128 479 1166; x_wconf 81' lang='lat' dir='ltr'><strong>sanum</strong></span> <span class='ocrx_word' id='word_1_66' title='bbox 520 1112 763 1165; x_wconf 88' lang='lat' dir='ltr'><strong>reddidit.</strong></span> <span class='ocrx_word' id='word_1_67' title='bbox 807 1110 936 1165; x_wconf 88' lang='lat' dir='ltr'><strong>Cum</strong></span> <span class='ocrx_word' id='word_1_68' title='bbox 985 1111 1127 1164; x_wconf 90' lang='lat' dir='ltr'><strong>enim</strong></span> <span class='ocrx_word' id='word_1_69' title='bbox 1170 1117 1313 1163; x_wconf 84' lang='lat' dir='ltr'><strong>esset</strong></span> <span class='ocrx_word' id='word_1_70' title='bbox 1351 1115 1661 1177; x_wconf 88' lang='lat' dir='ltr'><strong>persecutor</strong></span> 
     </span>
    </p>
   </div>
   <div class='ocr_carea' id='block_1_12' title="bbox 83 1196 1659 1272">
    <p class='ocr_par' dir='ltr' id='par_1_12' title="bbox 83 1196 1659 1272">
     <span class='ocr_line' id='line_1_12' title="bbox 83 1196 1659 1272; baseline -0.003 -18"><span class='ocrx_word' id='word_1_71' title='bbox 83 1203 271 1270; x_wconf 90' lang='lat' dir='ltr'><strong>impius</strong></span> <span class='ocrx_word' id='word_1_72' title='bbox 298 1213 354 1257; x_wconf 90' lang='lat' dir='ltr'><strong>et</strong></span> <span class='ocrx_word' id='word_1_73' title='bbox 384 1204 749 1272; x_wconf 88' lang='lat' dir='ltr'><strong>blasphemus,</strong></span> <span class='ocrx_word' id='word_1_74' title='bbox 773 1211 827 1256; x_wconf 88' lang='lat' dir='ltr'><strong>et</strong></span> <span class='ocrx_word' id='word_1_75' title='bbox 853 1200 1065 1271; x_wconf 85' lang='lat' dir='ltr'><strong>quidem</strong></span> <span class='ocrx_word' id='word_1_76' title='bbox 1090 1199 1158 1252; x_wconf 87' lang='lat' dir='ltr'><strong>ad</strong></span> <span class='ocrx_word' id='word_1_77' title='bbox 1187 1198 1538 1253; x_wconf 85' lang='lat' dir='ltr'><strong>devastandas</strong></span> <span class='ocrx_word' id='word_1_78' title='bbox 1561 1196 1659 1250; x_wconf 74' lang='lat' dir='ltr'><strong>Ec-</strong></span> 
     </span>
    </p>
   </div>
   <div class='ocr_carea' id='block_1_13' title="bbox 81 1286 1660 1362">
    <p class='ocr_par' dir='ltr' id='par_1_13' title="bbox 81 1286 1660 1362">
     <span class='ocr_line' id='line_1_13' title="bbox 81 1286 1660 1362; baseline -0.004 -15"><span class='ocrx_word' id='word_1_79' title='bbox 81 1294 264 1348; x_wconf 83' lang='lat' dir='ltr'><strong>clesias</strong></span> <span class='ocrx_word' id='word_1_80' title='bbox 291 1292 615 1348; x_wconf 79' lang='lat' dir='ltr'><strong>Damascum</strong></span> <span class='ocrx_word' id='word_1_81' title='bbox 636 1299 965 1362; x_wconf 86' lang='lat' dir='ltr'><strong>properaret,</strong></span> <span class='ocrx_word' id='word_1_82' title='bbox 989 1290 1165 1344; x_wconf 87' lang='lat' dir='ltr'><strong>subito</strong></span> <span class='ocrx_word' id='word_1_83' title='bbox 1190 1286 1407 1355; x_wconf 75' lang='lat' dir='ltr'><strong>fulgoris</strong></span> <span class='ocrx_word' id='word_1_84' title='bbox 1426 1286 1660 1341; x_wconf 66' lang='lat' dir='ltr'><strong>caelestia</strong></span> 
     </span>
    </p>
   </div>
   <div class='ocr_carea' id='block_1_14' title="bbox 83 1376 1656 1451">
    <p class='ocr_par' dir='ltr' id='par_1_14' title="bbox 83 1376 1656 1451">
     <span class='ocr_line' id='line_1_14' title="bbox 83 1376 1656 1451; baseline -0.004 -17"><span class='ocrx_word' id='word_1_85' title='bbox 83 1399 198 1436; x_wconf 88' lang='lat' dir='ltr'><strong>eum</strong></span> <span class='ocrx_word' id='word_1_86' title='bbox 228 1393 443 1437; x_wconf 87' lang='lat' dir='ltr'><strong>terrore</strong></span> <span class='ocrx_word' id='word_1_87' title='bbox 469 1382 753 1451; x_wconf 84' lang='lat' dir='ltr'><strong>percussit,</strong></span> <span class='ocrx_word' id='word_1_88' title='bbox 793 1388 851 1434; x_wconf 91' lang='lat' dir='ltr'><strong>ut</strong></span> <span class='ocrx_word' id='word_1_89' title='bbox 890 1378 1182 1446; x_wconf 80' lang='lat' dir='ltr'><strong>evangelici</strong></span> <span class='ocrx_word' id='word_1_90' title='bbox 1209 1376 1507 1445; x_wconf 81' lang='lat' dir='ltr'><strong>splendoris</strong></span> <span class='ocrx_word' id='word_1_91' title='bbox 1533 1389 1656 1428; x_wconf 85' lang='lat' dir='ltr'><strong>eum</strong></span> 
     </span>
    </p>
   </div>
   <div class='ocr_carea' id='block_1_15' title="bbox 84 1465 1656 1538">
    <p class='ocr_par' dir='ltr' id='par_1_15' title="bbox 84 1465 1656 1538">
     <span class='ocr_line' id='line_1_15' title="bbox 84 1465 1656 1538; baseline -0.004 -17"><span class='ocrx_word' id='word_1_92' title='bbox 84 1470 193 1524; x_wconf 88' lang='lat' dir='ltr'><strong>luce</strong></span> <span class='ocrx_word' id='word_1_93' title='bbox 219 1469 569 1538; x_wconf 81' lang='lat' dir='ltr'><strong>perfunderet</strong></span> <span class='ocrx_word' id='word_1_94' title='bbox 601 1486 615 1521; x_wconf 85' lang='lat'><strong>:</strong></span> <span class='ocrx_word' id='word_1_95' title='bbox 648 1478 702 1523; x_wconf 89' lang='lat' dir='ltr'><strong>et</strong></span> <span class='ocrx_word' id='word_1_96' title='bbox 736 1467 1048 1523; x_wconf 88' lang='lat' dir='ltr'><strong>carnalium.</strong></span> <span class='ocrx_word' id='word_1_97' title='bbox 1073 1467 1328 1520; x_wconf 88' lang='lat' dir='ltr'><strong>luminum</strong></span> <span class='ocrx_word' id='word_1_98' title='bbox 1372 1465 1656 1518; x_wconf 79' lang='lat' dir='ltr'><strong>orbitatem</strong></span> 
     </span>
    </p>
   </div>
   <div class='ocr_carea' id='block_1_16' title="bbox 82 1554 1657 1628">
    <p class='ocr_par' dir='ltr' id='par_1_16' title="bbox 82 1554 1657 1628">
     <span class='ocr_line' id='line_1_16' title="bbox 82 1554 1657 1628; baseline -0.004 -17"><span class='ocrx_word' id='word_1_99' title='bbox 82 1559 320 1621; x_wconf 82' lang='lat' dir='ltr'><strong>mutavit,</strong></span> <span class='ocrx_word' id='word_1_100' title='bbox 354 1568 417 1612; x_wconf 91' lang='lat' dir='ltr'><strong>ut</strong></span> <span class='ocrx_word' id='word_1_101' title='bbox 442 1558 795 1628; x_wconf 85' lang='lat' dir='ltr'><strong>spiritualium</strong></span> <span class='ocrx_word' id='word_1_102' title='bbox 826 1557 1104 1611; x_wconf 89' lang='lat' dir='ltr'><strong>oculorum</strong></span> <span class='ocrx_word' id='word_1_103' title='bbox 1137 1554 1459 1609; x_wconf 90' lang='lat' dir='ltr'><strong>illuminaret</strong></span> <span class='ocrx_word' id='word_1_104' title='bbox 1499 1567 1657 1620; x_wconf 86' lang='lat' dir='ltr'><strong>aspe-</strong></span> 
     </span>
    </p>
   </div>
   <div class='ocr_carea' id='block_1_17' title="bbox 81 1641 1658 1717">
    <p class='ocr_par' dir='ltr' id='par_1_17' title="bbox 81 1641 1658 1717">
     <span class='ocr_line' id='line_1_17' title="bbox 81 1641 1658 1717; baseline -0.004 -16"><span class='ocrx_word' id='word_1_105' title='bbox 81 1656 237 1701; x_wconf 85' lang='lat' dir='ltr'><strong>ctum.</strong></span> <span class='ocrx_word' id='word_1_106' title='bbox 282 1647 547 1717; x_wconf 81' lang='lat' dir='ltr'><strong>Corporis</strong></span> <span class='ocrx_word' id='word_1_107' title='bbox 591 1648 733 1702; x_wconf 90' lang='lat' dir='ltr'><strong>enim</strong></span> <span class='ocrx_word' id='word_1_108' title='bbox 768 1647 1042 1701; x_wconf 79' lang='lat' dir='ltr'><strong>debilitate</strong></span> <span class='ocrx_word' id='word_1_109' title='bbox 1090 1645 1394 1713; x_wconf 84' lang='lat' dir='ltr'><strong>perterruit,</strong></span> <span class='ocrx_word' id='word_1_110' title='bbox 1436 1652 1493 1697; x_wconf 90' lang='lat' dir='ltr'><strong>ut</strong></span> <span class='ocrx_word' id='word_1_111' title='bbox 1538 1641 1658 1696; x_wconf 76' lang='lat' dir='ltr'><strong>fidei</strong></span> 
     </span>
    </p>
   </div>
   <div class='ocr_carea' id='block_1_18' title="bbox 82 1730 1655 1808">
    <p class='ocr_par' dir='ltr' id='par_1_18' title="bbox 82 1730 1655 1808">
     <span class='ocr_line' id='line_1_18' title="bbox 82 1730 1655 1808; baseline -0.003 -17"><span class='ocrx_word' id='word_1_112' title='bbox 82 1738 361 1793; x_wconf 81' lang='lat' dir='ltr'><strong>devotione</strong></span> <span class='ocrx_word' id='word_1_113' title='bbox 391 1737 419 1776; x_wconf 70' lang='grc' dir='ltr'><strong>ιι</strong></span> <span class='ocrx_word' id='word_1_114' title='bbox 450 1738 699 1794; x_wconf 83' lang='lat' dir='ltr'><strong>salvaret.</strong></span> <span class='ocrx_word' id='word_1_115' title='bbox 744 1736 981 1808; x_wconf 84' lang='lat' dir='ltr'><strong>Surgens</strong></span> <span class='ocrx_word' id='word_1_116' title='bbox 1022 1750 1151 1803; x_wconf 88' lang='lat' dir='ltr'><strong>ergo</strong></span> <span class='ocrx_word' id='word_1_117' title='bbox 1189 1752 1219 1790; x_wconf 91' lang='lat' dir='ltr'><strong>a</strong></span> <span class='ocrx_word' id='word_1_118' title='bbox 1262 1745 1403 1791; x_wconf 89' lang='lat' dir='ltr'><strong>terra</strong></span> <span class='ocrx_word' id='word_1_119' title='bbox 1442 1730 1655 1797; x_wconf 80' lang='lat' dir='ltr'><strong>Paulus,</strong></span> 
     </span>
    </p>
   </div>
   <div class='ocr_carea' id='block_1_19' title="bbox 1760 559 3341 633">
    <p class='ocr_par' dir='ltr' id='par_1_19' title="bbox 1760 559 3341 633">
     <span class='ocr_line' id='line_1_19' title="bbox 1760 559 3341 633; baseline -0.003 -14"><span class='ocrx_word' id='word_1_120' title='bbox 1760 582 1869 631; x_wconf 87' lang='lat' dir='ltr'><strong>uno</strong></span> <span class='ocrx_word' id='word_1_121' title='bbox 1915 565 2212 633; x_wconf 84' lang='lat' dir='ltr'><strong>eodemque</strong></span> <span class='ocrx_word' id='word_1_122' title='bbox 2248 562 2467 616; x_wconf 84' lang='lat' dir='ltr'><strong>homine</strong></span> <span class='ocrx_word' id='word_1_123' title='bbox 2510 561 2721 615; x_wconf 82' lang='lat' dir='ltr'><strong>delictis</strong></span> <span class='ocrx_word' id='word_1_124' title='bbox 2758 560 3041 624; x_wconf 83' lang='lat' dir='ltr'><strong>sanctitas,</strong></span> <span class='ocrx_word' id='word_1_125' title='bbox 3071 559 3341 627; x_wconf 76' lang='lat' dir='ltr'><strong>iniquitati</strong></span> 
     </span>
    </p>
   </div>
   <div class='ocr_carea' id='block_1_20' title="bbox 1755 638 3340 724">
    <p class='ocr_par' dir='ltr' id='par_1_20' title="bbox 1755 638 3340 724">
     <span class='ocr_line' id='line_1_20' title="bbox 1755 638 3340 724; baseline -0.004 -15"><span class='ocrx_word' id='word_1_126' title='bbox 1755 638 1980 724; x_wconf 68' lang='lat' dir='ltr'><strong>iustitia,</strong></span> <span class='ocrx_word' id='word_1_127' title='bbox 2010 654 2273 710; x_wconf 79' lang='lat' dir='ltr'><strong>senectuti</strong></span> <span class='ocrx_word' id='word_1_128' title='bbox 2300 652 2537 707; x_wconf 81' lang='lat' dir='ltr'><strong>succedit</strong></span> <span class='ocrx_word' id='word_1_129' title='bbox 2566 652 2783 705; x_wconf 81' lang='lat' dir='ltr'><strong>infantia</strong></span> <span class='ocrx_word' id='word_1_130' title='bbox 2814 669 2826 704; x_wconf 89' lang='lat'><strong>:</strong></span> <span class='ocrx_word' id='word_1_131' title='bbox 2860 666 3107 717; x_wconf 83' lang='lat' dir='ltr'><strong>novoque</strong></span> <span class='ocrx_word' id='word_1_132' title='bbox 3140 652 3340 704; x_wconf 80' lang='lat' dir='ltr'><strong>nativi-</strong></span> 
     </span>
    </p>
   </div>
   <div class='ocr_carea' id='block_1_21' title="bbox 1761 741 3339 813">
    <p class='ocr_par' dir='ltr' id='par_1_21' title="bbox 1761 741 3339 813">
     <span class='ocr_line' id='line_1_21' title="bbox 1761 741 3339 813; baseline -0.003 -14"><span class='ocrx_word' id='word_1_133' title='bbox 1761 747 1883 799; x_wconf 85' lang='lat' dir='ltr'><strong>tatis</strong></span> <span class='ocrx_word' id='word_1_134' title='bbox 1904 760 2099 813; x_wconf 89' lang='lat' dir='ltr'><strong>genere</strong></span> <span class='ocrx_word' id='word_1_135' title='bbox 2125 746 2261 798; x_wconf 89' lang='lat' dir='ltr'><strong>alter</strong></span> <span class='ocrx_word' id='word_1_136' title='bbox 2275 751 2362 798; x_wconf 86' lang='lat' dir='ltr'><strong>est</strong></span> <span class='ocrx_word' id='word_1_137' title='bbox 2388 744 2476 810; x_wconf 88' lang='lat' dir='ltr'><strong>qui</strong></span> <span class='ocrx_word' id='word_1_138' title='bbox 2509 743 2822 803; x_wconf 83' lang='lat' dir='ltr'><strong>renascitur,</strong></span> <span class='ocrx_word' id='word_1_139' title='bbox 2855 756 2973 794; x_wconf 87' lang='lat' dir='ltr'><strong>cum</strong></span> <span class='ocrx_word' id='word_1_140' title='bbox 3001 742 3112 807; x_wconf 88' lang='lat' dir='ltr'><strong>ipse</strong></span> <span class='ocrx_word' id='word_1_141' title='bbox 3143 741 3213 795; x_wconf 90' lang='lat' dir='ltr'><strong>sit</strong></span> <span class='ocrx_word' id='word_1_142' title='bbox 3244 741 3339 810; x_wconf 86' lang='lat' dir='ltr'><strong>qui</strong></span> 
     </span>
    </p>
   </div>
   <div class='ocr_carea' id='block_1_22' title="bbox 1758 831 3341 903">
    <p class='ocr_par' dir='ltr' id='par_1_22' title="bbox 1758 831 3341 903">
     <span class='ocr_line' id='line_1_22' title="bbox 1758 831 3341 903; baseline -0.003 -14"><span class='ocrx_word' id='word_1_143' title='bbox 1758 834 2019 903; x_wconf 85' lang='lat' dir='ltr'><strong>peccavit.</strong></span> <span class='ocrx_word' id='word_1_144' title='bbox 2067 834 2157 887; x_wconf 89' lang='lat' dir='ltr'><strong>Sic</strong></span> <span class='ocrx_word' id='word_1_145' title='bbox 2196 847 2425 900; x_wconf 85' lang='lat' dir='ltr'><strong>namque</strong></span> <span class='ocrx_word' id='word_1_146' title='bbox 2467 831 2612 885; x_wconf 85' lang='lat' dir='ltr'><strong>Elias</strong></span> <span class='ocrx_word' id='word_1_147' title='bbox 2649 831 3000 899; x_wconf 79' lang='lat' dir='ltr'><strong>quadraginta</strong></span> <span class='ocrx_word' id='word_1_148' title='bbox 3038 831 3242 883; x_wconf 88' lang='lat' dir='ltr'><strong>dierum</strong></span> <span class='ocrx_word' id='word_1_149' title='bbox 3275 846 3341 885; x_wconf 85' lang='lat' dir='ltr'><strong>ac</strong></span> 
     </span>
    </p>
   </div>
   <div class='ocr_carea' id='block_1_23' title="bbox 1758 921 3337 988">
    <p class='ocr_par' dir='ltr' id='par_1_23' title="bbox 1758 921 3337 988">
     <span class='ocr_line' id='line_1_23' title="bbox 1758 921 3337 988; baseline -0.003 -10"><span class='ocrx_word' id='word_1_150' title='bbox 1758 925 1994 977; x_wconf 88' lang='lat' dir='ltr'><strong>noctium</strong></span> <span class='ocrx_word' id='word_1_151' title='bbox 2022 924 2289 977; x_wconf 86' lang='lat' dir='ltr'><strong>curriculo</strong></span> <span class='ocrx_word' id='word_1_152' title='bbox 2334 922 2647 975; x_wconf 90' lang='lat' dir='ltr'><strong>continuato</strong></span> <span class='ocrx_word' id='word_1_153' title='bbox 2689 921 2913 988; x_wconf 84' lang='lat' dir='ltr'><strong>jejunio,</strong></span> <span class='ocrx_word' id='word_1_154' title='bbox 2946 922 3111 975; x_wconf 86' lang='lat' dir='ltr'><strong>totius</strong></span> <span class='ocrx_word' id='word_1_155' title='bbox 3150 921 3337 973; x_wconf 88' lang='lat' dir='ltr'><strong>mundi</strong></span> 
     </span>
    </p>
   </div>
   <div class='ocr_carea' id='block_1_24' title="bbox 1759 1011 3339 1083">
    <p class='ocr_par' dir='ltr' id='par_1_24' title="bbox 1759 1011 3339 1083">
     <span class='ocr_line' id='line_1_24' title="bbox 1759 1011 3339 1083; baseline -0.001 -17"><span class='ocrx_word' id='word_1_156' title='bbox 1759 1014 1971 1083; x_wconf 80' lang='lat' dir='ltr'><strong>longam</strong></span> <span class='ocrx_word' id='word_1_157' title='bbox 2009 1029 2073 1067; x_wconf 88' lang='lat' dir='ltr'><strong>ac</strong></span> <span class='ocrx_word' id='word_1_158' title='bbox 2109 1013 2325 1065; x_wconf 86' lang='lat' dir='ltr'><strong>nimiam</strong></span> <span class='ocrx_word' id='word_1_159' title='bbox 2369 1012 2663 1067; x_wconf 86' lang='lat' dir='ltr'><strong>siccitatem</strong></span> <span class='ocrx_word' id='word_1_160' title='bbox 2705 1013 2893 1064; x_wconf 85' lang='lat' dir='ltr'><strong>meruit</strong></span> <span class='ocrx_word' id='word_1_161' title='bbox 2937 1011 3183 1064; x_wconf 89' lang='lat' dir='ltr'><strong>imbrium</strong></span> <span class='ocrx_word' id='word_1_162' title='bbox 3215 1026 3339 1064; x_wconf 86' lang='lat' dir='ltr'><strong>rore</strong></span> 
     </span>
    </p>
   </div>
   <div class='ocr_carea' id='block_1_25' title="bbox 1757 1099 3337 1170">
    <p class='ocr_par' dir='ltr' id='par_1_25' title="bbox 1757 1099 3337 1170">
     <span class='ocr_line' id='line_1_25' title="bbox 1757 1099 3337 1170; baseline -0.003 -13"><span class='ocrx_word' id='word_1_163' title='bbox 1757 1105 2106 1170; x_wconf 82' lang='lat' dir='ltr'><strong>restinguere,</strong></span> <span class='ocrx_word' id='word_1_164' title='bbox 2136 1112 2191 1155; x_wconf 87' lang='lat' dir='ltr'><strong>et</strong></span> <span class='ocrx_word' id='word_1_165' title='bbox 2216 1109 2457 1156; x_wconf 82' lang='lat' dir='ltr'><strong>arentem</strong></span> <span class='ocrx_word' id='word_1_166' title='bbox 2489 1109 2749 1159; x_wconf 87' lang='lat' dir='ltr'><strong>terrarum</strong></span> <span class='ocrx_word' id='word_1_167' title='bbox 2778 1102 2919 1155; x_wconf 86' lang='lat' dir='ltr'><strong>sitim</strong></span> <span class='ocrx_word' id='word_1_168' title='bbox 2953 1102 3185 1156; x_wconf 75' lang='lat' dir='ltr'><strong>cmlestis</strong></span> <span class='ocrx_word' id='word_1_169' title='bbox 3214 1099 3337 1169; x_wconf 85' lang='lat' dir='ltr'><strong>plu-</strong></span> 
     </span>
    </p>
   </div>
   <div class='ocr_carea' id='block_1_26' title="bbox 1758 1189 3337 1261">
    <p class='ocr_par' dir='ltr' id='par_1_26' title="bbox 1758 1189 3337 1261">
     <span class='ocr_line' id='line_1_26' title="bbox 1758 1189 3337 1261; baseline -0.003 -14"><span class='ocrx_word' id='word_1_170' title='bbox 1758 1195 1857 1248; x_wconf 75' lang='lat' dir='ltr'><strong>vim</strong></span> <span class='ocrx_word' id='word_1_171' title='bbox 1874 1194 2117 1260; x_wconf 76' lang='lat' dir='ltr'><strong>largitate</strong></span> <span class='ocrx_word' id='word_1_172' title='bbox 2141 1192 2503 1261; x_wconf 66' lang='lat' dir='ltr'><strong>perfundere:</strong></span> <span class='ocrx_word' id='word_1_173' title='bbox 2525 1191 2543 1261; x_wconf 83' lang='lat'>(</span> <span class='ocrx_word' id='word_1_174' title='bbox 2557 1190 2611 1244; x_wconf 82' lang='grc'><strong>11</strong></span> <span class='ocrx_word' id='word_1_175' title='bbox 2618 1190 2645 1243; x_wconf 91' lang='lat' dir='ltr'><strong><em>I</em></strong></span> <span class='ocrx_word' id='word_1_176' title='bbox 2664 1190 2793 1261; x_wconf 81' lang='lat' dir='ltr'><strong>Reg.</strong></span> <span class='ocrx_word' id='word_1_177' title='bbox 2816 1190 2891 1257; x_wconf 78' lang='lat' dir='ltr'><strong>ut)</strong></span> <span class='ocrx_word' id='word_1_178' title='bbox 2919 1208 2931 1241; x_wconf 92' lang='lat'><strong>:</strong></span> <span class='ocrx_word' id='word_1_179' title='bbox 2960 1189 3100 1259; x_wconf 82' lang='lat' dir='ltr'><strong>quod</strong></span> <span class='ocrx_word' id='word_1_180' title='bbox 3119 1190 3337 1258; x_wconf 89' lang='lat' dir='ltr'><strong>quidem</strong></span> 
     </span>
    </p>
   </div>
   <div class='ocr_carea' id='block_1_27' title="bbox 1758 1274 3340 1351">
    <p class='ocr_par' dir='ltr' id='par_1_27' title="bbox 1758 1274 3340 1351">
     <span class='ocr_line' id='line_1_27' title="bbox 1758 1274 3340 1351; baseline 0 -14"><span class='ocrx_word' id='word_1_181' title='bbox 1758 1284 1812 1337; x_wconf 87' lang='lat' dir='ltr'><strong>in</strong></span> <span class='ocrx_word' id='word_1_182' title='bbox 1841 1274 2062 1351; x_wconf 70' lang='lat' dir='ltr'><strong>ﬁguram</strong></span> <span class='ocrx_word' id='word_1_183' title='bbox 2101 1283 2267 1337; x_wconf 84' lang='lat' dir='ltr'><strong>nostri</strong></span> <span class='ocrx_word' id='word_1_184' title='bbox 2312 1282 2510 1338; x_wconf 79' lang='lat' dir='ltr'><strong>factum</strong></span> <span class='ocrx_word' id='word_1_185' title='bbox 2558 1296 2676 1336; x_wconf 82' lang='lat' dir='ltr'><strong>esse</strong></span> <span class='ocrx_word' id='word_1_186' title='bbox 2717 1282 3111 1348; x_wconf 82' lang='lat' dir='ltr'><strong>cognoscimus,</strong></span> <span class='ocrx_word' id='word_1_187' title='bbox 3146 1291 3200 1333; x_wconf 91' lang='lat' dir='ltr'><strong>ut</strong></span> <span class='ocrx_word' id='word_1_188' title='bbox 3238 1296 3340 1337; x_wconf 72' lang='lat' dir='ltr'><strong>nos</strong></span> 
     </span>
    </p>
   </div>
   <div class='ocr_carea' id='block_1_28' title="bbox 1758 1370 3339 1442">
    <p class='ocr_par' dir='ltr' id='par_1_28' title="bbox 1758 1370 3339 1442">
     <span class='ocr_line' id='line_1_28' title="bbox 1758 1370 3339 1442; baseline -0.002 -15"><span class='ocrx_word' id='word_1_189' title='bbox 1758 1388 1969 1442; x_wconf 83' lang='lat' dir='ltr'><strong>quoque</strong></span> <span class='ocrx_word' id='word_1_190' title='bbox 1998 1374 2187 1427; x_wconf 86' lang='lat' dir='ltr'><strong>borum</strong></span> <span class='ocrx_word' id='word_1_191' title='bbox 2218 1372 2565 1440; x_wconf 67' lang='lat' dir='ltr'><strong>quadraginta</strong></span> <span class='ocrx_word' id='word_1_192' title='bbox 2602 1370 2628 1407; x_wconf 61' lang='lat' dir='ltr'><strong>lt</strong></span> <span class='ocrx_word' id='word_1_193' title='bbox 2658 1372 2857 1426; x_wconf 88' lang='lat' dir='ltr'><strong>circulo</strong></span> <span class='ocrx_word' id='word_1_194' title='bbox 2884 1372 3089 1425; x_wconf 90' lang='lat' dir='ltr'><strong>dierum</strong></span> <span class='ocrx_word' id='word_1_195' title='bbox 3116 1372 3339 1440; x_wconf 74' lang='lat' dir='ltr'><strong>Spirita«</strong></span> 
     </span>
    </p>
   </div>
   <div class='ocr_carea' id='block_1_29' title="bbox 1758 1464 3340 1534">
    <p class='ocr_par' dir='ltr' id='par_1_29' title="bbox 1758 1464 3340 1534">
     <span class='ocr_line' id='line_1_29' title="bbox 1758 1464 3340 1534; baseline -0.001 -16"><span class='ocrx_word' id='word_1_196' title='bbox 1758 1464 1863 1519; x_wconf 86' lang='lat' dir='ltr'><strong>lem</strong></span> <span class='ocrx_word' id='word_1_197' title='bbox 1911 1464 2250 1534; x_wconf 74' lang='lat' dir='ltr'><strong>baptismatis</strong></span> <span class='ocrx_word' id='word_1_198' title='bbox 2294 1464 2527 1533; x_wconf 80' lang='lat' dir='ltr'><strong>pluviam</strong></span> <span class='ocrx_word' id='word_1_199' title='bbox 2573 1479 2908 1527; x_wconf 83' lang='lat' dir='ltr'><strong>mereamur,</strong></span> <span class='ocrx_word' id='word_1_200' title='bbox 2956 1469 3014 1516; x_wconf 86' lang='lat' dir='ltr'><strong>ut</strong></span> <span class='ocrx_word' id='word_1_201' title='bbox 3068 1470 3122 1515; x_wconf 86' lang='lat' dir='ltr'><strong>et</strong></span> <span class='ocrx_word' id='word_1_202' title='bbox 3178 1464 3340 1517; x_wconf 81' lang='lat' dir='ltr'><strong>totius</strong></span> 
     </span>
    </p>
   </div>
   <div class='ocr_carea' id='block_1_30' title="bbox 1758 1553 3339 1621">
    <p class='ocr_par' dir='ltr' id='par_1_30' title="bbox 1758 1553 3339 1621">
     <span class='ocr_line' id='line_1_30' title="bbox 1758 1553 3339 1621; baseline -0.003 -11"><span class='ocrx_word' id='word_1_203' title='bbox 1758 1553 1940 1610; x_wconf 78' lang='lat' dir='ltr'><strong>mundi</strong></span> <span class='ocrx_word' id='word_1_204' title='bbox 1985 1554 2039 1608; x_wconf 89' lang='lat' dir='ltr'><strong>in</strong></span> <span class='ocrx_word' id='word_1_205' title='bbox 2084 1554 2337 1607; x_wconf 80' lang='lat' dir='ltr'><strong>fratribus</strong></span> <span class='ocrx_word' id='word_1_206' title='bbox 2390 1554 2585 1609; x_wconf 85' lang='lat' dir='ltr'><strong>nostris</strong></span> <span class='ocrx_word' id='word_1_207' title='bbox 2630 1554 2834 1621; x_wconf 83' lang='lat' dir='ltr'><strong>jamdiu</strong></span> <span class='ocrx_word' id='word_1_208' title='bbox 2883 1553 3085 1609; x_wconf 84' lang='lat' dir='ltr'><strong>aridam</strong></span> <span class='ocrx_word' id='word_1_209' title='bbox 3141 1564 3339 1606; x_wconf 87' lang='lat' dir='ltr'><strong>terram</strong></span> 
     </span>
    </p>
   </div>
   <div class='ocr_carea' id='block_1_31' title="bbox 1762 1643 3339 1716">
    <p class='ocr_par' dir='ltr' id='par_1_31' title="bbox 1762 1643 3339 1716">
     <span class='ocr_line' id='line_1_31' title="bbox 1762 1643 3339 1716; baseline -0.003 -15"><span class='ocrx_word' id='word_1_210' title='bbox 1762 1644 1782 1683; x_wconf 74' lang='grc'>³</span> <span class='ocrx_word' id='word_1_211' title='bbox 1816 1646 2047 1702; x_wconf 60' lang='lat' dir='ltr'><strong>caelestis</strong></span> <span class='ocrx_word' id='word_1_212' title='bbox 2083 1645 2313 1715; x_wconf 84' lang='lat' dir='ltr'><strong>desuper</strong></span> <span class='ocrx_word' id='word_1_213' title='bbox 2339 1645 2511 1699; x_wconf 84' lang='lat' dir='ltr'><strong>imber</strong></span> <span class='ocrx_word' id='word_1_214' title='bbox 2546 1643 2806 1716; x_wconf 80' lang='lat' dir='ltr'><strong>infundat,</strong></span> <span class='ocrx_word' id='word_1_215' title='bbox 2839 1651 2892 1699; x_wconf 85' lang='lat' dir='ltr'><strong>et</strong></span> <span class='ocrx_word' id='word_1_216' title='bbox 2919 1645 3133 1711; x_wconf 79' lang='lat' dir='ltr'><strong>longam</strong></span> <span class='ocrx_word' id='word_1_217' title='bbox 3163 1646 3339 1712; x_wconf 84' lang='lat' dir='ltr'><strong>genti-</strong></span> 
     </span>
    </p>
   </div>
   <div class='ocr_carea' id='block_1_32' title="bbox 1758 1714 3338 1799">
    <p class='ocr_par' dir='ltr' id='par_1_32' title="bbox 1758 1714 3338 1799">
     <span class='ocr_line' id='line_1_32' title="bbox 1758 1714 3338 1799; baseline -0.001 -10"><span class='ocrx_word' id='word_1_218' title='bbox 1758 1735 1887 1789; x_wconf 83' lang='lat' dir='ltr'><strong>lium</strong></span> <span class='ocrx_word' id='word_1_219' title='bbox 1916 1714 2439 1790; x_wconf 13' lang='lat' dir='ltr'><strong>siccitatemilavacri</strong></span> <span class='ocrx_word' id='word_1_220' title='bbox 2480 1714 2764 1789; x_wconf 53' lang='lat' dir='ltr'><strong>inundatio.</strong></span> <span class='ocrx_word' id='word_1_221' title='bbox 2785 1728 2805 1784; x_wconf 76' lang='grc' dir='ltr'><strong>ι</strong></span> <span class='ocrx_word' id='word_1_222' title='bbox 2830 1734 3086 1799; x_wconf 76' lang='lat' dir='ltr'><strong>salutaris</strong></span> <span class='ocrx_word' id='word_1_223' title='bbox 3125 1734 3338 1788; x_wconf 72' lang='lat' dir='ltr'><strong>irrorat.</strong></span> 
     </span>
    </p>
   </div>
   <div class='ocr_carea' id='block_1_33' title="bbox 82 1824 3340 1897">
    <p class='ocr_par' dir='ltr' id='par_1_33' title="bbox 82 1824 3340 1897">
     <span class='ocr_line' id='line_1_33' title="bbox 82 1824 3340 1897; baseline 0 -18"><span class='ocrx_word' id='word_1_224' title='bbox 82 1828 439 1882; x_wconf 76' lang='lat' dir='ltr'><strong>exterioribus</strong></span> <span class='ocrx_word' id='word_1_225' title='bbox 462 1828 677 1897; x_wconf 88' lang='lat' dir='ltr'><strong>quidem</strong></span> <span class='ocrx_word' id='word_1_226' title='bbox 697 1827 869 1883; x_wconf 83' lang='lat' dir='ltr'><strong>oeulis</strong></span> <span class='ocrx_word' id='word_1_227' title='bbox 894 1843 999 1881; x_wconf 91' lang='lat' dir='ltr'><strong>non</strong></span> <span class='ocrx_word' id='word_1_228' title='bbox 1021 1826 1238 1881; x_wconf 84' lang='lat' dir='ltr'><strong>videbat</strong></span> <span class='ocrx_word' id='word_1_229' title='bbox 1257 1827 1522 1889; x_wconf 79' lang='lat' dir='ltr'><strong>homines,</strong></span> <span class='ocrx_word' id='word_1_230' title='bbox 1551 1839 1659 1879; x_wconf 91' lang='lat' dir='ltr'><strong>non</strong></span> <span class='ocrx_word' id='word_1_231' title='bbox 1692 1824 1737 1881; x_wconf 77' lang='grc' dir='ltr'><strong>Β</strong></span> <span class='ocrx_word' id='word_1_232' title='bbox 1761 1826 2065 1882; x_wconf 87' lang='lat' dir='ltr'><strong>Siccitatem</strong></span> <span class='ocrx_word' id='word_1_233' title='bbox 2095 1827 2237 1881; x_wconf 87' lang='lat' dir='ltr'><strong>enim</strong></span> <span class='ocrx_word' id='word_1_234' title='bbox 2263 1834 2317 1879; x_wconf 86' lang='lat' dir='ltr'><strong>et</strong></span> <span class='ocrx_word' id='word_1_235' title='bbox 2342 1826 2590 1880; x_wconf 76' lang='lat' dir='ltr'><strong>ardorem</strong></span> <span class='ocrx_word' id='word_1_236' title='bbox 2617 1826 2808 1879; x_wconf 73' lang='lat' dir='ltr'><strong>animm</strong></span> <span class='ocrx_word' id='word_1_237' title='bbox 2832 1840 2944 1880; x_wconf 68' lang='lat' dir='ltr'><strong>sua:</strong></span> <span class='ocrx_word' id='word_1_238' title='bbox 2968 1826 3171 1894; x_wconf 83' lang='lat' dir='ltr'><strong>patitur</strong></span> <span class='ocrx_word' id='word_1_239' title='bbox 3190 1826 3340 1894; x_wconf 72' lang='lat' dir='ltr'><strong>quis-</strong></span> 
     </span>
    </p>
   </div>
   <div class='ocr_carea' id='block_1_34' title="bbox 85 1913 1663 1983">
    <p class='ocr_par' dir='ltr' id='par_1_34' title="bbox 85 1913 1663 1983">
     <span class='ocr_line' id='line_1_34' title="bbox 85 1913 1663 1983; baseline -0.001 -14"><span class='ocrx_word' id='word_1_240' title='bbox 85 1931 276 1983; x_wconf 83' lang='lat' dir='ltr'><strong>aerem,</strong></span> <span class='ocrx_word' id='word_1_241' title='bbox 308 1917 407 1972; x_wconf 91' lang='lat' dir='ltr'><strong>sed</strong></span> <span class='ocrx_word' id='word_1_242' title='bbox 442 1918 636 1971; x_wconf 90' lang='lat' dir='ltr'><strong>mentis</strong></span> <span class='ocrx_word' id='word_1_243' title='bbox 664 1917 951 1973; x_wconf 84' lang='lat' dir='ltr'><strong>luminibus</strong></span> <span class='ocrx_word' id='word_1_244' title='bbox 978 1916 1251 1972; x_wconf 87' lang='lat' dir='ltr'><strong>Christum</strong></span> <span class='ocrx_word' id='word_1_245' title='bbox 1290 1927 1313 1955; x_wconf 74' lang='grc' dir='ltr'><strong>ο</strong></span> <span class='ocrx_word' id='word_1_246' title='bbox 1355 1914 1569 1970; x_wconf 83' lang='lat' dir='ltr'><strong>videbat</strong></span> <span class='ocrx_word' id='word_1_247' title='bbox 1595 1913 1663 1968; x_wconf 93' lang='lat' dir='ltr'><strong>de</strong></span> 
     </span>
    </p>
   </div>
   <div class='ocr_carea' id='block_1_35' title="bbox 85 2006 1662 2078">
    <p class='ocr_par' dir='ltr' id='par_1_35' title="bbox 85 2006 1662 2078">
     <span class='ocr_line' id='line_1_35' title="bbox 85 2006 1662 2078; baseline -0.001 -17"><span class='ocrx_word' id='word_1_248' title='bbox 85 2008 234 2062; x_wconf 77' lang='lat' dir='ltr'><strong>cmlo.</strong></span> <span class='ocrx_word' id='word_1_249' title='bbox 252 2010 508 2078; x_wconf 79' lang='lat' dir='ltr'><strong>Denique</strong></span> <span class='ocrx_word' id='word_1_250' title='bbox 538 2010 798 2062; x_wconf 88' lang='lat' dir='ltr'><strong>intantum</strong></span> <span class='ocrx_word' id='word_1_251' title='bbox 821 2006 849 2046; x_wconf 68' lang='grc' dir='ltr'>τι</span> <span class='ocrx_word' id='word_1_252' title='bbox 877 2009 927 2064; x_wconf 87' lang='lat' dir='ltr'><strong>ei</strong></span> <span class='ocrx_word' id='word_1_253' title='bbox 953 2009 1153 2078; x_wconf 84' lang='lat' dir='ltr'><strong>proluit</strong></span> <span class='ocrx_word' id='word_1_254' title='bbox 1180 2008 1390 2062; x_wconf 89' lang='lat' dir='ltr'><strong>Domini</strong></span> <span class='ocrx_word' id='word_1_255' title='bbox 1412 2008 1512 2061; x_wconf 84' lang='lat' dir='ltr'><strong>ista</strong></span> <span class='ocrx_word' id='word_1_256' title='bbox 1537 2021 1662 2076; x_wconf 82' lang='lat' dir='ltr'><strong>per-</strong></span> 
     </span>
    </p>
   </div>
   <div class='ocr_carea' id='block_1_36' title="bbox 85 2096 1665 2165">
    <p class='ocr_par' dir='ltr' id='par_1_36' title="bbox 85 2096 1665 2165">
     <span class='ocr_line' id='line_1_36' title="bbox 85 2096 1665 2165; baseline 0 -16"><span class='ocrx_word' id='word_1_257' title='bbox 85 2097 274 2159; x_wconf 81' lang='lat' dir='ltr'><strong>cussio,</strong></span> <span class='ocrx_word' id='word_1_258' title='bbox 296 2107 359 2151; x_wconf 91' lang='lat' dir='ltr'><strong>ut</strong></span> <span class='ocrx_word' id='word_1_259' title='bbox 386 2098 457 2151; x_wconf 93' lang='lat' dir='ltr'><strong>de</strong></span> <span class='ocrx_word' id='word_1_260' title='bbox 486 2096 670 2152; x_wconf 74' lang='lat' dir='ltr'><strong>Judteo</strong></span> <span class='ocrx_word' id='word_1_261' title='bbox 688 2098 1049 2161; x_wconf 82' lang='lat' dir='ltr'><strong>Christianus,</strong></span> <span class='ocrx_word' id='word_1_262' title='bbox 1080 2097 1147 2152; x_wconf 91' lang='lat' dir='ltr'><strong>de</strong></span> <span class='ocrx_word' id='word_1_263' title='bbox 1184 2096 1500 2165; x_wconf 85' lang='lat' dir='ltr'><strong>blaspheme</strong></span> <span class='ocrx_word' id='word_1_264' title='bbox 1529 2111 1665 2165; x_wconf 84' lang='lat' dir='ltr'><strong>apo-</strong></span> 
     </span>
    </p>
   </div>
   <div class='ocr_carea' id='block_1_37' title="bbox 86 2185 1666 2255">
    <p class='ocr_par' dir='ltr' id='par_1_37' title="bbox 86 2185 1666 2255">
     <span class='ocr_line' id='line_1_37' title="bbox 86 2185 1666 2255; baseline 0.001 -18"><span class='ocrx_word' id='word_1_265' title='bbox 86 2187 266 2248; x_wconf 88' lang='lat' dir='ltr'><strong>stolus,</strong></span> <span class='ocrx_word' id='word_1_266' title='bbox 298 2189 367 2241; x_wconf 92' lang='lat' dir='ltr'><strong>de</strong></span> <span class='ocrx_word' id='word_1_267' title='bbox 393 2187 561 2241; x_wconf 88' lang='lat' dir='ltr'><strong>Saulo</strong></span> <span class='ocrx_word' id='word_1_268' title='bbox 591 2185 788 2241; x_wconf 86' lang='lat' dir='ltr'><strong>Paulus</strong></span> <span class='ocrx_word' id='word_1_269' title='bbox 815 2188 1093 2254; x_wconf 84' lang='lat' dir='ltr'><strong>existeret,</strong></span> <span class='ocrx_word' id='word_1_270' title='bbox 1125 2196 1179 2240; x_wconf 88' lang='lat' dir='ltr'><strong>et</strong></span> <span class='ocrx_word' id='word_1_271' title='bbox 1206 2202 1272 2241; x_wconf 90' lang='lat' dir='ltr'><strong>eo</strong></span> <span class='ocrx_word' id='word_1_272' title='bbox 1301 2201 1469 2255; x_wconf 84' lang='lat' dir='ltr'><strong>usque</strong></span> <span class='ocrx_word' id='word_1_273' title='bbox 1498 2194 1666 2239; x_wconf 90' lang='lat' dir='ltr'><strong>muta-</strong></span> 
     </span>
    </p>
   </div>
   <div class='ocr_carea' id='block_1_38' title="bbox 86 2274 1667 2339">
    <p class='ocr_par' dir='ltr' id='par_1_38' title="bbox 86 2274 1667 2339">
     <span class='ocr_line' id='line_1_38' title="bbox 86 2274 1667 2339; baseline 0.001 -13"><span class='ocrx_word' id='word_1_274' title='bbox 86 2275 155 2327; x_wconf 78' lang='lat' dir='ltr'><strong>vit</strong></span> <span class='ocrx_word' id='word_1_275' title='bbox 171 2284 416 2330; x_wconf 78' lang='lat' dir='ltr'><strong>veterem</strong></span> <span class='ocrx_word' id='word_1_276' title='bbox 447 2291 570 2329; x_wconf 90' lang='lat' dir='ltr'><strong>cum</strong></span> <span class='ocrx_word' id='word_1_277' title='bbox 595 2274 833 2331; x_wconf 84' lang='lat' dir='ltr'><strong>moribus</strong></span> <span class='ocrx_word' id='word_1_278' title='bbox 854 2276 1146 2339; x_wconf 83' lang='lat' dir='ltr'><strong>hominem,</strong></span> <span class='ocrx_word' id='word_1_279' title='bbox 1170 2284 1228 2328; x_wconf 90' lang='lat' dir='ltr'><strong>ut</strong></span> <span class='ocrx_word' id='word_1_280' title='bbox 1247 2275 1412 2329; x_wconf 87' lang='lat' dir='ltr'><strong>etiam</strong></span> <span class='ocrx_word' id='word_1_281' title='bbox 1434 2280 1667 2328; x_wconf 80' lang='lat' dir='ltr'><strong>mutaret</strong></span> 
     </span>
    </p>
   </div>
   <div class='ocr_carea' id='block_1_39' title="bbox 87 2362 1665 2433">
    <p class='ocr_par' dir='ltr' id='par_1_39' title="bbox 87 2362 1665 2433">
     <span class='ocr_line' id='line_1_39' title="bbox 87 2362 1665 2433; baseline 0.001 -16"><span class='ocrx_word' id='word_1_282' title='bbox 87 2372 139 2417; x_wconf 81' lang='lat' dir='ltr'><strong>et</strong></span> <span class='ocrx_word' id='word_1_283' title='bbox 162 2380 380 2419; x_wconf 87' lang='lat' dir='ltr'><strong>nomen.</strong></span> <span class='ocrx_word' id='word_1_284' title='bbox 414 2362 685 2421; x_wconf 67' lang='lat' dir='ltr'><strong>[labentes</strong></span> <span class='ocrx_word' id='word_1_285' title='bbox 720 2365 880 2433; x_wconf 84' lang='lat' dir='ltr'><strong>igitur</strong></span> <span class='ocrx_word' id='word_1_286' title='bbox 920 2364 1225 2433; x_wconf 87' lang='lat' dir='ltr'><strong>bujusmodi</strong></span> <span class='ocrx_word' id='word_1_287' title='bbox 1260 2366 1547 2428; x_wconf 89' lang='lat' dir='ltr'><strong>medicum,</strong></span> <span class='ocrx_word' id='word_1_288' title='bbox 1576 2367 1665 2433; x_wconf 90' lang='lat' dir='ltr'><strong>qui</strong></span> 
     </span>
    </p>
   </div>
   <div class='ocr_carea' id='block_1_40' title="bbox 87 2452 1669 2521">
    <p class='ocr_par' dir='ltr' id='par_1_40' title="bbox 87 2452 1669 2521">
     <span class='ocr_line' id='line_1_40' title="bbox 87 2452 1669 2521; baseline 0.001 -16"><span class='ocrx_word' id='word_1_289' title='bbox 87 2453 436 2521; x_wconf 81' lang='lat' dir='ltr'><strong>percutienda</strong></span> <span class='ocrx_word' id='word_1_290' title='bbox 471 2461 646 2517; x_wconf 86' lang='lat' dir='ltr'><strong>sanat,</strong></span> <span class='ocrx_word' id='word_1_291' title='bbox 686 2452 1057 2509; x_wconf 82' lang='lat' dir='ltr'><strong>mortiﬁcando</strong></span> <span class='ocrx_word' id='word_1_292' title='bbox 1084 2454 1334 2519; x_wconf 83' lang='lat' dir='ltr'><strong>vivificat,</strong></span> <span class='ocrx_word' id='word_1_293' title='bbox 1374 2454 1669 2509; x_wconf 86' lang='lat' dir='ltr'><strong>subdamur</strong></span> 
     </span>
    </p>
   </div>
   <div class='ocr_carea' id='block_1_41' title="bbox 88 2543 1668 2613">
    <p class='ocr_par' dir='ltr' id='par_1_41' title="bbox 88 2543 1668 2613">
     <span class='ocr_line' id='line_1_41' title="bbox 88 2543 1668 2613; baseline -0.001 -15"><span class='ocrx_word' id='word_1_294' title='bbox 88 2545 135 2598; x_wconf 90' lang='lat' dir='ltr'><strong>ei</strong></span> <span class='ocrx_word' id='word_1_295' title='bbox 159 2560 280 2599; x_wconf 87' lang='lat' dir='ltr'><strong>cum</strong></span> <span class='ocrx_word' id='word_1_296' title='bbox 322 2544 477 2604; x_wconf 85' lang='lat' dir='ltr'><strong>omni</strong></span> <span class='ocrx_word' id='word_1_297' title='bbox 514 2544 771 2613; x_wconf 82' lang='lat' dir='ltr'><strong>patientia</strong></span> <span class='ocrx_word' id='word_1_298' title='bbox 818 2544 885 2598; x_wconf 85' lang='lat' dir='ltr'><strong>ad</strong></span> <span class='ocrx_word' id='word_1_299' title='bbox 928 2543 1241 2607; x_wconf 85' lang='lat' dir='ltr'><strong>curandum,</strong></span> <span class='ocrx_word' id='word_1_300' title='bbox 1271 2551 1333 2598; x_wconf 87' lang='lat' dir='ltr'><strong>ut</strong></span> <span class='ocrx_word' id='word_1_301' title='bbox 1363 2553 1387 2581; x_wconf 75' lang='grc' dir='ltr'><strong>ε</strong></span> <span class='ocrx_word' id='word_1_302' title='bbox 1413 2544 1668 2612; x_wconf 85' lang='lat' dir='ltr'><strong>quidquid</strong></span> 
     </span>
    </p>
   </div>
   <div class='ocr_carea' id='block_1_42' title="bbox 90 2633 1664 2705">
    <p class='ocr_par' dir='ltr' id='par_1_42' title="bbox 90 2633 1664 2705">
     <span class='ocr_line' id='line_1_42' title="bbox 90 2633 1664 2705; baseline -0.001 -16"><span class='ocrx_word' id='word_1_303' title='bbox 90 2636 141 2690; x_wconf 90' lang='lat' dir='ltr'><strong>in</strong></span> <span class='ocrx_word' id='word_1_304' title='bbox 188 2636 342 2689; x_wconf 84' lang='lat' dir='ltr'><strong>nobis</strong></span> <span class='ocrx_word' id='word_1_305' title='bbox 395 2634 745 2704; x_wconf 84' lang='lat' dir='ltr'><strong>probrosum,</strong></span> <span class='ocrx_word' id='word_1_306' title='bbox 793 2633 1051 2705; x_wconf 86' lang='lat' dir='ltr'><strong>quidquid</strong></span> <span class='ocrx_word' id='word_1_307' title='bbox 1100 2633 1311 2689; x_wconf 79' lang='lat' dir='ltr'><strong>delictis</strong></span> <span class='ocrx_word' id='word_1_308' title='bbox 1358 2633 1664 2696; x_wconf 82' lang='lat' dir='ltr'><strong>sOrdidum,</strong></span> 
     </span>
    </p>
   </div>
   <div class='ocr_carea' id='block_1_43' title="bbox 92 2722 1667 2793">
    <p class='ocr_par' dir='ltr' id='par_1_43' title="bbox 92 2722 1667 2793">
     <span class='ocr_line' id='line_1_43' title="bbox 92 2722 1667 2793; baseline -0.001 -16"><span class='ocrx_word' id='word_1_309' title='bbox 92 2723 341 2791; x_wconf 84' lang='lat' dir='ltr'><strong>quidquid</strong></span> <span class='ocrx_word' id='word_1_310' title='bbox 369 2722 645 2778; x_wconf 80' lang='lat' dir='ltr'><strong>ulceribus</strong></span> <span class='ocrx_word' id='word_1_311' title='bbox 679 2722 897 2777; x_wconf 81' lang='lat' dir='ltr'><strong>fetidum</strong></span> <span class='ocrx_word' id='word_1_312' title='bbox 922 2738 1043 2777; x_wconf 86' lang='lat' dir='ltr'><strong>esse</strong></span> <span class='ocrx_word' id='word_1_313' title='bbox 1071 2723 1422 2793; x_wconf 75' lang='lat' dir='ltr'><strong>perspexerit,</strong></span> <span class='ocrx_word' id='word_1_314' title='bbox 1450 2723 1667 2787; x_wconf 84' lang='lat' dir='ltr'><strong>incidat,</strong></span> 
     </span>
    </p>
   </div>
   <div class='ocr_carea' id='block_1_44' title="bbox 92 2811 1671 2883">
    <p class='ocr_par' dir='ltr' id='par_1_44' title="bbox 92 2811 1671 2883">
     <span class='ocr_line' id='line_1_44' title="bbox 92 2811 1671 2883; baseline -0.001 -16"><span class='ocrx_word' id='word_1_315' title='bbox 92 2822 345 2883; x_wconf 82' lang='lat' dir='ltr'><strong>amputet,</strong></span> <span class='ocrx_word' id='word_1_316' title='bbox 370 2821 612 2879; x_wconf 80' lang='lat' dir='ltr'><strong>exsecet,</strong></span> <span class='ocrx_word' id='word_1_317' title='bbox 640 2821 719 2879; x_wconf 91' lang='lat' dir='ltr'><strong>ut,</strong></span> <span class='ocrx_word' id='word_1_318' title='bbox 747 2812 963 2868; x_wconf 81' lang='lat' dir='ltr'><strong>refectis</strong></span> <span class='ocrx_word' id='word_1_319' title='bbox 990 2814 1239 2868; x_wconf 90' lang='lat' dir='ltr'><strong>omnibus</strong></span> <span class='ocrx_word' id='word_1_320' title='bbox 1256 2813 1455 2867; x_wconf 86' lang='lat' dir='ltr'><strong>diaboli</strong></span> <span class='ocrx_word' id='word_1_321' title='bbox 1485 2811 1671 2865; x_wconf 89' lang='lat' dir='ltr'><strong>vulne-</strong></span> 
     </span>
    </p>
   </div>
   <div class='ocr_carea' id='block_1_45' title="bbox 92 2901 1670 2971">
    <p class='ocr_par' dir='ltr' id='par_1_45' title="bbox 92 2901 1670 2971">
     <span class='ocr_line' id='line_1_45' title="bbox 92 2901 1670 2971; baseline -0.001 -14"><span class='ocrx_word' id='word_1_322' title='bbox 92 2904 253 2965; x_wconf 84' lang='lat' dir='ltr'><strong>ribus,</strong></span> <span class='ocrx_word' id='word_1_323' title='bbox 285 2905 392 2959; x_wconf 83' lang='lat' dir='ltr'><strong>hoc</strong></span> <span class='ocrx_word' id='word_1_324' title='bbox 415 2903 597 2959; x_wconf 86' lang='lat' dir='ltr'><strong>solum</strong></span> <span class='ocrx_word' id='word_1_325' title='bbox 634 2902 799 2957; x_wconf 88' lang='lat' dir='ltr'><strong>faciat</strong></span> <span class='ocrx_word' id='word_1_326' title='bbox 824 2902 878 2957; x_wconf 88' lang='lat' dir='ltr'><strong>in</strong></span> <span class='ocrx_word' id='word_1_327' title='bbox 906 2902 1063 2957; x_wconf 90' lang='lat' dir='ltr'><strong>nobis</strong></span> <span class='ocrx_word' id='word_1_328' title='bbox 1098 2917 1377 2957; x_wconf 87' lang='lat' dir='ltr'><strong>remanere</strong></span> <span class='ocrx_word' id='word_1_329' title='bbox 1402 2901 1545 2971; x_wconf 88' lang='lat' dir='ltr'><strong>quod</strong></span> <span class='ocrx_word' id='word_1_330' title='bbox 1572 2901 1670 2955; x_wconf 90' lang='lat' dir='ltr'><strong>Dei</strong></span> 
     </span>
    </p>
   </div>
   <div class='ocr_carea' id='block_1_46' title="bbox 93 2992 1672 3064">
    <p class='ocr_par' dir='ltr' id='par_1_46' title="bbox 93 2992 1672 3064">
     <span class='ocr_line' id='line_1_46' title="bbox 93 2992 1672 3064; baseline -0.001 -15"><span class='ocrx_word' id='word_1_331' title='bbox 93 3001 188 3049; x_wconf 86' lang='lat' dir='ltr'><strong>est.</strong></span> <span class='ocrx_word' id='word_1_332' title='bbox 216 2994 363 3048; x_wconf 80' lang='lat' dir='ltr'><strong>Istud</strong></span> <span class='ocrx_word' id='word_1_333' title='bbox 386 3002 570 3049; x_wconf 83' lang='lat' dir='ltr'><strong>autem</strong></span> <span class='ocrx_word' id='word_1_334' title='bbox 599 3000 921 3063; x_wconf 68' lang='lat' dir='ltr'><strong>pmceptum</strong></span> <span class='ocrx_word' id='word_1_335' title='bbox 961 2992 1077 3061; x_wconf 89' lang='lat' dir='ltr'><strong>ejus</strong></span> <span class='ocrx_word' id='word_1_336' title='bbox 1102 3002 1187 3049; x_wconf 89' lang='lat' dir='ltr'><strong>est</strong></span> <span class='ocrx_word' id='word_1_337' title='bbox 1220 2995 1468 3064; x_wconf 85' lang='lat' dir='ltr'><strong>primum.</strong></span> <span class='ocrx_word' id='word_1_338' title='bbox 1501 3002 1561 3048; x_wconf 90' lang='lat' dir='ltr'><strong>ut</strong></span> <span class='ocrx_word' id='word_1_339' title='bbox 1586 2993 1672 3047; x_wconf 87' lang='lat' dir='ltr'><strong>bis</strong></span> 
     </span>
    </p>
   </div>
   <div class='ocr_carea' id='block_1_47' title="bbox 1762 1913 3343 1984">
    <p class='ocr_par' dir='ltr' id='par_1_47' title="bbox 1762 1913 3343 1984">
     <span class='ocr_line' id='line_1_47' title="bbox 1762 1913 3343 1984; baseline -0.002 -14"><span class='ocrx_word' id='word_1_340' title='bbox 1762 1917 1882 1984; x_wconf 87' lang='lat' dir='ltr'><strong>quis</strong></span> <span class='ocrx_word' id='word_1_341' title='bbox 1928 1915 2177 1983; x_wconf 86' lang='lat' dir='ltr'><strong>baptismi</strong></span> <span class='ocrx_word' id='word_1_342' title='bbox 2223 1916 2392 1982; x_wconf 85' lang='lat' dir='ltr'><strong>gratia</strong></span> <span class='ocrx_word' id='word_1_343' title='bbox 2434 1931 2552 1969; x_wconf 86' lang='lat' dir='ltr'><strong>non</strong></span> <span class='ocrx_word' id='word_1_344' title='bbox 2602 1916 2827 1981; x_wconf 76' lang='lat' dir='ltr'><strong>rigatur.</strong></span> <span class='ocrx_word' id='word_1_345' title='bbox 2877 1913 3080 1967; x_wconf 82' lang='lat' dir='ltr'><strong>llomm</strong></span> <span class='ocrx_word' id='word_1_346' title='bbox 3127 1928 3343 1984; x_wconf 86' lang='lat' dir='ltr'><strong>quoque</strong></span> 
     </span>
    </p>
   </div>
   <div class='ocr_carea' id='block_1_48' title="bbox 1764 2004 3343 2075">
    <p class='ocr_par' dir='ltr' id='par_1_48' title="bbox 1764 2004 3343 2075">
     <span class='ocr_line' id='line_1_48' title="bbox 1764 2004 3343 2075; baseline -0.001 -16"><span class='ocrx_word' id='word_1_347' title='bbox 1764 2006 1975 2060; x_wconf 89' lang='lat' dir='ltr'><strong>dierum</strong></span> <span class='ocrx_word' id='word_1_348' title='bbox 2011 2007 2356 2073; x_wconf 86' lang='lat' dir='ltr'><strong>noctiumque</strong></span> <span class='ocrx_word' id='word_1_349' title='bbox 2396 2004 2601 2073; x_wconf 85' lang='lat' dir='ltr'><strong>jejunio</strong></span> <span class='ocrx_word' id='word_1_350' title='bbox 2644 2004 2852 2075; x_wconf 80' lang='lat' dir='ltr'><strong>Moyses</strong></span> <span class='ocrx_word' id='word_1_351' title='bbox 2892 2013 3108 2059; x_wconf 86' lang='lat' dir='ltr'><strong>sanctus</strong></span> <span class='ocrx_word' id='word_1_352' title='bbox 3148 2005 3343 2058; x_wconf 90' lang='lat' dir='ltr'><strong>meruit</strong></span> 
     </span>
    </p>
   </div>
   <div class='ocr_carea' id='block_1_49' title="bbox 1764 2092 3341 2163">
    <p class='ocr_par' dir='ltr' id='par_1_49' title="bbox 1764 2092 3341 2163">
     <span class='ocr_line' id='line_1_49' title="bbox 1764 2092 3341 2163; baseline -0.002 -13"><span class='ocrx_word' id='word_1_353' title='bbox 1764 2111 1884 2151; x_wconf 90' lang='lat' dir='ltr'><strong>cum</strong></span> <span class='ocrx_word' id='word_1_354' title='bbox 1911 2094 2022 2149; x_wconf 92' lang='lat' dir='ltr'><strong>Deo</strong></span> <span class='ocrx_word' id='word_1_355' title='bbox 2047 2095 2211 2163; x_wconf 91' lang='lat' dir='ltr'><strong>loqui,</strong></span> <span class='ocrx_word' id='word_1_356' title='bbox 2243 2103 2404 2158; x_wconf 85' lang='lat' dir='ltr'><strong>stare,</strong></span> <span class='ocrx_word' id='word_1_357' title='bbox 2433 2102 2490 2148; x_wconf 84' lang='lat' dir='ltr'><strong>et</strong></span> <span class='ocrx_word' id='word_1_358' title='bbox 2509 2094 2830 2159; x_wconf 83' lang='lat' dir='ltr'><strong>consistere,</strong></span> <span class='ocrx_word' id='word_1_359' title='bbox 2850 2102 2913 2148; x_wconf 83' lang='lat' dir='ltr'><strong>et</strong></span> <span class='ocrx_word' id='word_1_360' title='bbox 2937 2092 3004 2148; x_wconf 90' lang='lat' dir='ltr'><strong>de</strong></span> <span class='ocrx_word' id='word_1_361' title='bbox 3028 2108 3194 2148; x_wconf 88' lang='lat' dir='ltr'><strong>manu</strong></span> <span class='ocrx_word' id='word_1_362' title='bbox 3226 2094 3341 2159; x_wconf 88' lang='lat' dir='ltr'><strong>ejus</strong></span> 
     </span>
    </p>
   </div>
   <div class='ocr_carea' id='block_1_50' title="bbox 1764 2183 3343 2255">
    <p class='ocr_par' dir='ltr' id='par_1_50' title="bbox 1764 2183 3343 2255">
     <span class='ocr_line' id='line_1_50' title="bbox 1764 2183 3343 2255; baseline 0.001 -17"><span class='ocrx_word' id='word_1_363' title='bbox 1764 2185 1897 2254; x_wconf 83' lang='lat' dir='ltr'><strong>legis</strong></span> <span class='ocrx_word' id='word_1_364' title='bbox 1923 2193 2187 2255; x_wconf 75' lang='lat' dir='ltr'><strong>pnecepta</strong></span> <span class='ocrx_word' id='word_1_365' title='bbox 2217 2185 2506 2253; x_wconf 88' lang='lat' dir='ltr'><strong>suscipere.</strong></span> <span class='ocrx_word' id='word_1_366' title='bbox 2532 2183 2787 2250; x_wconf 82' lang='lat' dir='ltr'><strong>Quamvis</strong></span> <span class='ocrx_word' id='word_1_367' title='bbox 2811 2185 2951 2238; x_wconf 86' lang='lat' dir='ltr'><strong>enim</strong></span> <span class='ocrx_word' id='word_1_368' title='bbox 2976 2183 3129 2238; x_wconf 78' lang='lat' dir='ltr'><strong>illum</strong></span> <span class='ocrx_word' id='word_1_369' title='bbox 3157 2184 3343 2239; x_wconf 33' lang='lat' dir='ltr'><strong>abtob-</strong></span> 
     </span>
    </p>
   </div>
   <div class='ocr_carea' id='block_1_51' title="bbox 1762 2274 3341 2344">
    <p class='ocr_par' dir='ltr' id='par_1_51' title="bbox 1762 2274 3341 2344">
     <span class='ocr_line' id='line_1_51' title="bbox 1762 2274 3341 2344; baseline 0.001 -15"><span class='ocrx_word' id='word_1_370' title='bbox 1762 2277 1967 2330; x_wconf 87' lang='lat' dir='ltr'><strong>tutibus</strong></span> <span class='ocrx_word' id='word_1_371' title='bbox 1994 2274 2088 2330; x_wconf 88' lang='lat' dir='ltr'><strong>Dei</strong></span> <span class='ocrx_word' id='word_1_372' title='bbox 2114 2276 2348 2330; x_wconf 88' lang='lat' dir='ltr'><strong>conditio</strong></span> <span class='ocrx_word' id='word_1_373' title='bbox 2377 2276 2607 2329; x_wconf 82' lang='lat' dir='ltr'><strong>humana</strong></span> <span class='ocrx_word' id='word_1_374' title='bbox 2636 2276 2994 2338; x_wconf 85' lang='lat' dir='ltr'><strong>subtraheret,</strong></span> <span class='ocrx_word' id='word_1_375' title='bbox 3016 2274 3341 2344; x_wconf 87' lang='lat' dir='ltr'><strong>jejuniorum</strong></span> 
     </span>
    </p>
   </div>
   <div class='ocr_carea' id='block_1_52' title="bbox 1764 2364 3344 2434">
    <p class='ocr_par' dir='ltr' id='par_1_52' title="bbox 1764 2364 3344 2434">
     <span class='ocr_line' id='line_1_52' title="bbox 1764 2364 3344 2434; baseline 0 -15"><span class='ocrx_word' id='word_1_376' title='bbox 1764 2374 1947 2420; x_wconf 87' lang='lat' dir='ltr'><strong>tamen</strong></span> <span class='ocrx_word' id='word_1_377' title='bbox 1974 2366 2141 2434; x_wconf 87' lang='lat' dir='ltr'><strong>gratia</strong></span> <span class='ocrx_word' id='word_1_378' title='bbox 2190 2366 2490 2433; x_wconf 79' lang='lat' dir='ltr'><strong>proximum</strong></span> <span class='ocrx_word' id='word_1_379' title='bbox 2540 2364 2686 2417; x_wconf 85' lang='lat' dir='ltr'><strong>illum</strong></span> <span class='ocrx_word' id='word_1_380' title='bbox 2728 2364 3029 2421; x_wconf 83' lang='lat' dir='ltr'><strong>Divinitatis</strong></span> <span class='ocrx_word' id='word_1_381' title='bbox 3073 2367 3344 2421; x_wconf 86' lang='lat' dir='ltr'><strong>consortio</strong></span> 
     </span>
    </p>
   </div>
   <div class='ocr_carea' id='block_1_53' title="bbox 1766 2456 3341 2527">
    <p class='ocr_par' dir='ltr' id='par_1_53' title="bbox 1766 2456 3341 2527">
     <span class='ocr_line' id='line_1_53' title="bbox 1766 2456 3341 2527; baseline -0.001 -15"><span class='ocrx_word' id='word_1_382' title='bbox 1766 2459 2014 2514; x_wconf 82' lang='lat' dir='ltr'><strong>faciebat.</strong></span> <span class='ocrx_word' id='word_1_383' title='bbox 2057 2458 2180 2511; x_wconf 63' lang='lat' dir='ltr'><strong>Haec</strong></span> <span class='ocrx_word' id='word_1_384' title='bbox 2207 2458 2347 2511; x_wconf 89' lang='lat' dir='ltr'><strong>enim</strong></span> <span class='ocrx_word' id='word_1_385' title='bbox 2379 2457 2431 2510; x_wconf 87' lang='lat' dir='ltr'><strong>in</strong></span> <span class='ocrx_word' id='word_1_386' title='bbox 2465 2456 2619 2510; x_wconf 90' lang='lat' dir='ltr'><strong>nobis</strong></span> <span class='ocrx_word' id='word_1_387' title='bbox 2643 2456 2897 2511; x_wconf 90' lang='lat' dir='ltr'><strong>virtutum</strong></span> <span class='ocrx_word' id='word_1_388' title='bbox 2916 2459 3093 2527; x_wconf 83' lang='lat' dir='ltr'><strong>portio</strong></span> <span class='ocrx_word' id='word_1_389' title='bbox 3112 2457 3211 2513; x_wconf 85' lang='lat' dir='ltr'><strong>Dei</strong></span> <span class='ocrx_word' id='word_1_390' title='bbox 3239 2466 3341 2522; x_wconf 90' lang='lat' dir='ltr'><strong>est,</strong></span> 
     </span>
    </p>
   </div>
   <div class='ocr_carea' id='block_1_54' title="bbox 1769 2547 3345 2616">
    <p class='ocr_par' dir='ltr' id='par_1_54' title="bbox 1769 2547 3345 2616">
     <span class='ocr_line' id='line_1_54' title="bbox 1769 2547 3345 2616; baseline -0.001 -13"><span class='ocrx_word' id='word_1_391' title='bbox 1769 2556 1828 2603; x_wconf 88' lang='lat' dir='ltr'><strong>ut</strong></span> <span class='ocrx_word' id='word_1_392' title='bbox 1852 2548 2154 2616; x_wconf 85' lang='lat' dir='ltr'><strong>jejunemus</strong></span> <span class='ocrx_word' id='word_1_393' title='bbox 2189 2547 2514 2615; x_wconf 87' lang='lat' dir='ltr'><strong>frequenter,</strong></span> <span class='ocrx_word' id='word_1_394' title='bbox 2541 2548 2793 2615; x_wconf 87' lang='lat' dir='ltr'><strong>quoniam</strong></span> <span class='ocrx_word' id='word_1_395' title='bbox 2822 2561 3034 2616; x_wconf 85' lang='lat' dir='ltr'><strong>semper</strong></span> <span class='ocrx_word' id='word_1_396' title='bbox 3062 2547 3201 2601; x_wconf 90' lang='lat' dir='ltr'><strong>Deus</strong></span> <span class='ocrx_word' id='word_1_397' title='bbox 3232 2547 3345 2616; x_wconf 75' lang='lat' dir='ltr'><strong>ipse</strong></span> 
     </span>
    </p>
   </div>
   <div class='ocr_carea' id='block_1_55' title="bbox 1765 2634 3346 2706">
    <p class='ocr_par' dir='ltr' id='par_1_55' title="bbox 1765 2634 3346 2706">
     <span class='ocr_line' id='line_1_55' title="bbox 1765 2634 3346 2706; baseline 0.001 -16"><span class='ocrx_word' id='word_1_398' title='bbox 1765 2636 1991 2706; x_wconf 89' lang='lat' dir='ltr'><strong>jejunat.</strong></span> <span class='ocrx_word' id='word_1_399' title='bbox 2030 2636 2089 2690; x_wconf 82' lang='lat' dir='ltr'><strong>In</strong></span> <span class='ocrx_word' id='word_1_400' title='bbox 2136 2650 2455 2705; x_wconf 89' lang='lat' dir='ltr'><strong>quocunque</strong></span> <span class='ocrx_word' id='word_1_401' title='bbox 2501 2634 2661 2701; x_wconf 66' lang='lat' dir='ltr'><strong>igitur</strong></span> <span class='ocrx_word' id='word_1_402' title='bbox 2703 2635 2824 2704; x_wconf 87' lang='lat' dir='ltr'><strong>plus</strong></span> <span class='ocrx_word' id='word_1_403' title='bbox 2862 2648 3085 2705; x_wconf 87' lang='lat' dir='ltr'><strong>operum</strong></span> <span class='ocrx_word' id='word_1_404' title='bbox 3122 2651 3346 2692; x_wconf 83' lang='lat' dir='ltr'><strong>suorum</strong></span> 
     </span>
    </p>
   </div>
   <div class='ocr_carea' id='block_1_56' title="bbox 1770 2722 3348 2795">
    <p class='ocr_par' dir='ltr' id='par_1_56' title="bbox 1770 2722 3348 2795">
     <span class='ocr_line' id='line_1_56' title="bbox 1770 2722 3348 2795; baseline -0.004 -15"><span class='ocrx_word' id='word_1_405' title='bbox 1770 2728 1945 2781; x_wconf 88' lang='lat' dir='ltr'><strong>inesse</strong></span> <span class='ocrx_word' id='word_1_406' title='bbox 1988 2727 2341 2795; x_wconf 71' lang='lat' dir='ltr'><strong>perspexerit,</strong></span> <span class='ocrx_word' id='word_1_407' title='bbox 2386 2724 2486 2794; x_wconf 88' lang='lat' dir='ltr'><strong>ipsi</strong></span> <span class='ocrx_word' id='word_1_408' title='bbox 2534 2725 2704 2791; x_wconf 85' lang='lat' dir='ltr'><strong>magis</strong></span> <span class='ocrx_word' id='word_1_409' title='bbox 2740 2722 3012 2780; x_wconf 76' lang='lat' dir='ltr'><strong>familiaris</strong></span> <span class='ocrx_word' id='word_1_410' title='bbox 3048 2724 3263 2781; x_wconf 77' lang='lat' dir='ltr'><strong>intimus</strong></span> <span class='ocrx_word' id='word_1_411' title='bbox 3290 2740 3348 2779; x_wconf 90' lang='lat' dir='ltr'><strong>e.</strong></span> 
     </span>
    </p>
   </div>
   <div class='ocr_carea' id='block_1_57' title="bbox 1770 2810 3347 2884">
    <p class='ocr_par' dir='ltr' id='par_1_57' title="bbox 1770 2810 3347 2884">
     <span class='ocr_line' id='line_1_57' title="bbox 1770 2810 3347 2884; baseline -0.001 -15"><span class='ocrx_word' id='word_1_412' title='bbox 1770 2816 1973 2869; x_wconf 89' lang='lat' dir='ltr'><strong>amicus</strong></span> <span class='ocrx_word' id='word_1_413' title='bbox 2001 2822 2104 2881; x_wconf 59' lang='lat' dir='ltr'><strong>est,</strong></span> <span class='ocrx_word' id='word_1_414' title='bbox 2135 2814 2272 2867; x_wconf 91' lang='lat' dir='ltr'><strong>sicut</strong></span> <span class='ocrx_word' id='word_1_415' title='bbox 2298 2812 2572 2881; x_wconf 87' lang='lat' dir='ltr'><strong>Scriptura</strong></span> <span class='ocrx_word' id='word_1_416' title='bbox 2596 2810 2765 2866; x_wconf 63' lang='lat' dir='ltr'><strong>dixit:</strong></span> <span class='ocrx_word' id='word_1_417' title='bbox 2794 2811 2862 2866; x_wconf 77' lang='lat' dir='ltr'><strong>Et</strong></span> <span class='ocrx_word' id='word_1_418' title='bbox 2884 2812 3089 2883; x_wconf 64' lang='lat' dir='ltr'><strong>ﬂagres</strong></span> <span class='ocrx_word' id='word_1_419' title='bbox 3107 2814 3347 2884; x_wconf 76' lang='lat' dir='ltr'><strong>loqueba-</strong></span> 
     </span>
    </p>
   </div>
   <div class='ocr_carea' id='block_1_58' title="bbox 1773 2903 3345 2975">
    <p class='ocr_par' dir='ltr' id='par_1_58' title="bbox 1773 2903 3345 2975">
     <span class='ocr_line' id='line_1_58' title="bbox 1773 2903 3345 2975; baseline 0.002 -18"><span class='ocrx_word' id='word_1_420' title='bbox 1773 2914 1853 2957; x_wconf 84' lang='lat' dir='ltr'><strong>tur</strong></span> <span class='ocrx_word' id='word_1_421' title='bbox 1881 2921 1995 2957; x_wconf 84' lang='lat' dir='ltr'><strong>cum</strong></span> <span class='ocrx_word' id='word_1_422' title='bbox 2035 2903 2144 2957; x_wconf 86' lang='lat' dir='ltr'><strong>Deo</strong></span> <span class='ocrx_word' id='word_1_423' title='bbox 2174 2904 2306 2973; x_wconf 72' lang='lat' dir='ltr'><strong>[acie</strong></span> <span class='ocrx_word' id='word_1_424' title='bbox 2344 2903 2415 2956; x_wconf 77' lang='lat' dir='ltr'><strong>ad</strong></span> <span class='ocrx_word' id='word_1_425' title='bbox 2443 2904 2648 2974; x_wconf 79' lang='lat' dir='ltr'><strong>faciem,</strong></span> <span class='ocrx_word' id='word_1_426' title='bbox 2686 2906 2816 2957; x_wconf 81' lang='lat' dir='ltr'><strong>sicut</strong></span> <span class='ocrx_word' id='word_1_427' title='bbox 2845 2905 2955 2975; x_wconf 81' lang='lat' dir='ltr'><strong>quis</strong></span> <span class='ocrx_word' id='word_1_428' title='bbox 2983 2904 3207 2973; x_wconf 81' lang='lat' dir='ltr'><strong>loquitur</strong></span> <span class='ocrx_word' id='word_1_429' title='bbox 3226 2918 3345 2960; x_wconf 67' lang='lat' dir='ltr'><strong>tum</strong></span> 
     </span>
    </p>
   </div>
   <div class='ocr_carea' id='block_1_59' title="bbox 1771 2993 3347 3064">
    <p class='ocr_par' dir='ltr' id='par_1_59' title="bbox 1771 2993 3347 3064">
     <span class='ocr_line' id='line_1_59' title="bbox 1771 2993 3347 3064; baseline 0.003 -16"><span class='ocrx_word' id='word_1_430' title='bbox 1771 2996 1936 3048; x_wconf 79' lang='lat' dir='ltr'><strong>amico</strong></span> <span class='ocrx_word' id='word_1_431' title='bbox 1981 3011 2071 3048; x_wconf 86' lang='lat' dir='ltr'><strong>suo</strong></span> <span class='ocrx_word' id='word_1_432' title='bbox 2105 2993 2298 3064; x_wconf 66' lang='lat' dir='ltr'><strong>(Exod.</strong></span> <span class='ocrx_word' id='word_1_433' title='bbox 2346 2996 2555 3062; x_wconf 70' lang='grc' dir='ltr'>χχχιιι).</span> <span class='ocrx_word' id='word_1_434' title='bbox 2596 2993 2751 3049; x_wconf 86' lang='lat' dir='ltr'><strong>Unde</strong></span> <span class='ocrx_word' id='word_1_435' title='bbox 2796 3003 2855 3049; x_wconf 86' lang='lat' dir='ltr'><strong>et:</strong></span> <span class='ocrx_word' id='word_1_436' title='bbox 2896 2996 3148 3051; x_wconf 79' lang='lat' dir='ltr'><strong>Dominus</strong></span> <span class='ocrx_word' id='word_1_437' title='bbox 3191 2995 3347 3052; x_wconf 80' lang='lat' dir='ltr'><strong>Jesua</strong></span> 
     </span>
    </p>
   </div>
   <div class='ocr_carea' id='block_1_60' title="bbox 93 3084 3348 3155">
    <p class='ocr_par' dir='ltr' id='par_1_60' title="bbox 93 3084 3348 3155">
     <span class='ocr_line' id='line_1_60' title="bbox 93 3084 3348 3155; baseline 0.002 -17"><span class='ocrx_word' id='word_1_438' title='bbox 93 3086 438 3154; x_wconf 86' lang='lat' dir='ltr'><strong>quadraginta</strong></span> <span class='ocrx_word' id='word_1_439' title='bbox 468 3086 659 3139; x_wconf 86' lang='lat' dir='ltr'><strong>diebus</strong></span> <span class='ocrx_word' id='word_1_440' title='bbox 681 3085 917 3154; x_wconf 88' lang='lat' dir='ltr'><strong>jejuniis,</strong></span> <span class='ocrx_word' id='word_1_441' title='bbox 943 3086 1295 3153; x_wconf 84' lang='lat' dir='ltr'><strong>orationibus,</strong></span> <span class='ocrx_word' id='word_1_442' title='bbox 1321 3086 1514 3153; x_wconf 88' lang='lat' dir='ltr'><strong>vigiliis</strong></span> <span class='ocrx_word' id='word_1_443' title='bbox 1534 3100 1670 3154; x_wconf 88' lang='lat' dir='ltr'><strong>ope-</strong></span> <span class='ocrx_word' id='word_1_444' title='bbox 1772 3084 2014 3139; x_wconf 88' lang='lat' dir='ltr'><strong>Christus</strong></span> <span class='ocrx_word' id='word_1_445' title='bbox 2041 3085 2448 3140; x_wconf 87' lang='lat' dir='ltr'><strong>resurrectionis</strong></span> <span class='ocrx_word' id='word_1_446' title='bbox 2476 3085 2698 3152; x_wconf 87' lang='lat' dir='ltr'><strong>gloriam</strong></span> <span class='ocrx_word' id='word_1_447' title='bbox 2729 3094 3093 3155; x_wconf 75' lang='lat' dir='ltr'><strong>percepturus,</strong></span> <span class='ocrx_word' id='word_1_448' title='bbox 3116 3087 3348 3144; x_wconf 79' lang='lat' dir='ltr'><strong>virtutes</strong></span> 
     </span>
    </p>
   </div>
   <div class='ocr_carea' id='block_1_61' title="bbox 95 3174 3343 3245">
    <p class='ocr_par' dir='ltr' id='par_1_61' title="bbox 95 3174 3343 3245">
     <span class='ocr_line' id='line_1_61' title="bbox 95 3174 3343 3245; baseline 0.002 -18"><span class='ocrx_word' id='word_1_449' title='bbox 95 3189 201 3227; x_wconf 87' lang='lat' dir='ltr'><strong>ram</strong></span> <span class='ocrx_word' id='word_1_450' title='bbox 217 3174 427 3231; x_wconf 85' lang='lat' dir='ltr'><strong>demus.</strong></span> <span class='ocrx_word' id='word_1_451' title='bbox 452 3174 679 3242; x_wconf 76' lang='lat' dir='ltr'><strong>Jejum&#39;is</strong></span> <span class='ocrx_word' id='word_1_452' title='bbox 692 3176 838 3228; x_wconf 81' lang='lat' dir='ltr'><strong>enim</strong></span> <span class='ocrx_word' id='word_1_453' title='bbox 859 3175 1075 3231; x_wconf 83' lang='lat' dir='ltr'><strong>lascivia</strong></span> <span class='ocrx_word' id='word_1_454' title='bbox 1098 3177 1340 3245; x_wconf 85' lang='lat' dir='ltr'><strong>corporis</strong></span> <span class='ocrx_word' id='word_1_455' title='bbox 1357 3177 1669 3243; x_wconf 88' lang='lat' dir='ltr'><strong>castigatur,</strong></span> <span class='ocrx_word' id='word_1_456' title='bbox 1698 3182 1742 3243; x_wconf 77' lang='grc' dir='ltr'>ο</span> <span class='ocrx_word' id='word_1_457' title='bbox 1772 3180 1896 3230; x_wconf 84' lang='lat' dir='ltr'><strong>suas</strong></span> <span class='ocrx_word' id='word_1_458' title='bbox 1922 3174 2271 3243; x_wconf 85' lang='lat' dir='ltr'><strong>quadraginta</strong></span> <span class='ocrx_word' id='word_1_459' title='bbox 2299 3174 2503 3228; x_wconf 87' lang='lat' dir='ltr'><strong>dierum</strong></span> <span class='ocrx_word' id='word_1_460' title='bbox 2532 3176 2877 3245; x_wconf 81' lang='lat' dir='ltr'><strong>noctiumque</strong></span> <span class='ocrx_word' id='word_1_461' title='bbox 2899 3174 3103 3245; x_wconf 85' lang='lat' dir='ltr'><strong>jejunio</strong></span> <span class='ocrx_word' id='word_1_462' title='bbox 3128 3178 3343 3235; x_wconf 80' lang='lat' dir='ltr'><strong>dedica-</strong></span> 
     </span>
    </p>
   </div>
   <div class='ocr_carea' id='block_1_62' title="bbox 95 3264 3345 3335">
    <p class='ocr_par' dir='ltr' id='par_1_62' title="bbox 95 3264 3345 3335">
     <span class='ocr_line' id='line_1_62' title="bbox 95 3264 3345 3335; baseline 0.002 -20"><span class='ocrx_word' id='word_1_463' title='bbox 95 3265 420 3319; x_wconf 85' lang='lat' dir='ltr'><strong>orationibus</strong></span> <span class='ocrx_word' id='word_1_464' title='bbox 457 3266 651 3319; x_wconf 81' lang='lat' dir='ltr'><strong>devota</strong></span> <span class='ocrx_word' id='word_1_465' title='bbox 688 3266 963 3333; x_wconf 79' lang='lat' dir='ltr'><strong>saginatur</strong></span> <span class='ocrx_word' id='word_1_466' title='bbox 1007 3266 1203 3331; x_wconf 87' lang='lat' dir='ltr'><strong>anima,</strong></span> <span class='ocrx_word' id='word_1_467' title='bbox 1245 3266 1437 3334; x_wconf 87' lang='lat' dir='ltr'><strong>vigiliis</strong></span> <span class='ocrx_word' id='word_1_468' title='bbox 1474 3268 1673 3322; x_wconf 86' lang='lat' dir='ltr'><strong>diaboli</strong></span> <span class='ocrx_word' id='word_1_469' title='bbox 1776 3266 1868 3329; x_wconf 86' lang='lat' dir='ltr'><strong>vit,</strong></span> <span class='ocrx_word' id='word_1_470' title='bbox 1895 3273 1953 3318; x_wconf 91' lang='lat' dir='ltr'><strong>nt</strong></span> <span class='ocrx_word' id='word_1_471' title='bbox 1980 3264 2287 3319; x_wconf 88' lang='lat' dir='ltr'><strong>ostenderet</strong></span> <span class='ocrx_word' id='word_1_472' title='bbox 2316 3279 2421 3319; x_wconf 94' lang='lat' dir='ltr'><strong>non</strong></span> <span class='ocrx_word' id='word_1_473' title='bbox 2450 3280 2644 3335; x_wconf 87' lang='lat' dir='ltr'><strong>panem</strong></span> <span class='ocrx_word' id='word_1_474' title='bbox 2686 3282 2809 3321; x_wconf 81' lang='lat' dir='ltr'><strong>esse</strong></span> <span class='ocrx_word' id='word_1_475' title='bbox 2844 3269 3008 3321; x_wconf 84' lang='lat' dir='ltr'><strong>vitam</strong></span> <span class='ocrx_word' id='word_1_476' title='bbox 3049 3269 3345 3335; x_wconf 79' lang='lat' dir='ltr'><strong>hominum,</strong></span> 
     </span>
    </p>
   </div>
   <div class='ocr_carea' id='block_1_63' title="bbox 94 3349 3347 3429">
    <p class='ocr_par' dir='ltr' id='par_1_63' title="bbox 94 3349 3347 3429">
     <span class='ocr_line' id='line_1_63' title="bbox 94 3349 3347 3429; baseline 0.003 -25"><span class='ocrx_word' id='word_1_477' title='bbox 94 3349 291 3407; x_wconf 76' lang='lat' dir='ltr'><strong>insidia:</strong></span> <span class='ocrx_word' id='word_1_478' title='bbox 326 3352 688 3422; x_wconf 75' lang='lat' dir='ltr'><strong>depelluntur.</strong></span> <span class='ocrx_word' id='word_1_479' title='bbox 738 3354 941 3410; x_wconf 89' lang='lat' dir='ltr'><strong>Deinde</strong></span> <span class='ocrx_word' id='word_1_480' title='bbox 967 3370 1103 3410; x_wconf 76' lang='lat' dir='ltr'><strong>cum</strong></span> <span class='ocrx_word' id='word_1_481' title='bbox 1145 3357 1262 3411; x_wconf 86' lang='lat' dir='ltr'><strong>istis</strong></span> <span class='ocrx_word' id='word_1_482' title='bbox 1296 3358 1670 3413; x_wconf 88' lang='lat' dir='ltr'><strong>mandatorum</strong></span> <span class='ocrx_word' id='word_1_483' title='bbox 1768 3357 1797 3393; x_wconf 60' lang='lat' dir='ltr'><strong>it</strong></span> <span class='ocrx_word' id='word_1_484' title='bbox 1829 3357 1923 3411; x_wconf 87' lang='lat' dir='ltr'><strong>sed</strong></span> <span class='ocrx_word' id='word_1_485' title='bbox 1951 3363 2238 3426; x_wconf 63' lang='lat' dir='ltr'><strong>praecepta.</strong></span> <span class='ocrx_word' id='word_1_486' title='bbox 2264 3352 2358 3411; x_wconf 76' lang='lat' dir='ltr'><strong>His</strong></span> <span class='ocrx_word' id='word_1_487' title='bbox 2386 3356 2568 3425; x_wconf 86' lang='lat' dir='ltr'><strong>itaque</strong></span> <span class='ocrx_word' id='word_1_488' title='bbox 2586 3357 2797 3411; x_wconf 90' lang='lat' dir='ltr'><strong>dierum</strong></span> <span class='ocrx_word' id='word_1_489' title='bbox 2831 3360 3181 3428; x_wconf 83' lang='lat' dir='ltr'><strong>quadraginta</strong></span> <span class='ocrx_word' id='word_1_490' title='bbox 3203 3360 3347 3429; x_wconf 86' lang='lat' dir='ltr'><strong>jeju-</strong></span> 
     </span>
    </p>
   </div>
   <div class='ocr_carea' id='block_1_64' title="bbox 95 3440 1667 3517">
    <p class='ocr_par' dir='ltr' id='par_1_64' title="bbox 95 3440 1667 3517">
     <span class='ocr_line' id='line_1_64' title="bbox 95 3440 1667 3517; baseline 0.004 -23"><span class='ocrx_word' id='word_1_491' title='bbox 95 3440 559 3498; x_wconf 80' lang='lat' dir='ltr'><strong>observationibus</strong></span> <span class='ocrx_word' id='word_1_492' title='bbox 600 3444 758 3499; x_wconf 82' lang='lat' dir='ltr'><strong>fuerit</strong></span> <span class='ocrx_word' id='word_1_493' title='bbox 784 3445 900 3500; x_wconf 84' lang='lat' dir='ltr'><strong>hoc</strong></span> <span class='ocrx_word' id='word_1_494' title='bbox 933 3452 1143 3514; x_wconf 86' lang='lat' dir='ltr'><strong>tempus</strong></span> <span class='ocrx_word' id='word_1_495' title='bbox 1169 3447 1331 3516; x_wconf 60' lang='lat' dir='ltr'><strong>57o</strong></span> <span class='ocrx_word' id='word_1_496' title='bbox 1369 3448 1667 3517; x_wconf 88' lang='lat' dir='ltr'><strong>impletum,</strong></span> 
     </span>
    </p>
   </div>
   <div class='ocr_carea' id='block_1_65' title="bbox 95 3534 1667 3602">
    <p class='ocr_par' dir='ltr' id='par_1_65' title="bbox 95 3534 1667 3602">
     <span class='ocr_line' id='line_1_65' title="bbox 95 3534 1667 3602; baseline 0.006 -19"><span class='ocrx_word' id='word_1_497' title='bbox 95 3539 215 3587; x_wconf 91' lang='lat' dir='ltr'><strong>tunc</strong></span> <span class='ocrx_word' id='word_1_498' title='bbox 250 3541 481 3602; x_wconf 81' lang='lat' dir='ltr'><strong>purgata</strong></span> <span class='ocrx_word' id='word_1_499' title='bbox 520 3543 582 3587; x_wconf 81' lang='lat' dir='ltr'><strong>ct</strong></span> <span class='ocrx_word' id='word_1_500' title='bbox 620 3534 833 3602; x_wconf 81' lang='lat' dir='ltr'><strong>fatigata</strong></span> <span class='ocrx_word' id='word_1_501' title='bbox 872 3543 953 3590; x_wconf 83' lang='lat' dir='ltr'><strong>tot</strong></span> <span class='ocrx_word' id='word_1_502' title='bbox 989 3537 1455 3594; x_wconf 82' lang='lat' dir='ltr'><strong>observationibus</strong></span> <span class='ocrx_word' id='word_1_503' title='bbox 1489 3540 1667 3593; x_wconf 85' lang='lat' dir='ltr'><strong>anima</strong></span> 
     </span>
    </p>
   </div>
   <div class='ocr_carea' id='block_1_66' title="bbox 94 3621 1667 3694">
    <p class='ocr_par' dir='ltr' id='par_1_66' title="bbox 94 3621 1667 3694">
     <span class='ocr_line' id='line_1_66' title="bbox 94 3621 1667 3694; baseline 0.007 -21"><span class='ocrx_word' id='word_1_504' title='bbox 94 3621 156 3674; x_wconf 84' lang='lat' dir='ltr'><strong>ad</strong></span> <span class='ocrx_word' id='word_1_505' title='bbox 193 3622 518 3692; x_wconf 80' lang='lat' dir='ltr'><strong>baptismum</strong></span> <span class='ocrx_word' id='word_1_506' title='bbox 564 3626 785 3679; x_wconf 77' lang='lat' dir='ltr'><strong>veniens</strong></span> <span class='ocrx_word' id='word_1_507' title='bbox 828 3625 1058 3694; x_wconf 81' lang='lat' dir='ltr'><strong>Spiritus</strong></span> <span class='ocrx_word' id='word_1_508' title='bbox 1102 3629 1274 3681; x_wconf 77' lang='lat' dir='ltr'><strong>sancti</strong></span> <span class='ocrx_word' id='word_1_509' title='bbox 1322 3628 1667 3683; x_wconf 86' lang='lat' dir='ltr'><strong>inundatione</strong></span> 
     </span>
    </p>
   </div>
   <div class='ocr_carea' id='block_1_67' title="bbox 94 3709 1665 3785">
    <p class='ocr_par' dir='ltr' id='par_1_67' title="bbox 94 3709 1665 3785">
     <span class='ocr_line' id='line_1_67' title="bbox 94 3709 1665 3785; baseline 0.006 -21"><span class='ocrx_word' id='word_1_510' title='bbox 94 3709 341 3778; x_wconf 69' lang='lat' dir='ltr'><strong>rcfwitur,</strong></span> <span class='ocrx_word' id='word_1_511' title='bbox 366 3722 437 3765; x_wconf 81' lang='lat' dir='ltr'><strong>et</strong></span> <span class='ocrx_word' id='word_1_512' title='bbox 477 3712 732 3783; x_wconf 79' lang='lat' dir='ltr'><strong>quidquid</strong></span> <span class='ocrx_word' id='word_1_513' title='bbox 764 3715 815 3769; x_wconf 92' lang='lat' dir='ltr'><strong>in</strong></span> <span class='ocrx_word' id='word_1_514' title='bbox 845 3730 909 3769; x_wconf 89' lang='lat' dir='ltr'><strong>ea</strong></span> <span class='ocrx_word' id='word_1_515' title='bbox 936 3717 1265 3770; x_wconf 82' lang='lat' dir='ltr'><strong>diversarum</strong></span> <span class='ocrx_word' id='word_1_516' title='bbox 1290 3718 1665 3785; x_wconf 66' lang='lat' dir='ltr'><strong>aegritudinum</strong></span> 
     </span>
    </p>
   </div>
   <div class='ocr_carea' id='block_1_68' title="bbox 92 3801 1661 3877">
    <p class='ocr_par' dir='ltr' id='par_1_68' title="bbox 92 3801 1661 3877">
     <span class='ocr_line' id='line_1_68' title="bbox 92 3801 1661 3877; baseline 0.008 -27"><span class='ocrx_word' id='word_1_517' title='bbox 92 3802 246 3854; x_wconf 85' lang='lat' dir='ltr'><strong>ardor</strong></span> <span class='ocrx_word' id='word_1_518' title='bbox 269 3801 658 3865; x_wconf 72' lang='lat' dir='ltr'><strong>exsiccaverat,</strong></span> <span class='ocrx_word' id='word_1_519' title='bbox 688 3805 921 3858; x_wconf 78' lang='lat' dir='ltr'><strong>cmlestis</strong></span> <span class='ocrx_word' id='word_1_520' title='bbox 948 3807 1131 3873; x_wconf 81' lang='lat' dir='ltr'><strong>gratiae</strong></span> <span class='ocrx_word' id='word_1_521' title='bbox 1156 3822 1280 3861; x_wconf 87' lang='lat' dir='ltr'><strong>rore</strong></span> <span class='ocrx_word' id='word_1_522' title='bbox 1308 3808 1661 3877; x_wconf 80' lang='lat' dir='ltr'><strong>perfunditur.</strong></span> 
     </span>
    </p>
   </div>
   <div class='ocr_carea' id='block_1_69' title="bbox 1772 3445 3348 3516">
    <p class='ocr_par' dir='ltr' id='par_1_69' title="bbox 1772 3445 3348 3516">
     <span class='ocr_line' id='line_1_69' title="bbox 1772 3445 3348 3516; baseline 0.002 -13"><span class='ocrx_word' id='word_1_523' title='bbox 1772 3449 1845 3503; x_wconf 92' lang='lat' dir='ltr'><strong>nii</strong></span> <span class='ocrx_word' id='word_1_524' title='bbox 1874 3445 2248 3503; x_wconf 81' lang='lat' dir='ltr'><strong>reconciliatui&#39;</strong></span> <span class='ocrx_word' id='word_1_525' title='bbox 2268 3446 2434 3513; x_wconf 83' lang='lat' dir='ltr'><strong>Deus,</strong></span> <span class='ocrx_word' id='word_1_526' title='bbox 2465 3448 2780 3516; x_wconf 86' lang='lat' dir='ltr'><strong>aperiuntur</strong></span> <span class='ocrx_word' id='word_1_527' title='bbox 2799 3449 2941 3513; x_wconf 82' lang='lat' dir='ltr'><strong>omli,</strong></span> <span class='ocrx_word' id='word_1_528' title='bbox 2966 3448 3173 3503; x_wconf 81' lang='lat' dir='ltr'><strong>inferna</strong></span> <span class='ocrx_word' id='word_1_529' title='bbox 3198 3465 3348 3506; x_wconf 82' lang='lat' dir='ltr'><strong>rese-</strong></span> 
     </span>
    </p>
   </div>
   <div class='ocr_carea' id='block_1_70' title="bbox 1772 3538 3348 3609">
    <p class='ocr_par' dir='ltr' id='par_1_70' title="bbox 1772 3538 3348 3609">
     <span class='ocr_line' id='line_1_70' title="bbox 1772 3538 3348 3609; baseline 0.002 -14"><span class='ocrx_word' id='word_1_530' title='bbox 1772 3548 1979 3596; x_wconf 88' lang='lat' dir='ltr'><strong>rantur.</strong></span> <span class='ocrx_word' id='word_1_531' title='bbox 2025 3539 2189 3608; x_wconf 85' lang='lat' dir='ltr'><strong>lgitur</strong></span> <span class='ocrx_word' id='word_1_532' title='bbox 2214 3547 2269 3593; x_wconf 91' lang='lat' dir='ltr'><strong>ct</strong></span> <span class='ocrx_word' id='word_1_533' title='bbox 2293 3555 2413 3602; x_wconf 84' lang='lat' dir='ltr'><strong>nos,</strong></span> <span class='ocrx_word' id='word_1_534' title='bbox 2444 3538 2636 3594; x_wconf 87' lang='lat' dir='ltr'><strong>fratres</strong></span> <span class='ocrx_word' id='word_1_535' title='bbox 2660 3540 3014 3606; x_wconf 83' lang='lat' dir='ltr'><strong>dilectissimi,</strong></span> <span class='ocrx_word' id='word_1_536' title='bbox 3046 3540 3348 3609; x_wconf 65' lang='lat' dir='ltr'><strong>jejuni-ama</strong></span> 
     </span>
    </p>
   </div>
   <div class='ocr_carea' id='block_1_71' title="bbox 1773 3628 3347 3699">
    <p class='ocr_par' dir='ltr' id='par_1_71' title="bbox 1773 3628 3347 3699">
     <span class='ocr_line' id='line_1_71' title="bbox 1773 3628 3347 3699; baseline 0.001 -16"><span class='ocrx_word' id='word_1_537' title='bbox 1773 3629 2027 3683; x_wconf 89' lang='lat' dir='ltr'><strong>continue</strong></span> <span class='ocrx_word' id='word_1_538' title='bbox 2054 3636 2109 3683; x_wconf 90' lang='lat' dir='ltr'><strong>et</strong></span> <span class='ocrx_word' id='word_1_539' title='bbox 2135 3628 2328 3683; x_wconf 86' lang='lat' dir='ltr'><strong>devote</strong></span> <span class='ocrx_word' id='word_1_540' title='bbox 2355 3628 2459 3682; x_wconf 84' lang='lat' dir='ltr'><strong>hoc</strong></span> <span class='ocrx_word' id='word_1_541' title='bbox 2485 3628 2661 3697; x_wconf 88' lang='lat' dir='ltr'><strong>spatio</strong></span> <span class='ocrx_word' id='word_1_542' title='bbox 2691 3629 2962 3697; x_wconf 84' lang='lat' dir='ltr'><strong>temporis,</strong></span> <span class='ocrx_word' id='word_1_543' title='bbox 2994 3637 3053 3683; x_wconf 90' lang='lat' dir='ltr'><strong>ut</strong></span> <span class='ocrx_word' id='word_1_544' title='bbox 3084 3631 3347 3699; x_wconf 84' lang='lat' dir='ltr'><strong>propitie-</strong></span> 
     </span>
    </p>
   </div>
   <div class='ocr_carea' id='block_1_72' title="bbox 1773 3719 3347 3790">
    <p class='ocr_par' dir='ltr' id='par_1_72' title="bbox 1773 3719 3347 3790">
     <span class='ocr_line' id='line_1_72' title="bbox 1773 3719 3347 3790; baseline 0.002 -15"><span class='ocrx_word' id='word_1_545' title='bbox 1773 3731 1859 3775; x_wconf 87' lang='lat' dir='ltr'><strong>tur</strong></span> <span class='ocrx_word' id='word_1_546' title='bbox 1884 3722 2037 3776; x_wconf 88' lang='lat' dir='ltr'><strong>nobis</strong></span> <span class='ocrx_word' id='word_1_547' title='bbox 2055 3719 2332 3785; x_wconf 84' lang='lat' dir='ltr'><strong>Dominus,</strong></span> <span class='ocrx_word' id='word_1_548' title='bbox 2360 3728 2580 3790; x_wconf 83' lang='lat' dir='ltr'><strong>pateant</strong></span> <span class='ocrx_word' id='word_1_549' title='bbox 2598 3720 2755 3777; x_wconf 87' lang='lat' dir='ltr'><strong>nobis</strong></span> <span class='ocrx_word' id='word_1_550' title='bbox 2777 3721 2917 3788; x_wconf 81' lang='lat' dir='ltr'><strong>cmli,</strong></span> <span class='ocrx_word' id='word_1_551' title='bbox 2940 3721 3143 3778; x_wconf 83' lang='lat' dir='ltr'><strong>inferna</strong></span> <span class='ocrx_word' id='word_1_552' title='bbox 3161 3732 3347 3778; x_wconf 80' lang='lat' dir='ltr'><strong>contra</strong></span> 
     </span>
    </p>
   </div>
   <div class='ocr_carea' id='block_1_73' title="bbox 1772 3806 2591 3878">
    <p class='ocr_par' dir='ltr' id='par_1_73' title="bbox 1772 3806 2591 3878">
     <span class='ocr_line' id='line_1_73' title="bbox 1772 3806 2591 3878; baseline -0.001 -16"><span class='ocrx_word' id='word_1_553' title='bbox 1772 3825 1870 3862; x_wconf 83' lang='lat' dir='ltr'><strong>nos</strong></span> <span class='ocrx_word' id='word_1_554' title='bbox 1893 3826 2000 3863; x_wconf 87' lang='lat' dir='ltr'><strong>non</strong></span> <span class='ocrx_word' id='word_1_555' title='bbox 2028 3808 2042 3846; x_wconf 76' lang='grc' dir='ltr'><strong>ι</strong></span> <span class='ocrx_word' id='word_1_556' title='bbox 2078 3810 2310 3863; x_wconf 86' lang='lat' dir='ltr'><strong>valeant.</strong></span> <span class='ocrx_word' id='word_1_557' title='bbox 2342 3806 2591 3878; x_wconf 77' lang='lat' dir='ltr'><strong>Explicit.</strong></span> 
     </span>
    </p>
   </div>
   <div class='ocr_carea' id='block_1_74' title="bbox 99 3888 1662 3966">
    <p class='ocr_par' dir='ltr' id='par_1_74' title="bbox 99 3888 1662 3966">
     <span class='ocr_line' id='line_1_74' title="bbox 99 3888 1662 3966; baseline 0.005 -21"><span class='ocrx_word' id='word_1_558' title='bbox 99 3888 117 3925; x_wconf 72' lang='grc' dir='ltr'>ί</span> <span class='ocrx_word' id='word_1_559' title='bbox 148 3888 294 3947; x_wconf 74' lang='lat' dir='ltr'><strong>Unde</strong></span> <span class='ocrx_word' id='word_1_560' title='bbox 334 3908 546 3955; x_wconf 71' lang='lat' dir='ltr'><strong>ponens</strong></span> <span class='ocrx_word' id='word_1_561' title='bbox 590 3894 785 3949; x_wconf 73' lang='lat' dir='ltr'><strong>veteris</strong></span> <span class='ocrx_word' id='word_1_562' title='bbox 836 3896 1071 3951; x_wconf 81' lang='lat' dir='ltr'><strong>hominis</strong></span> <span class='ocrx_word' id='word_1_563' title='bbox 1117 3899 1473 3966; x_wconf 85' lang='lat' dir='ltr'><strong>corruptelam</strong></span> <span class='ocrx_word' id='word_1_564' title='bbox 1510 3914 1662 3953; x_wconf 69' lang='lat' dir='ltr'><strong>nova:</strong></span> 
     </span>
    </p>
   </div>
   <div class='ocr_carea' id='block_1_75' title="bbox 1431 3987 1987 4049">
    <p class='ocr_par' dir='ltr' id='par_1_75' title="bbox 1431 3987 1987 4049">
     <span class='ocr_line' id='line_1_75' title="bbox 1431 3987 1987 4049; baseline -0.002 -2"><span class='ocrx_word' id='word_1_565' title='bbox 1431 3987 1701 4048; x_wconf 78' lang='lat' dir='ltr'><strong>SERMO</strong></span> <span class='ocrx_word' id='word_1_566' title='bbox 1744 3988 1987 4049; x_wconf 79' lang='lat' dir='ltr'><strong>XXIX.</strong></span> 
     </span>
    </p>
   </div>
   <div class='ocr_carea' id='block_1_76' title="bbox 1319 4084 2120 4142">
    <p class='ocr_par' dir='ltr' id='par_1_76' title="bbox 1319 4084 2120 4142">
     <span class='ocr_line' id='line_1_76' title="bbox 1319 4084 2120 4142; baseline 0.001 -3"><span class='ocrx_word' id='word_1_567' title='bbox 1319 4085 1385 4139; x_wconf 89' lang='lat' dir='ltr'><strong>In</strong></span> <span class='ocrx_word' id='word_1_568' title='bbox 1415 4084 1693 4141; x_wconf 82' lang='lat' dir='ltr'><strong>Paschatis</strong></span> <span class='ocrx_word' id='word_1_569' title='bbox 1720 4088 2041 4142; x_wconf 71' lang='lat' dir='ltr'><strong>solemnitate</strong></span> <span class='ocrx_word' id='word_1_570' title='bbox 2071 4087 2120 4141; x_wconf 83' lang='grc'>1.</span> 
     </span>
    </p>
   </div>
   <div class='ocr_carea' id='block_1_77' title="bbox 158 4242 3343 4315">
    <p class='ocr_par' dir='ltr' id='par_1_77' title="bbox 158 4242 3343 4315">
     <span class='ocr_line' id='line_1_77' title="bbox 158 4242 3343 4315; baseline 0.002 -17"><span class='ocrx_word' id='word_1_571' title='bbox 158 4242 311 4315; x_wconf 68' lang='grc'><strong>471</strong></span> <span class='ocrx_word' id='word_1_572' title='bbox 354 4243 586 4315; x_wconf 66' lang='lat' dir='ltr'><strong>Magnus</strong></span> <span class='ocrx_word' id='word_1_573' title='bbox 606 4252 695 4300; x_wconf 86' lang='lat' dir='ltr'><strong>est</strong></span> <span class='ocrx_word' id='word_1_574' title='bbox 714 4244 962 4315; x_wconf 79' lang='lat' dir='ltr'><strong>codich</strong></span> <span class='ocrx_word' id='word_1_575' title='bbox 991 4259 1120 4299; x_wconf 79' lang='lat' dir='ltr'><strong>mss.</strong></span> <span class='ocrx_word' id='word_1_576' title='bbox 1150 4253 1207 4299; x_wconf 89' lang='lat' dir='ltr'><strong>et</strong></span> <span class='ocrx_word' id='word_1_577' title='bbox 1233 4245 1501 4315; x_wconf 86' lang='lat' dir='ltr'><strong>editorum</strong></span> <span class='ocrx_word' id='word_1_578' title='bbox 1540 4261 1834 4302; x_wconf 88' lang='lat' dir='ltr'><strong>consensus</strong></span> <span class='ocrx_word' id='word_1_579' title='bbox 1862 4247 1914 4300; x_wconf 93' lang='lat' dir='ltr'><strong>in</strong></span> <span class='ocrx_word' id='word_1_580' title='bbox 1944 4245 2280 4315; x_wconf 88' lang='lat' dir='ltr'><strong>agnoscendo</strong></span> <span class='ocrx_word' id='word_1_581' title='bbox 2322 4247 2555 4302; x_wconf 80' lang='lat' dir='ltr'><strong>Maximo</strong></span> <span class='ocrx_word' id='word_1_582' title='bbox 2581 4248 2855 4303; x_wconf 80' lang='lat' dir='ltr'><strong>sermonis</strong></span> <span class='ocrx_word' id='word_1_583' title='bbox 2899 4247 3057 4315; x_wconf 86' lang='lat' dir='ltr'><strong>hujus</strong></span> <span class='ocrx_word' id='word_1_584' title='bbox 3102 4257 3343 4305; x_wconf 53' lang='lat' dir='ltr'><strong>auctore.</strong></span> 
     </span>
    </p>
   </div>
   <div class='ocr_carea' id='block_1_78' title="bbox 94 4306 3346 4387">
    <p class='ocr_par' dir='ltr' id='par_1_78' title="bbox 94 4306 3346 4387">
     <span class='ocr_line' id='line_1_78' title="bbox 94 4306 3346 4387; baseline 0.003 -25"><span class='ocrx_word' id='word_1_585' title='bbox 94 4306 398 4387; x_wconf 51' lang='lat' dir='ltr'><strong>Principiam</strong></span> <span class='ocrx_word' id='word_1_586' title='bbox 417 4306 1178 4387; x_wconf 43' lang='lat' dir='ltr'><strong>locumeodiciuTaurinensi</strong></span> <span class='ocrx_word' id='word_1_587' title='bbox 1208 4314 1501 4387; x_wconf 57' lang='lat' dir='ltr'><strong>dabimus,</strong></span> <span class='ocrx_word' id='word_1_588' title='bbox 1528 4316 1580 4387; x_wconf 84' lang='lat' dir='ltr'><strong>in</strong></span> <span class='ocrx_word' id='word_1_589' title='bbox 1620 4331 1726 4384; x_wconf 92' lang='lat' dir='ltr'><strong>quo</strong></span> <span class='ocrx_word' id='word_1_590' title='bbox 1751 4306 2006 4387; x_wconf 67' lang='lat' dir='ltr'><strong>bmcipsi</strong></span> <span class='ocrx_word' id='word_1_591' title='bbox 2014 4319 2258 4386; x_wconf 84' lang='lat' dir='ltr'><strong>apposita</strong></span> <span class='ocrx_word' id='word_1_592' title='bbox 2301 4326 2383 4371; x_wconf 85' lang='lat' dir='ltr'><strong>est</strong></span> <span class='ocrx_word' id='word_1_593' title='bbox 2414 4318 2704 4387; x_wconf 83' lang='lat' dir='ltr'><strong>epigraphe</strong></span> <span class='ocrx_word' id='word_1_594' title='bbox 2740 4336 2752 4371; x_wconf 89' lang='lat'><strong>:</strong></span> <span class='ocrx_word' id='word_1_595' title='bbox 2791 4317 2921 4371; x_wconf 86' lang='lat' dir='ltr'><strong>Item</strong></span> <span class='ocrx_word' id='word_1_596' title='bbox 2942 4306 2991 4371; x_wconf 75' lang='grc' dir='ltr'><strong>εἱ</strong></span> <span class='ocrx_word' id='word_1_597' title='bbox 3037 4318 3100 4372; x_wconf 83' lang='lat' dir='ltr'><strong>de</strong></span> <span class='ocrx_word' id='word_1_598' title='bbox 3142 4319 3346 4373; x_wconf 78' lang='lat' dir='ltr'><strong>Pascha</strong></span> 
     </span>
    </p>
   </div>
   <div class='ocr_carea' id='block_1_79' title="bbox 92 4382 1662 4455">
    <p class='ocr_par' dir='ltr' id='par_1_79' title="bbox 92 4382 1662 4455">
     <span class='ocr_line' id='line_1_79' title="bbox 92 4382 1662 4455; baseline 0.003 -20"><span class='ocrx_word' id='word_1_599' title='bbox 92 4395 249 4455; x_wconf 47' lang='lat' dir='ltr'><strong>{anno</strong></span> <span class='ocrx_word' id='word_1_600' title='bbox 278 4382 328 4436; x_wconf 88' lang='grc' dir='ltr'>Ι.</span> <span class='ocrx_word' id='word_1_601' title='bbox 356 4382 719 4455; x_wconf 58' lang='lat' dir='ltr'><strong>Comitium</strong></span> <span class='ocrx_word' id='word_1_602' title='bbox 743 4383 956 4455; x_wconf 56' lang='lat' dir='ltr'><strong>codices</strong></span> <span class='ocrx_word' id='word_1_603' title='bbox 974 4383 1419 4455; x_wconf 79' lang='lat' dir='ltr'><strong>duoCasinenses</strong></span> <span class='ocrx_word' id='word_1_604' title='bbox 1450 4384 1546 4438; x_wconf 69' lang='grc'><strong>104</strong></span> <span class='ocrx_word' id='word_1_605' title='bbox 1568 4382 1662 4455; x_wconf 66' lang='lat' dir='ltr'><strong>ett</strong></span> 
     </span>
    </p>
   </div>
   <div class='ocr_carea' id='block_1_80' title="bbox 1772 4382 3345 4455">
    <p class='ocr_par' dir='ltr' id='par_1_80' title="bbox 1773 4382 3345 4455">
     <span class='ocr_line' id='line_1_80' title="bbox 1773 4382 3345 4455; baseline 0.003 -15"><span class='ocrx_word' id='word_1_606' title='bbox 1773 4395 1827 4440; x_wconf 92' lang='lat' dir='ltr'><strong>et</strong></span> <span class='ocrx_word' id='word_1_607' title='bbox 1847 4382 2248 4449; x_wconf 78' lang='lat' dir='ltr'><strong>Ambrosianus,</strong></span> <span class='ocrx_word' id='word_1_608' title='bbox 2269 4382 2536 4455; x_wconf 52' lang='lat' dir='ltr'><strong>praemissi</strong></span> <span class='ocrx_word' id='word_1_609' title='bbox 2564 4382 2669 4441; x_wconf 81' lang='lat' dir='ltr'><strong>hac</strong></span> <span class='ocrx_word' id='word_1_610' title='bbox 2698 4387 3041 4455; x_wconf 82' lang='lat' dir='ltr'><strong>inscriptione</strong></span> <span class='ocrx_word' id='word_1_611' title='bbox 3066 4406 3077 4439; x_wconf 92' lang='lat'>:</span> <span class='ocrx_word' id='word_1_612' title='bbox 3107 4388 3261 4442; x_wconf 81' lang='lat' dir='ltr'><strong>Feria</strong></span> <span class='ocrx_word' id='word_1_613' title='bbox 3282 4387 3345 4444; x_wconf 82' lang='grc'><em>11</em></span> 
     </span>
    </p>
   </div>
   <div class='ocr_carea' id='block_1_81' title="bbox 97 4447 3347 4524">
    <p class='ocr_par' dir='ltr' id='par_1_81' title="bbox 97 4447 3347 4524">
     <span class='ocr_line' id='line_1_81' title="bbox 97 4447 3347 4524; baseline 0.004 -24"><span class='ocrx_word' id='word_1_614' title='bbox 97 4447 379 4524; x_wconf 71' lang='lat' dir='ltr'><strong>Paschalis.</strong></span> <span class='ocrx_word' id='word_1_615' title='bbox 420 4451 607 4524; x_wconf 71' lang='lat' dir='ltr'><strong>Sermo</strong></span> <span class='ocrx_word' id='word_1_616' title='bbox 637 4451 769 4524; x_wconf 80' lang='lat' dir='ltr'><strong>beati</strong></span> <span class='ocrx_word' id='word_1_617' title='bbox 792 4451 1021 4524; x_wconf 67' lang='lat' dir='ltr'><strong>Maximi</strong></span> <span class='ocrx_word' id='word_1_618' title='bbox 1049 4456 1291 4524; x_wconf 79' lang='lat' dir='ltr'><strong>episwpi.</strong></span> <span class='ocrx_word' id='word_1_619' title='bbox 1314 4454 1495 4509; x_wconf 79' lang='lat' dir='ltr'><strong>Codex</strong></span> <span class='ocrx_word' id='word_1_620' title='bbox 1520 4447 1889 4524; x_wconf 74' lang='lat' dir='ltr'><strong>Cisterciensis</strong></span> <span class='ocrx_word' id='word_1_621' title='bbox 1916 4455 2107 4510; x_wconf 90' lang='lat' dir='ltr'><strong>Montis</strong></span> <span class='ocrx_word' id='word_1_622' title='bbox 2136 4447 2357 4510; x_wconf 61' lang='lat' dir='ltr'><strong>Amiano</strong></span> <span class='ocrx_word' id='word_1_623' title='bbox 2387 4457 2524 4510; x_wconf 91' lang='lat' dir='ltr'><strong>idem</strong></span> <span class='ocrx_word' id='word_1_624' title='bbox 2550 4455 2831 4511; x_wconf 78' lang='lat' dir='ltr'><strong>confirmat</strong></span> <span class='ocrx_word' id='word_1_625' title='bbox 2855 4447 3008 4510; x_wconf 79' lang='lat' dir='ltr'><strong>titulo</strong></span> <span class='ocrx_word' id='word_1_626' title='bbox 3040 4476 3053 4510; x_wconf 70' lang='grc' dir='ltr'><em>ε</em></span> <span class='ocrx_word' id='word_1_627' title='bbox 3084 4456 3147 4511; x_wconf 89' lang='lat' dir='ltr'><strong>In</strong></span> <span class='ocrx_word' id='word_1_628' title='bbox 3176 4459 3347 4514; x_wconf 84' lang='lat' dir='ltr'><strong>domi-</strong></span> 
     </span>
    </p>
   </div>
   <div class='ocr_carea' id='block_1_82' title="bbox 94 4518 3343 4597">
    <p class='ocr_par' dir='ltr' id='par_1_82' title="bbox 94 4518 3343 4597">
     <span class='ocr_line' id='line_1_82' title="bbox 94 4518 3343 4597; baseline 0.004 -27"><span class='ocrx_word' id='word_1_629' title='bbox 94 4518 204 4597; x_wconf 55' lang='lat' dir='ltr'><strong>nica</strong></span> <span class='ocrx_word' id='word_1_630' title='bbox 229 4523 499 4597; x_wconf 79' lang='lat' dir='ltr'><strong>i_n__octava</strong></span> <span class='ocrx_word' id='word_1_631' title='bbox 523 4520 759 4597; x_wconf 56' lang='lat' dir='ltr'><strong>Raschg,</strong></span> <span class='ocrx_word' id='word_1_632' title='bbox 778 4530 838 4597; x_wconf 66' lang='lat' dir='ltr'><strong>et</strong></span> <span class='ocrx_word' id='word_1_633' title='bbox 865 4522 1055 4597; x_wconf 75' lang='lat' dir='ltr'><strong>incipit</strong></span> <span class='ocrx_word' id='word_1_634' title='bbox 1076 4518 1144 4575; x_wconf 83' lang='lat' dir='ltr'><strong>ab</strong></span> <span class='ocrx_word' id='word_1_635' title='bbox 1185 4518 1489 4597; x_wconf 81' lang='lat' dir='ltr'><strong>illis_verbis</strong></span> <span class='ocrx_word' id='word_1_636' title='bbox 1521 4546 1533 4577; x_wconf 89' lang='lat'><strong>:</strong></span> <span class='ocrx_word' id='word_1_637' title='bbox 1567 4520 1837 4597; x_wconf 56' lang='lat' dir='ltr'><strong>Lmtqnur,</strong></span> <span class='ocrx_word' id='word_1_638' title='bbox 1872 4527 2059 4597; x_wconf 64' lang='lat' dir='ltr'><strong>fratres</strong></span> <span class='ocrx_word' id='word_1_639' title='bbox 2080 4527 2354 4589; x_wconf 74' lang='lat' dir='ltr'><strong>carissimi,</strong></span> <span class='ocrx_word' id='word_1_640' title='bbox 2381 4529 2435 4597; x_wconf 78' lang='lat' dir='ltr'><strong>in</strong></span> <span class='ocrx_word' id='word_1_641' title='bbox 2471 4526 2659 4597; x_wconf 55' lang='lat' dir='ltr'><strong>Cbristi</strong></span> <span class='ocrx_word' id='word_1_642' title='bbox 2687 4528 3071 4580; x_wconf 76' lang='lat' dir='ltr'><strong>resurrectionis</strong></span> <span class='ocrx_word' id='word_1_643' title='bbox 3105 4528 3205 4591; x_wconf 85' lang='lat' dir='ltr'><strong>die,</strong></span> <span class='ocrx_word' id='word_1_644' title='bbox 3235 4537 3343 4583; x_wconf 88' lang='lat' dir='ltr'><strong>etc.</strong></span> 
     </span>
    </p>
   </div>
   <div class='ocr_carea' id='block_1_83' title="bbox 92 4584 3347 4664">
    <p class='ocr_par' dir='ltr' id='par_1_83' title="bbox 92 4584 3347 4664">
     <span class='ocr_line' id='line_1_83' title="bbox 92 4584 3347 4664; baseline 0.005 -26"><span class='ocrx_word' id='word_1_645' title='bbox 92 4584 180 4642; x_wconf 86' lang='lat' dir='ltr'><strong>His</strong></span> <span class='ocrx_word' id='word_1_646' title='bbox 198 4590 443 4664; x_wconf 74' lang='lat' dir='ltr'><strong>addimus</strong></span> <span class='ocrx_word' id='word_1_647' title='bbox 462 4590 598 4664; x_wconf 57' lang='lat' dir='ltr'><strong>cod.</strong></span> <span class='ocrx_word' id='word_1_648' title='bbox 620 4607 654 4644; x_wconf 81' lang='grc' dir='ltr'><strong>ιι</strong></span> <span class='ocrx_word' id='word_1_649' title='bbox 682 4590 741 4664; x_wconf 67' lang='grc'><strong>8.⁸</strong></span> <span class='ocrx_word' id='word_1_650' title='bbox 760 4584 1181 4664; x_wconf 67' lang='lat' dir='ltr'><strong>_Crucis_&#39;_M‘inor.</strong></span> <span class='ocrx_word' id='word_1_651' title='bbox 1212 4594 1264 4647; x_wconf 90' lang='lat' dir='ltr'><strong>in</strong></span> <span class='ocrx_word' id='word_1_652' title='bbox 1296 4592 1571 4657; x_wconf 82' lang='lat' dir='ltr'><strong>Laurent.,</strong></span> <span class='ocrx_word' id='word_1_653' title='bbox 1599 4584 1995 4658; x_wconf 39' lang='lat' dir='ltr'><strong>Vallicellfxrx,</strong></span> <span class='ocrx_word' id='word_1_654' title='bbox 2030 4584 2376 4664; x_wconf 80' lang='lat' dir='ltr'><strong>Ratisponen.</strong></span> <span class='ocrx_word' id='word_1_655' title='bbox 2400 4595 2465 4664; x_wconf 85' lang='grc'><strong>8.</strong></span> <span class='ocrx_word' id='word_1_656' title='bbox 2508 4594 2846 4659; x_wconf 84' lang='lat' dir='ltr'><strong>Emmerami,</strong></span> <span class='ocrx_word' id='word_1_657' title='bbox 2879 4607 2933 4649; x_wconf 86' lang='lat' dir='ltr'><strong>et</strong></span> <span class='ocrx_word' id='word_1_658' title='bbox 2959 4597 3172 4651; x_wconf 82' lang='lat' dir='ltr'><strong>codices</strong></span> <span class='ocrx_word' id='word_1_659' title='bbox 3196 4584 3347 4653; x_wconf 48' lang='lat' dir='ltr'><strong>&#39;Vati-</strong></span> 
     </span>
    </p>
   </div>
   <div class='ocr_carea' id='block_1_84' title="bbox 88 4656 3346 4735">
    <p class='ocr_par' dir='ltr' id='par_1_84' title="bbox 88 4656 3346 4735">
     <span class='ocr_line' id='line_1_84' title="bbox 88 4656 3346 4735; baseline 0.003 -25"><span class='ocrx_word' id='word_1_660' title='bbox 88 4659 432 4735; x_wconf 74' lang='lat' dir='ltr'><strong>canosduos,</strong></span> <span class='ocrx_word' id='word_1_661' title='bbox 467 4656 609 4735; x_wconf 49' lang='lat'><strong>1219</strong></span> <span class='ocrx_word' id='word_1_662' title='bbox 635 4670 694 4735; x_wconf 62' lang='lat' dir='ltr'><strong>et</strong></span> <span class='ocrx_word' id='word_1_663' title='bbox 713 4659 1146 4735; x_wconf 34' lang='lat' dir='ltr'><strong>(illatuEditores</strong></span> <span class='ocrx_word' id='word_1_664' title='bbox 1173 4677 1385 4735; x_wconf 76' lang='lat' dir='ltr'><strong>quoque</strong></span> <span class='ocrx_word' id='word_1_665' title='bbox 1412 4656 1757 4735; x_wconf 76' lang='lat' dir='ltr'><strong>veroomnes</strong></span> <span class='ocrx_word' id='word_1_666' title='bbox 1786 4680 1905 4718; x_wconf 92' lang='lat' dir='ltr'><strong>cum</strong></span> <span class='ocrx_word' id='word_1_667' title='bbox 1947 4656 2318 4735; x_wconf 40' lang='lat' dir='ltr'><strong>alcuino&#39;pag.</strong></span> <span class='ocrx_word' id='word_1_668' title='bbox 2354 4663 2456 4735; x_wconf 60' lang='lat'><strong>197</strong></span> <span class='ocrx_word' id='word_1_669' title='bbox 2480 4656 2841 4735; x_wconf 74' lang='lat' dir='ltr'><strong>concordant,</strong></span> <span class='ocrx_word' id='word_1_670' title='bbox 2869 4682 3067 4735; x_wconf 84' lang='lat' dir='ltr'><strong>nempe</strong></span> <span class='ocrx_word' id='word_1_671' title='bbox 3080 4664 3346 4722; x_wconf 36' lang='lat' dir='ltr'><strong>‘Cumdius</strong></span> 
     </span>
    </p>
   </div>
   <div class='ocr_carea' id='block_1_85' title="bbox 92 4727 3346 4804">
    <p class='ocr_par' dir='ltr' id='par_1_85' title="bbox 92 4727 3346 4804">
     <span class='ocr_line' id='line_1_85' title="bbox 92 4727 3346 4804; baseline 0.002 -23"><span class='ocrx_word' id='word_1_672' title='bbox 92 4734 215 4804; x_wconf 74' lang='lat' dir='ltr'><strong>tom.</strong></span> <span class='ocrx_word' id='word_1_673' title='bbox 243 4728 436 4804; x_wconf 63' lang='lat' dir='ltr'><strong>leag.</strong></span> <span class='ocrx_word' id='word_1_674' title='bbox 474 4727 629 4804; x_wconf 47' lang='grc'><strong>1445,</strong></span> <span class='ocrx_word' id='word_1_675' title='bbox 655 4728 1007 4804; x_wconf 67' lang='lat' dir='ltr'><strong>Combetisius</strong></span> <span class='ocrx_word' id='word_1_676' title='bbox 1050 4727 1255 4804; x_wconf 20' lang='lat' dir='ltr'><strong>tom.7V</strong></span> <span class='ocrx_word' id='word_1_677' title='bbox 1282 4727 1413 4804; x_wconf 77' lang='lat' dir='ltr'><strong>pag.</strong></span> <span class='ocrx_word' id='word_1_678' title='bbox 1448 4733 1571 4797; x_wconf 68' lang='grc'><strong>475,</strong></span> <span class='ocrx_word' id='word_1_679' title='bbox 1602 4731 1909 4804; x_wconf 84' lang='lat' dir='ltr'><strong>Gymnicus,</strong></span> <span class='ocrx_word' id='word_1_680' title='bbox 1951 4727 2252 4789; x_wconf 79' lang='lat' dir='ltr'><strong>Galesinius</strong></span> <span class='ocrx_word' id='word_1_681' title='bbox 2273 4727 2433 4788; x_wconf 46' lang='lat' dir='ltr'><strong>&#39;hoin.</strong></span> <span class='ocrx_word' id='word_1_682' title='bbox 2474 4734 2541 4787; x_wconf 87' lang='lat' dir='ltr'><strong>Ill</strong></span> <span class='ocrx_word' id='word_1_683' title='bbox 2586 4727 2883 4799; x_wconf 86' lang='lat' dir='ltr'><strong>Paschatis,</strong></span> <span class='ocrx_word' id='word_1_684' title='bbox 2926 4727 3346 4791; x_wconf 63' lang='lat' dir='ltr'><strong>et&#39;Muratorius</strong></span> 
     </span>
    </p>
   </div>
   <div class='ocr_carea' id='block_1_86' title="bbox 92 4795 1653 4865">
    <p class='ocr_par' dir='ltr' id='par_1_86' title="bbox 92 4795 1653 4865">
     <span class='ocr_line' id='line_1_86' title="bbox 92 4795 1653 4865; baseline 0.008 -20"><span class='ocrx_word' id='word_1_685' title='bbox 92 4801 214 4849; x_wconf 88' lang='lat' dir='ltr'><strong>tom.</strong></span> <span class='ocrx_word' id='word_1_686' title='bbox 243 4795 634 4865; x_wconf 28' lang='lat' dir='ltr'><strong>IV‘Aitecdotq</strong></span> <span class='ocrx_word' id='word_1_687' title='bbox 663 4797 913 4854; x_wconf 84' lang='lat' dir='ltr'><strong>Galesinii</strong></span> <span class='ocrx_word' id='word_1_688' title='bbox 943 4801 1226 4855; x_wconf 85' lang='lat' dir='ltr'><strong>lectionem</strong></span> <span class='ocrx_word' id='word_1_689' title='bbox 1250 4795 1419 4857; x_wconf 80' lang='lat' dir='ltr'><strong>secuti</strong></span> <span class='ocrx_word' id='word_1_690' title='bbox 1449 4795 1653 4857; x_wconf 79' lang='lat' dir='ltr'><strong>sumus.</strong></span> 
     </span>
    </p>
   </div>
   <div class='ocr_carea' id='block_1_87' title="bbox 94 4901 1744 4974">
    <p class='ocr_par' dir='ltr' id='par_1_87' title="bbox 94 4901 1744 4974">
     <span class='ocr_line' id='line_1_87' title="bbox 94 4901 1744 4974; baseline 0.006 -21"><span class='ocrx_word' id='word_1_691' title='bbox 94 4901 477 4959; x_wconf 71' lang='lat' dir='ltr'><strong>AIGUIENTUI.</strong></span> <span class='ocrx_word' id='word_1_692' title='bbox 504 4934 575 4946; x_wconf 82' lang='lat'><strong>--</strong></span> <span class='ocrx_word' id='word_1_693' title='bbox 592 4905 901 4974; x_wconf 79' lang='lat' dir='ltr'><strong>Auspicatur</strong></span> <span class='ocrx_word' id='word_1_694' title='bbox 922 4906 981 4960; x_wconf 91' lang='lat' dir='ltr'><strong>S.</strong></span> <span class='ocrx_word' id='word_1_695' title='bbox 1008 4906 1186 4960; x_wconf 86' lang='lat' dir='ltr'><strong>doctor</strong></span> <span class='ocrx_word' id='word_1_696' title='bbox 1206 4910 1500 4962; x_wconf 84' lang='lat' dir='ltr'><strong>concionem</strong></span> <span class='ocrx_word' id='word_1_697' title='bbox 1517 4926 1661 4963; x_wconf 83' lang='lat' dir='ltr'><strong>suam</strong></span> <span class='ocrx_word' id='word_1_698' title='bbox 1697 4913 1744 4973; x_wconf 83' lang='grc' dir='ltr'>ι)</span> 
     </span>
    </p>
   </div>
   <div class='ocr_carea' id='block_1_88' title="bbox 156 4974 1655 5045">
    <p class='ocr_par' dir='ltr' id='par_1_88' title="bbox 156 4974 1655 5045">
     <span class='ocr_line' id='line_1_88' title="bbox 156 4974 1655 5045; baseline 0.007 -23"><span class='ocrx_word' id='word_1_699' title='bbox 156 4989 185 5022; x_wconf 90' lang='lat' dir='ltr'><strong>a</strong></span> <span class='ocrx_word' id='word_1_700' title='bbox 211 4978 557 5045; x_wconf 46' lang='lat' dir='ltr'><strong>portentis.“</strong></span> <span class='ocrx_word' id='word_1_701' title='bbox 584 4974 899 5029; x_wconf 70' lang='lat' dir='ltr'><strong>mirabilibus</strong></span> <span class='ocrx_word' id='word_1_702' title='bbox 927 4976 1089 5045; x_wconf 84' lang='lat' dir='ltr'><strong>signis</strong></span> <span class='ocrx_word' id='word_1_703' title='bbox 1115 4994 1226 5045; x_wconf 77' lang='lat' dir='ltr'><strong>qua:</strong></span> <span class='ocrx_word' id='word_1_704' title='bbox 1255 4979 1304 5029; x_wconf 87' lang='lat' dir='ltr'><strong>in</strong></span> <span class='ocrx_word' id='word_1_705' title='bbox 1337 4978 1546 5031; x_wconf 84' lang='lat' dir='ltr'><strong>Domini</strong></span> <span class='ocrx_word' id='word_1_706' title='bbox 1573 4996 1655 5033; x_wconf 88' lang='lat' dir='ltr'><strong>re-</strong></span> 
     </span>
    </p>
   </div>
   <div class='ocr_carea' id='block_1_89' title="bbox 153 5042 1661 5115">
    <p class='ocr_par' dir='ltr' id='par_1_89' title="bbox 153 5042 1661 5115">
     <span class='ocr_line' id='line_1_89' title="bbox 153 5042 1661 5115; baseline 0.006 -22"><span class='ocrx_word' id='word_1_707' title='bbox 153 5045 468 5115; x_wconf 76' lang='lat' dir='ltr'><strong>surrectione</strong></span> <span class='ocrx_word' id='word_1_708' title='bbox 498 5042 769 5115; x_wconf 81' lang='lat' dir='ltr'><strong>obvenere;</strong></span> <span class='ocrx_word' id='word_1_709' title='bbox 796 5061 908 5114; x_wconf 79' lang='lat' dir='ltr'><strong>qua:</strong></span> <span class='ocrx_word' id='word_1_710' title='bbox 929 5042 1071 5115; x_wconf 81' lang='lat' dir='ltr'><strong>illam</strong></span> <span class='ocrx_word' id='word_1_711' title='bbox 1095 5042 1318 5099; x_wconf 77' lang='lat' dir='ltr'><strong>divinum</strong></span> <span class='ocrx_word' id='word_1_712' title='bbox 1341 5065 1468 5115; x_wconf 84' lang='lat' dir='ltr'><strong>opus</strong></span> <span class='ocrx_word' id='word_1_713' title='bbox 1488 5051 1661 5101; x_wconf 73' lang='lat' dir='ltr'><strong>maa&#39;i-</strong></span> 
     </span>
    </p>
   </div>
   <div class='ocr_carea' id='block_1_90' title="bbox 157 5114 1663 5186">
    <p class='ocr_par' dir='ltr' id='par_1_90' title="bbox 157 5114 1663 5186">
     <span class='ocr_line' id='line_1_90' title="bbox 157 5114 1663 5186; baseline 0.003 -21"><span class='ocrx_word' id='word_1_714' title='bbox 157 5127 237 5165; x_wconf 77' lang='lat' dir='ltr'><strong>tua</strong></span> <span class='ocrx_word' id='word_1_715' title='bbox 264 5114 662 5186; x_wconf 72' lang='lat' dir='ltr'><strong>prwfulgentem</strong></span> <span class='ocrx_word' id='word_1_716' title='bbox 702 5114 869 5184; x_wconf 84' lang='lat' dir='ltr'><strong>gloria</strong></span> <span class='ocrx_word' id='word_1_717' title='bbox 901 5114 1275 5169; x_wconf 72' lang='lat' dir='ltr'><strong>demonstrant.</strong></span> <span class='ocrx_word' id='word_1_718' title='bbox 1318 5114 1517 5171; x_wconf 82' lang='lat' dir='ltr'><strong>Deinde</strong></span> <span class='ocrx_word' id='word_1_719' title='bbox 1546 5118 1663 5174; x_wconf 77' lang='lat' dir='ltr'><strong>nlu-</strong></span> 
     </span>
    </p>
   </div>
   <div class='ocr_carea' id='block_1_91' title="bbox 1838 4912 3344 4982">
    <p class='ocr_par' dir='ltr' id='par_1_91' title="bbox 1838 4912 3344 4982">
     <span class='ocr_line' id='line_1_91' title="bbox 1838 4912 3344 4982; baseline 0.004 -19"><span class='ocrx_word' id='word_1_720' title='bbox 1838 4912 1969 4982; x_wconf 77' lang='lat' dir='ltr'><strong>rima</strong></span> <span class='ocrx_word' id='word_1_721' title='bbox 2020 4912 2248 4982; x_wconf 80' lang='lat' dir='ltr'><strong>congerit</strong></span> <span class='ocrx_word' id='word_1_722' title='bbox 2298 4920 2600 4981; x_wconf 74' lang='lat' dir='ltr'><strong>argumenta</strong></span> <span class='ocrx_word' id='word_1_723' title='bbox 2625 4950 2639 4973; x_wconf 95' lang='lat'><strong>,</strong></span> <span class='ocrx_word' id='word_1_724' title='bbox 2686 4929 2751 4965; x_wconf 76' lang='lat' dir='ltr'><strong>ea:</strong></span> <span class='ocrx_word' id='word_1_725' title='bbox 2788 4913 2967 4982; x_wconf 71' lang='lat' dir='ltr'><strong>quibus</strong></span> <span class='ocrx_word' id='word_1_726' title='bbox 3008 4913 3244 4966; x_wconf 75' lang='lat' dir='ltr'><strong>ostendat</strong></span> <span class='ocrx_word' id='word_1_727' title='bbox 3286 4916 3344 4969; x_wconf 79' lang='lat' dir='ltr'><strong>in</strong></span> 
     </span>
    </p>
   </div>
   <div class='ocr_carea' id='block_1_92' title="bbox 1841 4979 3345 5052">
    <p class='ocr_par' dir='ltr' id='par_1_92' title="bbox 1841 4979 3345 5052">
     <span class='ocr_line' id='line_1_92' title="bbox 1841 4979 3345 5052; baseline 0.004 -21"><span class='ocrx_word' id='word_1_728' title='bbox 1841 4979 2031 5052; x_wconf 78' lang='lat' dir='ltr'><strong>Christi</strong></span> <span class='ocrx_word' id='word_1_729' title='bbox 2071 4979 2452 5035; x_wconf 74' lang='lat' dir='ltr'><strong>resurrectionis</strong></span> <span class='ocrx_word' id='word_1_730' title='bbox 2491 4982 2571 5033; x_wconf 81' lang='lat' dir='ltr'><strong>die</strong></span> <span class='ocrx_word' id='word_1_731' title='bbox 2612 4979 2860 5052; x_wconf 83' lang='lat' dir='ltr'><strong>majorem</strong></span> <span class='ocrx_word' id='word_1_732' title='bbox 2905 4983 2962 5035; x_wconf 86' lang='lat' dir='ltr'><strong>in</strong></span> <span class='ocrx_word' id='word_1_733' title='bbox 3002 4982 3206 5035; x_wconf 83' lang='lat' dir='ltr'><strong>modum</strong></span> <span class='ocrx_word' id='word_1_734' title='bbox 3234 5000 3345 5037; x_wconf 78' lang='lat' dir='ltr'><strong>esse</strong></span> 
     </span>
    </p>
   </div>
   <div class='ocr_carea' id='block_1_93' title="bbox 1839 5050 2214 5102">
    <p class='ocr_par' dir='ltr' id='par_1_93' title="bbox 1839 5050 2214 5102">
     <span class='ocr_line' id='line_1_93' title="bbox 1839 5050 2214 5102; baseline 0.003 -1"><span class='ocrx_word' id='word_1_735' title='bbox 1839 5050 2214 5102; x_wconf 69' lang='lat' dir='ltr'><strong>exsultantium.</strong></span> 
     </span>
    </p>
   </div>
   <div class='ocr_carea' id='block_1_94' title="bbox 1838 5115 3340 5195">
    <p class='ocr_par' dir='ltr' id='par_1_94' title="bbox 1838 5115 3340 5195">
     <span class='ocr_line' id='line_1_94' title="bbox 1838 5115 3340 5195; baseline 0.003 -25"><span class='ocrx_word' id='word_1_736' title='bbox 1838 5115 2217 5172; x_wconf 81' lang='lat' dir='ltr'><strong>Exsultandum</strong></span> <span class='ocrx_word' id='word_1_737' title='bbox 2263 5118 2417 5173; x_wconf 83' lang='lat' dir='ltr'><strong>nobis</strong></span> <span class='ocrx_word' id='word_1_738' title='bbox 2457 5127 2557 5184; x_wconf 86' lang='lat' dir='ltr'><strong>est,</strong></span> <span class='ocrx_word' id='word_1_739' title='bbox 2597 5118 2811 5187; x_wconf 86' lang='lat' dir='ltr'><strong>fratres,</strong></span> <span class='ocrx_word' id='word_1_740' title='bbox 2853 5124 2903 5173; x_wconf 86' lang='lat' dir='ltr'><strong>in</strong></span> <span class='ocrx_word' id='word_1_741' title='bbox 2938 5120 3040 5174; x_wconf 86' lang='lat' dir='ltr'><strong>hac</strong></span> <span class='ocrx_word' id='word_1_742' title='bbox 3067 5118 3154 5175; x_wconf 91' lang='lat' dir='ltr'><strong>die</strong></span> <span class='ocrx_word' id='word_1_743' title='bbox 3170 5135 3340 5195; x_wconf 84' lang='lat' dir='ltr'><strong>quam</strong></span> 
     </span>
    </p>
   </div>
   <div class='ocr_carea' id='block_1_95' title="bbox 158 5241 1302 5310">
    <p class='ocr_par' dir='ltr' id='par_1_95' title="bbox 158 5241 1302 5310">
     <span class='ocr_line' id='line_1_95' title="bbox 158 5241 1302 5310; baseline 0.008 -16"><span class='ocrx_word' id='word_1_744' title='bbox 158 5250 185 5278; x_wconf 79' lang='grc' dir='ltr'>ι</span> <span class='ocrx_word' id='word_1_745' title='bbox 211 5241 338 5297; x_wconf 85' lang='lat' dir='ltr'><strong>Cod.</strong></span> <span class='ocrx_word' id='word_1_746' title='bbox 371 5244 442 5299; x_wconf 86' lang='lat'><strong>90</strong></span> <span class='ocrx_word' id='word_1_747' title='bbox 472 5245 534 5299; x_wconf 92' lang='lat' dir='ltr'><strong>S.</strong></span> <span class='ocrx_word' id='word_1_748' title='bbox 564 5246 751 5301; x_wconf 67' lang='lat' dir='ltr'><strong>Crucis</strong></span> <span class='ocrx_word' id='word_1_749' title='bbox 781 5247 833 5299; x_wconf 88' lang='lat' dir='ltr'><strong>in</strong></span> <span class='ocrx_word' id='word_1_750' title='bbox 872 5243 1003 5310; x_wconf 62' lang='grc' dir='ltr'>ιω..</span> <span class='ocrx_word' id='word_1_751' title='bbox 1033 5250 1302 5303; x_wconf 76' lang='lat' dir='ltr'><strong>incutiens.</strong></span> 
     </span>
    </p>
   </div>
   <div class='ocr_carea' id='block_1_96' title="bbox 157 5310 1407 5384">
    <p class='ocr_par' dir='ltr' id='par_1_96' title="bbox 157 5310 1407 5384">
     <span class='ocr_line' id='line_1_96' title="bbox 157 5310 1407 5384; baseline 0.003 -17"><span class='ocrx_word' id='word_1_752' title='bbox 157 5310 182 5348; x_wconf 67' lang='grc' dir='ltr'>δ</span> <span class='ocrx_word' id='word_1_753' title='bbox 209 5311 351 5384; x_wconf 59' lang='lat' dir='ltr'><strong>idem</strong></span> <span class='ocrx_word' id='word_1_754' title='bbox 378 5314 505 5371; x_wconf 85' lang='lat' dir='ltr'><strong>cod.</strong></span> <span class='ocrx_word' id='word_1_755' title='bbox 536 5314 605 5384; x_wconf 65' lang='lat'><strong>90</strong></span> <span class='ocrx_word' id='word_1_756' title='bbox 632 5314 687 5368; x_wconf 92' lang='lat' dir='ltr'><strong>S.</strong></span> <span class='ocrx_word' id='word_1_757' title='bbox 719 5316 906 5371; x_wconf 85' lang='lat' dir='ltr'><strong>Crucis</strong></span> <span class='ocrx_word' id='word_1_758' title='bbox 936 5317 986 5369; x_wconf 90' lang='lat' dir='ltr'><strong>in</strong></span> <span class='ocrx_word' id='word_1_759' title='bbox 1016 5316 1150 5384; x_wconf 83' lang='lat' dir='ltr'><strong>Jer.,</strong></span> <span class='ocrx_word' id='word_1_760' title='bbox 1181 5328 1407 5372; x_wconf 79' lang='lat' dir='ltr'><strong>sanaret.</strong></span> 
     </span>
    </p>
   </div>
   <div class='ocr_carea' id='block_1_97' title="bbox 162 5379 1664 5444">
    <p class='ocr_par' dir='ltr' id='par_1_97' title="bbox 162 5379 1664 5444">
     <span class='ocr_line' id='line_1_97' title="bbox 162 5379 1664 5444; baseline 0.007 -11"><span class='ocrx_word' id='word_1_761' title='bbox 162 5392 182 5419; x_wconf 76' lang='grc' dir='ltr'><strong>ε</strong></span> <span class='ocrx_word' id='word_1_762' title='bbox 209 5379 351 5438; x_wconf 82' lang='lat' dir='ltr'><strong>Idem</strong></span> <span class='ocrx_word' id='word_1_763' title='bbox 377 5386 502 5440; x_wconf 87' lang='lat' dir='ltr'><strong>cod.</strong></span> <span class='ocrx_word' id='word_1_764' title='bbox 536 5382 607 5438; x_wconf 90' lang='lat'><strong>90</strong></span> <span class='ocrx_word' id='word_1_765' title='bbox 633 5384 687 5439; x_wconf 90' lang='lat' dir='ltr'><strong>S.</strong></span> <span class='ocrx_word' id='word_1_766' title='bbox 720 5384 903 5440; x_wconf 87' lang='lat' dir='ltr'><strong>Crucis</strong></span> <span class='ocrx_word' id='word_1_767' title='bbox 932 5387 985 5439; x_wconf 91' lang='lat' dir='ltr'><strong>in</strong></span> <span class='ocrx_word' id='word_1_768' title='bbox 1010 5385 1116 5441; x_wconf 84' lang='lat' dir='ltr'><strong>Jer.</strong></span> <span class='ocrx_word' id='word_1_769' title='bbox 1138 5379 1297 5442; x_wconf 50' lang='lat' dir='ltr'><strong>&#39;addit</strong></span> <span class='ocrx_word' id='word_1_770' title='bbox 1321 5389 1392 5442; x_wconf 89' lang='lat' dir='ltr'><strong>ita</strong></span> <span class='ocrx_word' id='word_1_771' title='bbox 1424 5408 1435 5441; x_wconf 90' lang='lat'>:</span> <span class='ocrx_word' id='word_1_772' title='bbox 1461 5390 1664 5444; x_wconf 73' lang='lat' dir='ltr'><strong>videbat</strong></span> 
     </span>
    </p>
   </div>
   <div class='ocr_carea' id='block_1_98' title="bbox 96 5455 595 5509">
    <p class='ocr_par' dir='ltr' id='par_1_98' title="bbox 96 5455 595 5509">
     <span class='ocr_line' id='line_1_98' title="bbox 96 5455 595 5509; baseline 0.014 -9"><span class='ocrx_word' id='word_1_773' title='bbox 96 5457 138 5500; x_wconf 75' lang='grc' dir='ltr'><strong>ιι</strong></span> <span class='ocrx_word' id='word_1_774' title='bbox 156 5455 330 5505; x_wconf 74' lang='lat' dir='ltr'><strong>calum</strong></span> <span class='ocrx_word' id='word_1_775' title='bbox 356 5456 419 5507; x_wconf 83' lang='lat' dir='ltr'><strong>de</strong></span> <span class='ocrx_word' id='word_1_776' title='bbox 444 5456 595 5509; x_wconf 71' lang='lat' dir='ltr'><strong>caelo.</strong></span> 
     </span>
    </p>
   </div>
   <div class='ocr_carea' id='block_1_99' title="bbox 158 5519 1409 5582">
    <p class='ocr_par' dir='ltr' id='par_1_99' title="bbox 158 5519 1409 5582">
     <span class='ocr_line' id='line_1_99' title="bbox 158 5519 1409 5582; baseline 0.006 -9"><span class='ocrx_word' id='word_1_777' title='bbox 158 5519 180 5554; x_wconf 71' lang='grc' dir='ltr'><em>ά</em></span> <span class='ocrx_word' id='word_1_778' title='bbox 203 5519 365 5576; x_wconf 85' lang='lat' dir='ltr'><strong>Idem.</strong></span> <span class='ocrx_word' id='word_1_779' title='bbox 397 5525 528 5578; x_wconf 85' lang='lat' dir='ltr'><strong>cod.</strong></span> <span class='ocrx_word' id='word_1_780' title='bbox 560 5521 630 5574; x_wconf 78' lang='lat'><strong>90</strong></span> <span class='ocrx_word' id='word_1_781' title='bbox 656 5520 713 5575; x_wconf 93' lang='grc'><strong>8.</strong></span> <span class='ocrx_word' id='word_1_782' title='bbox 745 5520 929 5577; x_wconf 83' lang='lat' dir='ltr'><strong>Crucis</strong></span> <span class='ocrx_word' id='word_1_783' title='bbox 955 5525 1007 5577; x_wconf 91' lang='lat' dir='ltr'><strong>in</strong></span> <span class='ocrx_word' id='word_1_784' title='bbox 1036 5523 1145 5579; x_wconf 83' lang='lat' dir='ltr'><strong>Jer.</strong></span> <span class='ocrx_word' id='word_1_785' title='bbox 1177 5526 1319 5580; x_wconf 79' lang='lat' dir='ltr'><strong>addit</strong></span> <span class='ocrx_word' id='word_1_786' title='bbox 1344 5530 1409 5582; x_wconf 86' lang='lat' dir='ltr'><strong>ei.</strong></span> 
     </span>
    </p>
   </div>
   <div class='ocr_carea' id='block_1_100' title="bbox 162 5589 1462 5653">
    <p class='ocr_par' dir='ltr' id='par_1_100' title="bbox 162 5589 1462 5653">
     <span class='ocr_line' id='line_1_100' title="bbox 162 5589 1462 5653; baseline 0.007 -12"><span class='ocrx_word' id='word_1_787' title='bbox 162 5598 184 5625; x_wconf 84' lang='grc'>⁶</span> <span class='ocrx_word' id='word_1_788' title='bbox 212 5589 333 5646; x_wconf 75' lang='lat' dir='ltr'><strong>Htec</strong></span> <span class='ocrx_word' id='word_1_789' title='bbox 352 5609 420 5647; x_wconf 77' lang='lat' dir='ltr'><strong>ex</strong></span> <span class='ocrx_word' id='word_1_790' title='bbox 440 5592 604 5647; x_wconf 87' lang='lat' dir='ltr'><strong>codd.</strong></span> <span class='ocrx_word' id='word_1_791' title='bbox 632 5590 837 5645; x_wconf 90' lang='lat' dir='ltr'><strong>duobus</strong></span> <span class='ocrx_word' id='word_1_792' title='bbox 864 5593 955 5647; x_wconf 80' lang='lat' dir='ltr'><strong>cit.</strong></span> <span class='ocrx_word' id='word_1_793' title='bbox 979 5592 1035 5646; x_wconf 92' lang='lat' dir='ltr'><strong>S.</strong></span> <span class='ocrx_word' id='word_1_794' title='bbox 1068 5594 1251 5651; x_wconf 90' lang='lat' dir='ltr'><strong>Crucis</strong></span> <span class='ocrx_word' id='word_1_795' title='bbox 1279 5598 1330 5650; x_wconf 89' lang='lat' dir='ltr'><strong>in</strong></span> <span class='ocrx_word' id='word_1_796' title='bbox 1355 5596 1462 5653; x_wconf 84' lang='lat' dir='ltr'><strong>Jer.</strong></span> 
     </span>
    </p>
   </div>
   <div class='ocr_carea' id='block_1_101' title="bbox 97 5657 1660 5777">
    <p class='ocr_par' dir='ltr' id='par_1_101' title="bbox 97 5657 1660 5777">
     <span class='ocr_line' id='line_1_101' title="bbox 97 5657 1660 5777; baseline 0.005 -63"><span class='ocrx_word' id='word_1_797' title='bbox 97 5657 330 5777; x_wconf 57' lang='lat' dir='ltr'><strong>mfpod.</strong></span> <span class='ocrx_word' id='word_1_798' title='bbox 362 5662 430 5716; x_wconf 73' lang='lat'><strong>10</strong></span> <span class='ocrx_word' id='word_1_799' title='bbox 459 5662 603 5717; x_wconf 81' lang='lat' dir='ltr'><strong>l&#39;lut.</strong></span> <span class='ocrx_word' id='word_1_800' title='bbox 631 5676 739 5715; x_wconf 74' lang='lat' dir='ltr'><strong>xxv.</strong></span> <span class='ocrx_word' id='word_1_801' title='bbox 770 5660 952 5725; x_wconf 87' lang='lat' dir='ltr'><strong>Laur.,</strong></span> <span class='ocrx_word' id='word_1_802' title='bbox 981 5662 1048 5716; x_wconf 87' lang='lat' dir='ltr'><strong>Ut</strong></span> <span class='ocrx_word' id='word_1_803' title='bbox 1077 5665 1333 5735; x_wconf 81' lang='lat' dir='ltr'><strong>deponens</strong></span> <span class='ocrx_word' id='word_1_804' title='bbox 1360 5669 1540 5723; x_wconf 82' lang='lat' dir='ltr'><strong>veteris</strong></span> <span class='ocrx_word' id='word_1_805' title='bbox 1568 5669 1660 5722; x_wconf 76' lang='lat' dir='ltr'><strong>Ito-</strong></span> 
     </span>
     <span class='ocr_line' id='line_1_102' title="bbox 144 5743 254 5777; baseline 0 0"><span class='ocrx_word' id='word_1_806' title='bbox 144 5743 254 5777; x_wconf 76' lang='lat'><strong>&quot;&quot;8.</strong></span> 
     </span>
    </p>
   </div>
   <div class='ocr_carea' id='block_1_102' title="bbox 144 5743 254 5780">
    <p class='ocr_par' dir='ltr' id='par_1_102' title="bbox 144 5743 254 5780">
     <span class='ocr_line' id='line_1_103' title="bbox 144 5743 254 5780; baseline 0.018 -2"><span class='ocrx_word' id='word_1_807' title='bbox 144 5743 254 5780; x_wconf 72' lang='grc' dir='ltr'>ιιιιδ.</span> 
     </span>
    </p>
   </div>
   <div class='ocr_carea' id='block_1_103' title="bbox 1840 5249 3127 5321">
    <p class='ocr_par' dir='ltr' id='par_1_103' title="bbox 1840 5249 3127 5321">
     <span class='ocr_line' id='line_1_104' title="bbox 1840 5249 3127 5321; baseline -0.001 -16"><span class='ocrx_word' id='word_1_808' title='bbox 1840 5260 1867 5321; x_wconf 70' lang='grc' dir='ltr'><strong>β</strong></span> <span class='ocrx_word' id='word_1_809' title='bbox 1898 5250 2020 5307; x_wconf 75' lang='lat' dir='ltr'><strong>limo</strong></span> <span class='ocrx_word' id='word_1_810' title='bbox 2047 5251 2295 5321; x_wconf 83' lang='lat' dir='ltr'><strong>supplent</strong></span> <span class='ocrx_word' id='word_1_811' title='bbox 2322 5249 2478 5321; x_wconf 76' lang='lat' dir='ltr'><strong>codd.</strong></span> <span class='ocrx_word' id='word_1_812' title='bbox 2510 5252 2601 5306; x_wconf 92' lang='lat' dir='ltr'><strong>cit.</strong></span> <span class='ocrx_word' id='word_1_813' title='bbox 2634 5250 2690 5321; x_wconf 82' lang='lat' dir='ltr'><strong>S.</strong></span> <span class='ocrx_word' id='word_1_814' title='bbox 2722 5250 2909 5321; x_wconf 80' lang='lat' dir='ltr'><strong>Crucis</strong></span> <span class='ocrx_word' id='word_1_815' title='bbox 2937 5252 2990 5305; x_wconf 92' lang='lat' dir='ltr'><strong>in</strong></span> <span class='ocrx_word' id='word_1_816' title='bbox 3018 5249 3127 5312; x_wconf 80' lang='lat' dir='ltr'><strong>Jer.</strong></span> 
     </span>
    </p>
   </div>
   <div class='ocr_carea' id='block_1_104' title="bbox 1840 5318 3157 5383">
    <p class='ocr_par' dir='ltr' id='par_1_104' title="bbox 1840 5318 3157 5383">
     <span class='ocr_line' id='line_1_105' title="bbox 1840 5318 3157 5383; baseline 0 -8"><span class='ocrx_word' id='word_1_817' title='bbox 1840 5320 1864 5357; x_wconf 80' lang='grc'><strong>¹³</strong></span> <span class='ocrx_word' id='word_1_818' title='bbox 1898 5322 2011 5375; x_wconf 92' lang='lat' dir='ltr'><strong>Duo</strong></span> <span class='ocrx_word' id='word_1_819' title='bbox 2032 5318 2127 5375; x_wconf 59' lang='lat' dir='ltr'><strong>cit:</strong></span> <span class='ocrx_word' id='word_1_820' title='bbox 2149 5318 2311 5374; x_wconf 75' lang='lat' dir='ltr'><strong>codd.</strong></span> <span class='ocrx_word' id='word_1_821' title='bbox 2343 5318 2399 5372; x_wconf 90' lang='lat' dir='ltr'><strong>S.</strong></span> <span class='ocrx_word' id='word_1_822' title='bbox 2432 5318 2619 5374; x_wconf 88' lang='lat' dir='ltr'><strong>Crucis</strong></span> <span class='ocrx_word' id='word_1_823' title='bbox 2648 5320 2701 5372; x_wconf 92' lang='lat' dir='ltr'><strong>in</strong></span> <span class='ocrx_word' id='word_1_824' title='bbox 2731 5318 2861 5383; x_wconf 84' lang='lat' dir='ltr'><strong>Jer.,</strong></span> <span class='ocrx_word' id='word_1_825' title='bbox 2884 5322 3157 5375; x_wconf 78' lang='lat' dir='ltr'><strong>curriculo.</strong></span> 
     </span>
    </p>
   </div>
   <div class='ocr_carea' id='block_1_105' title="bbox 1842 5388 3049 5445">
    <p class='ocr_par' dir='ltr' id='par_1_105' title="bbox 1842 5388 3049 5445">
     <span class='ocr_line' id='line_1_106' title="bbox 1842 5388 3049 5445; baseline 0.001 -3"><span class='ocrx_word' id='word_1_826' title='bbox 1842 5388 1857 5426; x_wconf 70' lang='grc' dir='ltr'>ί</span> <span class='ocrx_word' id='word_1_827' title='bbox 1890 5390 2012 5445; x_wconf 72' lang='lat' dir='ltr'><strong>llmc</strong></span> <span class='ocrx_word' id='word_1_828' title='bbox 2040 5390 2239 5443; x_wconf 87' lang='lat' dir='ltr'><strong>addunt</strong></span> <span class='ocrx_word' id='word_1_829' title='bbox 2262 5388 2415 5441; x_wconf 86' lang='lat' dir='ltr'><strong>codd.</strong></span> <span class='ocrx_word' id='word_1_830' title='bbox 2446 5390 2536 5443; x_wconf 90' lang='lat' dir='ltr'><strong>cit.</strong></span> <span class='ocrx_word' id='word_1_831' title='bbox 2563 5389 2620 5441; x_wconf 91' lang='lat' dir='ltr'><strong>S.</strong></span> <span class='ocrx_word' id='word_1_832' title='bbox 2652 5388 2838 5443; x_wconf 86' lang='lat' dir='ltr'><strong>Crucis</strong></span> <span class='ocrx_word' id='word_1_833' title='bbox 2868 5391 2918 5443; x_wconf 93' lang='lat' dir='ltr'><strong>in</strong></span> <span class='ocrx_word' id='word_1_834' title='bbox 2939 5388 3049 5443; x_wconf 81' lang='lat' dir='ltr'><strong>Jer.</strong></span> 
     </span>
    </p>
   </div>
   <div class='ocr_carea' id='block_1_106' title="bbox 1841 5456 3001 5519">
    <p class='ocr_par' dir='ltr' id='par_1_106' title="bbox 1841 5456 3001 5519">
     <span class='ocr_line' id='line_1_107' title="bbox 1841 5456 3001 5519; baseline 0.001 -8"><span class='ocrx_word' id='word_1_835' title='bbox 1841 5462 1853 5506; x_wconf 82' lang='grc'><strong>1</strong></span> <span class='ocrx_word' id='word_1_836' title='bbox 1892 5458 2023 5513; x_wconf 89' lang='lat' dir='ltr'><strong>Cod.</strong></span> <span class='ocrx_word' id='word_1_837' title='bbox 2054 5456 2140 5511; x_wconf 86' lang='lat'><strong>90.</strong></span> <span class='ocrx_word' id='word_1_838' title='bbox 2172 5458 2226 5511; x_wconf 94' lang='lat' dir='ltr'><strong>S.</strong></span> <span class='ocrx_word' id='word_1_839' title='bbox 2257 5457 2441 5512; x_wconf 87' lang='lat' dir='ltr'><strong>Crucis</strong></span> <span class='ocrx_word' id='word_1_840' title='bbox 2473 5459 2523 5511; x_wconf 88' lang='lat' dir='ltr'><strong>in</strong></span> <span class='ocrx_word' id='word_1_841' title='bbox 2550 5456 2683 5519; x_wconf 54' lang='grc' dir='ltr'><strong>τιθῇ,</strong></span> <span class='ocrx_word' id='word_1_842' title='bbox 2707 5457 3001 5512; x_wconf 84' lang='lat' dir='ltr'><strong>salubriter.</strong></span> 
     </span>
    </p>
   </div>
   <div class='ocr_carea' id='block_1_107' title="bbox 1839 5524 3337 5589">
    <p class='ocr_par' dir='ltr' id='par_1_107' title="bbox 1839 5524 3337 5589">
     <span class='ocr_line' id='line_1_108' title="bbox 1839 5524 3337 5589; baseline 0.002 -9"><span class='ocrx_word' id='word_1_843' title='bbox 1839 5524 1861 5562; x_wconf 75' lang='lat'><em>&quot;</em></span> <span class='ocrx_word' id='word_1_844' title='bbox 1891 5526 2059 5581; x_wconf 90' lang='lat' dir='ltr'><strong>Codd.</strong></span> <span class='ocrx_word' id='word_1_845' title='bbox 2092 5528 2149 5582; x_wconf 90' lang='grc'><strong>8.</strong></span> <span class='ocrx_word' id='word_1_846' title='bbox 2182 5528 2365 5582; x_wconf 88' lang='lat' dir='ltr'><strong>Crucis</strong></span> <span class='ocrx_word' id='word_1_847' title='bbox 2393 5527 2445 5579; x_wconf 90' lang='lat' dir='ltr'><strong>in</strong></span> <span class='ocrx_word' id='word_1_848' title='bbox 2474 5526 2589 5589; x_wconf 70' lang='lat' dir='ltr'><strong>ler.‘</strong></span> <span class='ocrx_word' id='word_1_849' title='bbox 2624 5525 2822 5580; x_wconf 89' lang='lat' dir='ltr'><strong>addunt</strong></span> <span class='ocrx_word' id='word_1_850' title='bbox 2862 5528 2977 5582; x_wconf 70' lang='lat' dir='ltr'><strong>bmc</strong></span> <span class='ocrx_word' id='word_1_851' title='bbox 3016 5528 3178 5584; x_wconf 85' lang='lat' dir='ltr'><strong>verba</strong></span> <span class='ocrx_word' id='word_1_852' title='bbox 3208 5547 3220 5581; x_wconf 89' lang='lat'><strong>:</strong></span> <span class='ocrx_word' id='word_1_853' title='bbox 3250 5530 3337 5584; x_wconf 77' lang='lat' dir='ltr'><strong>sed</strong></span> 
     </span>
    </p>
   </div>
   <div class='ocr_carea' id='block_1_108' title="bbox 1804 5607 2041 5650">
    <p class='ocr_par' dir='ltr' id='par_1_108' title="bbox 1804 5607 2041 5650">
     <span class='ocr_line' id='line_1_109' title="bbox 1804 5607 2041 5650; baseline 0.008 -2"><span class='ocrx_word' id='word_1_854' title='bbox 1804 5607 2041 5650; x_wconf 67' lang='lat' dir='ltr'><strong>ra‘centa.</strong></span> 
     </span>
    </p>
   </div>
   <div class='ocr_carea' id='block_1_109' title="bbox 1765 5613 2915 5734">
    <p class='ocr_par' dir='ltr' id='par_1_109' title="bbox 1765 5613 2915 5734">
     <span class='ocr_line' id='line_1_110' title="bbox 1765 5613 2041 5666; baseline 0.007 -18"><span class='ocrx_word' id='word_1_855' title='bbox 1765 5613 2041 5666; x_wconf 65' lang='lat' dir='ltr'><strong>praecepta.</strong></span> 
     </span>
     <span class='ocr_line' id='line_1_111' title="bbox 1844 5664 2915 5734; baseline -0.001 -14"><span class='ocrx_word' id='word_1_856' title='bbox 1844 5664 1859 5702; x_wconf 85' lang='grc'><strong>¹</strong></span> <span class='ocrx_word' id='word_1_857' title='bbox 1894 5665 2024 5721; x_wconf 87' lang='lat' dir='ltr'><strong>Cod.</strong></span> <span class='ocrx_word' id='word_1_858' title='bbox 2058 5666 2123 5721; x_wconf 74' lang='grc'>10</span> <span class='ocrx_word' id='word_1_859' title='bbox 2149 5665 2424 5731; x_wconf 87' lang='lat' dir='ltr'><strong>Laurent.,</strong></span> <span class='ocrx_word' id='word_1_860' title='bbox 2455 5682 2557 5721; x_wconf 82' lang='lat' dir='ltr'><strong>non</strong></span> <span class='ocrx_word' id='word_1_861' title='bbox 2584 5664 2915 5734; x_wconf 58' lang='lat' dir='ltr'><strong>praevaleant.</strong></span> 
     </span>
    </p>
   </div>
  </div>
