3910 6238
583 340 682 393 591

1786 345 1841 402 S.
1886 348 2125 403 MAXIM]
2166 346 2610 401 TAURINENSIS

3745 338 3837 391 59‘!

580 454 711 509 lecit
734 452 988 508 Dominus
1016 455 1326 509 continuata
1355 455 1555 519 laetitia,
1581 464 1634 512 et
1656 458 1707 511 in
1731 458 1848 527 ejus
1874 459 2157 513 festivitate
2186 463 2234 520 Α
2262 456 2392 512 dicit
2429 464 2642 511 sanctus
2670 453 2989 523 evangelista
3022 450 3234 521 (Matth.
3277 451 3391 520 xx),
3425 448 3584 522 573
3607 448 3829 503 descen-

583 555 608 581 ι
634 545 748 613 jngi
777 545 943 612 gloria
972 544 1367 613 gratulandum.
1400 545 1424 584 δ
1458 546 1567 603 Nec
1604 549 1725 617 quia
1768 566 1874 604 nox
1903 551 2157 605 solemni-

578 637 677 689 tati
727 635 1031 700 intervenit,
1071 635 1262 702 gaudia
1302 644 1482 689 nostra
1512 638 1815 707 prtescidit:
1851 652 1870 677 ε
1900 654 1999 693 nec
2034 640 2159 707 quia

579 740 688 778 nox
717 724 959 777 distinxit
985 731 1224 793 tempora
1264 726 1590 795 vespertina,
1631 728 2040 781 resurrectionis
2069 728 2158 781 lux

579 823 703 869 vota
728 822 929 869 aeterna
958 812 1212 869 deseruit.
1244 814 1408 870 Nobis
1433 816 1577 869 enim
1606 817 1720 870 beri
1746 826 1799 871 et
1820 817 1978 871 hodie
1998 814 2025 854 ἀ
2046 818 2159 871 dies

579 920 738 968 unus,
766 900 1025 972 dies'ipse
1052 911 1155 968 est,
1191 914 1214 942 ο
1235 905 1359 973 quia
1401 907 1539 962 sicut
1565 907 1633 960 de
1669 906 1947 962 Salvatore
1970 908 2160 962 beatus

579 995 869 1060 Apostolus
901 993 919 1032 τ
953 996 1029 1049 ait
1061 1014 1074 1048 :
1104 994 1259 1049 Iesus
1286 996 1518 1050 Christus
1547 998 1657 1051 lteri
1686 1008 1734 1050 et
1770 998 1920 1051 hodie
1952 1000 2059 1067 ipse
2083 1009 2158 1051 est

578 1084 767 1143 (Hebr.
819 1086 955 1153 xm).
995 1085 1135 1154 Ergo
1176 1089 1219 1140 si
1264 1086 1417 1141 Jesus
1451 1097 1475 1134 Β
1506 1087 1747 1143 Christus
1773 1090 1888 1143 heri
1918 1098 1971 1143 et
2000 1090 2157 1143 hodie

578 1175 692 1243 ipse
712 1186 813 1241 est,
838 1178 953 1247 ipse
972 1186 1135 1248 atque
1156 1178 1295 1232 idem
1320 1180 1475 1234 nobis
1499 1195 1710 1249 semper
1729 1190 1810 1235 est
1828 1180 1961 1243 dies,
1985 1178 2012 1217 ¹ι
2033 1182 2155 1247 quia

578 1266 632 1319 in
658 1266 775 1336 ipso
803 1267 1048 1332 vivimus,
1080 1268 1131 1322 in
1167 1268 1283 1337 ipso
1311 1283 1590 1323 movemur
1607 1269 1752 1337 '(Act.
1785 1268 1931 1338 xvu),
1963 1269 2017 1322 in
2040 1270 2156 1338 ipso

579 1374 685 1413 non
720 1361 982 1415 morimur
1014 1378 1026 1412 :
1057 1376 1161 1414 non
1191 1360 1470 1427 morimur,
1500 1360 1733 1428 inquam,
1762 1360 1883 1427 quia
1916 1360 2053 1416 sicut
2074 1360 2155 1414 lu-

577 1462 696 1502 cem
722 1446 921 1503 Christi
956 1447 1100 1501 nulla
1146 1447 1353 1516 peccati
1394 1448 1615 1504 incessit
1650 1448 1964 1512 obscuritas,
1995 1448 2069 1502 ita
2100 1457 2153 1503 et

578 1536 821 1592 viventes
853 1534 869 1573 ί
906 1536 1050 1589 nulla
1076 1534 1333 1605 temporis
1355 1536 1585 1591 absumit
1609 1543 1864 1590 vetustas.
1892 1534 2153 1590 Ltetemur

578 1639 708 1694 ergo
736 1625 833 1679 int
870 1624 1069 1680 Christi
1105 1626 1509 1680 resurrectionis
1546 1624 1660 1690 die;
1691 1625 1987 1680 communis
2009 1624 2150 1679 enim

578 1716 860 1780 omnium,
903 1716 1203 1771 communis
1246 1725 1328 1771 est
1371 1724 1552 1769 nostra
1600 1716 1799 1771 laetitia.
1844 1716 2150 1770 Communis

2263 547 2422 601 dente
2451 545 2662 613 angelo,
2692 558 2886 613 magno
2917 552 3109 597 terram
3139 550 3373 595 tremore
3404 540 3565 593 fuisse
3594 554 3829 593 commn-

2263 645 2389 700 tam,
2421 646 2477 689 et
2501 635 2841 689 fundamenta
2873 632 3059 693 tumuli
3086 638 3449 692 moverentur,
3476 636 3530 682 et
3552 643 3830 697 percussos

2260 741 2458 795 pavore
2502 724 2773 788 custodes,
2800 725 2892 792 qui
2932 728 3186 777 venerant
3224 720 3496 774 custodire
3538 728 3825 779 mortuum,

2259 829 2375 868 esse
2406 814 2574 868 factos
2594 821 2651 866 ut
2674 822 2935 867 mortuos.
2960 810 3030 866 Ut
3054 818 3314 875 mortuos,
3335 810 3553 877 inquam
3577 808 3825 875 :-dignnm

2258 906 2414 976 plane
2452 904 2731 973 judicium,
2773 903 2839 968 si,
2890 918 3012 957 cum
3060 902 3234 969 justus
3278 900 3529 968 resurgit,
3581 907 3828 967 peccator

2258 997 2545 1060 emoritur;
2567 1011 2686 1049 cum
2714 993 2981 1049 reviviscit
3010 993 3285 1053 innocens,
3321 1002 3341 1028 τ
3369 991 3486 1059 ejus
3515 990 3826 1044 interficitur

2257 1084 2526 1149 inimicus;
2572 1098 2695 1137 nam
2740 1082 2862 1136 ideo
2911 1096 3010 1136 nec
3062 1079 3493 1150 progredientem
3546 1078 3823 1132 Dominum

2255 1194 2474 1233 eernere
2517 1182 2824 1247 potuerunt,
2862 1186 2881 1212 ι
2913 1176 3039 1243 quia
3066 1175 3381 1229 criminosas
3421 1180 3631 1225 mentes
3662 1180 3823 1223 terror

2256 1276 2620 1337 oppresserat,
2653 1266 2780 1320 dum
2818 1267 3082 1321 sustinere
3125 1264 3382 1329 fulgorem
3420 1260 3822 1317 resurrectionis

2253 1359 2426 1413 rutila:
2454 1374 2562 1411 non
2590 1357 2861 1411 valebant.
2892 1354 3092 1422 Majore
3129 1367 3257 1421 ergo
3294 1350 3656 1406 sollicitudine
3691 1348 3820 1403 Pha-

2250 1448 2389 1502 risaei
2431 1447 2713 1501 Dominum
2742 1444 3107 1499 custodierunt
3134 1450 3432 1507 mortuum,
3464 1456 3621 1509 quam
3651 1440 3819 1491 vivum

2252 1546 2375 1592 sunt
2413 1536 2707 1605 persecuti;
2738 1534 2999 1603 siquidem
3025 1548 3185 1587 causa
3215 1532 3333 1585 illos
3362 1530 3538 1598 major
3566 1531 3817 1596 urgebat:

2255 1627 2625 1695 intelligebant
2666 1626 2807 1679 enim
2847 1623 3051 1677 facilius
3082 1621 3242 1676 fuisse
3284 1636 3408 1675 eum
3436 1620 3581 1689 apud
3607 1632 3821 1687 superos

2256 1720 2273 1753 ί
2300 1717 2520 1786 despici,
2543 1730 2704 1783 quam
2724 1713 3033 1768 redeuntem
3055 1712 3120 1765 ab
3147 1710 3330 1767 inferis
3348 1724 3509 1780 posse
3527 1708 3816 1771 contemni;

576 1806 755 1875 plane,
775 1806 898 1875 quia
921 1821 1107 1860 omnes
1126 1807 1217 1861 illo
1233 1814 1539 1874 resurgente
1561 1807 1965 1861 resurreximus.
1989 1806 2147 1876 572
2176 1808 2222 1867 Β
2252 1816 2306 1863 et
2331 1808 2473 1877 quod
2502 1817 2630 1861 tunc
2670 1807 2967 1876 prmdieans
3007 1804 3160 1860 facile
3196 1804 3434 1873 potuerit
3462 1801 3656 1862 occidi,
3690 1815 3818 1853 nunc

578 1894 825 1950 Omnium
854 1896 995 1950 enim
1022 1896 1216 1949 revixit
1242 1896 1420 1960 saluti,
1451 1896 1539 1963 qui
1570 1910 1669 1964 pro
1697 1896 1931 1950 omnium
1960 1910 2149 1964 pecca-

578 1988 645 2040 tis
673 1985 916 2040 addictus
936 1993 1018 2039 cst
1041 1983 1293 2053 passioni.
1326 1983 1635 2038 Resurrexit
1663 1984 1821 2050 igitur
1846 1982 2091 2036 Salvator
2116 1999 2147 2036 a

577 2077 822 2131 mortuis.
876 2074 1021 2130 Nova
1054 2090 1140 2129 res
1166 2082 1223 2129 ct
1249 2074 1405 2140 mira,
1434 2074 1525 2127 sed
1564 2074 1725 2127 habet
1767 2073 1879 2126 haze
1924 2073 2147 2128 assertio

578 2167 877 2221 veritatem.
910 2165 1039 2218 Nam
1071 2173 1128 2217 ut
1157 2172 1357 2218 taceam
1388 2165 1766 2233 prophetarum
1793 2164 2025 2227 oracula,
2048 2178 2148 2214 an—

576 2254 817 2323 gelorum
838 2254 1153 2319 ministeria,
1183 2261 1365 2321 aperta
1386 2253 1614 2322 sepulcri
1638 2253 1949 2321 penetralia,
1975 2254 2144 2321 ipsum

577 2345 859 2399 Dominum
914 2352 1037 2415 post
1081 2344 1526 2399 resurrectionem
1581 2359 1700 2398 cum
1750 2344 2021 2413 discipulis
2068 2345 2147 2399 lo-

576 2444 848 2504 quentem,
877 2443 1301 2500 conversantem,
1342 2434 1607 2498 edentem,
1638 2434 1895 2487 Thomam
1934 2450 2147 2503 quoque

574 2526 846 2579 clavortnn
874 2525 1091 2579 vulnera
1118 2524 1279 2579 etiam
1301 2524 1467 2593 digito
1508 2532 1931 2579 contrectantem
1964 2524 2141 2593 (Joan.

577 2614 668 2683 xx)
702 2632 713 2666 :
748 2621 806 2667 ut
832 2614 947 2668 hmo
983 2614 1160 2669 omnia
1192 2615 1611 2683 prtetermittam,
1646 2624 1823 2669 tamen
1865 2612 2018 2669 fidem
2047 2632 2144 2668 uo-

575 2711 740 2757 stram
768 2702 1047 2759 continuat
1076 2705 1318 2774 impietas
1354 2703 1671 2759 Judaeorum.
1703 2705 1833 2759 Nam
1859 2707 2052 2761 suﬂicit
2080 2706 2146 2759 ad

572 2792 940 2848 credulitatem
968 2794 1122 2848 nobis
1146 2809 1333 2849 eorum
1361 2795 1583 2849 nimium
1603 2805 1761 2851 cauta
1787 2795 1810 2833 ι
1836 2797 2141 2851 credulitas.

573 2883 691 2948 Quo
710 2884 859 2939 enim
887 2884 1190 2953 diligentius
1216 2887 1578 2941 custodierunt
1612 2889 1892 2955 tumulum,
1922 2905 1990 2943 eo
2016 2905 2147 2944 con-

570 2981 680 3027 stat
701 2976 852 3029 illum
880 2975 1209 3031 manifestius
1236 2974 1253 3012 ι
1288 2976 1607 3039 surrexisse;
1638 2993 1744 3045 quo
1773 2979 1950 3045 plures
1980 2994 2147 3047 appo-

570 3080 725 3120 suere
750 3066 1015 3133 custodes,
1043 3081 1109 3121 eo
1136 3076 1172 3102 ω
1197 3067 1373 3137 plures
1395 3076 1556 3121 testes
1586 3070 1865 3136 reliquere.
1892 3070 2021 3122 Nam
2044 3071 2145 3123 hoc

2252 1907 2428 1951 autem
2478 1911 2761 1965 resurgens
2795 1896 2905 1965 jam
2948 1910 3053 1949 non
3101 1895 3275 1964 possit
3309 1902 3335 1929 α
3380 1892 3574 1955 occidi,
3620 1891 3819 1944 dicente

2250 1986 2507 2055 Apostolo
2540 2004 2553 2037 :
2588 1985 2877 2057 Resurgens
2917 1993 3087 2038 autem
3120 1984 3233 2053 jam
3272 1999 3375 2035 non
3413 1982 3650 2034 moritur.
3684 1978 3819 2031 Mors

2248 2079 2325 2131 illi
2366 2078 2503 2130 ultra
2544 2094 2648 2130 non
2694 2076 3043 2130 dominabitur
3080 2073 3256 2143 (Rom.
3303 2073 3402 2141 γι).
3445 2068 3819 2125 Custodiebant

2248 2182 2377 2234 ergo
2398 2183 2521 2222 eum
2550 2168 2777 2222 sollicite
2808 2168 2859 2221 in
2889 2166 3152 2235 sepulcro,
3181 2162 3477 2233 praesertim
3502 2162 3627 2229 quia
3657 2174 3715 2212 se
3742 2159 3817 2208 dic

2248 2260 2404 2312 tertia
2452 2258 2661 2313 dixerat
2710 2264 3099 2319 surrecturum;
3154 2250 3532 2306 custodiebant
3576 2260 3600 2285 '
3649 2256 3818 2301 autem

2246 2349 2474 2403 sollicite
2514 2348 2568 2402 in
2604 2349 2871 2417 sepulcro,
2900 2346 3024 2415 quia
3051 2358 3273 2399 necesse
3298 2342 3404 2396 illis
3425 2349 3544 2395 erat
3571 2354 3696 2393 eum
3718 2336 3816 2404 jam

2246 2456 2353 2494 non
2376 2423 2651 2495 doctorem
2674 2441 2882 2500 timere,
2906 2438 2998 2492 sed
3014 2437 3247 2505 judicem
3273 2454 3284 2487 :
3306 2434 3565 2503 judicem,
3590 2434 3817 2499 inquam,

2248 2545 2354 2583 non
2382 2530 2463 2583 sui
2493 2537 2717 2594 tantum,
2749 2529 2840 2583 sed
2865 2536 2924 2581 et
2946 2526 3173 2581 crudelis
3200 2524 3478 2579 sententia:
3514 2537 3646 2584 suae,
3680 2530 3705 2556 ι
3725 2536 3815 2589 qua

2250 2618 2386 2673 filios
2413 2626 2771 2688 posterosque
2796 2632 2922 2672 suos
2949 2616 3239 2670 sceleribus
3276 2612 3618 2677 addixerunt,
3646 2609 3817 2664 dicen-

2248 2717 2373 2762 tes:
2406 2709 2635 2778 Sanguis
2674 2709 2785 2777 ejus
2829 2723 2982 2776 super
3028 2722 3121 2759 nos
3166 2715 3215 2757 et
3257 2720 3411 2773 super
3449 2703 3587 2772 ﬁlios
3626 2711 3817 2755 nostros

2249 2799 2463 2869 (Matth.
2488 2799 2675 2867 xxvu).
2702 2798 2945 2853 Crudelis
2972 2797 3070 2851 sub
3096 2798 3186 2850 tali
3212 2795 3476 2851 sententia
3496 2792 3816 2851 Judmorum,

2246 2906 2362 2961 qua:
2392 2890 2628 2945 facinore
2655 2906 2754 2944 suo
2784 2905 2887 2943 non
2925 2890 3096 2943 solum
3125 2895 3418 2957 prtesentes
3440 2886 3647 2944 liberos
3678 2884 3818 2937 dam-

2247 2993 2362 3049 nat,
2386 2983 2481 3038 sed
2510 2983 2671 3036 etiam
2713 2997 2823 3036 non
2866 2988 3020 3034 natos
3044 2978 3257 3034 occidit.
3289 2976 3526 3043 Quantos
3553 2976 3703 3030 enim
3726 2975 3817 3026 hac

2246 3089 2378 3127 voce
2408 3073 2473 3126 ad
2500 3072 2882 3126 conscientiam
2911 3069 3163 3125 facinoris
3187 3076 3402 3131 vocant,
3434 3081 3571 3135 quos
3601 3065 3817 3121 scientia

573 3158 876 3223 procuravit
910 3156 1086 3211 divina
1135 3158 1488 3227 providentia,
1521 3167 1578 3211 ut
1620 3160 1993 3213 resurrectioni
2036 3176 2141 3214 non
2170 3165 2217 3227 ε,
2247 3163 2501 3217 criminis
2531 3177 2637 3215 non
2686 3160 2929 3215 tenebat!
2977 3160 3224 3224 crudelis,
3269 3160 3506 3227 inquam,
3552 3158 3815 3227 impietas.

570 3249 748 3303 solum
777 3249 968 3315 angeli,
1012 3264 1117 3302 non
1156 3249 1329 3302 solum
1368 3249 1632 3317 discipuli,
1673 3250 1765 3303 sed
1811 3258 1866 3303 et
1906 3252 2144 3304 testimo-

570 3340 716 3393 nium
745 3339 1104 3409 perhiberent,
1136 3339 1280 3407 quod
1309 3345 1391 3393 est
1426 3340 1672 3409 amplius,
1704 3341 1921 3395 inimici.
1957 3340 2146 3395 Liben—

569 3430 675 3483 tius
718 3441 845 3496 ergo
867 3436 894 3463 ιι
916 3428 1236 3498 accipimus,
1259 3428 1399 3496 quod
1432 3443 1553 3482 eum
1582 3430 1883 3498 diligentius
1913 3438 1935 3465 ο
1963 3431 2145 3485 obser-

568 3529 793 3584 varunt;
825 3519 1091 3574 credimus
1130 3520 1271 3573 enim
1316 3520 1413 3573 sub
1456 3528 1533 3573 tot
1563 3520 1871 3575 custodibus
1909 3522 2144 3591 potuisse

568 3609 712 3664 illum
742 3609 957 3678 prodire
986 3610 1145 3663 citius
1170 3624 1327 3678 quam
1349 3609 1545 3677 perire,
1578 3619 1604 3658 Ρ
1632 3609 1775 3663 etde
1805 3611 2006 3664 tumulo
2024 3610 2144 3677 jure

570 3698 779 3752 Domini
810 3697 1055 3767 progredi
1084 3713 1243 3766 quam
1269 3698 1649 3766 discipulorum
1679 3696 1864 3752 fraude
1884 3700 2100 3767 subduci
2127 3718 2139 3754 :

570 3797 714 3840 tanta
742 3788 883 3842 enim
928 3788 1286 3843 sollicitudine
1326 3790 1626 3858 sepulcrum
1656 3790 1919 3844 obstruxit
1952 3776 2137 3861 impie-

567 3886 665 3941 tas,
694 3886 754 3931 ut
782 3878 831 3931 id
862 3893 967 3931 nou
1000 3878 1312 3947 praevaleret
1354 3893 1542 3931 manus
1588 3879 1817 3932 humana
1846 3879 2137 3944 destruere,

568 3967 666 4021 nisi
716 3968 827 4021 sola
874 3967 1042 4021 virtus
1084 3968 1491 4023 resurrectionis
1538 3970 1785 4038 aperiret.
1833 3981 1861 4020 ει
1902 3971 2140 4040 Denique

640 4110 665 4171 ξ
696 4098 826 4171 Cod.
859 4097 1119 4171 Vallicell.
1153 4114 1262 4171 x_t_x,
1288 4099 1485 4171 jugiter
1506 4116 1601 4168 pro
1614 4102 1753 4171 jugi.

638 4167 665 4206 δ
694 4166 826 4221 Cod.
859 4167 1127 4230 Ambros,
1162 4164 1275 4219 Nec
1289 4164 1431 4221 enim
1453 4164 1701 4236 quianon?
1728 4172 2039 4227 solemnitati
2058 4176 2138 4227 in—

568 4238 799 4299 tervenit,
824 4236 1014 4305 gaudia
1045 4244 1229 4305 nostra
1254 4237 1505 4305 prteridit.

641 4317 664 4345 ο
694 4304 863 4359 Codd.
894 4304 1067 4359 Vatic.
1098 4304 1235 4357 1270
1256 4304 1313 4358 et
1340 4304 1497 4367 6451,
1529 4315 1586 4361 et
1611 4308 1717 4362 duo
1741 4308 2011 4374 Casinen.,
2046 4327 2140 4365 nec

570 4377 685 4447 quia
714 4375 993 4429 obscuritas
1021 4374 1255 4427 distinxit
1278 4384 1507 4445 tempora
1533 4380 1841 4447 vespertina,
1871 4389 1973 4434 etc.

640 4442 666 4481 ἀ
690 4444 831 4498 Idem
861 4442 978 4496 cod.
1006 4443 1277 4500 Ambros.
1308 4460 1437 4498 unus
1465 4446 1571 4499 dies
1593 4450 1701 4500 inse
1726 4460 1818 4500 est.

713 4464 831 4518 96!!)
861 4464 1277 4518 93X}:_AI_I_IDI'OS..
1308 4464 1437 4498 unus
1460 4464 1571 4518 rates
1593 4466 1701 4518 ipse
1726 4464 1818 4502 εει.

2247 3266 2271 3302 .v
2304 3255 2445 3322 quod
2483 3264 2730 3322 posteros
2758 3261 2883 3307 ante
2921 3253 2971 3307 in
3009 3261 3215 3306 reatum
3250 3259 3431 3313 vocat,
3463 3266 3625 3319 quam
3651 3261 3673 3287 ι
3704 3267 3818 3318 prn-

2244 3343 2390 3397 ducit
2417 3343 2468 3397 in
2500 3344 2668 3397 lucem
2698 3360 2709 3395 :
2737 3350 2793 3395 ut
2822 3342 2969 3412 prius
2995 3340 3185 3397 futuris
3212 3342 3547 3408 contingeret
3577 3353 3815 3409 peccare.

2246 3450 2401 3503 quam
2430 3435 2629 3487 vivere.
2659 3432 2879 3487 Cruenti
2907 3432 3063 3501 plane
3100 3432 3389 3499 geuitores,
3422 3430 3513 3498 qui
3544 3439 3672 3483 ante
3702 3444 3815 3497 par-

2247 3525 2422 3578 ricida:
2448 3524 2570 3579 facti
2600 3534 2726 3579 sunt
2752 3539 2910 3593 quam
2956 3530 3207 3592 parentes
3234 3541 3245 3574 :
3277 3530 3332 3575 et
3360 3529 3487 3575 ante
3527 3536 3624 3576 eos
3650 3523 3816 3575 socios

2246 3630 2376 3669 suos
2412 3615 2703 3670 sceleribus
2748 3607 3168 3683 assumpserunt,
3216 3625 3349 3679 quos
3395 3620 3575 3665 utrum
3612 3609 3816 3677 sangui~

2247 3706 2329 3758 nis
2358 3704 2643 3772 participes
2671 3710 2891 3772 possent
2929 3702 3149 3768 habere,
3179 3702 3467 3755 nescirent.
3509 3699 3629 3755 Non
3668 3700 3817 3770 igitur

2246 3795 2543 3850 mirandum
2566 3796 2729 3863 est,si
2751 3796 2802 3849 in
2826 3794 3156 3852 Salvatorem
3178 3800 3288 3847 tam
3315 3792 3563 3866 crudeles
3586 3791 3814 3851 fuerunt.

2242 3888 2335 3955 qui
2358 3888 2679 3942 exstiterunt
2704 3884 2867 3956 575
2894 3885 2945 3938 in
2978 3900 3106 3940 suos
3129 3890 3376 3953 posteros
3412 3890 3520 3936 tam
3553 3882 3813 3936 crudeles.

2242 3976 2361 4033 Non
2388 3978 2656 4032 immerito
2686 3977 2740 4031 in
2769 3977 2871 4030 hac
2905 3975 2993 4030 die
3037 3981 3253 4031 sanctus
3290 3972 3459 4027 David
3499 3972 3618 4027 sine
3662 3986 3814 4027 exce-

2312 4117 2336 4143 °
2359 4107 2493 4164 Cod.
2523 4110 2769 4164 Ambros.
2794 4109 2923 4178 legit
2949 4109 3360 4163 adservaverunt.
3384 4107 3517 4164 Cod.
3542 4106 3581 4160 2
3607 4107 3665 4163 S.
3693 4108 3813 4163 Cru-

2241 4178 2318 4231 cis
2348 4178 2561 4244 Minor.,
2593 4179 2947 4233 adservarunt.

2313 4259 2337 4295 P
2365 4246 2498 4317 Cod.
2533 4248 2803 4317 Ambros,
2830 4264 2857 4301 e
2885 4247 3077 4317 tumulo
3105 4244 3386 4317 Dominum
3412 4249 3678 4317 progredi.

2312 4328 2336 4365 (ι
2360 4316 2495 4371 Cod.
2524 4319 2558 4369 2
2584 4318 2640 4371 S.
2671 4316 3098 4387 CrucisMinor”
3141 4315 3526 4387 Deniquedicit
3559 4317 3624 4371 S.
3662 4332 3809 4369 euan-

2242 4389 2423 4457 gelista
2451 4404 2468 4439 :
2511 4387 2818 4457 Priusquam
2847 4385 3170 4457 descenderet
3188 4385 3410 4457 angelus
3439 4402 3651 4457 magno,
3680 4397 3776 4439 etc.

2318 4466 2338 4491 τ
2369 4454 2538 4510 Codd.
2591 4453 2833 4511 Ambros.
2884 4463 2939 4509 et
2977 4454 3095 4508 Vat.
3142 4453 3301 4519 6451⁷,
3344 4456 3455 4525 ejus
3496 4453 3808 4526 intercipitur

646 4524 669 4551 ο
698 4513 830 4567 Cod.
861 4511 1186 4567 Vallicellan.
1232 4529 1346 4580 XIX,
1384 4517 1501 4584 quia
1532 4511 1756 4570 sic'dicit
1794 4518 1856 4571 de
1899 4518 2137 4573 Satvato-
2172 4515 2218 4571 Ι)
2243 4526 2499 4579 inimicus.

572 4600 644 4648 re,
674 4592 776 4636 etc.

650 4653 667 4689 ί
699 4652 843 4705 Edit.
874 4650 1107 4705 Galesin.
1139 4651 1336 4704 omittit
1364 4655 1453 4705 ait.

643 4732 669 4768 s
700 4720 754 4775 In
784 4720 903 4775 cod.
938 4720 1181 4773 Ambros.
1213 4720 1361 4774 deest
1385 4723 1631 4775 Christus.

644 4789 669 4827 ιι
699 4790 1123 4871 (ἱοιῙηγᾳιιίρθιΙ.
1158 4807 1265 4869 six,
1289 4793 1371 4859 qui
1400 4794 1441 4843 si
1468 4795 1521 4845 in
1550 4795 1659 4861 ipso
1691 4796 1919 4862 vivimus,
1950 4799 2003 4849 in
2032 4800 2141 4866 ipso

573 4877 808 4921 vivemus,
834 4876 885 4911 in
914 4876 1025 4927 ipso
1054 4876 1344 4911 moriemur.

579 5002 590 5008 _
654 4929 666 4967 ί
700 4928 868 5008 Codd.
898 4928 1170 5008 Ambros,
1198 4928 1333 5008 2.1.8.
1366 4929 1550 4983 Crucis
1580 4931 1726 4997 Min.,
1758 4942 1813 4986 et
1840 4933 1959 4990 Vat.
1984 4935 2138 5000 6451,

573 5002 648 5053 ita
675 5009 725 5051 et
755 4999 971 5051 viventes
999 4999 1053 5049 in
1081 5014 1141 5048 ea
1174 4999 1337 5061 nulla,
1367 5008 1470 5051 etc.

650 5071 665 5119 Ι
705 5065 841 5139 (ιρὰ.
882 5065 1151 5139 Ambros,
1196 5065 1450 5139 Lwtentur
1487 5086 1606 5139 ergo
1652 5072 1703 5122 in
1746 5070 1967 5127 Christo.
2008 5074 2140 5129 Cod.

577 5152 708 5190 vero
734 5135 769 5187 2
796 5135 914 5198 cit.,
947 5134 1199 5188 Lmtemur
1226 5153 1344 5205 ergo
1379 5138 1431 5188 in
1474 5134 1695 5192 Christo.
1741 5140 2143 5196 Resurrectionis

578 5206 689 5258 dies
714 5206 993 5259 comunis
1017 5213 1092 5256 est
1112 5213 1287 5257 nostra
1317 5208 1513 5271 latitia,
1544 5217 1649 5262 etc.

651 5274 675 5346 ξι
699 5272 1008 5346 Codd._Vat.
1027 5272 1169 5346 12:70
1191 5282 1246 5326 et
1265 5273 1390 5346 (i45l
1405 5315 1418 5337 ,
1443 5277 1716 5331 crudelitas
1736 5294 1833 5346 pro
1853 5282 2143 5335 credulitas.

652 5343 668 5381 ι
706 5342 837 5411 Cod.
853 5340 986 5411 Vat.
1020 5341 1156 5411 1970
1184 5351 1238 5396 et
1266 5342 1468 5411 Casin.,
1490 5340 1846 5401 resurrexisse.

652 5423 690 5449 ω
722 5410 889 5465 Codd.
923 5410 1189 5479 Ambros,
1222 5412 1258 5465 2
1296 5411 1351 5465 S.
1384 5412 1569 5469 Crucis
1609 5415 1821 5479 Minos,
1848 5417 1952 5471 duo
1983 5418 2147 5472 Valli—

578 5483 698 5539 cell.
726 5496 835 5540 xu,
863 5481 904 5531 A
930 5478 981 5543 9,
1012 5488 1067 5533 et
1094 5480 1214 5534 Vat.
1247 5481 1404 5535 6451.

650 5562 676 5588 υ
706 5548 1080 5625 Codd._Casin.
1109 5548 1304 5625 lOt,qet
1323 5551 1579 5625 Vallicell.
1610 5570 1717 5617 nx,
1751 5554 2008 5609 Libentius
2034 5574 2151 5625 ergo

582 5632 730 5676 testes
779 5619 1091 5691 accipimus“,
1148 5621 1245 5691 qui
1292 5638 1401 5691 cum
1456 5623 1741 5691 diligentius
1797 5619 2147 5682 adservarmit.

578 5690 749 5748 Codd.
782 5688 895 5753 alii,
923 5704 1008 5742 CXI
1036 5688 1215 5742 Cztsiu.
1250 5699 1302 5743 et
1333 5688 1584 5745 Vallicell.
1620 5709 1727 5758 XIX,
1756 5694 2107 5748 adservartmt.

2319 4602 2339 4628 ³
2371 4593 2502 4647 Cod.
2536 4612 2587 4648 ιι.
2615 4594 2672 4649 S.
2697 4594 2879 4649 Crucis
2899 4592 3110 4657 Minor.,
3137 4594 3259 4646 dum
3280 4593 3603 4646 criminosas.

2275 4734 2285 4743 '
2319 4664 2337 4698 ί
2365 4664 2538 4743 Codd._
2569 4664 2690 4717 Vat.
2720 4663 2877 4726 6451,
2906 4662 3164 4743 Vallicell.
3201 4662 3245 4714 A
3267 4660 3318 4724 9,
3343 4679 3453 4725 xix,
3484 4671 3540 4716 et
3570 4663 3681 4716 duo
3712 4660 3803 4712 Ca-

2245 4734 2538 4811 sin.,__apud
2567 4750 2775 4811 superos
2803 4749 2927 4811 {uni
2942 4733 3162 4811 despici.
3384 4799 3427 4811 ν
3539 4799 3666 4811 η-..
3724 4801 3734 4810 .

2317 4811 2347 4907 1
2557 4799 2781 4907 ac???"
2804 4801 2860 4855 S.
2890 4799 3075 4855 Crucis
3096 4800 3285 4854 Minor.
3311 4808 3367 4853 et
3384 4799 3506 4853 Vat.
3532 4799 3689 4864 i270,
3706 4801 3804 4869 jam

2250 4889 2349 4925 non
2376 4881 2535 4940 possit
2564 4881 2732 4924 mort?

2322 4952 2345 4974 τ
2375 4941 2505 4994 Cod.
2524 4939 2725 5002 Casin.,
2750 4938 3096 4993 custodiebant
3115 4955 3236 5010 ergo
3255 4953 3388 5000 eum,
3414 4946 3519 4993 etc.
3542 4937 3677 4993 Cod.
3694 4938 3799 4992 Vat.

2252 5010 2405 5061 1270.
2438 5010 2788 5061 custodiebant
2814 5026 2945 5061 eum.

2394 5050 2412 5089 ζ
2438 5010 2788 5089 custodiebant
2814 5026 2945 5062 eum.
2972 5077 3037 5089 ﬂ
3596 5079 3609 5089 .

2325 5090 2346 5113 ι
2375 5079 2504 5131 Cod.
2536 5078 2804 5137 Ambros,
2834 5095 2930 5148 quo
2958 5077 3097 5145 ﬁlios
3125 5085 3350 5145 posteros
3383 5092 3501 5129 suos
3528 5079 3638 5130 suis
3666 5076 3800 5131 scele-

2283 5148 2385 5201 ibns
2411 5148 2737 5200 addixerunt.
2770 5146 2846 5199 Ita
2884 5147 3041 5201 codd.
3083 5163 3117 5199 ιι
3145 5147 3200 5199 S.
3230 5144 3418 5199 Crucis
3448 5144 3666 5201 Minor..
3696 5145 3801 5199 Vat.

2248 5166 2385 5201 "0118
2411 5166 2737 5200 αααιίῑεηιηι.
2770 5166 2846 5199 lla
2884 5166 3041 5201 C001].
3083 5166 3117 5199 11
3146 5166 3200 5199 δ.
3230 5166 3418 5199 ιιι-11015
3448 5166 3666 5208 Μιυοτ.,
3704 5166 3801 5199 Val.

2249 5217 2403 5278 1270,
2431 5224 2487 5269 et
2514 5216 2771 5270 Vallicell.
2817 5216 2862 5267 A
2895 5215 2929 5267 9
2957 5216 3157 5269 habent
3187 5230 3319 5285 qua;
3349 5215 3403 5267 in
3444 5214 3668 5283 reliquis
3688 5230 3802 5268 cou-

2248 5294 2439 5338 sonant
2467 5284 2840 5339 Ambrosiano.
2872 5282 3041 5338 Codd.
3077 5284 3183 5338 duo
3220 5281 3401 5337 Casio.
3432 5291 3488 5336 et
3515 5282 3639 5338 Vat.
3662 5281 3801 5339 6451.

2248 5297 2439 5338 sonant
2467 5297 2840 5339 Ambrosiano.
2872 5297 3041 5338 uoca.
3077 5297 3183 5338 duo
3220 5297 3401 5337 basin.
3432 5297 3488 5336 et
3522 5297 3639 5338 vat.
3662 5297 3801 5344 osor,

2248 5371 2346 5423 qua
2372 5364 2598 5421 posteros
2627 5354 2763 5423 ﬁlios
2787 5370 2923 5417 suos,
2956 5362 3063 5407 etc.

2320 5433 2347 5472 γ
2377 5424 2519 5477 Idem
2550 5426 2667 5501 cod.
2701 5439 2736 5476 ιι
2753 5422 2820 5501 _S.
2838 5421 3037 5501 Crucis
3064 5420 3217 5501 Min.,
3245 5436 3359 5489 qua:
3384 5430 3801 5501 post-eraserim:

2292 5511 2409 5563 uani
2430 5494 2713 5562 producant
2747 5495 2798 5563 in
2830 5493 3018 5563 lucem;
3050 5491 3132 5545 cui
3162 5488 3473 5563 consonant
3490 5490 3742 5563 Vallicell.

2295 5559 2496 5643 ._Cod.._
2512 5577 2638 5643 vero
2668 5562 2923 5616 Vallicell.
2971 5577 3080 5625 xix,
3118 5575 3261 5629 qme;
3300 5559 3354 5611 in
3399 5559 3622 5629 reliquis
3656 5559 3804 5615 textui

2258 5639 2339 5685 est
2367 5630 2672 5684 conformis.

2334 5710 2353 5734 κ
2384 5698 2515 5753 Cod.
2551 5700 2815 5765 Ambros,
2840 5716 2989 5768 quam
3018 5698 3301 5768 producant
3328 5699 3403 5761 in,
3436 5704 3547 5753 etc.
