3910 6238
94 361 193 417 593

1526 349 1754 406 SERMO
1792 349 1950 405 XXX.

3270 347 3371 403 595

94 472 271 541 ptione
290 470 685 525 exsultandum
714 470 951 539 praecipit
971 476 1025 523 et
1053 467 1359 533 lzctandum,
1386 466 1438 519 in
1466 480 1571 533 qua
1601 465 1687 518 die
1714 469 1765 527 Α
1791 465 1949 536 475
1977 465 2250 531 Dominus,
2285 472 2341 519 ut
2369 465 2715 522 obliviscatur
2743 466 2994 531 hominis,
3024 472 3078 520 ct
3117 481 3224 519 non
3260 480 3374 517 me-

96 561 252 615 totius
280 560 475 613 mundi
506 559 703 627 gaudia
732 559 1087 615 celebrantur.
1117 557 1374 611 Omnibus
1405 556 1549 611 enim
1590 556 1686 608 ιως

95 650 307 703 tandum
355 658 467 713 est,
501 658 525 684 ἰ
555 649 681 717 quia
713 648 959 703 omnibus
994 648 1240 719 prodest;
1268 646 1475 701 cunctis
1502 644 1685 699 exsul-

95 739 308 794 tandum
352 748 462 801 est,
498 741 625 808 quia
667 739 870 794 cunctis
915 748 998 795 est
1040 739 1296 803 salutare,
1329 744 1385 791 et
1420 736 1541 791 ideo
1576 751 1685 790 non

94 830 391 884 adulatoria
422 840 512 885 est
540 830 857 894 adhibenda,
896 844 996 884 nec
1031 828 1208 884 fucata
1238 828 1443 882 laetitia.
1469 826 1495 864 ιο
1526 825 1685 891 Quis-

96 921 210 989 quis
237 921 385 975 enim
429 922 489 975 in
529 920 727 976 Christi
775 920 1170 975 resurrectione
1211 920 1438 984 laetatur,
1480 918 1689 972 laetetur

95 1012 271 1079 potius
298 1012 430 1081 quia
475 1012 531 1065 in
561 1011 773 1066 Christo
811 1010 925 1080 ipse
966 1010 1263 1074 resurrexit
1296 1027 1309 1063 :
1341 1010 1395 1063 in
1424 1008 1515 1062 illo
1543 1007 1685 1062 enim

97 1110 275 1159 nostra
301 1104 511 1174 portio,
543 1114 728 1158 nostra
756 1102 1012 1165 conditio,
1048 1110 1105 1156 et
1131 1094 1360 1156 mortem
1387 1100 1608 1169 pertulit
1634 1106 1689 1151 et

97 1194 306 1249 revixit.
346 1193 420 1247 Et
458 1194 589 1248 licet
620 1204 643 1232 ο
674 1194 827 1249 nobis
868 1193 1045 1249 adhuc
1089 1193 1347 1249 resolutio
1386 1190 1688 1261 corpusculi

99 1294 330 1350 maneat,
371 1286 640 1354 cmpimus
680 1293 808 1339 tunc
849 1284 903 1338 in
932 1282 1150 1339 Christo
1191 1284 1393 1337 aeterna
1429 1282 1539 1335 vita
1576 1280 1686 1349 jam

100 1374 301 1439 vivere;
333 1374 484 1429 unde
512 1375 755 1444 quamvis
788 1373 1127 1443 fragilitatem
1154 1381 1396 1427 nostram
1425 1372 1689 1427 acceleret

100 1464 398 1519 immaturae
439 1467 633 1521 mortis
660 1466 894 1531 occasio,
926 1464 951 1502 ἀ
983 1466 1038 1520 in
1080 1464 1361 1520 Salvatore
1395 1471 1577 1518 tamen
1606 1463 1689 1517 di-

102 1554 323 1608 dicimus
367 1553 524 1623 prius
569 1568 850 1623 resurgere
886 1569 1047 1622 quam
1095 1554 1273 1623 perire
1321 1570 1334 1605 :
1374 1561 1500 1606 ante
1544 1552 1687 1607 enim

102 1640 304 1697 futurus
329 1642 501 1697 homo
536 1644 829 1698 resurrexit
856 1642 909 1696 in
931 1642 1147 1698 Christo
1174 1657 1336 1712 quam
1364 1642 1530 1695 vitam
1572 1655 1690 1695 sor-

105 1732 290 1786 tiretur
312 1732 368 1787 in
392 1733 615 1788 saeculo.
646 1731 765 1787 Non
802 1734 943 1788 enim
974 1740 1181 1787 tantum
1210 1733 1286 1787 illi
1314 1732 1574 1787 Dominus
1592 1746 1687 1799 ge-

1788 557 2004 611 minerit
2026 556 2170 612 illius
2195 570 2353 624 quem
2385 556 2499 625 ipse
2527 564 2733 625 gestat;
2767 555 2790 593 ¹¹
2821 564 2877 611 ιιι
2900 570 3059 624 quem
3080 569 3240 609 causa
3267 554 3373 607 mei

1788 648 2100 716 susceperit,
2123 662 2233 701 non
2253 646 2367 715 ejus
2387 662 2544 701 causa
2570 662 2730 716 quem
2748 647 3065 715 susceperit,
3086 660 3173 699 me
3194 645 3374 712 requi-

1789 746 1899 803 rat;
1930 754 2057 803 non,
2102 738 2340 805 inquam,
2370 745 2476 791 tam
2514 737 2735 792 immitis
2761 745 2844 791 est
2870 736 3149 799 Dominus,
3174 743 3235 789 ut
3264 750 3373 788 non

1787 828 1971 896 diligat
2013 843 2227 883 carnem
2270 842 2440 889 suam,
2479 828 2717 881 membra
2747 842 2867 890 sua,
2897 825 3099 880 viscera
3132 839 3249 879 sua.
3284 823 3374 876 Ait

1787 926 2004 972 sanctus
2030 917 2315 987 ApOstolus
2346 934 2357 967 :
2384 910 2549 970 Nemo
2579 933 2805 988 unquam
2832 931 3041 969 carnem
3074 929 3223 967 suam
3251 913 3372 965 odio

1788 1010 1986 1074 habuit,
2006 1010 2096 1063 sed
2116 1010 2279 1063 nutrit
2298 1018 2348 1062 et
2368 1010 2502 1079 [ovet
2520 1024 2654 1072 eam,
2677 1009 2808 1062 sicut
2830 1006 3063 1061 Christus
3084 1003 3373 1058 Ecclesium

1791 1101 2005 1172 (Ephes.
2035 1100 2111 1171 v).
2148 1100 2287 1154 Nihil
2316 1112 2443 1167 ergo
2468 1100 2536 1154 de
2560 1100 2719 1153 venia
2746 1099 3115 1168 desperemus,
3155 1095 3368 1158 fratres,

1788 1194 1918 1248 nihil
1939 1193 2006 1248 de
2033 1193 2158 1249 odio
2181 1188 2784 1249 timeamus..llabemus
2810 1190 3220 1262 praerogativam
3249 1204 3371 1243 san-

1788 1285 1963 1352 guinis
2008 1284 2177 1339 nostri
2220 1282 2272 1349 i;
2304 1284 2359 1338 in
2387 1284 2601 1339 Christo
2629 1285 2772 1338 enim
2800 1299 2928 1339 caro
2956 1290 3140 1338 nostra
3168 1297 3268 1336 nos
3289 1280 3373 1335 di-

1789 1374 1924 1441 ligit,
1952 1389 2134 1427 sumus
2168 1373 2311 1427 enim
2356 1373 2595 1427 membra
2638 1372 2755 1442 ejus
2800 1380 2856 1427 et
2894 1388 3042 1437 caro,
3072 1371 3211 1427 sicut
3242 1370 3375 1424 dicit.

1790 1461 1934 1516 idem
1961 1463 2152 1517 beatus
2179 1462 2467 1531 Apostolus
2492 1480 2505 1515 :
2532 1460 2647 1517 Hoc
2666 1479 2801 1517 nunc
2823 1480 2881 1516 os
2909 1479 2973 1516 ex
3002 1460 3201 1515 ossibus
3223 1460 3370 1524 meis,

1788 1565 1837 1606 et
1866 1570 1986 1607 caro
2015 1553 2078 1607 de
2105 1551 2261 1607 carne
2288 1570 2400 1606 mea
2423 1570 2439 1607 :
2464 1563 2843 1608 sacramentum
2870 1553 2967 1608 hoc
2999 1569 3245 1623 magnum
3272 1562 3371 1615 est,

1789 1661 1883 1714 ego
1903 1654 2073 1697 autem
2093 1644 2208 1698 dico
2224 1644 2277 1697 in
2297 1642 2501 1699 Christo
2521 1654 2569 1698 et
2589 1646 2643 1698 in
2667 1643 2900 1698 Ecclesia
2917 1641 3071 1714 (Gen.
3092 1659 3157 1708 u;
3177 1641 3369 1713 Ephes.

1789 1736 1866 1802 v).
1899 1731 2239 1788 Exsultemus
2280 1747 2429 1802 ergo,
2460 1733 2670 1798 fratres,
2712 1734 2851 1788 sicut
2888 1734 2964 1788 ait
2990 1732 3284 1802 Scriptura,
3318 1731 3371 1785 in

105 1822 367 1876 nerationi
406 1823 823 1879 resurrectionis
867 1824 1111 1894 praestitit
1157 1823 1407 1892 gratiam,
1445 1822 1499 1877 in
1540 1822 1692 1891 cujus
1722 1823 1766 1883 Β
1795 1822 1897 1877 hac
1939 1822 2026 1877 die
2067 1822 2282 1877 Domini
2321 1823 2648 1878 exsultemus
2689 1823 2866 1892 plane,
2897 1824 3024 1892 quia
3065 1838 3189 1877 cum
3232 1822 3374 1876 vctis

106 1910 471 1978 generationis
499 1920 742 1981 tempore
773 1914 1084 1978 resurrexit,
1112 1912 1209 1968 sed
1234 1913 1398 1968 etiam
1425 1915 1692 1970 secuturis

106 2007 287 2069 postea
315 2002 536 2071 populis
566 2002 667 2058 hoc
696 1996 946 2072 providit,
978 2011 1037 2057 ut
1062 2003 1213 2073 prius
1239 2017 1480 2058 essemus
1507 2003 1573 2057 de
1607 2018 1693 2059 re-

105 2092 435 2146 surrectione
475 2094 657 2147 securi
694 2107 857 2161 quam
901 2093 969 2148 de
1013 2082 1458 2159 mortesolliciti‘;
1484 2101 1538 2147 et
1566 2101 1692 2148 ante

107 2193 223 2232 cum
250 2179 366 2235 Deo
395 2181 705 2235 viveremus
732 2182 788 2236 in
825 2183 996 2246 cmlis,
1028 2198 1187 2251 quam
1227 2198 1349 2237 cum
1386 2183 1695 2239 hominibus

108 2283 553 2328 conversaremus
596 2273 647 2326 in
696 2274 872 2328 terris.
922 2274 979 2328 In
1016 2273 1296 2329 Salvatore
1332 2275 1476 2329 enim
1504 2289 1693 2329 omnes

111 2362 523 2429 resurreximus,
553 2379 739 2420 onmes
778 2365 1087 2428 reviximus,
1118 2380 1306 2421 omnes
1345 2365 1414 2420 ad
1452 2365 1694 2421 cmlestia

112 2451 634 2518 transmigravimus;
681 2461 765 2508 est
808 2454 949 2508 enim
1000 2455 1056 2509 in
1101 2455 1192 2509 illo
1239 2453 1437 2511 Christi
1474 2455 1693 2510 homine

114 2538 528 2611 uniuscujusque
556 2551 797 2598 nostrum
828 2554 852 2581 ο
884 2546 1063 2600 carnis
1089 2554 1145 2601 et
1170 2546 1446 2616 sanguinis
1472 2546 1649 2616 portio
1676 2564 1688 2598 :

113 2626 200 2680 ubi
236 2643 365 2697 ergo
400 2631 583 2699 portio
612 2648 729 2687 mea
760 2642 978 2701 regnat,
1007 2648 1235 2703 regnare
1261 2650 1349 2691 me
1375 2637 1571 2703 credo;
1601 2636 1691 2691 ubi

114 2715 410 2775 dominatur
453 2723 671 2791 sanguis
709 2738 893 2791 meus,
935 2740 1023 2779 me
1062 2727 1238 2781 sentio
1280 2727 1576 2794 dominari;
1602 2728 1692 2783 ubi

114 2807 433 2875 gloriﬁcatur
468 2828 596 2870 caro
634 2829 775 2879 mea,
804 2831 891 2870 me
928 2816 1220 2884 gloriosum
1255 2831 1374 2873 esse
1400 2831 1688 2886 cognosco.

116 2897 360 2964 Quamvis
386 2899 407 2939 ί
430 2902 576 2956 enim
604 2912 857 2972 peccator
883 2905 951 2960 de
978 2905 1081 2961 hac
1107 2915 1287 2961 tamen
1316 2908 1695 2963 communione

117 2991 291 3055 gratia:
327 3007 440 3048 non
465 2992 688 3061 difﬁdat,
718 2995 843 3064 quia
870 2997 969 3051 etsi
1002 3009 1222 3068 peccata
1249 3013 1350 3053 nos
1382 2999 1692 3068 prohibent,

118 3082 402 3138 substantia
430 3100 532 3139 nos
558 3087 812 3154 requirit;
843 3089 945 3143 etsi
973 3089 1170 3143 delicta
1213 3090 1429 3159 propria
1467 3105 1568 3145 nos
1599 3105 1697 3145 exs

1798 1918 1813 1963 t
1863 1912 2075 1967 Domini
2109 1913 2457 1980 gratulamur,
2497 1913 2666 1981 magis
2712 1920 2895 1967 nostra
2940 1920 3066 1967 vota
3102 1902 3372 1967 curamus.

1796 2001 1819 2040 ι
1848 2002 1985 2069 Quid
2012 2002 2157 2058 enim
2182 2000 2311 2058 dicit
2336 2003 2636 2073 propheta?
2665 2000 2683 2040 ι
2718 2002 2847 2058 Htec
2871 2010 2947 2057 est
2976 2002 3085 2056 dies
3122 2018 3276 2072 quam
3300 2002 3377 2072 [e-

1793 2096 1863 2150 cit
1889 2094 2164 2150 Dominus.
2216 2095 2394 2150 Bonus
2420 2094 2584 2167 576
2606 2096 2763 2165 plane
2790 2095 2927 2162 dies,
2954 2094 3045 2162 qui
3073 2094 3247 2148 lucem
3295 2092 3377 2146 in-

1794 2184 1916 2238 tulit
1938 2185 2226 2252 universis,
2246 2199 2431 2239 verum
2462 2200 2569 2239 non
2601 2184 2758 2253 hujus
2782 2184 2963 2239 saaculi
2987 2183 3184 2247 lucem,
3218 2191 3254 2218 ω
3283 2179 3389 2236 εεᾱ

1792 2275 2206 2329 resurrectionis
2243 2284 2485 2341 aeternae;
2522 2275 2615 2329 lux
2641 2274 2782 2329 enim
2819 2275 2919 2330 ista
2958 2288 3066 2328 non
3097 2273 3377 2341 caliginem

1795 2367 1971 2421 noctis
1993 2366 2204 2431 detulit,
2229 2367 2326 2421 sed
2353 2367 2542 2421 mortis
2568 2366 2818 2421 tenebras
2838 2365 3153 2435 amputavit.
3175 2363 3378 2432 Bonus,

1794 2457 2029 2526 inquam,
2061 2457 2194 2524 dies,
2227 2467 2283 2512 et
2306 2458 2498 2513 melior
2518 2459 2607 2513 hic
2633 2473 2794 2527 quam
2818 2458 2907 2512 ille
2930 2458 2984 2511 in
3011 2472 3120 2526 quo
3150 2458 3379 2525 primum

1794 2548 2026 2604 mundus
2063 2550 2254 2604 enituit
2297 2550 2430 2605 :ille
2477 2551 2623 2605 enim
2668 2550 2978 2605 hominibus
3022 2549 3091 2605 ad
3140 2550 3380 2605 laborem

1795 2651 2008 2699 creatus
2048 2652 2148 2709 est,
2185 2645 2273 2699 hic
2312 2643 2484 2700 factus
2522 2652 2606 2699 est
2642 2644 2710 2699 ad
2737 2644 3005 2713 quietem;
3038 2643 3126 2698 ille
3152 2652 3382 2699 mortem

1794 2737 2009 2801 meruit,
2036 2737 2123 2792 hic
2152 2738 2488 2793 formidinem
2518 2739 2710 2794 mortis
2737 2739 2937 2802 evasit;
2965 2739 3054 2795 ille
3078 2739 3239 2795 bonis
3265 2755 3381 2793 ma-

1794 2826 1968 2896 lisque
1982 2827 2280 2882 communis
2301 2836 2401 2892 est,
2425 2829 2513 2884 hic
2532 2829 2781 2899 proprius
2803 2838 2886 2884 est
2908 2828 3214 2897 justorum;
3242 2830 3382 2886 illius

1796 2915 1902 2971 diei
1923 2917 2013 2971 lux
2034 2918 2270 2973 tenebris
2290 2928 2315 2954 τι
2338 2919 2616 2988 sepelitur,
2638 2919 2796 2989 hujus
2815 2920 2922 2974 diei
2945 2920 3200 2989 splendor
3219 2921 3383 2975 etiam

1795 3007 2098 3077 sepulturas
2122 3008 2421 3074 illuminat;
2445 3009 2512 3063 ad
2540 3017 2869 3079 postremum
2900 3010 3046 3065 illius
3072 3010 3177 3065 diei
3207 3010 3383 3066 lucem

1796 3098 1996 3152 mortui
2022 3113 2128 3152 non
2154 3098 2357 3164 vident,
2389 3098 2549 3167 hujus
2574 3100 2679 3153 diei
2720 3100 2900 3154 lumen
2927 3100 3090 3154 etiam
3118 3100 3385 3155 defunctis

121 3173 348 3239 cludunt,
379 3182 587 3231 natura:
613 3180 919 3233 communio
950 3196 1055 3235 non
1083 3181 1324 3251 repellit;
1356 3196 1481 3236 nam
1511 3191 1536 3229 Β
1567 3198 1698 3253 pro—
1720 3185 1765 3247 C
1796 3188 2036 3255 emicuit,
2066 3187 2205 3243 sicut
2232 3188 2306 3242 ait
2332 3189 2597 3258 propheta
2631 3207 2644 3241 :
2679 3186 2781 3252 Qui
2805 3190 3048 3243 sedebant
3085 3192 3140 3244 in
3173 3190 3384 3261 regione

120 3272 231 3332 pter
247 3264 544 3323 bonitatem
572 3268 891 3336 Divinitatis,
919 3272 1241 3340 peculiarem
1264 3264 1418 3329 nubis
1444 3274 1695 3331 Salvator

121 3353 266 3411 debet
290 3356 560 3425 affectum,
590 3361 796 3416 scilicet
816 3363 942 3430 quia
965 3364 1103 3418 sicut
1130 3365 1272 3421 Deus
1295 3375 1480 3421 noster
1500 3368 1552 3421 in
1578 3368 1692 3438 ipso

122 3454 218 3514 est,
256 3448 328 3503 ita
372 3457 429 3505 et
475 3453 691 3518 sanguis
719 3460 907 3507 noster
934 3454 988 3507 in
1014 3455 1108 3510 illo
1140 3464 1242 3510 est.
1273 3456 1692 3513 MiSericordiam

122 3536 272 3604 igitur
295 3541 424 3596 mihi
449 3542 611 3597 debet
636 3549 895 3613 praestare
934 3544 1212 3613 Divinitas,
1245 3548 1692 3604 necessitudinem

123 3628 360 3687 exhibere
382 3631 548 3690 debet
574 3632 841 3702 afﬁnitas;
870 3649 1046 3705 neque
1073 3635 1216 3691 enim
1236 3643 1345 3691 tam
1366 3637 1588 3694 immitis
1610 3648 1697 3694 est.

1798 3277 1992 3332 umbra:
2019 3279 2219 3341 mortis,
2251 3279 2341 3333 lux
2370 3288 2485 3332 orta
2515 3287 2591 3332 est
2615 3287 2639 3315 ο
2674 3280 2748 3333 eis
2778 3278 2954 3350 (Joan.
2984 3278 3085 3348 ix).
3116 3278 3384 3347 Ltetemur

1798 3382 1928 3438 ergo
1957 3368 2010 3422 in
2040 3369 2142 3424 hac
2169 3368 2275 3434 die,
2298 3383 2416 3437 quae
2458 3376 2513 3423 et
2549 3368 2702 3423 vivos
2731 3368 3124 3438 cireumfulget,
3151 3376 3207 3423 et
3233 3384 3383 3423 mor-

1798 3467 1920 3514 tuos
1946 3458 2198 3526 viviﬁcat,
2225 3469 2279 3514 et
2307 3469 2563 3515 venturos
2591 3460 2875 3525 illuminat,
2906 3462 3044 3515 sicut
3081 3461 3157 3514 ait
3193 3462 3383 3515 beatus

1798 3547 2135 3618 Evangelista
2166 3570 2177 3603 :
2202 3550 2335 3604 Erat
2360 3552 2588 3607 luzwera
2617 3566 2731 3622 qua:
2768 3551 3026 3604 illuminat
3054 3567 3255 3606 omnem
3286 3551 3382 3605 ha-

1798 3642 1987 3695 minem
2015 3642 2298 3695 venientem
2324 3641 2380 3695 in
2413 3640 2547 3695 hunc
2568 3640 2815 3694 mundum
2848 3638 3026 3701 (Joau.
3052 3640 3113 3705 ι).

1482 3749 1749 3813 SERMO
1792 3753 2005 3813 XXX.

1225 3843 1305 3898 De
1331 3847 1511 3901 eadem
1539 3847 1812 3903 Paschalis
1830 3852 2153 3904 solemnitate
2184 3849 2264 3903 ll.

1544 3934 1932 3991 ADMONITIO.

186 4013 241 4095 In
265 4018 893 4095 appendice_sermonnm
914 4020 1084 4075 sancti
1111 4019 1391 4095 Augustini
1406 4038 1566 4095 Anum.
1593 4022 1695 4095 164
1715 4040 1745 4078 a
1766 4024 2021 4095 Maurinis
2048 4026 2137 4080 hic
2164 4041 2342 4083 sermo
2368 4029 2681 4095 collocatus,
2713 4028 2764 4083 in
2793 4029 2979 4085 codice
3007 4030 3317 4089 Novarieusi
3349 4033 3381 4086 2

126 4080 497 4170 legitursancti
528 4086 745 4169 Maximi
771 4080 1337 4170 decoratusnnomine:
1370 4092 1527 4170 eique
1555 4094 1773 4170 omnino
1796 4094 2005 4170 _ascri_bi
2044 4080 2332 4170 oportere,
2357 4080 2974 4170 éi‘iniibj‘inﬁ-aéi'uﬁé'
2993 4080 3380 4170 sententi-isque

128 4151 276 4231 plane
302 4171 628 4223 cognoscere
655 4158 846 4280 cuiqiie
866 4158 1011 4213 licet.
1041 4157 1227 4212 Exstat
1255 4151 1470 4229 quoque
1499 4162 1551 4215 in
1577 4162 1763 4217 codice
1796 4151 2110 4218 Taurinensi
2138 4180 2260 4219 cum
2290 4151 2444 4222 titulo
2469 4151 2487 4221 Ξ
2518 4151 2649 4221 iis}:
2666 4151 2731 4222 ἓξ
2743 4151 3380 4241 uerae/idiékii'i‘i

128 4235 267 4280 Clitus
290 4225 577 4280 lectionem
600 4241 721 4280 cum
804 4228 992 4280 aurina
1015 4243 1177 4280 supra
1205 4228 1419 4280 laudata
1440 4231 1713 4280 collatam-
1745 4232 1861 4280 eius.
1889 4234 2120 4280 maxime
2148 4235 2375 4280 similpm
2406 4252 2526 4280 paen
2549 4239 2925 4280 (trimum-imum

127 4221 267 4289 cilius
290 4221 577 4282 lectionem
600 4241 721 4281 cum

127 4331 500 4392 Assensit-ruri.
530 4368 601 4378 —
622 4338 825 4413 Christo
854 4338 1087 4413 Domino
1116 4340 1357 4403 redivivo,
1380 4356 1527 4411 quem
1555 4344 1691 4413 ﬁgu-

188 4420 257 4482 ra:
282 4423 453 4482 omnes
481 4410 673 4482 veteris
692 4408 895 4478 {aderis
924 4411 1282 4482 promiserant,
1306 4408 1564 4482 creaturae
1591 4408 1690 4482 ἆρ-

188 4474 429 4540 plaudunt
455 4474 727 4541 universa},
754 4474 944 4548 nosque
973 4478 1348 4548 quodammodo
1381 4474 1695 4535 excitant'ut

193 4616 217 4645 ⁸
241 4607 548 4683 Codd.Va_t._
573 4609 732 4677 i270,
754 4610 912 4683 645i,
936 4617 992 4665 et
1010 4611 1116 4683 duo
1130 4612 1334 4683 Casin.,
1354 4614 1545 4683 quibus
1561 4630 1692 4669 eon-

130 4674 297 4754 iormis
315 4680 611 4754 est_Vallic._
623 4674 737 4754 xix,
752 4681 856 4754 qui
884 4688 1061 4735 tamen
1084 4682 1245 4754 habet
1264 4674 1399 4753 quod
1426 4699 1525 4753 pro
1546 4687 1686 4754 quia.

192 4744 217 4783 ι
242 4746 369 4817 Cod.
396 4750 521 4805 Vat.
550 4746 708 4813 6451,
742 4744 1039 4817 Quicunque
1059 4752 1213 4805 enim.

196 4814 399 4888 {Iidem
428 4819 551 4873 cod.
579 4834 615 4871 ιι
640 4817 697 4872 S.
726 4816 912 4873 Crucis
938 4814 1156 4885 Minon,
1179 4821 1299 4876 Vat.
1328 4820 1488 4888 6551,
1510 4830 1565 4876 et
1585 4823 1691 4876 duo

132 4880 314 4946 Casin.,
337 4886 404 4941 Et
430 4890 549 4942 licet
568 4904 661 4940 nos
684 4888 917 4940 adhuc...
950 4880 1175 4942 maneat.

192 4953 402 5024 {Iidem
431 4956 593 5013 codd.
621 4972 658 5009 ιι
691 4955 748 5010 S.
778 4956 962 5010 Crucis
1008 4957 1226 5024 Minor.,
1257 4970 1312 5012 et
1340 4959 1527 5014 Vallic.
1561 4960 1601 5013 Α
1633 4960 1684 5021 9,

134 5020 179 5073 in
211 5022 467 5079 Saluatore
498 5036 666 5078 tamen
694 5026 985 5087 didicimus,
1015 5034 1119 5082 etc.
1149 5020 1285 5082 Cod.
1312 5028 1435 5082 Vat.
1469 5029 1597 5084 6451
1633 5020 1689 5083 et

134 5090 228 5145 duo
244 5090 414 5163 Casin.
438 5095 642 5149 habent
662 5102 801 5163 tunc.

197 5169 228 5231 '_
246 5160 400 5217 [idem
420 5164 578 5219 codd.
605 5181 640 5217 ιι
665 5160 719 5216 S.
744 5162 933 5217 Crucis
959 5163 1174 5227 Minor.,
1199 5165 1322 5220 Vat.
1349 5166 1503 5226 l270,
1527 5166 1685 5231 6451,

136 5234 184 5279 ει
202 5229 299 5303 {illo
324 5232 529 5303 Casin.,
557 5234 938 5303 caro,_sanguis
962 5242 1011 5287 et
1038 5236 1225 5303 portio.

202 5296 219 5333 ⁸
246 5296 532 5374 ldenrcog.
558 5318 594 5356 ιι
618 5296 886 5374 ὃζςνιιᾷὶε
920 5296 1072 5374 Μίῃξ,
1107 5301 1349 5367 Quamvis
1388 5306 1544 5374 igitur
1576 5323 1690 5374 pec—

138 5375 279 5422 cator.
302 5368 429 5426 Cod.
460 5371 585 5424 Vat.
616 5378 673 5425 et
698 5368 879 5424 Casin.
911 5372 1166 5427 omittunt
1194 5383 1382 5427 tamen.

200 5445 222 5481 ε
247 5435 317 5491 lta
343 5441 460 5495 cod.
493 5439 614 5493 Vat.
650 5438 806 5493 1270.

343 5455 460 5495 C00.
501 5455 614 5493 Val.
650 5455 806 5493 ‘IZIU.

200 5501 222 5540 ³³
247 5504 378 5588 idem
405 5508 527 5563 cod.
562 5526 601 5590 ιι
702 5508 885 5563 Crucis
911 5508 1101 5591 Minor.
1126 5510 1255 5591 legit
1280 5528 1290 5562 :
1316 5519 1370 5563 ut
1398 5528 1546 5591 quem
1567 5529 1689 5591 σφε-

142 5584 191 5622 ta
226 5581 313 5629 mei
347 5594 489 5631 susce
526 5581 643 5641 erit,
686 5594 768 5631 me
805 5581 1049 5649 requirat,
1084 5595 1186 5631 non
1215 5581 1445 5649 inquam,
1475 5589 1578 5634 etc.
1609 5581 1685 5634 lta

142 5643 273 5695 codzl.
301 5644 412 5700 Vat.
446 5597 587 5699 1&0
616 5654 669 5700 et
694 5645 852 5709 645i,
878 5656 934 5699 ut
962 5664 1105 5717 quem
1134 5664 1291 5701 causa
1319 5650 1415 5703 mei
1446 5653 1682 5715 suscepit,

143 5723 227 5762 non
249 5729 389 5769 causa
411 5718 519 5788 ejus
550 5733 692 5787 quem
717 5718 989 5787 susceperit
1016 5734 1095 5770 mc
1122 5718 1364 5787 requirat.

1722 4448 1770 4505 D

804 4228 992 4281 aurina
1015 4243 1177 4298 supra
1205 4228 1419 4283 laudata
1440 4231 1713 4298 collatam,
1745 4232 1861 4301 ejus
1889 4234 2120 4287 maxime
2148 4235 2376 4291 similem
2406 4252 2526 4293 esse
2549 4239 2927 4308 comperimus.

1871 4343 1998 4423 Regi
2038 4354 2214 4424 nostra
2257 4348 2590 4424 gratulemur,
2637 4358 2687 4403 et
2736 4352 2855 4405 vita
2895 4352 3193 4407 innocentia
3230 4364 3380 4424 parta

1866 4413 1980 4486 ejus
2002 4413 2168 4486 gloria
2189 4413 2536 4486 perfruamur.

1867 4433 1980 4482 ejus
2002 4433 2168 4483 gtorta
2224 4433 2536 4486 erjruamur.

1867 4483 2047 4550 Agnus
2076 4483 2165 4538 ille
2189 4433 2395 4555 legalis,
2428 4486 2581 4555 Cujus
2606 4488 2985 4544 immolatione
3001 4487 3255 4561 antiquus
3275 4492 3381 4548 He-

1872 4613 2063 4697 iCod.‘
2086 4615 2661 4697 Vallicell.,.Ha1lgemus
2686 4624 3080 4694 praerogativam
3108 4628 3379 4697 sanguinis

1793 4686 1956 4752 nostri
1983 4686 2343 4750 substantiam,
2358 4676 2421 4741 in
2451 4676 2806 4752 Chﬁsto,'etc.

1866 4757 1880 4837 ξ
1919 4750 2051 4808 Cod.
2067 4772 2120 4837 In
2231 4755 2423 4837 Crucis
2447 4750 2669 4837 Minori,
2690 4762 2809 4837 quia
2835 4778 2949 4815 cum
2974 4763 3100 4816 votis
3122 4763 3234 4819 Deo
3255 4784 3379 4837 gra-

1794 4825 2030 4877 tulemur.
2063 4824 2195 4880 Cod.
2227 4824 2406 4879 Casin.
2442 4824 2841 4891 10L,_Domino.

1866 4891 1892 4929 ¹ί
1921 4891 2206 4973 ῼοᾷιιι
2228 4893 2416 4973 Crucis
2439 4895 2651 4963 Minor.,
2686 4897 2825 4962 Quid
2855 4909 2931 4953 est
2961 4901 3055 4954 hoc
3083 4904 3221 4973 quod
3253 4906 3380 4961 dicit

1794 4961 2041 5035 proplteta
2055 4964 2080 5035 _?
2101 4964 2203 5035 Hic
2230 4974 2306 5017 est
2328 4965 2435 5018 dies
2458 4961 2645 5035 quam,
2662 4976 2766 5023 etc.

1792 5028 2089 5154 'bel'tCqud.
2122 5034 2265 5088 enim
2299 5035 2414 5087 Vat.
2449 5028 2505 5088 et
2528 5028 2708 5091 CaSin.
2739 5040 3037 5095 masculino
3064 5054 3264 5108 genere
3283 5044 3379 5098 ha-

1864 5118 1894 5153 η
2002 5118 2067 5154 ιε.

1864 5118 1921 5153 ιιι
1946 5118 2067 5154 ηιε.

1864 5180 1902 5249 If!
1935 5168 2068 5249 Cod;
2114 5170 2434 5249 νειμ-βπ),
2473 5177 2861 5249 resurrectionis
2906 5178 3039 5249 ejus,
3085 5187 3189 5235 etc.
3230 5180 3375 5237 Idem

1792 5239 1911 5292 eod.
1942 5237 1999 5292 S.
2029 5238 2215 5315 Crucis
2234 5237 2429 5315 Minor.
2452 5244 2597 5298 addit
2624 5246 2756 5315 ejus,
2778 5237 3003 5311 aeternis,
3028 5237 3158 5313 etc.;
3182 5249 3376 5306 deinde

1791 5309 2133 5385 prosequitur
2166 5327 2177 5361 :
2205 5312 2520 5385 exspuemus
2550 5309 2692 5385 ergo,
2724 5318 2933 5385 fratres,
2966 5309 3097 5371 sicut
3134 5309 3207 5373 ait
3237 5319 3376 5373 Scri-

1795 5383 1962 5448 ntura,
1986 5378 2039 5430 in
2062 5379 2159 5431 hac
2180 5380 2261 5432 die
2282 5380 2511 5435 Domini.
2545 5378 2659 5439 Lua:
2676 5378 2842 5447 enim,
2870 5397 2973 5440 etc.
2998 5385 3133 5441 Cod.
3156 5388 3370 5448 Vallia.

1794 5446 1883 5497 sed
1924 5451 2311 5503 resurrectionis
2357 5461 2565 5508 (eterna:
2607 5468 2784 5507 verum
2829 5446 2991 5509 lucem
3030 5446 3369 5512 demonstrat.

1796 5512 1913 5568 Lua:
1940 5517 2072 5569 enim
2099 5518 2222 5582 ista,
2254 5528 2356 5573 etc.

1861 5593 1886 5619 ι)
1917 5585 2061 5662 ῥοᾷ..
2080 5585 2483 5662 ἲζίιηὶοεζῌζδιιιρ
2512 5592 2775 5662 repellitur
2806 5609 2905 5662 pro
2938 5595 3200 5661 sepelitur.

1791 5661 1887 5790 pr;
1916 5653 2081 5777 Eadd.
2108 5655 2227 5710 Vat.
2264 5656 2415 5722 H70,
2438 5660 2544 5715 duo
2568 5653 2750 5715 'Casin.
2776 5653 2831 5717 ei
2851 5653 3107 5715 Valliccll.
3134 5678 3242 5725 xxx,
3266 5664 3371 5717 illis
