3910 6238
528 321 630 373 εῗῦὔ

1741 318 1797 373 5.
1840 318 2080 372 MAXIM
2124 318 2256 373 TAU
2269 321 2572 376 RINENSiS

3708 315 3810 369 595

530 434 794 485 bimatum
834 433 1063 501 populus
1093 431 1357 501 Egyptia:
1386 430 1658 485 servitutis
1680 430 1867 498 jugum
1895 428 2109 496 abjecit,
2142 439 2187 494 Α
2215 434 2354 488 sicut
2376 449 2536 487 eum
2556 432 2775 501 quodin
2805 432 2966 485 rebus
2996 431 3259 495 subsistit,
3303 428 3485 481 divina
3524 425 3806 494 dispensa~

529 522 799 589 quomodo
838 522 1165 576 multimodis
1213 522 1566 577 sacramentis
1611 522 1877 576 veriorem
1914 531 2113 575 sancta:

531 610 783 666 Ecclesia:
803 611 1031 665 hostiam
1063 614 1115 664 in
1146 610 1313 678 ﬁgura
1353 612 1434 665 sui
1465 612 1757 675 contineat,
1790 619 1917 665 tunc
1943 612 2114 680 potis-

530 700 720 754 simum
769 702 881 770 ipsa
930 717 1107 755 rerum
1155 702 1380 755 veritate
1430 701 1713 769 probatum
1755 708 1856 764 est,
1900 699 2114 767 quando

534 790 739 845 Pascha
772 802 1000 845 nostrum
1023 792 1317 845 immolatus
1340 801 1416 845 est
1452 791 1705 851 Christus,
1732 792 1818 862 qui
1847 776 1980 843 sicut
2007 790 2113 843 ovis

531 882 601 933 ad
629 884 934 935 occisionem
964 882 1143 934 ductus
1172 889 1267 944 est,
1313 889 1361 932 et
1401 881 1531 932 sicut
1578 896 1741 950 agnus
1785 895 1959 931 coram
1998 888 2115 931 ton-

532 972 681 1024 dente
705 988 759 1025 se
786 972 897 1025 sine
934 988 1074 1037 uoce,
1106 973 1178 1023 sic
1208 988 1312 1024 non
1340 971 1542 1039 aperuit
1568 987 1624 1023 os
1653 986 1801 1023 suum
1823 968 1977 1036 (Isai.
2003 983 2113 1033 un,

534 1058 563 1113 Ι
598 1058 717 1113 Cor.
760 1060 839 1127 v).
886 1059 991 1115 Iste
1026 1070 1107 1115 est
1135 1074 1304 1127 agnus
1331 1061 1439 1131 qui.
1466 1060 1518 1113 in
1557 1060 1713 1113 altari
1741 1060 1914 1114 crucis
1940 1058 2116 1112 hostia

534 1150 651 1202 viva
671 1148 783 1203 Deo
809 1147 953 1203 Patri
976 1165 1074 1218 pro
1096 1151 1252 1205 nobis
1272 1151 1323 1203 in
1347 1150 1567 1204 odorem
1592 1149 1870 1205 suavitatis
1883 1150 2116 1215 oblatus,

534 1242 817 1295 transitum
845 1242 1001 1296 nobis
1023 1242 1090 1296 de
1119 1244 1338 1310 regione
1368 1242 1571 1297 umbrat
1608 1242 1797 1295 mortis
1825 1240 1891 1294 ad
1920 1248 2117 1294 terram

535 1332 965 1401 repromissionis
993 1331 1268 1401 patefecit.
1313 1332 1438 1397 Iste,
1470 1333 1707 1402 inquam,
1738 1332 1831 1401 qui
1858 1330 2021 1387 simul
2040 1332 2116 1385 vi-

534 1422 695 1475 ctima
732 1426 790 1476 et
825 1422 1097 1487 sacerdos,
1129 1438 1346 1477 omnem
1392 1422 1592 1476 veteris
1628 1420 1913 1476 sacerdotii
1943 1427 1999 1475 et
2032 1434 2121 1473 sa-

535 1513 721 1568 criﬁcii
752 1515 996 1568 umbram
1018 1514 1165 1571 clara
1187 1530 1323 1569 voce
1347 1514 1655 1573 revelando,
1685 1512 1866 1579 figuris
1886 1519 1939 1566 et
1957 1512 2121 1579 anig-

535 1604 768 1658 matibus
790 1604 950 1659 tinem
974 1605 1229 1674 imposuit
1253 1623 1264 1657 :
1286 1620 1428 1659 novo
1450 1611 1631 1658 autem
1652 1603 1902 1657 Ecclesize
1921 1602 2119 1670 p0pulo

535 1710 732 1748 novum
777 1696 1136 1749 sacerdotium
1174 1704 1230 1749 et
1272 1710 1470 1749 novum
1510 1693 1827 1751 sacrificium
1871 1693 2115 1755 initiavit,

2218 525 2372 577 tione‘
2394 522 2626 587 hominis
2652 522 2881 592 imperio
2907 522 3101 587 servit;
3131 521 3211 576 sic
3239 520 3312 574 de
3338 520 3518 574 salute
3570 519 3801 570 humans

2216 614 2463 668 omnibus
2491 628 2594 666 una
2619 612 2908 666 exsultatio
2930 610 3204 665 incumbit.
3227 608 3364 663 Cum
3386 608 3552 675 igitur
3580 622 3686 675 pro
3705 606 3798 659 hoc

2214 706 2359 759 mine
2389 705 2563 761 omnis
2588 712 2834 760 creatura
2866 704 3027 758 tantis
3053 702 3264 757 indiciis
3292 701 3404 755 suis
3427 698 3631 768 gaudia
3651 712 3795 752 mon-

2216 803 2370 858 stret,
2396 809 2732 863 consequens
2757 803 2858 857 est,
2890 802 2950 848 ut
2967 795 3035 848 ab
3063 791 3370 847 hominibus
3397 791 3529 859 ipsis
3558 788 3794 843 testium—

2217 886 2305 939 nia
2333 884 2455 938 talis
2476 884 2673 937 lautitia:
2700 898 2805 937 non
2831 883 3048 937 desinit.
3076 879 3419 947 Prteftgurata
3440 886 3529 932 est
3550 877 3610 931 in
3633 884 3794 945 proto-

2216 975 2390 1043 plasto
2438 973 2611 1027 Adam
2655 972 2851 1027 Christi
2880 970 3224 1037 resurrectio,
3250 969 3377 1037 quia
3396 968 3541 1020 sicut
3570 967 3664 1020 ille
3684 974 3791 1034 post

2217 1079 2469 1133 soporem
2520 1077 2745 1131 surgens
2794 1061 2961 1115 Evam
3014 1062 3081 1115 de
3133 1061 3302 1115 latere
3349 1074 3448 1113 suo
3486 1057 3788 1111 fabricatam

2219 1157 2436 1227 agnovit
2465 1155 2619 1225 (Cen.
2647 1156 2762 1222 ix);
2790 1157 2864 1209 ita
2891 1154 3137 1209 Christus
3160 1169 3193 1207 a
3220 1161 3396 1207 morte
3424 1166 3715 1220 resurgens
3732 1166 3789 1203 ex

2218 1247 2385 1317 478
2424 1247 2643 1301 vulnere
2680 1244 2863 1298 lateris
2906 1243 2988 1299 sui
3031 1241 3312 1297 mditicavit
3339 1240 3661 1294 Ecclesiam.
3693 1237 3790 1291 Noe

2219 1351 2434 1407 quoque
2459 1336 2543 1390 vir
2563 1334 2796 1404 agricola
2817 1349 2944 1388 cum
2957 1333 3249 1402 plantasset
3294 1331 3533 1394 vineam,
3592 1338 3648 1383 et
3690 1330 3790 1381 iue-

2220 1428 2423 1480 briatus
2447 1424 2574 1479 vino
2603 1423 2981 1488 obdormisset,
3013 1414 3390 1490 discoopertus
3405 1421 3622 1488 jaceret
3650 1420 3701 1472 in
3720 1426 3788 1471 ta.

2220 1515 2510 1572 bernaculo
2565 1531 2685 1582 suo,
2731 1522 2786 1569 et
2816 1513 3221 1582 expergela'ctus
3260 1528 3291 1565 a
3319 1526 3541 1575 somno,
3570 1510 3680 1563 tilio
3704 1525 3790 1563 sun

2220 1606 2595 1664 verecundiam
2624 1620 2775 1660 suam
2797 1619 2905 1659 non
2930 1604 3125 1658 celanti
3150 1602 3496 1657 maledictum
3536 1607 3787 1669 perpetua:

2221 1697 2493 1752 servitutis
2507 1696 2807 1764 imponens,
2823 1694 3092 1749 Christum
3110 1692 3437 1762 significavit
3450 1708 3472 1743 ι
3485 1690 3581 1758 qui
3598 1690 3789 1743 vineam

537 1793 595 1837 ut
622 1784 872 1839 videlicet
900 1800 1097 1839 novum
1129 1786 1310 1839 vinum
1339 1787 1392 1840 in
1428 1793 1574 1839 utres
1601 1801 1770 1839 novos
1799 1785 2116 1837 mitteretur.
2155 1792 2196 1850 Β
2224 1789 2351 1845 fecit
2373 1790 2398 1827 b
2430 1787 2746 1851 Ecclesium,
2770 1785 2923 1853 cujus
2945 1798 3135 1838 amore
3154 1783 3357 1852 poculo
3388 1781 3662 1851 passionis
3688 1782 3785 1832 ine-

537 1875 692 1940 Quod
718 1877 763 1929 si
792 1889 1016 1942 granum
1045 1874 1296 1930 frumenti
1323 1876 1523 1930 cadens
1556 1876 1609 1929 in
1638 1884 1863 1937 terram,
1895 1883 1950 1928 et
1975 1889 2121 1927 mor-

538 1976 685 2021 tuum
730 1975 839 2019 tam
884 1953 1200 2019 mirabiliter
1240 1967 1419 2020 omnia
1470 1966 1741 2020 innovavit
1778 1964 1998 2035 (Matth.
2046 1980 2126 2028 tx,

538 2054 699 2108 Joan.
724 2056 848 2125 xu),
871 2056 1039 2109 multo
1061 2057 1228 2123 magis
1254 2056 1308 2108 in
1335 2071 1394 2109 se
1419 2056 1536 2124 ipso
1559 2056 1851 2109 redivivum
1872 2070 1998 2109 cum
2014 2052 2124 2107 fru-

540 2153 631 2199 ctu
659 2146 1015 2215 multiplicato
1042 2160 1327 2213 resurgens
1354 2154 1545 2199 cuncta
1576 2143 1901 2207 fecundavit,
1931 2150 1987 2197 et
2014 2158 2122 2197 non

540 2234 697 2306 477
745 2236 920 2290 solum
975 2236 1338 2305 spiritualibus
1385 2235 1718 2289 rationabilis
1752 2242 1894 2287 terra
1946 2233 2123 2286 incre—

542 2327 760 2393 mentis,
809 2328 900 2381 sed
949 2335 1002 2380 et
1032 2327 1161 2395 ipsis
1189 2327 1418 2381 terrenis
1438 2326 1730 2381 seminibus
1756 2326 1858 2378 hoc
1884 2331 2126 2391 tempore

547 2414 857 2484 ampliorem
883 2424 1201 2482 proventum
1225 2414 1392 2468 dedit.
1423 2412 1573 2467 Unde
1616 2412 1776 2466 modo
1804 2413 1855 2465 in
1885 2410 2127 2479 germina

545 2504 874 2571 erumpentis
900 2510 1055 2556 teme
1078 2511 1191 2558 tota
1220 2504 1442 2557 hilarior
1462 2501 1646 2566 facies,
1680 2511 1705 2538 ι
1734 2502 2003 2555 variorum
2025 2498 2130 2553 fru-

545 2601 729 2647 ctuum
757 2602 973 2661 ornatu,
1003 2609 1217 2648 omnem
1243 2594 1500 2647 hactenus
1538 2592 1691 2661 quasi
1735 2599 2001 2645 mortuam
2041 2604 2128 2643 re-

549 2698 665 2737 rum
694 2691 942 2737 naturam
974 2683 1269 2750 resurgenti
1297 2698 1395 2736 suo
1422 2681 1651 2736 Domino
1698 2680 2122 2735 conresuscitat:

546 2770 637 2823 ubi
666 2771 917 2823 arborum
965 2778 1021 2825 et
1065 2770 1349 2825 herbarum
1396 2778 1545 2839 grata
1597 2778 1871 2836 venustas,
1915 2769 2126 2823 diverso

546 2858 760 2927 quidem
789 2860 1087 2926 germinum
1117 2874 1360 2924 munere,
1382 2861 1499 2928 pari
1522 2867 1699 2913 tamen
1728 2867 1880 2926 gestu
1909 2859 2122 2922 laetitim,

544 2948 800 3016 singulari
831 2949 955 3002 huic
983 2948 1309 3004 solemnitati
1358 2948 1550 3003 festina
1598 2950 1851 3002 occurrit.
1885 2948 1960 3001 De
2006 2948 2125 3002 (εει)ιί

545 3045 722 3091 autem
752 3052 895 3091 nunc
929 3052 1098 3105 usque
1119 3037 1353 3105 quodam
1382 3038 1543 3092 modo
1560 3038 1729 3105 tristi,
1761 3038 1976 3092 tandem
1997 3053 2128 3092 vero

2226 1880 2447 1939 briatus,
2477 1885 2536 1931 et
2557 1884 2848 1943 assumpta:
2872 1874 3048 1927 carnis
3064 1872 3301 1939 tegmine
3325 1869 3585 1933 nudatus,
3612 1884 3647 1921 a
3663 1883 3791 1921 mer-

2226 1970 2332 2022 tuis
2355 1966 2668 2029 resurrexit,
2699 1966 2837 2019 sicut
2862 1964 2938 2017 ait
2966 1963 3082 2032 ipse
3107 1963 3162 2015 in
3190 1961 3425 2016 Canticis
3450 1977 3461 2012 :
3509 1958 3794 2026 Ε’πρθιίσιιὶ

2226 2076 2307 2113 me
2329 2058 2506 2110 tunica
2531 2071 2680 2119 mea,
2710 2053 2965 2125 quomodo
2995 2039 3184 2105 induar
3202 2050 3297 2103 illa
3319 2048 3497 2117 (Cant.
3530 2045 3798 2117 ﬂuctus

2224 2163 2353 2201 vero
2374 2145 2606 2216 qualiter
2632 2151 2689 2198 et
2710 2143 2823 2211 ipse
2852 2142 2905 2196 in
2935 2156 2995 2196 se
3024 2139 3239 2194 Domini
3260 2146 3493 2193 mortem
3522 2146 3583 2191 et
3627 2150 3793 2190 resar-

2224 2236 2517 2291 rectionem
2543 2232 2869 2302 expresserit
2887 2230 3229 2298 evangelicus
3274 2243 3457 2283 sermo
3486 2235 3671 2296 aperte
3708 2227 3796 2279 de-

2226 2328 2412 2382 clarat.
2445 2324 2578 2405 Quia
2610 2325 2791 2395 igitur,
2822 2321 3034 2387 fratres,
3079 2321 3255 2375 omnis
3281 2328 3531 2375 creatura
3578 2318 3799 2386 quedam

2225 2417 2466 2477 caritatis
2489 2413 2688 2479 officio,
2714 2420 2916 2468 nostra:
2939 2411 3097 2466 saluti
3118 2408 3420 2476 congaudet
3442 2407 3659 2477 (Matth.
3685 2410 3799 2469 xu).

2226 2515 2468 2562 nostrum
2518 2515 2601 2561 est
2640 2521 2705 2560 ex
2760 2504 2865 2558 hoc
2894 2503 3048 2558 nobis
3078 2502 3129 2555 in
3161 2516 3318 2554 usum
3364 2499 3583 2553 vivendi
3614 2496 3798 2566 aliquid

2229 2598 2479 2652 trahere:
2529 2610 2597 2649 ne
2638 2593 2938 2649 communis
2983 2590 3221 2645 omnium
3252 2590 3438 2644 laetitia
3454 2588 3545 2657 jus
3572 2604 3717 2642 suum
3746 2588 3803 2639 in

2229 2690 2382 2743 nobis
2431 2688 2663 2754 amiltat,
2714 2701 2851 2754 quos
2900 2698 3078 2739 causa:
3119 2684 3283 2738 totius
3311 2695 3530 2735 summa
3556 2681 3608 2733 in
3636 2679 3809 2747 capite

2227 2784 2453 2847 spectat.
2507 2775 2576 2829 Et
2617 2776 2848 2844 primum
2875 2773 3092 2842 quidem
3120 2770 3269 2826 velut
3314 2785 3443 2824 oves
3470 2782 3685 2838 pascuae
3702 2767 3803 2821 Do-

2226 2868 2383 2933 mini,
2411 2866 2464 2920 in
2485 2880 2578 2918 ara
2605 2863 2803 2929 cordis,
2835 2863 2958 2930 igne
2980 2861 3222 2918 caritatis
3239 2860 3426 2922 assati,
3450 2858 3811 2925 nosmetipsos

2229 2957 2515 3012 offeramus
2533 2955 2765 3009 hostiam
2790 2954 3084 3019 viventem,
3107 2958 3349 3005 sanctam
3367 2948 3483 3004 Deo
3507 2949 3809 3018 placentem

2231 3047 2408 3119 (Rom.
2451 3045 2594 3115 xu):
2651 3052 2708 3099 et
2752 3034 2951 3114 az'ymis
2975 3042 3323 3098 continentia:
3357 3038 3679 3094 mortificata
3697 3037 3807 3107 jam

548 3128 667 3183 Ιωιει
694 3128 830 3183 faeie
860 3128 986 3197 quid
1018 3129 1213 3193 dicam.
1244 3142 1363 3197 qure
1390 3128 1693 3196 aliquandiu
1718 3129 1829 3196 iam
1858 3127 2020 3183 densa
2042 3144 2129 3183 0³·-
2151 3140 2195 3199 C
2227 3138 2489 3192 habentes
2517 3135 2755 3188 membra
2778 3142 2963 3188 nostra
2996 3148 3114 3203 qua:
3142 3140 3269 3187 sunt
3313 3145 3475 3198 super
3502 3137 3729 3195 terram,
3753 3126 3805 3181 id

545 3218 705 3286 ligine
728 3218 948 3272 nubium
980 3217 1236 3287 adoperta
1265 3219 1387 3272 teris
1413 3218 1569 3286 hujus
1589 3220 1819 3287 spatium
1841 3234 2001 3273 omne
2021 3228 2131 3272 tur-
2228 3233 2313 3280 est
2340 3224 2775 3289 fornicationem,
2805 3221 3220 3285 immunditiam,
3249 3227 3304 3273 et
3328 3226 3525 3273 caetera
3559 3216 3806 3270 vitiorum

545 3307 728 3374 bavit}
757 3306 823 3361 Et
844 3323 970 3362 ecce
999 3317 1222 3378 repente
1249 3308 1401 3375 quasi
1422 3307 1627 3376 justitia
1655 3308 1723 3363 de
1750 3309 1887 3363 cmlo
1932 3310 1984 3362 in
2013 3318 2125 3363 ter-

546 3413 661 3453 ram
686 3399 1048 3468 prospiciente
1076 3400 1210 3452 mira
1231 3399 1494 3453 serenitas
1522 3398 1720 3453 mundo
1743 3399 1966 3466 arridet,
1990 3406 2044 3454 et
2070 3399 2123 3453 in

550 3502 707 3540 unam
745 3487 982 3542 hetitiam
1024 3487 1146 3542 caeli
1198 3495 1255 3541 et
1294 3495 1452 3541 terrm
1499 3495 1623 3541 vota
1667 3497 2033 3543 concurrunt:
2066 3497 2125 3542 ut

548 3580 715 3634 Deum
742 3589 797 3634 et
823 3580 1097 3634 hominem
1123 3578 1397 3633 Christum
1440 3580 1713 3634 communi
1768 3579 2125 3633 exsultatione

547 3670 836 3737 excipiant,
865 3670 956 3737 qui
986 3682 1325 3723 communem
1364 3668 1641 3739 utriusque
1692 3682 1880 3737 pacem
1933 3666 2126 3739 afferre

548 3765 793 3825 venerat,
817 3766 871 3811 et
890 3758 1124 3813 medium
1154 3758 1414 3826 parietem
1454 3738 1701 3812 maceria:
1748 3758 1961 3811 solvens
2002 3738 2127 3812 fecit

546 3859 773 3920 utraque
817 3866 981 3903 unum
1037 3848 1249 3917 (Ep/tes.
1282 3848 1361 3916 ιι).
1413 3846 1548 3917 Hinc
1587 3856 1849 3903 astrorum
1887 3849 2124 3904 omnium

548 3941 740 4008 fomes,
794 3940 1049 4009 splendor
1088 3941 1175 3995 ille
1224 3940 1416 3994 solaris
1443 3955 1593 3993 suam
1623 3939 1811 3993 faciem
1839 3939 2127 3993 admodum

550 4039 787 4098 rogatam
812 4032 922 4098 jam
950 4030 1166 4098 jamque
1195 4036 1473 4098 expurgat,
1499 4037 1555 4084 et
1573 4028 1725 4098 quasi
1767 4044 1860 4082 rex
1908 4029 2127 4098 conspi—

547 4139 679 4177 cuus
719 4125 770 4178 in
827 4122 1129 4176 diademate
1158 4123 1347 4191 capitis
1373 4123 1473 4188 sui,
1503 4122 1555 4179 in
1584 4121 1671 4176 die
1697 4122 2127 4192 desponsationis

545 4228 675 4278 suae,
704 4222 760 4269 et
789 4214 843 4279 in
888 4214 976 4268 die
1018 4213 1214 4267 hctitice
1259 4214 1437 4268 cordis
1481 4214 1588 4278 sui,
1616 4214 1929 4282 ueterisque
1956 4214 2129 4273 stellis

545 4304 693 4357 velut
712 4304 996 4359 comitibus
1016 4304 1145 4370 suis,
1173 4303 1401 4370 largiora
1429 4303 1642 4359 luminis
1664 4304 1745 4359 sui
1766 4302 1906 4358 dona
1927 4304 2130 4374 impen—

546 4394 645 4449 dit.
677 4393 825 4449 Luna
849 4396 992 4450 enim
1022 4396 1089 4449 ab
1110 4396 1228 4464 ipso
1253 4404 1405 4450 ortus
1445 4396 1529 4449 sui
1556 4395 1643 4450 die
1668 4410 1882 4464 semper
1908 4395 1963 4450 in
1985 4411 2125 4466 quo-

2229 3313 2499 3383 ergastula
2527 3312 2878 3376 declinemus,
2900 3317 2955 3366 et
2984 3312 3037 3364 in
3066 3310 3300 3364 statione
3338 3308 3610 3362 virtutum
3629 3304 3808 3360 sedem

2226 3406 2383 3461 nobis
2421 3413 2669 3475 aptemus
2696 3421 2709 3457 :
2740 3403 2967 3458 mortuis
3004 3414 3223 3471 quoque
3249 3397 3808 3469 operibusobrenun-

2226 3497 2441 3560 tiantes,
2485 3494 2713 3549 fructum
2763 3495 3023 3563 optimum
3054 3499 3115 3548 ut
3142 3500 3286 3547 terra
3327 3491 3471 3545 bona
3502 3486 3807 3553 oneramus,

2227 3586 2578 3655 exemploque
2604 3584 2757 3639 bona:
2785 3584 2993 3639 arboris
3020 3582 3076 3637 in
3097 3580 3244 3636 omni
3266 3580 3513 3635 bonitate
3530 3586 3588 3632 et
3598 3576 3807 3645 justitia

2227 3674 2605 3732 fructificemus
2622 3673 2755 3745 (Cat.
2780 3673 2879 3742 Ill).
2902 3672 2980 3727 Ne
2993 3686 3122 3727 vero
3139 3678 3195 3725 et
3221 3669 3438 3725 claritas
3460 3668 3594 3721 solis
3616 3673 3807 3721 nostra:

2227 3766 2365 3821 desit
2391 3763 2807 3828 comet-sationi,
2834 3764 3014 3816 luceat
3032 3761 3125 3815 lux
3150 3767 3333 3815 nostra
3362 3771 3549 3812 coram
3567 3753 3804 3810 homini-

2228 3856 2348 3920 bus,
2377 3863 2437 3908 ut
2465 3853 2684 3908 videant
2708 3867 2874 3922 opera
2896 3859 3076 3906 nostra
3098 3849 3239 3903 bona
3268 3855 3326 3901 et
3361 3843 3664 3914 gloriﬁcent
3704 3842 3803 3896 Pa-

2228 3954 2367 3999 trem
2396 3952 2638 3999 nostrum
2674 3943 2770 4011 qui
2815 3942 2869 3996 in
2910 3940 3061 3996 cmlis
3106 3947 3189 3994 est
3214 3936 3432 4007 (Matth.
3454 3935 3532 4004 γ).
3565 3934 3624 3989 Si
3647 3934 3802 4003 igitur

2228 4036 2304 4089 ita
2359 4041 2580 4101 agentes
2624 4032 2840 4087 ultimus
2883 4046 2983 4086 nos
3012 4029 3128 4085 dies
3170 4026 3459 4091 invenerit,
3505 4024 3611 4078 erit
3650 4023 3798 4077 nobis

2229 4123 2552 4194 quandoque
2572 4123 2627 4177 in
2654 4123 2875 4192 prtemio
2904 4122 3023 4191 ipsa
3039 4133 3331 4189 corporum
3354 4115 3700 4178 resurrectio,
3724 4112 3806 4167 ubi

2229 4231 2343 4269 cum
2362 4212 2599 4267 Christus
2618 4212 2915 4283 apparuerit
2941 4211 3046 4266 vita
3070 4217 3269 4273 nostra,
3311 4214 3433 4261 tunc
3453 4214 3509 4259 et
3530 4220 3625 4260 nos
3652 4218 3806 4273 appa-

2232 4304 2451 4360 rebimus
2473 4319 2587 4357 cum
2608 4305 2723 4379 ipso
2740 4304 2795 4356 in
2815 4303 2989 4374 gloria.
3013 4300 3151 4371 (Col.
3170 4298 3249 4370 tu)
3283 4316 3297 4351 :
3329 4298 3421 4367 qui
3468 4296 3607 4349 vivit
3639 4302 3697 4348 et
3721 4306 3803 4347 te-

2234 4404 2364 4466 gnat
2387 4394 2527 4448 Deus
2545 4408 2642 4464 per
2669 4393 2853 4448 omnia
2890 4390 3085 4447 stecula
3112 4387 3451 4445 mulorum.
3483 4385 3680 4439 Amen.
3709 4380 3804 4435 Ex-

547 4485 671 4539 dam
691 4486 775 4539 sui
801 4486 1081 4554 dispendio
1110 4485 1309 4554 posita,
1338 4486 1406 4541 ad
1444 4487 1718 4556 paschalia
1746 4486 1936 4553 gaudia
1964 4487 2126 4556 pleno
2161 4500 2206 4557 ι)
2233 4489 2397 4559 plicit.

544 4588 605 4631 se
633 4572 834 4629 lumine
862 4581 1032 4644 parat.
1063 4572 1131 4627 Et
1158 4584 1218 4629 ut
1244 4584 1438 4631 cuncta
1466 4576 1703 4631 breviter
1745 4577 2121 4645 perstringam,

1906 4666 2173 4728 SERMO
2214 4666 2457 4728 XXXI.

1610 4762 1690 4819 De
1730 4763 1912 4817 eadem
1935 4762 2211 4818 Paschalis
2239 4763 2563 4817 solemnitate
2591 4760 2711 4815 1H.

1972 4851 2360 4909 ADMONI'I’IO.

803 4942 907 5025 list
1012 4960 1191 5025 serum
1300 4945 1470 5025 tribus
1486 4945 1865 5025 vetustissimis
1892 4945 2165 5025 codicibus
2195 4944 2463 5025 inscriptis
2490 4944 2662 5025 sancti
2718 4942 2933 4998 Maximi
2979 4944 3217 4999 nomine.
3265 4942 3467 5025 Eorum
3521 4952 3610 4997 est

3698 4944 3800 4995 rior

545 5008 774 5084 abbatis}.
803 5012 983 5067 Sancti
1015 5014 1281 5084 Dalmatii,
1314 5016 1450 5084 alter
1468 5014 1534 5068 de
1557 5014 1851 5084 Appannis,
1879 5016 2064 5069 tertius
2086 5008 2454 5070 Taurinensis.
2505 5014 2647 5067 Nihil
2675 5022 2965 5084 autemest
2986 5028 3177 5084 cause,
3211 5012 3565 5084 quamobrem
3590 5008 3717 5084 mihi
3742 5008 3797 5061 ab

545 5083 610 5137 iis
638 5091 756 5139 esse
784 5083 1140 5138 recedendum
1170 5095 1368 5154 putem.
1400 5081 1657 5138 Eumdem
1684 5100 1985 5138 sermonem
2017 5085 2211 5140 misere
2245 5084 2596 5153 interpolavit
2628 5084 2717 5137 ille
2735 5083 2918 5137 nescio
2939 5083 3059 5151 quis
3085 5081 3551 5205 Semigelagianus
3564 5082 3796 5149 scriptor,

545 5167 704 5205 auem
735 5155 931 5205 merito
952 5154 1245 5205 concidunt
1263 5154 1509 5205 monachi
1542 5153 1870 5205 Benedictini
1901 5155 1953 5205 in
1976 5155 2180 5205 monito
2208 5154 2277 5205 ad
2309 5169 2556 5205 sermon.
2580 5152 2676 5205 2H
2703 5152 2932 5205 append.
2963 5152 3029 5205 ad
3059 5160 3192 5205 tom.
3331 5166 3480 5205 ooer.
3507 5153 3680 5205 sancti
3706 5147 3796 5202 An-

544 5167 704 5223 quem
730 5155 931 5223 (merito
952 5152 1245 5210 concidunt
1263 5154 1509 5209 monachi
1542 5153 1870 5209 Benedictini
1901 5155 1953 5207 in
1976 5155 2180 5209 monito
2208 5154 2277 5207 ad
2309 5152 2556 5207 sernion.
2580 5152 2676 5205 2H
2703 5152 2932 5222 append.
2963 5152 3029 5206 ad
3059 5160 3192 5206 tom.

3331 5147 3480 5220 oper.
3507 5147 3687 5206 sancti
3706 5147 3797 5202 Au-

544 5221 760 5291 gtstini.
790 5229 964 5292 Atque
990 5224 1044 5278 hi
1073 5224 1291 5292 quidam
1320 5224 1468 5279 illum
1497 5222 1750 5279 Faustum
1780 5224 2067 5280 Reiensem
2097 5224 2259 5279 fuisse
2279 5224 2653 5293 suspicantur,
2692 5221 2909 5283 verene,
2943 5237 3015 5276 an
3041 5237 3217 5287 secus,
3247 5237 3357 5276 non
3387 5221 3598 5275 laboro.

545 5338 1077 5410 ABGU'ENTU“.TS.
1103 5337 1367 5392 Maximus
1388 5340 1579 5410 fratres
1607 5338 1844 5391 hortatur
1883 5346 1938 5389 ut
1957 5338 2128 5390 exsul-

615 5417 739 5470 tent,
771 5409 893 5478 quia
931 5406 1163 5462 Christus
1182 5425 1341 5479 usque
1368 5406 1437 5461 ad
1466 5410 1672 5479 inferna
1701 5416 1914 5461 mortem
1952 5422 2127 5476 perse-

616 5477 792 5542 cutus,
829 5494 952 5532 suas
999 5479 1194 5532 hostias
1248 5477 1527 5531 suscitavit.
1579 5477 1797 5531 Carnem
1826 5480 1936 5545 ipse
1976 5492 2126 5530 suam

613 5562 831 5617 ossaque
866 5548 1111 5613 ostendit,
1156 5566 1219 5601 ne
1252 5548 1470 5618 amplius
1492 5548 1760 5619 quisquam
1788 5563 1904 5600 eum
1951 5562 2126 5599 resur—

621 5686 645 5713 ⁸
676 5674 815 5733 Edit.
850 5678 1098 5748 Maurin.,
1129 5681 1271 5735 vario
1300 5695 1506 5735 suorum
1526 5680 1782 5747 fructuum
1816 5687 2021 5732 ornatu.

2306 5336 2505 5475 rexigsc
2549 5334 2823 5457 dutbitaret.
2876 5333 3098 5389 Thomas
3125 5331 3389 5403 palpandi)
3414 5332 3646 5386 om
3661 5328 3794 5401 ﬁt!!!

2306 5421 2400 5458 con
2448 5422 2609 5459 rmart
2635 5444 2648 5457 .

2306 5421 2648 5459 connrmartt.

2311 5544 2659 5599 Exsultemus
2684 5543 2743 5598 in
2767 5541 3018 5607 Domino,
3065 5537 3276 5604 fratres,
3315 5540 3369 5597 in
3418 5539 3525 5596 hae
3569 5527 3794 5610 pusculi

2312 5675 2338 5714 ι’
2376 5675 2521 5732 Edit.
2551 5677 2802 5742 Maurin.,
2826 5677 3024 5731 vineam
3040 5689 3205 5730 suam.
