3910 6238
111 352 212 408 597

1537 340 1761 397 SERMO
1801 337 2002 393 XXXII.

3290 338 3393 391 593

105 465 487 526 solemnitate,
532 479 693 533 quam
727 461 855 516 fecit
893 459 1167 522 Dominus,
1199 471 1301 526 qua
1348 454 1497 509 dives
1520 452 1706 521 spoliis
1737 458 1782 513 Α
1810 448 2043 517 gentilis,
2065 447 2204 518 quod
2218 447 2396 502 videas
2415 446 2685 501 Christum
2707 446 2869 501 fuisse
2894 446 3228 513 crucifixum;
3253 449 3395 515 (Illud

109 557 331 621 inferni,
388 565 449 610 et
481 554 677 610 mortis
706 552 1059 621 triumphator
1083 565 1114 603 e
1160 546 1389 616 sepulcri
1441 543 1697 607 tenebris,

106 646 251 711 quod
280 644 519 698 Iudaica
562 644 906 697 obstruxerat
934 639 1199 708 impietas,
1227 636 1484 691 Dominus
1522 642 1702 686 noster

106 734 264 789 Jesus
290 732 551 787 Christus
573 731 774 785 mundo
802 728 1038 789 redditus
1067 736 1167 782 est.
1199 726 1334 780 Dum
1362 725 1505 779 enim
1553 737 1701 776 mor-

105 834 217 876 tem
244 823 315 876 ad
345 821 565 876 inferna
593 835 761 889 usque
788 818 1121 887 persequitur
1166 816 1231 870 ad
1277 813 1511 884 paradisi
1557 827 1702 891 sern—

103 913 322 981 piterna
373 911 596 979 gaudia,
631 925 790 977 quem
818 908 1019 963 creavit
1046 915 1206 974 atque
1260 902 1485 958 redemit
1528 892 1705 954 homi-

106 1018 231 1057 nem
284 1017 561 1057 revocare
600 1001 847 1068 dignatus
866 1007 966 1055 est.
991 997 1072 1052 Ad
1098 996 1302 1052 inferna
1329 1010 1495 1063 usque
1522 1008 1705 1063 perse-

103 1100 260 1147 cutus
285 1100 377 1147 est
400 1099 659 1155 mortem,
683 1095 845 1157 atque
865 1087 1106 1142 eamdem
1129 1088 1181 1141 in
1206 1100 1371 1154 regno
1392 1099 1491 1139 suo
1512 1083 1705 1150 glorio-

104 1182 214 1234 sius
252 1182 535 1250 captivam
585 1179 732 1245 fecit,
782 1186 942 1246 atque
995 1177 1061 1232 de
1109 1175 1294 1247 eadem
1335 1173 1700 1242 triumphavit.

105 1269 307 1339 Aperta
334 1280 476 1325 tunc
501 1278 630 1323 sunt
654 1268 937 1322 tenebrosa
959 1266 1046 1320 illa
1073 1263 1403 1320 infernorum
1448 1270 1702 1331 penetra-

106 1362 194 1414 lia.
250 1360 419 1427 Quod
467 1375 740 1429 nunquam
782 1358 990 1412 viderat
1029 1354 1471 1417 cmlestelumeu,
1500 1359 1703 1405 mterna

108 1465 212 1503 nox
240 1450 443 1502 mirata
474 1456 574 1502 est.
611 1457 636 1484 ⁸
683 1446 833 1503 Unde
879 1461 1001 1501 cum
1048 1445 1313 1519 propheta
1359 1443 1477 1513 ipse
1524 1442 1704 1496 dicere

108 1550 325 1611 poterat
352 1559 366 1593 :
403 1538 455 1593 0
481 1555 647 1606 mors,
676 1556 764 1593 ero
792 1555 932 1593 mors
958 1548 1083 1601 tua;
1112 1552 1198 1590 ero
1225 1536 1427 1589 morsus
1457 1544 1591 1599 tuus,
1620 1534 1705 1586 in-

111 1638 252 1703 {eme
279 1630 469 1703 (Osca:
496 1631 645 1700 Illi)!
680 1631 816 1684 Nam~
839 1644 1019 1697 quem,
1052 1636 1111 1682 ut
1160 1636 1433 1682 mortuum
1460 1625 1701 1693 putabat,

109 1729 297 1776 coacta
327 1728 417 1775 est
459 1720 752 1783 dimittere,
774 1726 830 1773 et
858 1719 1090 1781 illorum,
1122 1732 1261 1785 quos
1288 1716 1405 1785 ipsa
1423 1715 1537 1783 jam
1570 1713 1699 1767 reti-

1806 542 2030 610 objicias
2058 555 2181 595 eum
2197 540 2442 596 timuisse
2468 541 2628 595 mori.
2653 539 2793 596 Ecce
2817 555 2978 608 quem
3004 540 3136 594 dicis
3152 541 3396 596 timuisse

1803 621 1961 697 mort“,
1977 645 2137 700 quem
2147 630 2296 685 vides
2311 628 2472 685 fuisse
2482 630 2814 696 cruciﬁxum,
2829 646 2924 684 sua
2936 630 3185 699 equidem
3199 631 3397 685 virtute

1805 723 1896 778 illo
1920 738 1951 777 e
1972 722 2238 792 sepulcro,
2262 721 2405 791 quod
2426 720 2833 777 custodiendum
2854 721 3098 776 voluerat
3126 722 3395 789 impietas,

1804 813 1957 866 vivus
1974 813 2252 879 processit.
2279 810 2416 866 Ecce
2438 812 2678 867 eamdem
2695 827 2934 879 carnem,
2951 826 3074 866 ossa
3089 812 3277 867 eadem
3294 812 3395 865 ha-

1804 903 1912 956 bet.
1930 902 2067 957 Audi
2082 903 2355 964 illumrsuis
2375 902 2639 957 dicentem
2657 903 2929 972 discipulis
2954 918 2979 956 εν
2999 902 3223 972 Palpate
3244 914 3295 957 et
3332 906 3391 956 ri

1806 994 1917 1047 dele
1952 995 2072 1064 quia
2099 994 2309 1063 spiritus
2353 1010 2558 1048 carnem
2586 1004 2636 1048 et
2664 1011 2782 1049 ossa
2821 1011 2925 1049 non
2956 994 3126 1061 habet,
3150 997 3282 1050 sicut
3314 1012 3397 1048 me

1806 1085 1983 1137 videtis
2002 1084 2186 1137 habere
2202 1082 2351 1151 (Luc.
2374 1084 2778 1155 xxrv).Carnem
2796 1100 2945 1139 suam
2973 1099 3203 1153 ossaque
3219 1093 3392 1139 osten-

1803 1173 1897 1239 dit,
1933 1189 1999 1239 ne
2026 1175 2255 1242 amplius
2282 1175 2402 1243 quis
2424 1175 2630 1230 dubitet
2656 1176 2906 1231 eumdem
2927 1191 2959 1231 e
2982 1176 3187 1231 tumulo
3208 1174 3389 1230 vivum

1806 1264 2148 1333 processisse,
2180 1264 2269 1332 qui
2296 1265 2459 1320 clavis
2475 1266 2714 1320 conﬁxus
2735 1267 2867 1321 obiit
2893 1266 2948 1320 in
2976 1265 3385 1337 ligno.Palpate,

1805 1356 2038 1421 dicebat,
2086 1364 2249 1423 atque
2296 1355 2489 1409 videte.
2524 1354 2744 1425 Palpate
2771 1371 2966 1425 nempe
2989 1373 3149 1411 manu
3175 1371 3388 1425 corpus

1804 1459 2002 1508 meum,
2053 1450 2111 1497 et
2160 1443 2338 1497 videte
2382 1458 2467 1497 me
2516 1452 2676 1512 atque
2720 1444 2942 1499 vulnera
2982 1460 3120 1498 mea.
3165 1443 3388 1513 Palpate

1805 1551 1967 1590 manu
1988 1543 2151 1603 atque
2172 1536 2350 1590 videte
2378 1533 2499 1597 fide,
2524 1536 2647 1603 quia
2678 1536 2818 1590 inest
2845 1536 2979 1589 mihi
3023 1542 3078 1590 et
3100 1536 3241 1591 illius
3263 1550 3386 1590 cor-

1804 1627 1950 1695 poris
1978 1625 2197 1691 veritas,
2226 1624 2371 1693 quod
2398 1623 2649 1692 pependit
2698 1624 2751 1676 in
2799 1639 2977 1685 cruce,
3026 1631 3188 1693 atque
3241 1639 3388 1677 mor-

1808 1726 1959 1771 tuum
1988 1715 2288 1783 depositum
2317 1712 2414 1767 fuit
2443 1714 2497 1767 in
2545 1706 2827 1783 sepulcro;
2858 1722 2913 1770 et
2941 1713 3241 1792 proprietas
3273 1713 3389 1766 dci-

108 1813 286 1878 nebat,
311 1820 546 1881 experta
572 1819 655 1866 est
676 1810 1043 1877 liberatorem,
1071 1807 1098 1847 δ
1124 1816 1285 1877 atque
1317 1808 1371 1862 in
1400 1806 1504 1860 hac
1530 1820 1704 1861 sacra-
1737 1812 1777 1868 Β
1807 1810 1951 1873 tatis,
1983 1824 2088 1877 qua
2114 1823 2202 1861 me
2224 1816 2493 1861 mortuum
2525 1816 2685 1876 atque
2715 1807 2769 1859 in
2803 1806 3049 1874 sepulcro
3078 1805 3383 1875 depositum

109 1902 314 1957 tissima
343 1901 768 1956 resurrectionis
805 1899 1114 1963 festivitate,
1147 1898 1444 1953 suscitante
1494 1910 1555 1949 se
1598 1895 1703 1948 Do-

112 1994 277 2057 mino,
335 1995 513 2048 multa
554 2000 860 2048 sanctorum
884 2006 1126 2067 corpora
1153 1989 1467 2044 resuscitata
1494 1986 1707 2042 revixe-

110 2094 251 2149 mut,
284 2094 458 2154 atque
482 2092 725 2147 sanctam
768 2082 1098 2137 introierunt
1146 2081 1439 2135 civitatem.
1490 2076 1704 2131 Hostias

109 2191 342 2246 namque
370 2166 505 2232 snas
530 2174 782 2230 Salvator
808 2172 1067 2229 hodierna
1113 2170 1200 2226 die
1224 2184 1346 2224 cum
1388 2167 1699 2232 resurrexit,

108 2268 414 2331 suscitavit,
450 2274 507 2321 et
525 2267 953 2335 quotiescunque
979 2261 1388 2318 resurrectionis
1441 2258 1700 2316 festivitas

110 2357 443 2419 celebratur,
474 2357 636 2411 toties
655 2368 936 2423 resurgere
956 2355 1229 2411 credimus
1247 2366 1305 2409 et
1327 2361 1562 2408 sanctos.
1590 2348 1697 2405 Re-

112 2448 345 2501 surrexit
392 2462 528 2515 ergo
578 2446 827 2501 Salvator
872 2455 1058 2502 noster
1107 2454 1162 2501 ct
1192 2446 1247 2502 in
1271 2444 1486 2501 mortali
1511 2458 1694 2508 carne,

112 2552 267 2604 quem
320 2538 393 2592 de
442 2538 615 2592 Matre
660 2538 867 2606 virgine
913 2544 1297 2607 assumpserat,
1326 2546 1350 2575 ο
1378 2543 1434 2591 et
1452 2549 1570 2604 qua:
1596 2549 1695 2604 pro

114 2630 274 2700 [.30
303 2639 491 2684 nostra
515 2631 689 2683 salute
712 2630 969 2699 pependit
997 2630 1050 2683 in
1080 2629 1241 2698 ligno.
1278 2627 1411 2682 Illud
1441 2643 1472 2681 e
1508 2626 1694 2696 sepul-

116 2734 203 2773 cro
231 2733 431 2772 novam
460 2718 528 2771 ad
560 2718 720 2773 vitam
748 2719 1027 2775 revocavit
1048 2733 1266 2787 corpus,
1285 2717 1431 2787 quod
1450 2717 1503 2771 in
1526 2716 1696 2785 sepul-

114 2822 204 2860 cro
254 2806 566 2876 depositum
620 2806 812 2861 fuerat.
869 2805 1014 2862 Idem
1069 2823 1264 2877 corpus
1311 2808 1378 2863 ad
1407 2808 1695 2877 discipulos

1806 1898 2078 1953 suscitavi.
2110 1896 2179 1950 Et
2206 1912 2393 1952 revera
2422 1896 2655 1950 Thomas
2682 1896 2808 1951 dum
2838 1896 3092 1951 dominici
3144 1896 3387 1965 corporis

1805 1997 2074 2046 scrutatus
2105 1996 2189 2043 est
2208 1989 2451 2053 vulnera,
2476 2004 2803 2055 carnemque
2830 1988 3085 2058 palpavit,
3118 2004 3301 2041 verum
3334 1989 3385 2040 in

1806 2082 1922 2150 ipso
1951 2080 2166 2135 Christo
2209 2095 2404 2149 corpus
2434 2078 2669 2147 agnovit.
2706 2079 2847 2133 Vidit
2884 2093 3011 2147 ergo
3049 2079 3388 2133 beatissimus

1806 2170 2103 2241 apostolus,
2134 2158 2296 2239 atque
2314 2170 2581 2239 palpavit;
2604 2169 2748 2237 quod
2779 2170 2893 2238 ipse
2925 2176 3056 2222 tunc
3084 2166 3229 2232 fecit,
3252 2183 3385 2222 cun-

1806 2262 1905 2317 ctis
1935 2260 2151 2331 profuit.
2178 2259 2309 2314 Nam
2333 2274 2454 2313 cum
2476 2274 2627 2314 suam
2655 2259 2709 2313 in
2730 2257 2927 2314 Christi
2949 2274 3145 2327 corpus
3166 2265 3387 2312 exercet

1804 2352 2168 2418 solitudinem,
2198 2351 2436 2405 omnium
2466 2349 2623 2405 ﬁdem
2653 2347 3013 2405 conﬁrmavit.
3034 2346 3177 2402 Idem
3204 2357 3378 2401 auten

1806 2460 2019 2513 corpus,
2052 2445 2197 2512 quod
2218 2429 2316 2511 pro
2342 2441 2548 2497 cunctis
2567 2440 2667 2495 fuit
2685 2438 2954 2496 conﬁxum
2978 2441 3031 2493 in
3051 2438 3217 2507 ligno,
3240 2454 3385 2492 nunc

1802 2536 1868 2589 ad
1898 2533 2072 2588 Patris
2099 2534 2184 2589 sui
2207 2533 2483 2588 dexteram
2511 2539 2700 2600 regnat
2725 2532 2779 2586 in
2805 2530 2963 2586 etclo.
2989 2529 3057 2583 Et
3083 2545 3271 2585 revera
3299 2530 3383 2583 di-

1800 2642 1964 2697 gnum
1993 2632 2130 2689 erat,
2153 2632 2215 2679 ut
2239 2639 2367 2678 vera
2398 2624 2487 2678 illa
2517 2622 2763 2692 corporis
2791 2621 3062 2688 animique
3088 2619 3380 2673 substantia

1800 2732 1908 2771 una
1930 2731 2051 2769 cum
2071 2714 2286 2787 Chri'sto
2307 2714 2359 2767 in
2388 2720 2647 2767 reternum
2670 2710 2964 2766 exsultaret
2986 2711 3040 2764 in
3065 2709 3237 2775 ccelis,
3262 2724 3382 2778 qua:

1802 2816 2017 2863 terrena
2045 2807 2146 2861 ista
2177 2803 2557 2874 impedimenta
2584 2802 2906 2859 conculcans
2931 2801 3031 2857 soli
3062 2801 3160 2870 ipsi
3188 2800 3383 2856 servie-

117 2897 450 2953 suosclausis
476 2896 717 2952 introivit
736 2896 1079 2966 januis.Nihil
1106 2912 1234 2967 ergo
1249 2899 1479 2968 amplius
1508 2898 1694 2962 habes,
1725 2884 1769 2947 C
1800 2904 1885 2950 rat
1914 2897 1967 2949 in
1998 2897 2173 2951 terris.
2202 2888 2451 2964 Explicit.

1451 2985 1719 3046 SERMO
1760 2985 2034 3045 XXXII.

1211 3064 1290 3118 De
1312 3066 1491 3120 eadem
1531 3064 1797 3117 l’aschatis
1818 3064 2143 3117 solemnitate
2166 3061 2194 3114 1
2206 3060 2271 3116 ν.

186 3226 343 3298 681
373 3227 457 3283 Ex
482 3226 708 3283 Joannis
753 3226 1044 3298 Evangelia
1072 3239 1192 3294 cap.
1226 3241 1298 3298 xx
1344 3224 1504 3293 plane
1545 3230 1758 3298 constat
1799 3221 2067 3298 Christum
2116 3236 2148 3273 a
2194 3220 2424 3298 mortuis
2460 3219 2773 3298 redivivum
2801 3216 3377 3298 apparuissesecundo

122 3286 389 3365 aptist'olis,
414 3306 471 3353 et
500 3298 720 3353 Thomm
765 3286 1195 3367 incredulitatem
1242 3286 1545 3367 increpasse
1570 3290 1781 3367 :__Noli,
1814 3292 2079 3367 inquiens,
2112 3307 2223 3367 esse
2242 3289 2558 3367 incredulus2
2578 3286 2925 3367 _sed_[idelis.
2980 3286 3242 3367 [featiqui
3271 3303 3375 3367 non

123 3356 449 3427 videruntJet
477 3369 826 3421 crediderunt.
865 3362 1243 3420 Conciliandus
1264 3356 1441 3417 autem
1470 3364 1572 3416 erit
1598 3356 2001 3429 Maximum—qui
2030 3360 2135 3414 hoc
2164 3361 2217 3413 in
2247 3372 2498 3429 sermone
2524 3356 2684 3429 ﬁdem
2711 3356 2960 3429 Thomas,
2993 3356 3375 3429 devotionem-

123 3448 221 3515 que
248 3435 301 3489 in
324 3425 595 3515 Christum
624 3435 983 3515 commendat,
1014 3433 1237 3515 ejusque
1256 3433 1478 3515 vulnera
1508 3433 1763 3515 tetigisse,
1794 3425 2029 3515 ait,l_non
2056 3439 2114 3483 ut
2138 3430 2383 3515 crederet
2409 3427 2676 3515 ipseased
2697 3435 2767 3515 ut
2777 3427 2844 3507 ab
2857 3426 3131 3515 omnibus
3161 3425 3374 3515 dub-ita:

128 3495 316 3558 tionem
346 3506 414 3559 de
440 3504 639 3562 Christi
681 3496 857 3561 reditu
903 3495 979 3557 ad
1010 3495 1170 3557 vitam
1200 3509 1490 3557 averteret.
1522 3502 1590 3554 At
1609 3495 1656 3554 si
1684 3495 1988 3568 evangelica
2016 3499 2253 3553 narratio
2282 3495 2665 3568 perpendatur,
2695 3496 2942 3568 Christus
2978 3511 3038 3551 se
3074 3495 3375 3568 gloriosum

122 3579 175 3643 et
200 3574 497 3629 redivivum
520 3575 738 3630 Thema:
765 3573 1194 3643 cognoscendum
1226 3571 1484 3643 prasbuit;
1527 3586 1635 3643 uno
1678 3565 1870 3643 modo,
1900 3584 2022 3643 cum
2045 3567 2223 3643 ianuis
2251 3565 2448 3643 clauSis
2475 3581 2656 3621 coram
2682 3565 2938 3643 apostolis
2962 3565 3131 3629 stetit,
3141 3579 3340 3643 annua
3358 3593 3373 3603 -

125 3640 375 3711 tiavitque
420 3645 499 3698 eis
544 3659 763 3713 pacem;
795 3631 920 3707 alio,
952 3657 1073 3713 cum
1126 3631 1341 3713 manum
1370 3631 1486 3708 ejus
1514 3639 1583 3713 ad
1612 3640 1751 3693 latus
1775 3631 2417 3713 admovitfeshibuitque
2446 3631 3376 3713 contrectandavulnera.‘_T_homas

123 3723 246 3776 ergo
271 3702 453 3766 statim
483 3702 845 3768 ac'Christum
890 3702 1128 3765 medium
1174 3711 1315 3764 inter
1341 3702 1617 3779 apostolos
1662 3708 1872 3779 aspexit
1917 3702 2660 3779 resuscitatum,_vivumque
2694 3705 2966 3779 hominem
3014 3702 3281 3779 credidit,
3307 3703 3376 3779 de

124 3769 269 3844 cuius
309 3782 592 3836 divinitate
637 3783 925 3837 instructus
971 3796 1079 3833 non
1107 3769 1405 3843 dubitabat,
1450 3778 1670 3846 ejusque
1697 3769 1818 3832 ﬁdei
1848 3775 2209 3846 testimonium
2240 3775 2465 3846 praebuit
2493 3769 2607 3843 ipse
2629 3772 2893 3846 Salvator,
2925 3773 3209 3846 inquiens:
3240 3769 3378 3846 Ωζιία

127 3842 287 3916 tjdisti
314 3867 396 3904 me
419 3891 435 3915 ,
470 3850 667 3905 Thoma
690 3891 705 3916 ,
746 3850 1036 3904 credidisti.
1077 3848 1271 3903 Postea
1301 3863 1429 3902 vero
1460 3842 1631 3916 tetigit
1678 3856 1733 3902 et
1772 3846 2009 3916 palpavit
2042 3845 2241 3900 Christi
2272 3842 2533 3916 membra,
2559 3851 2724 3916 atque
2764 3842 2994 3897 adorans
3016 3842 3333 3916 exclamavit
3357 3859 3369 3893 :

127 3914 370 3973 Dominus
393 3909 535 3974 meus
561 3929 613 3973 et
651 3909 793 3973 Deus
822 3935 984 3973 meus.
1015 3917 1255 3973 Fidelem
1279 3915 1539 3970 Thomam
1557 3909 2006 3985 'primus'Cliristi
2033 3920 2281 3985 aspectus
2302 3909 2780 3985 jamreddiderat,
2814 3909 3373 3985 atqu_e_prom_ptitudo

126 3984 236 4050 ejus
275 3987 396 4042 ﬁdei
448 4004 479 4042 a
526 3988 759 4044 Maximo
787 3988 1231 4051 commendatur;
1262 3986 1406 4054 quod
1435 3980 1615 4039 autem
1645 3986 1805 4039 etiam
1836 3984 2065 4054 vulnera
2084 3980 2465 4054 Redemptoris
2489 3982 2741 4048 tetigerit,
2774 3990 2828 4036 et
2856 3980 2909 4035 in
2938 3980 3034 4054 illa,
3056 3980 3218 4054 verba
3247 3994 3375 4054 pro:

128 4048 357 4123 ruperit:
388 4057 643 4112 Dominus
682 4075 824 4112 meus
861 4067 910 4111 et
940 4056 1079 4109 Deus
1102 4048 1243 4109 meus
1266 4048 1295 4120 ;’
1331 4065 1569 4120 operatus
1611 4063 1689 4109 est
1731 4054 1897 4117 nobis,
1925 4053 2095 4123 inquit
2124 4048 2387 4123 maximus
2408 4092 2423 4116 ,
2466 4059 2524 4103 ut
2540 4059 2801 4122 tangeret,
2828 4048 3307 4123 quodvidebat;‘u_t
3327 4050 3373 4103 si

127 4118 254 4198 [orte
278 4127 570 4198 incredulus
600 4128 714 4198 quis
733 4128 957 4198 diceret,
978 4134 1100 4178 tunc
1120 4118 1284 4194 ipsius
1295 4118 1701 4198 fuissendelusos
1716 4124 1771 4177 in
1782 4118 2013 4198 aspectu
2028 4120 2222 4198 Christi
2245 4122 2419 4198 oculos
2442 4160 2465 4198 ,_
2500 4118 2683 4198 manus
2710 4118 3042 4198 tame'uillius
3073 4126 3194 4198 tunc
3214 4118 3374 4198 fuisse

129 4180 390 4271 '{nts‘tratas
425 4196 480 4250 in
750 4205 887 4249 tactu
906 4180 1079 4271 dicere
1095 4180 1203 4271 non
1221 4180 1407 4271 posset.
1434 4193 1527 4247 His
1546 4180 1738 4271 similia
1764 4193 1831 4271 de
1853 4180 2058 4271 Thoma
2085 4189 2360 4271 dubitante
2384 4180 2551 4271 habet
2571 4189 2859 4271 Gregorius
2887 4180 3374 4271 Magnus.hom.ﬁ26

131 4256 405 4333 in‘Evang.
433 4282 448 4318 :
484 4256 639 4318 «Non
669 4266 764 4318 hoc
815 4280 961 4330 cm,
986 4263 1079 4317 sed
1098 4256 1274 4316 divina
1299 4263 1686 4333 dispensatione
1717 4270 1912 4333 gestum
1943 4268 2036 4315 est.
2087 4256 2210 4333 Egit
2235 4275 2457 4333 namque
2482 4260 2615 4333 miro
2645 4256 2798 4312 modo
2826 4256 3063 4333 superna
3077 4257 3368 4333 clementia,

128 4339 181 4403 Et
200 4326 482 4403 discipulus
506 4335 596 4387 ille
623 4334 884 4403 dubitans,
904 4326 1033 4403 dum
1056 4335 1116 4403 in;
1136 4326 1391 4403 magistro
1408 4347 1503 4385 sua
1524 4326 1738 4403 vulnera
1762 4326 2222 4403 palparetcarriis,
2252 4331 2307 4382 in
2329 4326 2475 4403 nobis
2500 4329 2712 4403 uulnera
2738 4326 2951 4382 sanaret
2970 4326 3314 4403 infidelitatis.
3347 4346 3365 4377 ι

130 4395 193 4469 _Et
218 4395 539 4469 Augustinus
570 4411 724 4456 tract.
759 4401 855 4455 121
888 4398 1045 4456 docet
1072 4395 1268 4456 vidisse
1293 4400 1553 4455 Thomam
1583 4402 1635 4454 in
1662 4395 1878 4453 Christo
1908 4397 2178 4469 redivivo,
2207 4405 2262 4469 et
2280 4398 2527 4469 tetigisse
2549 4398 2856 4469 hominem,
2900 4396 2994 4469 sed
3022 4395 3255 4469 remota;
3270 4395 3372 4469 dn-

131 4462 379 4541 bitatione
406 4472 473 4525 de
504 4471 783 4541 corporali,
799 4470 997 4526 Christi
1027 4471 1440 4541 resurrectione,
1472 4484 1632 4541 quam
1657 4469 1779 4541 jam_
1799 4468 2018 4522 tenebat
2043 4466 2109 4520 de
2128 4462 2411 4541 divinitate
2419 4465 2826 4541 _confessionem
2850 4464 3114 4541 edidisse;
3155 4462 3375 4541 Videbat

131 4548 290 4611 autem
320 4539 542 4611 Thomas
566 4582 580 4605 ,
602 4533 949 4611 iungebatque
970 4540 1225 4611 hominem
1246 4576 1271 4611 ,γ
1304 4549 1353 4592 et
1378 4533 1909 4611 conﬁtebaturDeum
1933 4576 1947 4598 ,
1997 4551 2274 4611 quamnon
2298 4535 2707 4611 videbat,-neque
2735 4533 3233 4611 taltgebat,__sed__per
3255 4534 3371 4597 hoc,

133 4608 259 4681 quod
300 4610 520 4681 uidehat,
554 4601 727 4681 atque
760 4601 1006 4681 tangebat
1028 4648 1043 4672 ,
1072 4609 1203 4662 illud
1244 4601 1592 4681 jam_remota
1624 4608 1959 4681 dubitatione
1984 4601 2416 4681 credebat;_unde
2454 4601 2730 4681 sequitur:
2764 4601 3046 4672 Respondit
3072 4601 3296 4656 Thomas
3325 4611 3374 4655 et

134 4672 256 4727 dixit
282 4678 365 4731 ei:
405 4672 662 4733 Dominis
702 4672 933 4732 meus'et
970 4678 1109 4731 Deus
1148 4672 1312 4731 meus.
1368 4676 1434 4732 Ut
1465 4679 1597 4731 vero
1624 4678 1766 4730 hunc
1814 4688 2116 4739 sermonem
2161 4673 2217 4727 S.
2248 4672 2484 4729 Maxima
2506 4672 2902 4742 a'djudicemus,
2930 4688 3030 4727 nos
3052 4684 3374 4742 perm_ovent

135 4749 235 4798 tres
256 4748 467 4803 codices
490 4747 785 4816 Subalpini,
820 4746 1165 4801 Taurincnsis
1211 4748 1435 4816 scilicet,
1475 4745 1532 4799 S.
1567 4745 1813 4816 Dalmatii
1854 4752 1909 4799 et
1935 4743 2252 4816 monasterii
2281 4742 2408 4816 olim
2442 4743 2511 4816 de
2539 4739 2833 4816 Appanpis.
2878 4741 2936 4795 ιι]
2963 4739 3150 4816 codice
3179 4739 3371 4816 Tauri:

134 4816 272 4879 pensi
300 4816 609 4873 inscribitur
634 4810 809 4871 {Item
838 4824 886 4870 et
910 4818 974 4871 de
994 4816 1201 4869 PaScha
1248 4824 1299 4869 et
1326 4816 1389 4869 de
1420 4815 1567 4873 beato
1596 4814 1790 4868 Thoma
1811 4829 1979 4867 sermo
2008 4810 2141 4865 VII.
2182 4811 2513 4866 Benedictini
2547 4810 2795 4865 monachi
2825 4824 3077 4879 congreg.
3110 4810 3168 4864 S.
3200 4810 3371 4864 Mauri

134 4876 263 4956 hunc
289 4901 594 4953 sermonem
634 4885 689 4956 in
737 4886 1032 4956 appendice
1079 4901 1241 4956 serm.
1286 4884 1596 4956 SrAugusrt.
1629 4885 1877 4956 secunda}
1905 4881 2091 4956 classis
2117 4896 2273 4956 num._
2301 4880 2397 4934 161
2423 4882 2775 4956 collocarunt.
2794 4876 3222 4956 _Con_fereht_ihus
3249 4888 3371 4956 tex-

136 4955 254 5014 tum,
283 4968 440 5023 quem
471 4949 822 5023 exscriptum'
842 4952 1132 5009 habuimus
1150 4969 1220 5008 ex
1248 4954 1437 5009 codice
1463 4949 1707 5008 'abbatia:
1749 4954 1805 5008 S.
1847 4950 2090 5023 Dalmatii
2120 4990 2134 5013 ,
2187 4950 2299 5023 ubi_
2323 4958 2501 5023 esstat
2540 4965 2661 5004 cum
2691 4950 2899 5023 titul_o_:_
2915 4950 3047 5003 Item
3072 4949 3371 5023 deggljascha

136 5018 382 5093 sermo'X,
423 5034 477 5077 et
526 5020 599 5093 de:
634 5018 780 5077 beato
824 5024 1018 5077 Thema
1042 5064 1056 5088 ,
1098 5040 1220 5077 cum
1249 5039 1449 5078 excuso
1479 5024 1532 5076 in
1575 5023 1717 5077 dicta
1749 5021 2046 5091 appendice
2074 5034 2235 5073 scrm.
2269 5018 2326 5073 S.
2356 5018 2580 5087 August.
2615 5036 2763 5073 num.
2804 5019 2921 5085 162,
2953 5032 3073 5090 pag.
3107 5018 3213 5073 205
3238 5020 3367 5074 edit.

136 5084 378 5162 Antaeer
405 5094 561 5159 1700,
588 5087 703 5160 ejus
733 5094 961 5147 varietas
979 5084 1264 5148 constabit.

136 5176 505 5236 Asanurmrmt.
530 5179 837 5234 ——Th‘omas
869 5190 1004 5232 tactu
1034 5179 1293 5233 Christum
1323 5182 1511 5248 inipso
1531 5178 1684 5233 Chri-

196 5256 269 5301 sto
295 5251 540 5303 sollicitus
568 5250 855 5317 requisivit,
888 5266 990 5303 non
1023 5250 1158 5319 quod
1186 5250 1250 5301 de
1283 5250 1395 5319 ejus
1434 5249 1685 5301 dubitaret

195 5322 581 5379 resurrectione,
612 5319 701 5372 sjd
726 5328 780 5369 ut
806 5333 1007 5372 omnem
1034 5318 1097 5370 ab
1128 5318 1405 5372 incredulis
1442 5326 1687 5377 averteret

196 5389 551 5462 εδιιδρὶεὶοηεηι.Δ
587 5387 716 5441 “Tota
737 5388 866 5456 ﬁdes
892 5388 1143 5440 nostrain
1173 5384 1691 5458 resurrectionis'glo-

199 5457 269 5506 tia
297 5457 584 5525 reponenda
607 5466 709 5509 est.

1862 5177 2405 5246 Diximus-superiore
2433 5176 2722 5243 dominica,
2752 5177 2969 5233 beatum
2999 5178 3257 5233 Thomam
3276 5216 3292 5243 ,
3315 5187 3373 5233 ut

1792 5268 1951 5322 fidem
1997 5268 2235 5323 omnium
2283 5262 2615 5324 cre'dentium
2678 5285 2778 5325 suo
2826 5270 3061 5335 lirmaret
3103 5270 3370 5340 exemplo,

1792 5356 2045 5412 dominici
2074 5358 2315 5426 corporis
2339 5367 2466 5427 post
2503 5360 2952 5416 resurrectionem
2990 5359 3230 5414 membra
3260 5361 3374 5430 pal~

1793 5470 1983 5525 passe;
2032 5464 2193 5525 atque
2220 5465 2280 5512 ut
2313 5467 2632 5513 cunctorum
2668 5458 3072 5527 ambiguitatem
3096 5458 3149 5511 in
3176 5457 3372 5517 Christi

202 5596 226 5625 ⁸
250 5589 322 5646 Ex
343 5593 473 5650 Cod.
508 5593 751 5662 Taurin.,
781 5591 930 5646 Unde
956 5607 1131 5647 versus
1157 5608 1275 5646 cum
1304 5592 1555 5662 praphcta
1606 5592 1688 5645 di-

142 5670 238 5711 rere
256 5672 444 5727 poterat
473 5680 490 5717 :
524 5661 569 5715 0
601 5677 761 5727 mors,
782 5670 887 5716 etc.

204 5737 223 5765 ι
250 5729 383 5787 Idem
410 5734 538 5790 cod.
571 5730 812 5798 burim,
864 5730 999 5785 unde
1025 5733 1079 5785 in
1107 5732 1203 5784 hac
1226 5729 1415 5785 Christi
1443 5731 1687 5784 sacratis-

1790 5591 2333 5663 simaresurrectionis
2355 5594 2649 5663 festivitate,
2680 5601 2784 5647 etc.

1870 5672 1889 5697 ε
1925 5660 2071 5732 Idem
2100 5662 2246 5727 cod.,
2273 5672 2322 5732 et
2350 5660 2443 5730 pro
2493 5670 2673 5714 nostra
2714 5662 2879 5715 salute
2915 5664 2967 5716 in
2997 5662 3160 5732 ligno,
3192 5661 3321 5715 illud
3343 5678 3371 5715 e

1797 5730 1988 5784 tumulo
2017 5747 2199 5783 novam
2223 5730 2291 5782 ad
2318 5731 2471 5783 vitam
2499 5732 2764 5783 rerocavit.
