3896 6250
101 335 185 391 om

1459 331 1686 387 SERMO
1725 332 1954 388 XXXIV.

3236 329 3346 388 603

104 454 262 496 autem
291 443 344 496 in
374 442 1113 516 eo__codice_inscriptus_est:
1159 440 1289 495 Item
1314 451 1374 516 et
1418 443 1483 496 de
1521 442 1727 496 Pascha
1759 461 1926 498 sema
1965 443 2106 516 XII.
2158 444 2292 498 Eum
2321 459 2449 498 vero
2482 445 2796 513 perbrevem
2825 445 3062 516 quidem,
3092 446 3186 501 sed
3216 461 3344 515 gra-

101 525 210 584 vem
235 512 532 584 sententiis
566 527 597 565 a
647 511 876 565 Maximo
919 511 1081 565 fuisse
1125 512 1480 584 perscriptum
1517 528 1627 566 non
1663 521 1902 580 vetustas
1947 515 2109 569 modo
2155 523 2318 584 atque
2352 511 2643 570 auctoritas
2683 511 2882 570 codicis
2922 511 3344 583 ejusdemfsed

101 581 256 650 stylus
285 582 449 635 etiam
482 581 640 648 plane
665 587 1055 634 commonstrat
1083 579 1244 648 atque
1265 579 1447 634 efﬁcit.

100 696 246 765 535
277 698 671 765 Ancuuanruu.
692 726 763 736 —
782 694 1014 748 Christus
1037 711 1067 746 a
1096 695 1307 747 mortuis
1330 694 1576 765 redivivus
1604 709 1660 747 se
1690 699 1735 753 Α
1769 696 1937 750 ﬁdelis
1986 696 2214 765 populus
2264 694 2454 750 futurae
2497 696 2910 750 resurrectionis
2936 695 3175 749 adinstar
3203 696 3347 749 nivei

160 763 318 833 ipsum
365 763 586 831 praebuit
629 764 904 831 imaginem
956 773 1145 816 nostra:
1192 764 1575 833 regurrectionis
1616 772 1662 815 et

163 828 504 886 remorationis
529 871 542 894 ,
583 847 696 900 qua:
737 828 801 898 ﬁt
833 835 886 884 in
928 833 1197 900 baptismo.
1239 828 1586 894 Exsultemus,
1611 840 1668 882 ut

167 904 409 969 eumipsa
441 910 690 970 regnante
729 903 987 967 lcetemur,
1032 902 1077 954 si
1122 900 1186 953 ab
1215 901 1377 968 ipsius
1421 900 1526 969 [ide
1562 900 1668 954 vita

167 987 352 1040 quoque
378 980 556 1023 nastra
578 987 680 1022 non
701 970 973 1038 discrepet.

167 1146 430 1200 Hodierna
479 1146 744 1215 paschalis
792 1144 1103 1199 solemnitas
1130 1185 1145 1211 ,
1195 1150 1345 1197 tanto
1373 1141 1470 1196 Dei
1501 1142 1668 1196 nostri

101 1245 404 1291 consecrata
452 1237 739 1305 mysterio,
764 1234 1041 1288 dominicae
1072 1232 1476 1287 resurrectionis
1504 1231 1673 1283 virtu-

102 1335 219 1388 tem,
250 1336 303 1379 et
329 1341 428 1394 per
459 1325 680 1392 angelos
711 1325 924 1387 indicat,
958 1333 1116 1391 atque
1143 1338 1237 1392 per
1258 1323 1530 1391 apostolos
1558 1337 1674 1376 ma-

101 1413 336 1478 nifestat,
375 1422 432 1466 et
469 1429 566 1482 per
593 1403 842 1468 universa
874 1413 1203 1467 credentium
1232 1411 1392 1481 corda
1420 1413 1673 1480 perennia

102 1505 231 1558 bona
260 1505 604 1573 multiplicat.
650 1503 748 1557 Hic
795 1517 924 1570 ergo
970 1511 1051 1556 est
1079 1503 1193 1556 dies
1219 1517 1379 1570 quem
1409 1502 1532 1556 fecit
1563 1502 1663 1555 Do-

103 1595 268 1648 minus
289 1633 304 1656 ,
351 1595 494 1648 sicut
521 1594 742 1648 audistis
765 1632 780 1656 ,
824 1595 1027 1648 cunctis
1057 1594 1270 1660 celsior,
1305 1593 1530 1647 lucidior
1558 1592 1677 1645 uni-

102 1683 278 1747 versis,
330 1683 383 1736 in
431 1698 542 1751 quo
601 1683 861 1737 Dominus
905 1695 1086 1744 noster
1131 1684 1198 1737 ab
1241 1681 1422 1736 inferis
1467 1681 1674 1736 devicta

102 1781 263 1826 morte
290 1773 560 1837 surrexit;
592 1773 644 1826 in
673 1787 781 1840 quo
810 1773 911 1827 sibi
938 1788 1131 1826 novam
1161 1773 1399 1840 plebem,
1432 1779 1490 1825 ut
1518 1772 1670 1825 vide-

102 1862 183 1922 tis,
213 1871 403 1917 sancto
433 1863 855 1930 regenerationis
882 1864 1072 1932 spiritu
1099 1863 1200 1916 sibi
1228 1863 1583 1931 conquisivit;
1622 1861 1676 1916 in

102 1966 201 2018 quo
226 1952 559 2018 singulorum
605 1952 801 2005 mentis
829 1951 1025 2021 gaudio
1072 1959 1127 2005 et
1161 1952 1522 2005 exsultatione
1548 1967 1674 2021 per-

1772 788 1853 840 sui
1898 787 2197 854 splendoris
2242 787 2477 841 candore
2528 786 2819 841 Ecclesiam
2855 785 3107 843 laetiﬁcat.
3138 787 3349 841 Gratias

1769 890 1897 942 ergo
1930 875 2155 929 Domino
2183 883 2369 929 nostro
2399 890 2557 944 agere
2584 875 2865 939 debemus,
2899 889 3034 942 quos
3063 876 3187 929 dum
3218 891 3346 929 san~

1771 969 1841 1020 cti
1892 966 2109 1020 Pascha:
2155 967 2595 1034 gloriosissimam
2651 966 3046 1019 solemnitatem
3099 965 3346 1028 colimus,

1772 1058 2178 1112 resurrectionis
2198 1099 2212 1123 ,
2263 1073 2381 1126 quae
2412 1057 2586 1110 futura
2619 1066 2730 1120 est,
2761 1059 2996 1126 speciem
3023 1057 3135 1126 jam
3163 1057 3350 1112 videa-

1770 1163 1910 1216 mus.
1940 1148 2070 1201 Nam
2094 1164 2213 1202 cum
2244 1149 2296 1202 in
2319 1147 2494 1202 futura
2516 1149 2694 1202 saaculi
2713 1149 2870 1216 hujus
2890 1150 3352 1204 consummatione

1771 1239 2076 1291 universum
2107 1251 2385 1305 resurgere
2409 1238 2603 1291 debeat
2632 1239 2923 1291 humanum
2956 1251 3163 1309 genus,
3211 1253 3350 1290 nunc

1768 1326 1878 1395 jam
1910 1326 1962 1379 in
1990 1327 2255 1394 baptismo
2285 1342 2313 1379 a
2341 1328 2576 1395 peccatis
2603 1327 2668 1380 ad
2697 1328 2860 1381 vitam
2890 1328 3137 1396 resurgit.
3181 1327 3352 1382 susci-

1775 1416 1974 1469 tabitur
2004 1425 2133 1470 tunc
2162 1417 2256 1470 Dei
2276 1418 2504 1485 populus
2530 1425 2653 1486 post
2693 1417 2941 1486 saporem
2965 1459 2979 1482 ,
3011 1417 3353 1471 suscitabitur

1775 1511 1903 1558 tunc
1946 1513 2070 1572 post
2099 1503 2504 1570 infidelitatem,
2556 1521 2587 1559 a
2630 1507 2843 1560 mortali
2890 1515 3016 1560 tunc
3042 1506 3354 1561 liberabitur

1774 1594 2121 1659 conditione,
2171 1610 2311 1649 nunc
2359 1595 2426 1648 ab
2458 1596 2806 1664 ignorantia,
2853 1610 2957 1666 qua
2994 1595 3355 1662 detinebatur,

1776 1683 2029 1737 eximitur
2056 1685 2321 1748 caacitate,
2357 1669 2671 1738 renascetur
2711 1693 2838 1739 tunc
2877 1685 2947 1737 ad
2975 1686 3351 1750 aeternitatem,

1777 1772 2014 1825 nascitur
2043 1787 2182 1826 nunc
2210 1773 2276 1826 ad
2302 1773 2551 1827 salutem.
2582 1773 2845 1827 Laetemur
2865 1788 3014 1842 ergo,
3048 1774 3269 1838 fratres,
3301 1782 3355 1827 et

1778 1865 2106 1918 exsultemus
2131 1867 2184 1918 in
2215 1865 2314 1918 hac
2339 1864 2444 1928 die,
2475 1865 2527 1917 in
2551 1879 2654 1932 qua
2681 1865 2937 1919 Dominus
2966 1873 3150 1918 noster
3175 1880 3356 1918 resur-

1779 1965 1909 2019 gens
1935 1953 2138 2017 etmctis
2165 1967 2352 2020 pacem
2381 1953 2575 2016 intulit,
2600 1959 2837 2020 optatam
2860 1952 3109 2006 omnibus
3127 1953 3358 2006 salutem

104 2039 282 2092 fundit.
327 2039 429 2095 Hie
467 2055 598 2109 ergo
626 2041 740 2094 dies
763 2039 961 2094 Christi
991 2041 1397 2094 resurrectionis
1424 2048 1679 2094 aeternam
1708 2044 1757 2102 B
1781 2040 1989 2096 detulit.
2041 2041 2306 2098 laetemur
2340 2042 2462 2109 quia
2490 2041 2636 2095 illum
2654 2080 2668 2106 ,
2704 2042 2796 2109 qui
2824 2057 2923 2110 pro
2953 2042 3160 2096 cunctis
3183 2041 3358 2095 fuerat

102 2127 358 2183 defunctis
381 2130 546 2182 vitam
565 2171 580 2192 ,
612 2138 850 2198 optatam
879 2131 1258 2198 peccatoribus
1280 2130 1518 2193 veniam,
1557 2145 1681 2182 san-

105 2219 199 2272 etis
226 2234 354 2273 vero
384 2219 884 2273 inmarcescibilem
915 2219 1097 2273 tribuit
1124 2219 1369 2288 gloriam.
1397 2217 1518 2271 Sum
1535 2220 1679 2273 enim

102 2308 409 2374 operatione
437 2308 656 2362 virtutis
684 2308 753 2361 de
782 2309 1043 2373 terrenis,
1090 2309 1283 2377 quibus
1323 2308 1677 2372 adlimremus,

102 2410 196 2449 nos
219 2396 484 2459 suscitat,
535 2397 586 2449 in
628 2397 858 2451 excelsis
898 2395 965 2449 ad
1003 2411 1122 2464 qua:
1149 2395 1367 2450 tendere
1395 2397 1670 2462 debemus,

103 2500 306 2554 semper
337 2502 439 2541 nos
466 2487 715 2552 collocat,
741 2486 918 2553 justos
944 2487 997 2540 in
1027 2502 1122 2541 sua
1151 2487 1351 2554 pietate
1379 2489 1673 2553 construit;

104 2573 152 2627 in
181 2576 262 2628 via
284 2577 476 2631 salutis
503 2577 695 2630 dubios
721 2576 1027 2642 conllrmat,
1057 2585 1278 2630 cunctos
1301 2592 1432 2630 vero
1455 2577 1680 2631 damnat

105 2664 420 2727 incredulos.
477 2666 558 2721 Ad
602 2669 708 2721 hoc
754 2667 896 2721 enim
946 2666 1191 2720 Christus
1233 2667 1489 2721 Dominus
1517 2667 1678 2722 hodie

107 2756 389 2810 resurrexit
434 2771 464 2809 a
503 2757 758 2820 mortuis,
796 2764 855 2810 ut
896 2754 1084 2808 futura:
1112 2756 1518 2810 resurrectionis
1546 2757 1680 2810 ima-

108 2846 296 2913 ginem,
328 2846 493 2920 486
520 2855 681 2916 atque
709 2846 832 2902 ideo
873 2846 1135 2902 hodierna
1173 2846 1260 2900 die
1283 2847 1433 2901 vitali
1463 2847 1678 2901 lavacro

1781 2140 2026 2186 mortuus
2045 2174 2060 2198 ,
2094 2131 2208 2200 jam
2238 2131 2384 2184 illum
2415 2131 2775 2185 resurrexisse
2804 2130 3063 2186 videmus.
3113 2130 3364 2186 Exsulte—

1780 2241 1919 2288 mus,
1949 2225 2072 2293 quia
2104 2224 2248 2276 illum
2277 2223 2389 2290 jam
2415 2222 2481 2276 ad
2510 2221 2684 2277 Patris
2720 2224 2994 2277 dexteram
3024 2223 3214 2278 sedere
3244 2238 3360 2277 cre-

1782 2314 1976 2368 dimus.
2010 2313 2350 2368 Exsultemus
2371 2312 2551 2382 igitur,
2579 2311 3015 2380 atquelaatemur,
3048 2321 3360 2379 resurgente

1781 2403 2026 2467 Domino,
2056 2411 2113 2456 ut
2137 2403 2408 2471 possimus
2429 2418 2548 2456 cum
2568 2402 2686 2470 ipso
2714 2410 2972 2470 regnante
2998 2402 3184 2456 laetari.
3209 2400 3360 2467 Quod

1781 2493 1997 2560 quidem
2030 2493 2338 2546 misericors
2371 2493 2488 2560 ipse
2514 2493 2788 2560 praestabit
2806 2532 2821 2556 ,
2853 2492 2898 2545 si
2927 2492 3092 2544 vitam
3121 2500 3360 2544 nostram

1783 2596 1908 2635 vera
1941 2595 2047 2634 non
2080 2589 2285 2635 tantum
2315 2580 2445 2634 ﬁdes
2470 2581 2705 2646 muniat,
2747 2580 2843 2636 sed
2870 2587 2930 2634 ut
2956 2579 3023 2633 ab
3060 2579 3226 2648 ipsius
3255 2579 3361 2635 fide

1782 2668 1892 2721 vita
1921 2683 2136 2737 quoque
2177 2677 2358 2723 nostra
2413 2685 2519 2724 non
2559 2670 2843 2738 discrepet.
2881 2669 3043 2723 Bona:
3073 2669 3232 2736 igitur
3258 2685 3362 2725 no-

1783 2766 1905 2812 stra:
1929 2758 2352 2813 conversationis
2377 2759 2684 2828 exemplum
2712 2758 2920 2814 cunctis
2947 2757 3231 2813 ostendere
3256 2765 3365 2813 stn-

1783 2850 2026 2903 deamus.
2057 2847 2308 2919 Explicit.

1426 2957 1694 3018 SEBMO
1737 2958 2040 3020 XXXIV.

1195 3053 1272 3109 De
1302 3055 1479 3108 eadem
1510 3054 1782 3109 Paschalis
1812 3057 2136 3111 solemnitate
2172 3057 2266 3112 VI.

1535 3165 1927 3222 ADMONITIO.

179 3255 256 3330 Ab
291 3257 513 3327 optimis
558 3256 866 3330 archetypis
889 3257 1190 3330 exscriptos
1219 3271 1339 3310 esse
1368 3272 1648 3311 sermones
1694 3257 1750 3312 S.
1784 3259 2038 3326 Maximi,
2070 3260 2160 3330 qui
2210 3261 2265 3330 in
2311 3259 2584 3330 codicibus
2620 3258 2927 3330 §nbalpinis
2965 3260 3231 3330 leguntur,
3252 3261 3363 3327 jam

115 3325 378 3398 vidimus;
403 3325 1016 3398 cognoscique‘plenius
1057 3325 1124 3380 ex
1163 3341 1411 3398 sermone
1439 3335 1618 3398 potest
1640 3367 1681 3398 ,_
1705 3343 1862 3396 quem
1903 3331 2002 3383 hoc
2032 3325 2180 3383 num.
2207 3329 2274 3381 54
2296 3329 2576 3383 edidimus.
2619 3325 2807 3381 Exstat
2829 3329 2880 3382 in
2906 3325 3180 3382 codicibus
3205 3325 3365 3398 supra

116 3392 334 3466 laudatis
354 3397 422 3451 de
449 3392 724 3466 Kppannis
751 3392 828 3448 De
854 3395 1115 3449 Pascltate
1146 3411 1298 3466 num.
1329 3395 1399 3466 6,_
1429 3392 1483 3448 et
1523 3392 1840 3466 Taurinensi
1869 3415 2018 3454 num.
2045 3400 2098 3452 7.
2138 3398 2337 3452 Confer
2363 3400 2504 3452 hunc
2529 3413 2650 3452 cum
2680 3398 2826 3452 edito
2856 3413 2886 3450 a
2917 3398 3170 3451 Maurinis
3194 3399 3246 3450 in
3273 3392 3363 3466 ap-

116 3465 336 3536 pendice
358 3463 613 3521 sermIS.
647 3465 926 3532 Augustini
952 3480 1102 3518 num.
1135 3464 1261 3532 165,
1287 3465 1339 3518 in
1370 3463 1574 3519 Pascha
1605 3465 1668 3530 7;
1699 3481 1859 3534 quem
1890 3469 1955 3520 ad
1983 3469 2184 3522 calcem
2224 3468 2380 3536 hujus
2409 3468 2602 3535 legito,
2632 3468 2677 3520 si
2697 3481 3027 3535 cognoscere
3049 3463 3365 3521 varietatem

116 3534 256 3588 velis.

117 3622 498 3680 Ancuusarun.
521 3658 592 3668 —
611 3624 801 3679 Clu-isti
817 3624 1024 3695 Domini
1046 3626 1324 3695 gloriosam
1353 3625 1689 3678 resurrectio-
1717 3629 1763 3691 C
1795 3629 1980 3684 rientis
2007 3628 2406 3683 demonstratur
2435 3628 2722 3681 nascitura.
2754 3627 2811 3680 In
2841 3628 2967 3682 Adae
2995 3636 3171 3680 autem
3200 3627 3368 3695 evigi-

182 3710 293 3747 nem
340 3697 554 3748 diversis
595 3697 650 3748 in
679 3696 858 3764 ﬁguris
905 3694 1097 3747 Veteris
1149 3693 1464 3764 Testamenti
1505 3697 1689 3763 prtesi-

182 3775 392 3830 gnatam
422 3763 732 3834 comprobat,
753 3765 811 3815 S.
849 3765 1145 3832 episcopus;
1177 3763 1377 3817 Christo
1400 3780 1490 3832 per
1518 3765 1692 3816 omnia

183 3834 370 3887 similes
395 3875 408 3896 ,
461 3835 646 3904 inquit,
687 3834 982 3903 e/ﬁciamur,
1031 3842 1086 3884 ut
1132 3841 1180 3884 et
1220 3849 1313 3886 nos
1354 3849 1691 3902 appareamus

182 3919 293 3955 cum
322 3905 436 3972 ipso
463 3905 518 3956 in
532 3903 737 3972 gloria.

184 3992 391 4060 Insigne
433 3993 562 4047 illud
609 4001 666 4046 et
694 3993 1015 4056 maximum,
1049 3991 1266 4055 fratres,
1297 3991 1580 4045 dominicae
1607 4005 1695 4045 re-

119 4083 459 4138 surrectionis
504 4090 924 4150 sacramentum,
963 4083 1108 4151 quod
1146 4083 1326 4136 divina
1357 4081 1692 4150 providentia

120 4174 275 4228 etiam
322 4175 374 4228 in
425 4173 731 4228 Iudaeorum
760 4175 1081 4228 venerandis
1107 4173 1498 4238 voluminibus,
1529 4172 1693 4225 variis

122 4278 290 4316 rerum
344 4264 564 4333 figuris,
611 4273 1028 4335 sanctorumque
1072 4265 1454 4333 prophetarum
1502 4261 1694 4315 divinis

122 4354 282 4407 voluit
309 4356 688 4427 praesignatum
716 4356 946 4414 oraculis
970 4394 986 4419 ,
1035 4354 1298 4409 hodierna
1343 4353 1432 4406 die
1485 4352 1694 4406 devotis

123 4443 306 4498 animis
348 4445 700 4499 celebramus.
751 4444 859 4499 Cur
896 4451 1074 4498 autem
1105 4445 1172 4497 ab
1202 4442 1363 4511 ipsius
1391 4442 1570 4497 mundi
1601 4458 1698 4494 na-

123 4533 311 4588 scentis
337 4532 592 4596 exordio,
641 4541 802 4602 atque
835 4533 965 4587 alias
1002 4533 1054 4586 in
1083 4531 1254 4584 veteri
1279 4531 1394 4601 lege
1423 4530 1622 4599 plurics
1646 4531 1696 4584 id

125 4618 259 4674 Deus
288 4620 684 4689 przeﬁguratum
711 4621 960 4682 voluerit,
991 4621 1134 4673 nulla
1164 4620 1269 4672 alia
1294 4634 1362 4673 ex
1386 4635 1545 4673 causa
1576 4618 1695 4686 fuit,

125 4708 220 4761 nisi
260 4718 317 4762 ut
353 4707 664 4763 ostenderet
701 4708 846 4777 quod
873 4723 970 4776 per
1003 4708 1238 4776 singulas
1263 4707 1442 4760 mundi
1471 4708 1697 4762 labentis

125 4804 303 4852 aetates
348 4798 592 4852 omnium
634 4813 758 4866 spes
801 4805 1104 4852 sanctorum
1146 4798 1214 4850 ad
1249 4797 1396 4850 illum
1443 4798 1696 4851 continuo

125 4887 290 4940 solum
319 4887 565 4942 tenderet
590 4927 605 4952 ,
653 4887 745 4957 qui
789 4896 871 4942 est
911 4888 1242 4956 exspectatio
1282 4887 1518 4941 omnium
1564 4901 1695 4954 gens

1797 3720 1956 3772 lantis
1984 3728 2106 3773 actu
2137 3708 2347 3773 Domini
2379 3720 2543 3772 nostri
2574 3734 2604 3771 a
2635 3727 2807 3772 morte
2838 3718 3163 3787 figurabatnr
3187 3734 3369 3772 resur-

1793 3813 1983 3866 rectio.
2013 3811 2070 3865 ln
2100 3811 2210 3865 Noe
2234 3827 2364 3864 vero
2387 3852 2403 3877 ,
2437 3811 2528 3878 qui
2557 3811 2609 3863 in
2640 3825 2806 3878 opere
2835 3825 2972 3864 arca:
3001 3824 3067 3862 ex
3097 3809 3213 3876 ipso
3236 3824 3372 3876 quo«

1793 3918 1898 3969 que
1918 3903 1998 3954 sui
2028 3902 2243 3955 nomine
2262 3901 2499 3969 requiem
2532 3901 2586 3952 in
2611 3901 2810 3953 sanctis
2837 3898 3118 3968 significat,
3144 3913 3210 3951 eo
3229 3897 3371 3965 quod

1794 4001 1936 4046 esset
1964 3991 2197 4059 agricola
2239 3999 2399 4059 atque
2427 3992 2636 4044 vineam
2674 3991 3025 4059 plantaverat,
3059 3998 3114 4042 et
3138 3988 3247 4041 vini
3271 4003 3373 4056 po-

1796 4083 1916 4137 culo
1946 4083 2240 4136 inebriatus
2268 4082 2320 4135 in
2344 4097 2443 4136 suo
2468 4082 2538 4136 sit
2558 4082 2856 4135 denudatus
2881 4080 3205 4143 habitaculo,
3231 4077 3374 4146 ejus—

1797 4171 1918 4225 dem
1961 4169 2338 4239 Redemptoris
2385 4170 2554 4224 nostri
2606 4168 2768 4237 ligura
2820 4174 3256 4236 reprzesentatur,
3283 4164 3374 4233 qui

1798 4261 2156 4330 lacrymabilis
2203 4260 2464 4328 passionis
2511 4274 2622 4313 suae
2669 4258 2929 4326 sanguine
2975 4255 3110 4310 adeo
3149 4262 3230 4309 est
3262 4254 3375 4308 ine-

1796 4348 2021 4412 briatus,
2054 4348 2185 4402 utin
2217 4349 2340 4417 ipso.
2358 4348 2442 4402 sui
2469 4347 2712 4416 corporis
2733 4346 3043 4399 indumento
3072 4344 3138 4397 ad
3169 4353 3376 4411 tempus

1797 4439 1866 4492 sit
1894 4437 2220 4502 denudatus;
2252 4439 2307 4490 in
2333 4438 2730 4491 resurrectione
2758 4445 2938 4489 autem
2965 4449 3061 4490 sua
3091 4433 3373 4499 evigilans,

1798 4528 1920 4591 illis,
1951 4535 2113 4596 prout
2137 4527 2271 4590 Noe,
2302 4528 2393 4595 qui
2419 4529 2675 4597 mysterio
2704 4527 3011 4596 passionem
3041 4525 3183 4578 illius
3211 4539 3377 4577 vene-

1797 4628 1967 4684 ratur,
1997 4619 2300 4684 benedixit,
2328 4619 2633 4674 irrisoribus
2661 4627 2838 4673 autem
2867 4617 3008 4670 illius
3036 4614 3185 4669 dedit
3212 4615 3377 4669 male-

1796 4710 2106 4764 dictionem.
2139 4709 2300 4776 Virga
2335 4723 2549 4777 quoque
2577 4709 2663 4761 illa
2694 4707 2924 4777 Moysis,
2954 4719 3073 4773 qua:
3101 4704 3152 4756 in
3179 4711 3377 4758 terram

1799 4799 2036 4867 projecta
2066 4797 2119 4851 in
2149 4797 2437 4851 draconem
2458 4797 2906 4866 .coqvertebatur,
2949 4810 3070 4849 cum
3106 4808 3235 4847 vero
3283 4807 3378 4862 per

1800 4888 2022 4943 caudam
2052 4895 2344 4952 teneretur,
2384 4887 2577 4941 iterum
2607 4886 2814 4941 redibat
2843 4885 2894 4938 in
2923 4885 3155 4952 virgam,
3185 4882 3274 4936 illa
3300 4882 3379 4935 di-

129 4975 273 5029 tium.
301 4976 357 5031 ld
387 4987 444 5032 et
473 4978 517 5031 si
547 4978 678 5030 alias
707 4992 773 5032 ex
796 4977 924 5046 ipsis
956 4976 1300 5031 Hebraeorum
1339 4977 1698 5031 voluminibus
1728 4993 1775 5050 ι)
1803 4980 1936 5040 viuae
1980 4978 2275 5047 majestatis
2313 4977 2641 5031 descendens
2683 4992 2714 5030 e
2755 4977 2892 5031 coelo
2921 4982 3157 5045 potestas
3185 4972 3379 5041 signiﬁ-

128 5068 393 5121 sanctitati
420 5078 615 5122 vestrae
642 5067 1093 5131 intlmaverimus,
1136 5068 1315 5136 placet
1351 5067 1528 5122 denuo
1557 5083 1699 5121 nunc

129 5157 273 5212 vobis
321 5159 622 5212 enuntiare.
671 5157 728 5211 In
775 5157 892 5226 ipso
936 5157 1116 5210 mundi
1159 5159 1425 5211 nascentis
1453 5157 1698 5224 exordio,

130 5260 243 5299 cum
271 5255 443 5301 mater
470 5246 560 5299 illa
584 5248 821 5299 omnium
844 5246 1135 5299 viventium
1158 5245 1266 5298 Eva
1296 5246 1363 5300 de
1389 5246 1700 5300 dormientis

131 5335 247 5387 Ada:
274 5345 425 5391 costa
455 5336 717 5405 producta
741 5344 843 5402 est,
872 5345 1045 5390 mater
1072 5336 1440 5390 universorum
1472 5337 1698 5390 creden-

133 5424 255 5478 tium
281 5426 521 5481 Ecclesia
567 5441 636 5480 ex
681 5426 851 5480 latere
896 5424 1092 5480 Christi
1129 5427 1183 5479 in
1211 5441 1373 5480 cruce
1393 5426 1553 5496 487
1583 5441 1700 5480 mo-

133 5624 334 5680 poncrc,
369 5611 597 5680 atquein
625 5611 798 5680 futuro
825 5608 988 5680 magis
1031 5607 1220 5680 stragulo
1260 5603 1560 5680 sperareae
1582 5602 1693 5680 I_)o-

133 5679 298 5730 mino:
340 5682 412 5733 sic
437 5674 581 5734 enim
615 5674 688 5731 ait
726 5677 859 5731 idem
886 5674 1061 5732 beatus
1090 5674 1394 5734 Apostolus:
1429 5675 1488 5730 Si
1517 5674 1569 5726 in
1601 5674 1697 5726 hac

1801 5068 2042 5132 cabatur,
2073 5083 2192 5136 qua:
2219 5081 2319 5136 pro
2348 5067 2501 5120 nobis
2524 5067 2695 5120 Voluit
2716 5082 2835 5120 esse
2853 5065 3128 5129 mortalis;
3160 5071 3379 5133 peracta

1804 5166 1978 5211 autem
2009 5164 2295 5224 assumptaa
2322 5156 2517 5214 .carnis
2563 5156 2961 5224 dispensatione
2989 5155 3042 5208 in
3072 5156 3270 5223 virgam
3299 5169 3380 5206 re-

1804 5247 1901 5300 diit
1946 5255 2001 5300 et
2051 5246 2116 5299 ad
2145 5253 2382 5314 paterna:
2411 5244 2706 5312 majestatis
2748 5244 2989 5298 dextram
3032 5260 3091 5297 se
3133 5242 3373 5295 recessit.

1807 5337 1881 5389 De
1910 5335 2043 5388 Jona
2066 5335 2302 5400 demum,
2337 5333 2501 5402 488
2529 5347 2686 5400 quem
2729 5332 3040 5400 absorptnm
3071 5331 3230 5398 piscis
3257 5345 3382 5381 evo-

1805 5426 1940 5479 muit
1981 5424 2202 5479 illaesum
2227 5463 2242 5488 ,
2311 5423 2614 5477 evidentem
2658 5422 2917 5475 habemus
2955 5420 3166 5473 Domini
3213 5419 3378 5486 ipsius

1800 5603 1904 5655 vita
1932 5608 2129 5653 tantum
2148 5612 2413 5668 speramus
2435 5637 2449 5663 ,
2488 5593 2886 5649 miserabiliores
2928 5604 3100 5645 sumus
3143 5585 3375 5641 cruribus

1807 5669 2110 5725 hominibus.
2142 5666 2391 5724 Explicit.
