3896 6250
525 336 629 392 607

1701 333 1759 388 S.
1801 329 2049 386 MAMIMI
2090 327 2536 385 TAURINENSIS

3670 319 3765 380 608

528 447 706 500 intulit
733 461 947 516 pacem;
979 461 1182 515 paceni,
1213 447 1444 516 inquam,
1470 447 1623 502 nobis
1651 446 1894 501 Christus
1919 462 2099 499 resur-
2128 451 2170 502 Α
2202 442 2557 509 ingredimur,
2607 439 2838 496 secunda
2859 442 3166 496 coelestibus
3191 454 3578 509 prazparamur.
3629 440 3765 493 Sicut

525 552 657 604 gens
686 537 877 600 intulit,
899 537 1021 605 quia
1047 545 1101 589 et
1129 552 1377 604 passurus
1399 551 1588 604 pacem
1615 535 1872 605 proditori
1895 545 1922 572 ι
1941 534 2098 588 disci-

525 626 654 695 pulo
682 641 789 678 non
831 625 1078 692 negavit,
1111 633 1203 678 aut
1246 625 1689 694 quemadmodum
1728 625 2100 693 complectitur

527 714 862 778 confitentes,
893 715 986 781 qui
1017 715 1094 768 sic
1123 714 1389 767 osculatus
1414 721 1496 766 est
1524 714 1894 780 denegantem.
1927 712 2096 766 Oseu-

528 802 638 854 lum
668 813 846 855 autem
890 802 1016 855 illud
1043 801 1190 855 ludas:
1239 784 1531 856 lscha'rioth
1572 803 1696 856 nolo
1725 801 2040 856 existimetis
2068 817 2099 854 a

527 889 754 945 Domino
792 892 891 944 nisi
937 892 1003 944 de
1049 893 1308 946 charitate
1353 892 1567 957 datum,
1599 893 1624 929 ιν
1665 901 1720 946 et
1747 901 1870 945 ante
1898 892 2101 945 sciebat

530 979 676 1032 illam
732 980 1061 1047 proditorem
1117 980 1369 1034 futurum.
1424 981 1639 1035 Sciebat
1691 982 1848 1050 plane
1903 982 2102 1036 amoris

527 1069 748 1136 pignus;
778 1076 832 1122 et
853 1069 971 1122 ideo
995 1084 1101 1121 non
1125 1070 1363 1136 negavit;
1396 1070 1607 1138 pietatis
1635 1071 1776 1124 enim
1805 1085 1970 1140 genus
1997 1078 2100 1140 est,

527 1172 635 1210 non
682 1171 877 1224 negare
921 1165 1157 1211 extrema
1205 1158 1387 1211 oscula
1433 1159 1701 1236 perituris,
1735 1168 1788 1212 et
1837 1159 1938 1221 bis,
1967 1173 2102 1227 quos

527 1247 825 1310 dileximus,
849 1248 1088 1301 ultimum
1110 1249 1429 1316 persolvisse
1449 1242 1717 1302 solatium.
1743 1249 1910 1302 Simul
1938 1250 2099 1303 etiam

535 1334 983 1403 ipsodilectlonis
1013 1336 1190 1390 oﬂicio
1231 1352 1352 1389 eum
1379 1337 1548 1390 voluit
1575 1337 1880 1400 emendare,
1920 1345 1978 1389 ut
2003 1337 2102 1389 ad-

528 1425 761 1479 monitus
779 1424 980 1494 pietate
1004 1438 1110 1480 non
1134 1425 1408 1479 desereret
1429 1433 1715 1491 amantem,
1735 1441 1842 1479 non
1865 1425 2100 1480 traderet

528 1514 862 1568 osculantem
899 1529 916 1568 :
954 1525 1115 1584 atque
1161 1515 1320 1586 593
1369 1516 1488 1570 ideo
1535 1515 1688 1582 quasi
1736 1514 1803 1569 ad
1843 1514 2100 1582 judicium

528 1600 677 1656 Juda:
706 1603 830 1657 illud
860 1606 1098 1659 osculum
1121 1605 1302 1660 datum
1331 1614 1430 1668 est,
1455 1615 1513 1660 ut
1535 1608 1579 1660 si
1606 1607 1938 1674 emendaret,
1959 1615 2106 1661 esset

531 1695 679 1760 pacis
702 1695 970 1748 vinculum
998 1696 1286 1762 discipulo;
1332 1697 1376 1749 si
1409 1696 1673 1756 traderet,
1718 1705 1857 1749 esset
1883 1696 2100 1749 sceleris

2200 543 2375 588 autem
2405 536 2684 603 praesentis
2718 535 2974 603 temporis
3012 533 3149 587 festa
3184 548 3282 585 nos
3319 530 3646 592 admonent,
3702 531 3766 582 sic

2199 625 2288 678 ille
2316 626 2409 693 qui
2432 640 2528 693 pro
2559 625 2740 678 mundi
2765 625 2938 678 salute
2963 637 3284 690 congressus
3307 619 3332 656 δ
3357 661 3372 686 ,
3403 620 3546 673 sicut
3569 618 3638 670 de
3670 618 3767 670 for-

2201 713 2407 767 tissimo
2435 711 2660 766 Samson
2691 712 2942 779 legimus,
2996 711 3175 779 plures
3198 708 3540 761 inimicorum
3579 705 3594 741 ί
3633 720 3768 756 mor-

2201 811 2320 856 tuus
2349 802 2646 868 interfecit,
2686 816 2845 870 quam
2874 802 3027 854 vivus
3049 799 3340 854 occiderat.
3389 796 3579 850 Refert
3604 803 3770 848 autem

2201 900 2256 945 et
2286 891 2504 944 traditio
2532 891 2864 944 saecularium
2895 890 3195 942 litterarum
3223 887 3358 950 hoc,
3405 885 3697 962 quemdam
3726 885 3765 934 in

2206 983 2219 1030 l
2257 981 2516 1035 exercitio
2546 995 2715 1048 usque
2739 979 3046 1033 certaminis
3074 978 3322 1030 habuisse
3345 977 3448 1028 hoc
3474 988 3652 1040 genus
3673 974 3764 1024 vir-

2202 1073 2330 1125 tutis
2359 1086 2421 1125 ac
2441 1071 2678 1134 roboris,
2739 1077 2798 1123 ut
2833 1070 3043 1137 quoties
3078 1067 3270 1121 virium
3303 1081 3526 1119 suarum
3554 1063 3764 1116 amicam

2201 1169 2258 1216 et
2293 1161 2554 1214 nutricem
2597 1168 2795 1214 terram
2824 1158 2992 1227 595
3025 1157 3256 1225 impulsu
3293 1154 3595 1208 adversarii
3621 1152 3769 1206 conti-

2200 1250 2383 1316 gisset,
2410 1250 2476 1304 de
2498 1250 2614 1303 solo
2634 1262 2854 1316 surgens
2871 1248 3036 1311 magis
3055 1261 3119 1300 ac
3145 1247 3312 1315 magis
3333 1245 3389 1298 in
3413 1243 3767 1298 adversarium

2202 1340 2542 1409 prmvaleret,
2596 1354 2659 1391 ac
2687 1339 2765 1391 sic
2794 1337 3022 1404 dejectio
3046 1335 3332 1405 prostrati,
3383 1335 3601 1388 occasio
3625 1332 3768 1385 ﬁebat

2201 1428 2473 1497 triumphi.
2504 1427 2675 1479 Dabat
2703 1427 2844 1480 enim
2868 1427 2916 1479 ei
2940 1418 3329 1495 quodammodo
3359 1424 3652 1477 inﬁrmitas
3682 1420 3770 1473 for-

2204 1515 2510 1578 titudinem,
2543 1515 2720 1582 lapsus
2770 1515 3032 1582 palmam,
3083 1513 3235 1566 ruina
3281 1511 3590 1565 victoriam.
3649 1509 3768 1562 Puto

2205 1602 2227 1640 ¹ι
2260 1604 2376 1657 haec
2411 1603 2484 1656 illi
2525 1603 2729 1657 anlesti
2757 1603 3006 1667 atbletm,
3034 1602 3125 1669 qui
3167 1610 3354 1656 contra
3379 1599 3551 1654 Jacob
3595 1600 3770 1666 legitur

2201 1692 2363 1747 fuisse
2388 1693 2647 1755 luctatus,
2699 1699 2874 1746 totum
2916 1692 3021 1746 hoc
3057 1691 3132 1745 illi
3159 1691 3355 1759 justius
3388 1690 3563 1758 aptari
3594 1704 3767 1758 posse;

532 1783 890 1838 testimonium
907 1784 1185 1852 proditori.
1205 1784 1292 1838 Ait
1307 1799 1434 1852 ergo
1450 1785 1908 1850 Dominus:Judu,
1926 1787 2097 1839 osculo
2130 1797 2173 1855 Β
2200 1785 2404 1838 ωδῑίῐηο
2437 1784 2550 1838 haec
2598 1783 2738 1837 illius
2781 1797 3023 1852 persona:
3061 1783 3240 1837 verius
3277 1781 3593 1835 convenire.
3649 1778 3766 1844 Quia

531 1869 726 1923 Filium
756 1871 919 1923 tradis
945 1872 1164 1925 hominis
1199 1871 1377 1943 (Joan.
1405 1873 1572 1941 un)?
1603 1872 1702 1927 Ubi
1731 1882 1813 1928 est
1836 1874 2100 1928 subtilitas

530 1958 839 2023 factionum,
866 1961 952 2013 ubi
979 1947 1206 2015 latentes
1230 1961 1376 2015 doli?
1399 1962 1536 2016 Ecce
1563 1963 1979 2031 deprehenditur
1999 1978 2098 2017 ne-

530 2048 710 2116 quitia:
737 2064 897 2103 omne
923 2058 1209 2116 secretum,
1253 2059 1309 2105 et
1353 2052 1596 2120 proditur
1639 2053 1898 2121 proditor,
1944 2061 2098 2107 ante-

530 2151 689 2205 quam
714 2138 938 2206 prodat:
973 2138 1179 2204 Osculo‘,
1208 2140 1398 2208 inquit,
1431 2141 1624 2195 Filium
1654 2143 1872 2196 hominis
1901 2144 2100 2196 tradis?

531 2229 635 2284 hoc
659 2237 761 2296 est,
787 2232 984 2286 amoris
1007 2233 1228 2301 pignore
1254 2233 1442 2291 vulnus
1467 2234 1685 2301 infligis;
1716 2233 1893 2289 ollicio
1920 2236 2098 2290 chari-

531 2319 656 2374 tatis
674 2321 982 2388 sanguinem
1005 2322 1196 2388 fundis,
1217 2333 1443 2378 mortem
1471 2325 1674 2392 irrogas
1693 2327 1840 2394 pacis
1861 2325 2058 2380 indicio
2079 2327 2102 2379 ?

534 2409 707 2478 Rogo,
726 2426 843 2480 qua:
864 2413 960 2465 ista
981 2412 1229 2467 dilectio?
1248 2412 1493 2469 Osculum
1514 2418 1757 2485 porrigis,
1774 2425 1829 2470 et
1848 2419 2102 2471 minaris?

533 2500 652 2555 Non
696 2511 820 2556 sunt
865 2504 964 2557 ista
1009 2505 1209 2569 oscula,
1253 2504 1349 2559 sed
1376 2521 1597 2572 venena,
1628 2523 1724 2577 per
1749 2523 1868 2577 qua:
1913 2525 2103 2564 servus

535 2591 830 2658 dominum,
874 2594 1190 2665 discipulus-
1208 2596 1538 2664 magistrum,
1568 2597 1772 2653 electus
1800 2599 1977 2667 prodit
2003 2615 2102 2652 au-

533 2689 762 2738 dorem.

843 2813 1043 2869 Codicis
1072 2813 1410 2874 Laurentiani
1435 2818 1796 2889 fragmentum.

607 2944 871 3001 Laztemur
895 2962 1023 3016 ergo
1055 2957 1110 3003 et
1135 2950 1461 3005 exsultemus
1488 2952 1540 3004 in
1564 2951 1666 3005 hac
1691 2951 1795 3015 die,
1821 2951 2101 3015 carissimi,

534 3050 695 3104 quam
723 3052 896 3091 annua
934 3038 1218 3093 devotione
1259 3054 1596 3095 veneramur.
1640 3041 1791 3095 Sicut
1815 3041 1969 3095 nobis
1997 3052 2019 3080 °
2051 3042 2104 3095 in

2199 1889 2319 1928 cum
2349 1881 2590 1942 tempore
2617 1874 2668 1926 in
2695 1887 2856 1926 arena
2881 1871 3062 1926 mundi
3083 1887 3206 1926 cum
3231 1870 3446 1939 publico
3478 1869 3636 1922 hoste
3656 1884 3769 1922 00!:—

2201 1961 2354 2028 tlixit,
2385 1963 2472 2030 qui
2509 1962 2575 2014 ad
2604 1962 2709 2015 hoc
2744 1961 2758 1996 ι
2790 1961 2976 2028 gessit,
3013 1969 3072 2014 ut
3104 1959 3388 2030 gloriosius
3416 1967 3686 2025 surgeret.
3715 1959 3770 2007 ml

2201 2051 2302 2104 hoc
2326 2050 2537 2110 cecidit,
2570 2058 2626 2102 ut
2648 2064 2834 2103 omnes
2863 2049 3083 2112 levaret,
3113 2048 3204 2116 qui
3237 2047 3607 2101 adversarium
3639 2056 3673 2081 ιιι
3702 2050 3770 2097 cl-

2200 2141 2346 2194 fusus
2384 2142 2591 2204 obruit,
2635 2146 2935 2209 prostratus
2973 2139 3145 2202 elisit,
3185 2138 3570 2206 jacentemque
3611 2137 3770 2190 homi-

2200 2248 2321 2286 nem
2351 2231 2589 2299 dejectus
2613 2231 2817 2297 erexit,
2865 2240 2892 2266 ἰ
2939 2238 3282 2297 mortemque
3307 2229 3356 2282 ei
3387 2229 3517 2282 dum
3543 2243 3771 2282 succum-

2202 2324 2376 2388 beret,
2406 2322 2651 2406 perculit,
2683 2337 2747 2375 ac
2775 2329 3041 2375 mortuum
3061 2361 3075 2385 ,
3103 2320 3228 2374 dum
3256 2327 3588 2387 resurgeret,
3617 2318 3767 2371 susci-

2194 2413 2353 2464 tavit.
2380 2411 2476 2466 Hie
2501 2420 2584 2464 est
2605 2411 2695 2464 ille
2724 2411 2964 2477 angelus,
2989 2411 3080 2478 qui
3101 2425 3222 2464 eum
3241 2407 3410 2463 Jacob
3431 2417 3593 2463 nocte
3614 2408 3772 2462 lueta~

2202 2512 2287 2557 tus
2314 2511 2423 2565 est,
2455 2503 2592 2556 sicut
2618 2502 2877 2556 habemus
2902 2502 2954 2554 in
2977 2501 3174 2555 Genesi
3201 2519 3212 2553 :
3275 2499 3344 2552 Et
3373 2517 3489 2553 ecce
3517 2502 3594 2553 vir
3627 2500 3776 2552 lucta-

2211 2595 2364 2647 batur
2392 2610 2505 2646 cum
2531 2610 2589 2647 eo
2609 2609 2766 2662 usque
2793 2609 2944 2645 mane
2961 2634 2976 2658 ,
3007 2601 3055 2645 et
3082 2609 3195 2645 cum
3223 2591 3577 2661 prmaluissct
3604 2589 3777 2653 Incol,

2204 2685 2335 2737 dixit
2353 2685 2400 2736 ei
2420 2683 2629 2753 angelus
2646 2699 2664 2736 :
2683 2681 2892 2735 Dimitte
2905 2699 2983 2736 me
2996 2701 3011 2743 ;
3025 2684 3140 2752 jam
3158 2684 3295 2735 enim
3309 2681 3545 2734 ascendit
3565 2697 3768 2733 aurora.

2205 2772 2490 2842 Respondit
2534 2772 2695 2824 Iacob
2721 2787 2738 2824 :
2770 2769 2893 2824 Non
2920 2771 3176 2824 dimittam
3207 2781 3253 2823 te
3271 2811 3286 2837 ,
3330 2771 3434 2822 nisi
3461 2769 3776 2822 benedixeris

2206 2863 2350 2915 mihi.
2387 2862 2476 2916 Sic
2505 2862 2761 2916 benedixit
2804 2869 2829 2896 ο
2869 2862 3104 2932 angelus,
3133 2869 3182 2913 et
3211 2861 3344 2912 dixit
3367 2861 3416 2912 ei
3453 2875 3476 2913 :
3521 2859 3583 2912 Si
3611 2866 3781 2911 contra

2207 2952 2372 3006 Deum
2401 2955 2548 3022 fortis
2579 2955 2742 3022 fuisti,
2773 2962 2963 3023 quanto
2992 2953 3160 3023 magis
3188 2961 3367 3005 contra
3399 2951 3629 3004 homines
3659 2965 3782 3017 prte-

2206 3041 2426 3105 ualebis;
2471 3050 2519 3095 et
2547 3043 2710 3112 tetigit
2747 3043 2960 3113 angelus
2988 3042 3312 3095 latitudinem
3342 3041 3553 3111 femoris
3588 3050 3618 3090 Ρ
3657 3041 3783 3109 ejus,

537 3126 770 3179 futurum
816 3128 976 3181 vitam
1022 3137 1077 3183 et
1123 3129 1344 3196 gloriam
1391 3131 1690 3199 pollicetur,
1737 3131 1808 3184 ita
1850 3131 2010 3186 etiam
2050 3132 2104 3185 in
2131 3149 2175 3210 ρ
2208 3133 2318 3202 ipse
2344 3148 2460 3185 vero
2482 3131 2805 3185 claudicabat
2832 3132 2957 3201 pede
2978 3128 3129 3202 (Gen.
3155 3132 3347 3198 χχιιι).
3371 3130 3510 3196 Quid
3540 3139 3626 3184 est
3653 3130 3784 3183 hoc?

539 3218 866 3285 praeteritum
910 3219 977 3273 de
1022 3220 1207 3274 salutis
1253 3231 1448 3276 nostra:
1489 3239 1648 3276 causa
1695 3232 1749 3277 et
1795 3223 2106 3278 occasiones

538 3313 856 3372 nascuntur;
881 3322 944 3362 ac
969 3309 1048 3362 sic
1073 3311 1163 3378 qui
1187 3309 1307 3364 ideo
1328 3311 1541 3375 colitur,
1570 3321 1628 3364 ut
1654 3313 1970 3367 misereatur
1994 3312 2104 3380 jam

538 3396 807 3452 misertus.
861 3398 942 3450 Ab
977 3412 1044 3452 eo
1084 3413 1215 3466 ergo
1244 3400 1369 3454 facti
1398 3409 1558 3470 atque
1587 3403 1818 3470 reparati
1846 3417 1986 3455 nunc
2015 3403 2107 3454 im-

538 3487 754 3556 pensius
779 3487 1107 3542 exsultemus
1145 3489 1197 3542 in
1226 3487 1498 3544 beneﬂciis
1525 3491 1663 3555 suis,
1703 3491 1827 3557 quia
1858 3491 2105 3544 meliores

539 3586 666 3631 sunt
692 3577 765 3630 illi
792 3578 924 3643 dies,
955 3579 1147 3645 quibus
1176 3579 1490 3643 liberamur,
1521 3594 1680 3646 quam
1711 3580 1800 3641 illi,
1833 3580 2024 3648 quibus
2051 3581 2103 3632 in

543 3669 665 3722 vita:
693 3668 848 3736 hujus
876 3670 1112 3737 pericula
1142 3670 1410 3724 nascendo
1437 3667 1460 3704 ἀ
1488 3670 1845 3739 perducimur.
1891 3670 1954 3722 Et
1985 3671 2104 3746 ideo

543 3759 800 3826 legimus,
853 3760 972 3828 quia
1003 3760 1181 3813 melior
1217 3769 1240 3797 ο
1280 3761 1631 3813 misericordia
1669 3771 1753 3812 tua
1787 3778 1939 3830 super
1975 3755 2103 3815 vitas

543 3847 711 3918 (Psal.
737 3854 889 3916 un).
919 3848 1164 3914 Meliora
1191 3863 1317 3916 ergo
1342 3857 1464 3902 sunt
1489 3849 1620 3913 dies,
1646 3851 1837 3917 quibus
1857 3850 1922 3903 ad
1942 3859 2102 3903 aiter-

546 3951 668 3990 uam
698 3937 858 3990 vitam
887 3937 1244 4000 renascimur,
1300 3938 1554 4004 quamilli
1577 3979 1592 4004 ,
1647 3939 1838 4006 quibus
1867 3940 1919 3993 in
1955 3938 1972 3976 ί
2004 3941 2104 3993 hac

547 4025 828 4093 temporali
863 4040 1225 4094 procreamur.
1257 4025 1527 4094 Siquidem
1567 4028 1770 4094 majora
1808 4036 1931 4082 sunt
1966 4029 2104 4083 dona

543 4117 745 4184 gratim,
778 4131 936 4184 quam
965 4124 1188 4169 naturze.
1217 4115 1270 4168 In
1301 4117 1402 4170 hoc
1429 4118 1638 4184 gemino
1670 4118 1760 4170 Dei
1783 4119 1949 4172 nostri
1977 4134 2105 4186 ope-

543 4222 622 4268 re,
646 4206 716 4259 ibi
745 4220 832 4259 res
855 4205 1086 4269 virtutis,
1116 4206 1202 4260 hic
1230 4207 1464 4260 muneris
1492 4215 1592 4261 est.
1628 4206 1703 4260 lbi
1731 4210 1988 4276 potentia,
2018 4210 2105 4264 hic

2206 3223 2296 3290 qui
2321 3222 2550 3275 vincitur
2575 3222 2872 3287 benedicit;
2919 3232 2976 3275 et
3017 3221 3302 3286 claudicat,
3351 3222 3440 3291 qui
3491 3237 3552 3275 se
3591 3221 3780 3274 vicisse

2209 3311 2478 3365 credebat.
2507 3310 2562 3363 ln
2588 3310 2751 3364 Jacob
2773 3326 2903 3379 ergo
2922 3310 3226 3365 Judaaorum
3249 3311 3500 3380 pepulus,
3523 3311 3575 3363 in
3602 3311 3785 3377 angelo

2207 3399 2451 3455 Christus
2486 3401 2820 3468 agnoscitur;
2852 3409 2907 3455 et
2946 3409 3002 3454 ut
3030 3401 3261 3455 sciamus
3290 3402 3343 3453 in
3373 3399 3563 3453 eodem
3595 3399 3781 3466 angelo

2212 3502 2237 3538 q
2270 3491 2550 3544 Dominum
2581 3491 2762 3555 fuisse,
2795 3493 2866 3544 ita
2895 3492 3026 3546 dicit
3054 3493 3167 3561 ipse
3195 3492 3384 3545 beatus
3411 3490 3579 3544 Jacob
3613 3508 3624 3542 :
3675 3489 3785 3542 Vidi

2213 3579 2489 3633 Dominum
2510 3583 2641 3651 facie
2661 3581 2730 3633 ad
2751 3583 2933 3652 faciem
2948 3620 2962 3643 ,
2987 3591 3035 3635 et
3057 3583 3198 3635 salva
3221 3583 3359 3651 facta
3381 3590 3458 3633 est
3480 3581 3661 3632 anima
3681 3596 3786 3632 inea

2213 3669 2373 3739 (Ibid.
2397 3673 2566 3738 χχχι).
2595 3670 2760 3724 Jacob
2785 3685 2913 3739 ergo
2942 3671 3131 3738 angelo
3171 3671 3553 3724 succumbente
3579 3685 3788 3738 prteva-

2211 3761 2326 3814 luit.
2359 3771 2380 3799 ν
2412 3760 2807 3816 Przevaluerunt
2833 3763 2898 3816 ad
2921 3772 3144 3832 tempus,
3171 3763 3296 3816 etin
3319 3761 3513 3815 Christi
3538 3763 3787 3829 passione

2213 3858 2232 3884 ⁸
2266 3849 2454 3915 Judzei,
2505 3851 2557 3903 in
2601 3851 2687 3904 illa
2734 3852 3060 3919 refugientes
3104 3853 3120 3886 ί
3165 3851 3270 3904 diei
3300 3858 3477 3914 nocte,
3509 3858 3563 3902 et
3592 3856 3713 3902 tota
3747 3851 3786 3903 in

2210 3954 2331 3993 eum
2393 3940 2666 4007 impietate
2713 3948 2742 3976 ιι
2789 3939 3042 3994 ferientes
3094 3940 3520 4008 prmvaluerunt,
3573 3939 3788 4005 quando

2212 4039 2238 4066 ν
2268 4029 2674 4095 crucilixeruut;
2717 4033 3143 4100 prtevaluerunt,
3192 4031 3405 4099 quando
3450 4029 3787 4085 occiderunt.

2211 4119 2352 4190 Ergo
2377 4137 2497 4176 cum
2521 4123 2738 4176 vicisset
2763 4123 2948 4187 Jacob,
2978 4124 3219 4177 benedici
3250 4131 3430 4177 tamen
3451 4137 3509 4175 se
3529 4136 3558 4173 a
3581 4122 3787 4176 victore

2211 4228 2369 4281 posse
2397 4215 2664 4281 cognovit,
2695 4214 2898 4276 dicens,
2943 4213 3064 4267 Non
3094 4215 3350 4267 dimittam
3379 4223 3452 4277 te,
3495 4213 3600 4265 nisi
3642 4213 3787 4266 bene-

545 4294 907 4349 misericordia
927 4295 1251 4349 continetur.
1307 4293 1483 4349 Prima
1512 4297 1788 4351 nativitate
1816 4307 1839 4344 8
1877 4300 2106 4354 terrenis
2135 4293 2182 4352 Ι)
2211 4303 2405 4357 dixeris
2426 4305 2569 4358 mihi.
2587 4303 2752 4369 Quale
2770 4305 3082 4375 mysterium
3103 4306 3155 4358 in
3176 4304 3491 4359 certamine!
3518 4303 3786 4359 lntlrmior

617 4442 643 4468 ἰ
673 4431 804 4488 Cod.
836 4433 1080 4489 Ambros.
1110 4433 1251 4505 apud
1295 4434 1511 4501 Murat.,
1543 4435 1795 4506 proditori
1830 4437 2107 4506 discipulo-

543 4517 750 4646 :‘Tlu
779 4570 901 4646 cod.
936 4571 1220 4646 Ambros...
1261 4573 1412 4646 cujus
1446 4575 1605 4629 lectio
1651 4575 1796 4646 varia
1845 4586 1925 4630 est
1969 4577 2108 4646 apud

546 4637 825 4704 Marmora,
847 4641 946 4694 nisi
972 4642 1033 4714 de
1061 4643 1310 4714 charitate
1327 4637 1543 4706 'datum,
1586 4645 1687 4698 nisi
1714 4645 1776 4698 de
1803 4647 1989 4714 affectu
2003 4637 2111 4698 ’ἀα-

553 4717 691 4771 tum;
719 4720 770 4762 et
795 4721 928 4762 certe
957 4711 1147 4763 sciebat
1174 4712 1340 4765 illum.

623 4788 645 4815 ο
677 4777 903 4850 Βοάόη2
937 4788 992 4833 et
1028 4780 1060 4832 4
1089 4779 1146 4834 S.
1176 4779 1360 4836 Crucis
1385 4781 1597 4844 Minon,
1633 4783 1685 4835 in
1716 4785 1886 4850 futuro
1921 4822 1934 4836 .
1967 4823 1980 4836 .
2012 4825 2025 4837 .
2054 4785 2108 4837 in

548 4851 806 4913 prater-ito
826 4849 888 4900 de
909 4851 1088 4902 salutis
1107 4859 1295 4904 nostra:
1322 4868 1476 4904 causa
1502 4861 1550 4904 et
1571 4849 1860 4906 occasiones
1881 4869 2109 4906 nascan-

548 4925 648 4969 tur.

620 4989 645 5026 ά
674 4986 805 5041 Cod.
840 4986 959 5049 174,
990 4988 1332 5056 producimur.

622 5070 646 5097 ε
676 5057 1020 5116 Concordant
1045 5071 1230 5112 omnes
1260 5059 1404 5111 citati
1428 5058 1582 5112 codd.

625 5127 644 5166 ί
676 5125 807 5181 Cod.
846 5125 1119 5195 Urbevet.,
1149 5127 1202 5178 in
1230 5128 1336 5180 haec
1360 5137 1606 5195 tempora.

551 5275 564 5287 ο
623 5211 648 5247 s
675 5195 868 5287 09¢}
893 5195 950 5250 S.
978 5194 1399 5287 Ctufisﬂ'inori,
1428 5194 1606 5251 Prima
1627 5201 1892 5253 nativitate
1911 5208 2111 5254 terrena

547 5271 881 5341 ingredimur,
911 5265 1132 5320 secunda
1161 5267 1438 5320 cmlestibus
1467 5283 1831 5335 praeparantur.

623 5344 647 5376 ’⁵
679 5339 822 5392 Idem
844 5338 960 5408 coll-
985 5335 1095 5408 gs-
1128 5333 1313 5408 Crucis
1343 5337 1553 5408 Minor.,
1579 5339 1881 5408 congressus
1908 5350 2003 5395 est.

629 5409 646 5490 ξ
674 5409 807 5461 Cod.
839 5408 872 5460 3
899 5406 955 5460 S.
987 5405 1170 5459 Crucis
1200 5405 1387 5460 Minor.
1437 5407 1642 5470 melius,
1678 5405 1913 5462 moriens
1957 5412 2111 5462 inter-

551 5483 811 5600 [ευῖἵὶὶοό.
853 5543 888 5597 2
925 5544 1132 5598 Sa'nctaz
1177 5544 1360 5598 Crucis
1399 5543 1612 5611 Minon,
1661 5547 1715 5600 in
1749 5548 2114 5602 exercitatione

553 5632 759 5738 “'bqll‘lel‘
932 5684 1046 5738 Vat.
1086 5682 1216 5737 1270
1247 5683 1450 5739 videtur
1480 5686 1666 5740 abrasa
1697 5703 1797 5739 Vox
1833 5687 1914 5739 illa
1948 5688 2070 5740 [τατ-

2287 4437 2303 4476 ι
2338 4438 2470 4495 Cod.
2504 4441 2624 4493 Vat.
2651 4440 2805 4499 1270.
2837 4439 2905 4492 ad
2935 4440 3028 4493 hoc
3053 4440 3222 4494 cessit.

2280 4518 2318 4544 ω
2349 4510 2492 4564 Idem
2520 4511 2642 4563 cod.
2675 4509 2827 4572 1270,
2857 4510 3072 4576 effossus
3100 4526 3197 4579 pro
3217 4510 3426 4578 effusus.

2279 4586 2306 4612 ιι
2337 4579 2413 4632 Ita
2442 4580 2560 4633 cod.
2596 4579 2715 4643 174,
2748 4579 2875 4632 olim
2902 4579 3040 4632 mdil.
3073 4577 3204 4633 eccl.
3240 4577 3414 4642 Flor.;
3441 4577 3562 4631 eod.
3600 4589 3782 4634 autem

2209 4645 2244 4697 2
2271 4645 2328 4700 S.
2358 4647 2542 4720 Crucis
2564 4648 2775 4712 Minor.,
2807 4657 3118 4720 mortemque
3137 4649 3247 4718 ejus
3269 4648 3390 4700 dum
3413 4651 3781 4712 succumberet,

2213 4718 2448 4785 perculit.

2286 4797 2309 4821 ο
2341 4785 2472 4840 Cod.
2505 4785 2754 4840 Urbevet.
2773 4827 2787 4848 ,
2817 4789 2861 4840 ei
2891 4803 2989 4852 pro
3016 4803 3151 4840 eum.

2282 4865 2308 4902 I‘
2338 4855 2468 4928 Cod.
2503 4856 2619 4928 Vrat.
2652 4855 2786 4928 l27ll
2813 4858 2888 4911 sic
2913 4859 3100 4920 habet;
3125 4859 3261 4928 ejus.
3285 4854 3404 4925 Ipse
3427 4871 3542 4928 vero
3561 4858 3654 4928 qui
3679 4859 3781 4928 cin-

2212 4925 2634 4996 c_itur_benedicit,
2665 4935 2712 4976 et
2741 4925 3014 4991 claudicat,
3039 4929 3125 4996 qui
3148 4924 3202 4980 se
3221 4924 3397 4979 vicisse
3423 4924 3690 4980 credebat.
3732 4925 3787 4979 ιη’

2217 4992 2372 5063 Iacob
2398 5011 2535 5063 ergo,
2566 5002 2670 5063 etc.

2285 5073 2310 5110 «ι
2335 5061 2470 5134 ροὰξ
2491 5063 2629 5134 ξνεῃε
2653 5062 2810 5128 1270,
2835 5063 2997 5117 Deum
3029 5064 3204 5134 fuisse.

2287 5141 2308 5168 τ
2335 5131 2391 5184 ln
2407 5132 2525 5205 cod.
2548 5130 2798 5205 Urbevet.
2817 5135 3010 5205 omissa
3029 5130 3281 5201 suntquae
3299 5139 3593 5201 sequuntur
3613 5149 3779 5205 usque

2213 5197 2280 5251 ad
2309 5201 2491 5265 verba,
2520 5202 2724 5265 quando
2754 5203 3068 5255 occiderunt.
3181 5197 3198 5201 ”
3236 5210 3240 5213 ’

2289 5279 2309 5305 ³
2341 5269 2473 5339 Cod.
2501 5269 2602 5339 174
2627 5278 2858 5339 metrop.
2888 5272 3020 5326 eccl.
3049 5270 3214 5332 Flor.,
3243 5272 3506 5324 saevientes
3528 5271 3730 5328 Judaei.

2290 5341 2306 5373 ί
2341 5337 2472 5410 Cod.
2505 5338 2626 5410 Vat.
2652 5336 2820 5410 1271)(
2833 5342 2886 5392 in
2913 5341 3004 5410 illa
3027 5341 3330 5410 refugientes
3351 5341 3484 5392 diem
3512 5352 3682 5394 nocte.

2285 5416 2310 5442 υ
2342 5408 2418 5461 lta
2440 5409 2557 5462 cod.
2589 5407 2625 5460 2
2651 5407 2707 5461 S.
2733 5408 2915 5464 Crucis
2943 5407 3155 5472 Minoia,
3189 5410 3238 5460 iu
3264 5425 3378 5462 eum
3401 5411 3672 5479 impietate
3697 5427 3778 5466 stc-

2213 5488 2625 5621 vestgium.
2677 5546 2812 5600 1270
2838 5547 3016 5613 habet,
3064 5546 3447 5614 cruciﬁxerunt.
3493 5546 3637 5621 Ergo
3681 5565 3777 5607 cum

2213 5618 2436 5672 uicissset
2462 5617 2641 5682 Jacob,
2673 5625 2775 5672 etc.
