3896 6250
109 331 227 385 609
1516 330 1747 386 SERMO
1783 330 2033 389 XXXVII.
3306 334 3414 391 610

108 447 446 514 aestimatur,
467 455 527 503 et
545 446 610 502 ad
638 445 1016 503 conferendam
1040 445 1473 502 benedictionem
1498 447 1725 501 idoneus
1753 451 1801 508 A
1828 449 2043 517 generis
2067 446 2352 513 multitudo
2373 455 2472 503 est.
2504 459 2525 487 ο
2550 446 2687 514 Quid
2708 456 2809 515 est,
2834 448 3068 517 inquam,
3092 447 3255 521 593
3268 451 3414 519 quod

108 539 420 593 invenitur.
477 540 677 608 Aperte
723 538 965 593 Christus
1018 537 1355 593 adversarios
1405 537 1720 605 benedixit,
1824 555 1933 593 uno
1960 534 2102 609 pede
2129 540 2501 595 claudicabat?
2540 541 2668 608 hoc,
2713 542 2838 610 quia
2887 541 2956 595 de
2997 540 3184 607 Iacob,
3235 542 3287 596 id
3331 551 3418 598 est

105 629 343 696 quando
388 638 446 684 et
497 644 598 697 pro
649 627 1093 684 iuterlicientibns
1146 626 1309 696 495
1348 626 1717 695 supplicavit,

106 718 308 772 dicens
338 735 354 769 :
386 716 605 772 Dimitte
622 718 749 782 illis,
769 716 952 783 Pater,
974 717 1096 790 quia
1118 717 1353 768 nesciunt
1380 714 1503 785 quid
1523 716 1720 785 faciunt

110 806 273 875 (Luc.
307 807 486 877 um).
513 815 539 842 ι
567 805 849 860 Benedixit
895 804 1098 868 victus,
1140 803 1233 871 qui
1262 802 1718 871 liberatmpassus;

108 900 423 953 intervenit
462 910 605 961 reus,
638 897 972 965 absolvitque
1015 894 1329 958 damnatus,
1360 892 1389 931 ιι
1417 894 1541 961 quia
1582 901 1636 947 et
1676 894 1723 947 si

109 988 427 1042 adversarii
448 988 787 1056 resipiscam,
805 984 1228 1054 redemptionem
1255 984 1441 1053 tribuit
1461 985 1719 1038 interem—

109 1088 259 1146 ptus.
306 1077 453 1144 Quid
480 1078 610 1132 illud
638 1079 802 1131 etiam
829 1084 933 1144 est,
960 1075 1104 1144 quod
1135 1084 1257 1144 post
1285 1070 1429 1128 illam
1457 1076 1721 1129 collucta-

113 1170 330 1225 tionem
357 1169 528 1224 Jacob
556 1168 984 1224 benedictionem
1006 1167 1234 1236 accepit,
1257 1176 1312 1220 et
1330 1168 1552 1235 claudus
1577 1162 1726 1221 inec:

113 1262 230 1314 dit?
261 1260 362 1315 Sic
386 1262 529 1314 enim
561 1262 638 1314 ait
662 1279 674 1313 :
701 1259 770 1312 Et
791 1261 958 1330 tetigit
976 1258 1193 1329 angelus
1212 1258 1539 1312 latitudinem
1560 1260 1723 1328 {emo-

113 1352 190 1405 ris
217 1352 363 1422 ejus,
394 1360 444 1405 et
472 1350 797 1405 claudicabat
823 1350 966 1420 pede.
998 1347 1248 1403 Latitudo
1270 1347 1489 1403 femoris
1504 1347 1721 1403 'Judaici

1824 630 2127 686 Iudaeorum
2156 640 2346 699 gente,
2388 630 2603 686 Christo
2634 640 2967 701 resurgente,
3000 647 3124 701 pars
3164 632 3413 698 credidit,

1826 716 1952 791 pars
1980 721 2033 774 in
2076 719 2388 774 inﬁdelitate
2417 721 2744 790 permansit,
2793 729 2848 775 et
2887 735 2917 773 a
2938 720 3163 789 justitia:
3192 737 3256 776 ac
3290 722 3416 776 vita:

1827 810 2034 864 semitis
2060 809 2399 865 claudicavit.
2428 810 2583 876 Quod
2621 818 2800 864 autem
2846 810 2977 865 dicit
3004 811 3118 879 ipse
3145 812 3370 877 angelus
3396 828 3411 865 :

1826 897 2043 953 Dimitte
2062 916 2162 961 me,
2188 901 2303 970 jam
2330 901 2465 954 enim
2494 899 2725 953 ascendit
2754 915 2973 965 aurora,
3005 900 3109 954 hoc
3146 900 3418 954 indicabat

1826 1010 1989 1065 posse
2016 1010 2139 1049 eum
2164 992 2192 1031 ά
2227 1011 2259 1049 a
2298 1003 2475 1049 morte
2502 993 2644 1048 vinci
2661 1032 2675 1058 ,
2700 1008 2807 1048 non
2834 1008 2995 1062 posse
3031 994 3274 1049 retineri.
3304 992 3416 1047 Sed

1825 1090 1950 1153 post
1976 1083 2118 1137 illam
2152 1090 2178 1121 ε
2201 1082 2433 1152 fugatam
2460 1083 2583 1137 luce
2613 1082 2879 1152 passionis
2908 1092 3121 1155 noctem
3150 1084 3416 1153 promittit

1824 1172 1973 1232 illico
2013 1188 2133 1227 esse
2178 1173 2504 1228 reddendam
2542 1170 2951 1235 resurrectionis
2996 1188 3262 1229 auroram.

1825 1252 2039 1318 vivitet
2067 1271 2257 1331 regnat
2283 1264 2339 1317 in
2368 1263 2569 1317 saecula-
2589 1262 2925 1318 saaculorum.
2955 1262 3145 1319 Amen.

1449 1459 1719 1520 SERMO
1760 1459 2070 1519 XXXVII

1202 1555 1280 1609 De
1317 1557 1495 1612 eadem
1531 1552 1811 1613 Paschatis
1852 1560 2178 1616 solemnitate
2238 1558 2342 1615 IX.

1577 1668 1969 1729 ADMONITIO.

187 1757 249 1832 In
278 1758 580 1832 Anecdotis
606 1758 982 1832 Muratorianis
1006 1760 1238 1832 primum
1266 1759 1320 1832 in
1358 1758 1536 1832 lucem
1564 1760 1745 1829 prodit
1781 1759 1871 1832 hic
1912 1776 2122 1832 sermo;
2155 1777 2256 1816 nec
2298 1761 2355 1816 S.
2400 1761 2632 1818 Maximo
2660 1775 2929 1832 assertus,
2972 1767 3073 1822 nisi
3113 1768 3269 1822 unius
3309 1784 3410 1832 ms.

117 1829 502 1901 ambrosianiA
518 1826 838 1901 auctoritate
884 1826 1187 1901 huc—usque
1214 1828 1332 1883 fuit.
1363 1826 1737 1901 Nuncpratter
1757 1830 1996 1884 codicem
2027 1829 2431 1901 Taurinensem,
2464 1834 2518 1886 iu
2546 1848 2654 1901 quo
2684 1844 2767 1889 est
2793 1826 2973 1891 sermo
3001 1837 3033 1890 9
3062 1852 3183 1901 cum
3215 1826 3370 1894 titulo
3394 1855 3409 1889 :

118 1896 253 1976 item
279 1906 334 1976 et
366 1896 694 1976 dePgscha,
722 1898 858 1976 duos
878 1896 1447 1976 codicesCasinenses
1473 1896 1763 1976 efferimus,
1816 1910 2009 1976 nempe
2056 1900 2160 1976 50:2
2205 1901 2393 1976 pag._7
2426 1917 2456 1955 a
2508 1896 2773 1976 tergmet
2814 1904 2920 1976 505
2965 1908 3093 1974 pag.‘
3119 1900 3206 1970 7i,
3237 1908 3328 1976 qui
3359 1915 3412 1961 et

116 1966 172 2019 Β.
206 1968 475 2037 antistitis
498 1966 847 2037 Tauﬁnensis
875 1972 1072 2022 nomen
1098 1977 1155 2021 et
1182 1968 1583 2037 inscriptionem
1618 1968 1694 2020 De
1714 1966 1973 2021 Paschate
2000 1966 2304 2037 praeferunt.

2331 1970 2586 2035 Quamvis
2615 1972 2917 2039 huiusmodi
2946 1970 3413 2030 testimonia'satis

116 2037 249 2116 sint,
274 2046 346 2116 _u_t
376 2036 435 2091 S.
464 2036 727 2116 Maximus
748 2037 868 2116 ejus
890 2046 1083 2116 auctor
1106 2038 1393 2116 habeatur,
1422 2038 1467 2091 si
1496 2037 1615 2107 quis
1630 2046 1835 2116 tamen
1865 2036 2102 2104 dubitet,
2144 2040 2449 2116 islanimum
2478 2041 2545 2116 ad
2566 2036 2859 2116 dictionem
2887 2053 2942 2099 et
2982 2044 3050 2099 ad
3073 2044 3267 2100 similia
3292 2061 3413 2116 quae

118 2105 245 2160 alibi
271 2106 421 2161 idem
444 2107 685 2175 scripsit,
715 2105 979 2161 advertat.
1014 2106 1121 2161 Nec
1150 2107 1455 2174 Ambrosio,
1486 2105 1587 2162 nec
1615 2107 1912 2174 Augustino
1938 2123 2163 2176 usquam
2189 2109 2477 2165 attributus
2502 2111 2714 2179 legitur.

118 2239 891 2296 AIGUIIENTUI.—ExCItrttlt
911 2242 1282 2295 resurrectione
1303 2240 1526 2295 ostendit
1546 2238 1719 2294 Maxi-
1749 2244 1795 2302 Β
1818 2238 2043 2309 jaceret.
2076 2238 2230 2306 Quod
2256 2256 2386 2296 vero
2414 2243 2763 2298 annuntiatur
2793 2243 2961 2299 Filius
2989 2245 3104 2310 Dei,
3137 2254 3295 2299 natus
3324 2255 3410 2302 est

191 2328 309 2365 mus
342 2311 507 2381 fuisse
551 2312 634 2381 in;
651 2328 709 2365 eo
756 2311 1010 2380 duplicem
1059 2320 1319 2381 naturam,
1367 2311 1721 2381 duplicemque

189 2379 569 2451 Operationem.
601 2379 800 2451 Passus
836 2381 975 2451 enim
1010 2389 1085 2451 est
1113 2379 1346 2432 Christus
1366 2421 1380 2445 ,
1411 2389 1460 2432 et
1486 2379 1719 2433 mortuus

186 2448 245 2503 ut
274 2452 455 2517 homo,
477 2450 758 2503 resurrexit
775 2457 831 2501 ut
852 2449 1010 2502 Deus.
1044 2448 1109 2502 In
1139 2466 1295 2502 carne
1323 2458 1590 2518 assumpta
1612 2457 1719 2502 tota

189 2520 402 2590 refulsit
428 2519 690 2583 divinitas,
712 2528 760 2572 et
787 2534 902 2571 cum
923 2518 1192 2573 divinitate
1218 2534 1337 2573 caro
1381 2535 1528 2571 suam
1556 2534 1717 2588 copu-

189 2590 321 2643 lau't
342 2590 721 2658 inﬁrmitatem.

190 2699 520 2757 Veneranda
541 2699 719 2769 passio
738 2696 1033 2753 Salvatoris
1053 2696 1242 2761 nostri,
1261 2706 1423 2767 atque
1444 2697 1512 2752 ab
1536 2696 1718 2752 inieris

123 2790 241 2859 eius
268 2789 537 2844 mirabilis
563 2788 794 2854 reditus,
826 2796 1115 2843 attestatur
1153 2788 1389 2842 divinam
1418 2788 1493 2841 illi
1521 2788 1715 2842 hum-

124 2896 359 2951 namque
382 2878 548 2933 fuisse
575 2877 947 2933 substantiam.
970 2877 1099 2944 Quis
1127 2878 1271 2931 enim
1301 2877 1508 2932 dubitet
1529 2876 1718 2932 inetia-

122 2971 306 3026 biliter
330 2985 457 3025 eum
487 2969 677 3024 Filium
704 2969 834 3036 Dei,
865 2967 1137 3037 ﬁliumque
1164 2982 1286 3023 esse
1313 2968 1577 3036 hominis,
1621 2969 1713 3037 qui

124 3061 299 3129 potuit
345 3067 405 3115 et
432 3067 662 3113 mortem
705 3059 939 3129 perpeti,
986 3065 1043 3111 et
1069 3067 1243 3111 morte
1271 3057 1480 3111 devicta
1511 3064 1714 3111 semet-

126 3153 298 3221 ipsum
326 3152 592 3207 suscitare
635 3150 703 3205 de
746 3151 992 3207 tumulo?
1019 3149 1153 3204 Nam
1180 3160 1430 3220 suscepta
1460 3166 1621 3206 carne
1646 3152 1714 3207 de

123 3243 349 3311 virgine,
370 3257 442 3296 ne
462 3256 621 3310 quam
651 3241 706 3295 in
732 3241 837 3295 fide
864 3248 1064 3295 nostra:
1084 3236 1436 3295 confessionis
1462 3241 1711 3296 nebulam

127 3343 461 3401 pateremur,
492 3342 607 3388 toto
648 3332 1043 3405 praedicationis
1086 3334 1199 3388 suae
1244 3340 1487 3403 tempore
1524 3347 1711 3387 verum

124 3440 180 3479 se
207 3426 484 3480 revelabat
522 3425 723 3489 Deum,
751 3423 1396 3493 perfectumostendebat
1435 3432 1490 3479 et
1531 3424 1709 3478 homi-
1749 3486 1752 3489 ν

127 3501 264 3569 nem.
292 3514 487 3569 Flebat
508 3514 727 3584 quippe,
752 3521 812 3568 ut
832 3522 1021 3569 nostro
1040 3514 1230 3568 dolore
1256 3528 1509 3581 mmrens,
1534 3513 1628 3569 sed
1652 3522 1710 3569 ut

1822 2330 1890 2385 de
1932 2330 2170 2399 virgine,
2218 2338 2370 2386 tanto
2418 2332 2473 2386 in
2514 2334 2771 2389 miraculo
2819 2350 2927 2389 non
2973 2335 3136 2390 debet
3176 2337 3409 2393 humana
3492 2344 3499 2350 '

1821 2420 2083 2477 ﬂuctuare
2102 2422 2377 2491 fragilitas,
2395 2425 2520 2492 quia
2541 2426 2817 2494 stupenda:
2832 2427 2957 2482 huic
2977 2428 3201 2482 novitati
3218 2428 3407 2493 Deum,

1822 2513 1909 2566 cui
1956 2526 2116 2568 omne
2163 2528 2297 2583 opus
2346 2515 2601 2583 possibile
2629 2524 2728 2580 est,
2760 2514 3080 2571 confitemur
3108 2526 3405 2573 auctorem.

1821 2599 2018 2656 Beatus
2046 2616 2277 2678 namque
2316 2602 2481 2657 David
2509 2602 2955 2673 omnipotentiam
2980 2603 3078 2658 Dei
3116 2603 3172 2659 S.
3206 2605 3408 2675 Spiritu

1818 2692 2096 2749 revelatus
2122 2693 2401 2757 decantat,
2445 2694 2629 2749 dicens
2653 2712 2666 2747 :
2694 2694 2887 2749 Omnia
2913 2697 3409 2767 quiscunquevoluit

1820 2780 2105 2849 Dominus,
2138 2786 2261 2854 fecit
2282 2786 2339 2838 in
2393 2785 2517 2839 calo
2546 2793 2596 2839 et
2642 2786 2697 2839 in
2745 2794 2884 2840 terra
2926 2784 3109 2857 (Psal.
3151 2794 3403 2856 cxxxnv).

1822 2870 1925 2939 Qui
1972 2889 2103 2944 ergo
2150 2874 2276 2928 fecit
2328 2890 2448 2945 qua:
2495 2876 2693 2939 voluit,
2739 2872 2864 2931 fecit
2910 2884 2970 2930 ut
3010 2876 3162 2944 virgo
3214 2878 3403 2933 conci-

1816 2972 2009 3033 peret;
2063 2965 2157 3033 qui
2210 2964 2335 3019 fecit
2389 2968 2568 3020 omnia
2614 2981 2733 3035 quae
2790 2966 2997 3031 voluit,
3063 2967 3192 3022 fecit
3238 2970 3399 3039 quod

1815 3058 1971 3112 nobis
2030 3056 2049 3095 ί
2104 3058 2434 3112 subveniret.
2497 3057 2723 3123 Omnia,
2788 3058 3002 3127 inquit,
3066 3076 3182 3131 quia
3245 3061 3406 3116 voluit

1814 3145 1955 3199 Dens
1974 3188 1989 3214 ,
2030 3148 2169 3215 fecit.
2212 3146 2390 3200 Voluit
2420 3163 2486 3203 ex
2526 3147 2690 3200 nihilo
2720 3148 2954 3203 formare
2982 3150 3275 3204 mundum?
3304 3150 3404 3204 fuit

1812 3238 1971 3309 49⁵1
1996 3239 2045 3292 ei
2064 3244 2177 3291 tam
2202 3238 2379 3307 magni
2415 3238 2594 3307 operis
2622 3236 2845 3291 effectus
2885 3238 2937 3291 in
2968 3237 3168 3293 Verbo.
3218 3238 3405 3294 Voluit

1812 3331 2087 3387 hominem
2113 3330 2342 3399 ﬁgurare
2358 3331 2432 3385 de
2474 3331 2731 3400 pulvere?
2766 3329 2948 3385 Virtus
2977 3338 3139 3384 tanta:
3167 3346 3276 3385 non
3302 3332 3402 3386 de-

1810 3420 1912 3475 fuit
1929 3418 2213 3475 voluntati.
2232 3419 2416 3473 Voluit
2438 3420 2577 3473 inter
2598 3420 2711 3489 ipsa
2731 3419 2853 3474 caeli
2882 3428 3149 3489 terraeque
3175 3422 3403 3490 primor-

1812 3509 1901 3565 dia
1920 3510 2062 3565 virili
2090 3509 2160 3566 de
2178 3524 2407 3579 corpore
2435 3509 2665 3564 educere
2693 3508 2945 3565 feminam
2960 3511 2986 3563 ?
3012 3526 3044 3565 e
3072 3511 3241 3566 latere
3268 3527 3399 3567 mox

123 3619 217 3659 sua
241 3606 445 3661 virtute
474 3614 665 3675 potens
692 3605 977 3660 miseratus
996 3620 1262 3661 caecorum
1285 3606 1555 3673 tenebras,
1581 3606 1707 3662 huic
1734 3603 1781 3666 ο
1811 3599 1939 3654 Adae
1960 3608 2135 3655 mater
2181 3600 2401 3655 humani
2430 3601 2642 3669 generis
2670 3599 2782 3654 Eva
2812 3602 3090 3671 processit.
3122 3601 3304 3658 Voluit
3330 3603 3401 3659 de

126 3694 350 3749 necdum
380 3695 644 3750 formatos
670 3693 902 3749 faciebat
928 3695 1135 3761 oculos,
1161 3695 1237 3749 illi
1257 3695 1517 3751 reddebat
1546 3698 1708 3752 aruis-

121 3800 239 3850 sos;
278 3786 545 3854 navigans
589 3801 713 3843 cum
756 3784 1034 3855 discipulis
1086 3786 1199 3841 suis
1242 3803 1434 3843 somno
1476 3786 1711 3844 hominis

123 3872 421 3930 dormiebat
444 3876 499 3930 in
528 3875 742 3945 puppis,
782 3874 875 3930 sed
903 3875 1133 3930 conscia:
1161 3875 1456 3944 majestatis
1483 3877 1708 3947 imperio

122 3964 508 4035 insurgentium
540 3964 796 4021 ﬂuctuum
820 3966 991 4021 moles
1012 3952 1387 4037 ntinascesque
1410 3972 1598 4023 ventos
1618 3982 1707 4023 se-

126 4068 251 4108 rena
276 4057 531 4124 protinus
559 4050 946 4124 tranquillitate
986 4058 1339 4125 compescuit.
1389 4056 1707 4113 Moriturum

122 4156 199 4205 se,
232 4152 289 4197 ut
317 4144 637 4213 temporalis
683 4145 807 4198 vita:
844 4145 1008 4199 homo
1044 4145 1338 4212 saepissime
1389 4148 1702 4215 testabatur,

123 4234 212 4288 sed
237 4244 299 4290 ut
322 4244 559 4292 asternus
585 4236 743 4301 Deus,
772 4236 957 4313 refugo
979 4238 1032 4290 in
1055 4253 1281 4306 corpora
1310 4239 1456 4292 vitali
1488 4240 1702 4309 spiritu,

123 4322 185 4376 ad
212 4324 386 4380 lucem
428 4333 675 4380 mortuos
709 4324 887 4380 redire
915 4327 1189 4396 praecepit.
1234 4325 1304 4381 Ut
1332 4326 1443 4382 lilio
1471 4330 1704 4385 hominis

121 4410 500 4480 ingerebantur
517 4414 759 4470 convicia
791 4416 1299 4486 blasphemantium,
1322 4419 1417 4475 sed
1444 4428 1501 4474 ut
1520 4420 1702 4488 ignara

122 4504 417 4560 mortalitas
462 4505 787 4560 inostensam
831 4507 1085 4561 credendi
1124 4508 1354 4563 disceret
1399 4512 1700 4579 veritatem,

122 4595 265 4657 quasi
285 4595 505 4650 unicum
526 4595 719 4649 Filium
738 4612 893 4651 suum
917 4596 1077 4653 Pater
1097 4590 1470 4667 alloquebatur
1490 4618 1520 4655 e
1541 4603 1698 4658 coelo.

123 4676 174 4731 Si
202 4695 327 4750 ergo
355 4684 551 4747 credis,
582 4699 616 4738 ο
645 4686 829 4753 homo,
861 4687 1093 4756 indigna,
1126 4705 1245 4756 qua:
1289 4692 1512 4759 pertulit
1540 4692 1699 4746 Chri-

122 4778 255 4835 stus,
286 4788 383 4827 cur
410 4789 521 4828 non
570 4776 741 4844 magis
769 4776 945 4830 credis
990 4778 1231 4832 miranda
1268 4794 1391 4847 qua:
1420 4784 1701 4850 prrestitit?

1812 3691 1931 3746 viro
1975 3698 2032 3745 et
2057 3689 2255 3747 femina
2284 3691 2562 3760 utriusque
2589 3706 2754 3746 sexus
2791 3691 3040 3747 homines
3067 3693 3253 3748 nasci?
3278 3692 3400 3764 lege

1808 3784 2101 3839 voluntatis
2127 3782 2243 3852 ejus
2270 3782 2497 3853 replevit
2520 3783 2707 3837 orbem
2730 3782 2881 3852 jussa
2927 3784 3246 3840 fecunditas.
3279 3784 3393 3841 Vo-

1811 3875 1928 3943 luit,
1975 3884 2038 3929 ut
2084 3873 2287 3929 dictum
2334 3881 2435 3939 est,
2476 3873 2736 3942 virginem
2764 3875 2991 3944 parere?
3019 3882 3079 3931 et
3102 3876 3396 3931 obumbra-

1810 3966 1955 4020 tione
1982 3962 2282 4033 majestatis
2322 3964 2461 4032 ejus,
2491 3964 2638 4019 nullo
2665 3964 2889 4032 virginei
2920 3965 3141 4034 pudoris
3170 3966 3394 4034 damno,

1808 4054 2054 4111 Christus
2081 4056 2344 4125 processit
2369 4070 2438 4110 ex
2469 4055 2655 4109 Maria.
2682 4054 2746 4108 Et
2774 4055 2900 4110 inde
2928 4063 3011 4110 est
3037 4057 3183 4125 quod
3211 4057 3395 4125 philo-

1807 4147 1963 4217 sophi
2009 4147 2266 4216 gentium,
2299 4147 2695 4217 prudentesque
2735 4148 2939 4214 mundi,
2963 4149 3056 4215 qui
3085 4149 3265 4203 omnia
3291 4150 3395 4205 sibi

1806 4237 2022 4307 propria
2060 4237 2249 4291 volunt
2276 4237 2668 4306 disceptatione
2710 4245 2984 4300 constare,
3017 4238 3143 4292 dum
3178 4249 3394 4295 terreno

1806 4342 1966 4381 sensu
1996 4327 2177 4381 divina
2204 4326 2518 4395 discutiunt,
2541 4328 2803 4397 sapientia
2851 4344 2945 4383 sua
2975 4329 3301 4399 desipientes
3324 4332 3395 4387 atl

1803 4419 2190 4490 plenitudinem
2221 4436 2327 4473 non
2359 4421 2677 4489 perveniunt
2705 4422 2970 4477 veritatis.
2999 4421 3101 4487 Qui
3130 4423 3271 4478 hanc
3290 4424 3394 4491 igi-

1805 4518 1893 4564 tur
1911 4510 2176 4564 desudant
2202 4511 2403 4565 habere
2432 4512 2753 4576 doctrinam,
2784 4522 2843 4567 ut
2871 4516 3016 4583 quod
3064 4514 3163 4583 ipsi
3194 4515 3390 4569 adver-

1802 4609 1917 4656 tere
1955 4611 2246 4669 nequeunt,
2302 4605 2534 4671 superbo
2560 4612 2827 4659 tumentes
2854 4606 3062 4675 spiritu,
3087 4605 3256 4660 Deum
3298 4615 3393 4660 aut

1801 4708 1911 4746 non
1963 4700 2110 4746 recte
2156 4692 2315 4755 velle,
2357 4700 2449 4745 aut
2476 4708 2584 4746 non
2611 4708 2771 4763 posse
2796 4695 3148 4749 contendunt.
3179 4694 3303 4763 Qui,
3329 4706 3391 4750 ut

1802 4783 1877 4837 ait
1924 4782 2233 4852 Apostolus,
2282 4781 2507 4836 dicentes
2564 4799 2618 4835 se
2663 4800 2773 4837 esse
2807 4786 3063 4854 sapientes
3092 4785 3236 4838 stulti
3261 4788 3387 4873 fa‘cti

123 4856 193 4947 lla
220 4876 347 4917 sane
375 4865 986 4935 incomprehensibiliter
1006 4868 1359 4933 caroinDco,
1385 4878 1443 4925 et
1464 4872 1514 4924 in
1535 4887 1698 4928 carne
1799 4885 1947 4939 sunt;
2003 4881 2058 4930 et
2108 4875 2323 4939 iterum,
2380 4881 2690 4928 evanuerunt
2744 4878 2798 4929 in
2847 4876 3239 4947 cogitationibus
3280 4857 3385 4932 suis

123 4946 283 5016 Deus,
315 4962 376 5006 ut
412 4968 613 5044 neque,
631 4953 798 5009 Deum
840 4956 909 5010 ab
938 4956 1153 5012 homine
1180 4959 1359 5028 passio
1399 4970 1690 5030 separaret,
1723 4977 1774 5037 υ
1801 4966 1977 5037 (Rom.
2002 4966 2063 5035 ι).
2093 4964 2224 5031 Quis
2255 4964 2395 5018 enim
2421 4964 2493 5018 ita
2512 4964 2735 5019 demens
2764 4966 2817 5019 in
2844 4946 2938 5020 illo
2966 4976 3230 5037 conceptu
3277 4968 3387 5021 vir-

125 5052 286 5109 neque
321 5059 419 5113 per
448 5044 719 5100 hominem
744 5045 886 5101 Deus
913 5048 1160 5104 humanis
1198 5051 1691 5121 passionibussub-
1796 5056 1954 5125 gineo
1993 5069 2178 5110 semen
2216 5062 2422 5122 qurerat
2466 5055 2780 5121 humanum,
2827 5055 2917 5111 ubi
2964 5056 3139 5124 agitur
3163 5058 3383 5113 calcate

188 5216 364 5298 fCod.
384 5219 672 5298 Vallicell.,
701 5222 962 5298 Benedicit
982 5225 1159 5289 victus,
1183 5228 1270 5295 qui
1288 5226 1469 5281 liberat
1490 5245 1688 5298 passos,

1796 5230 2007 5284 delitate
2026 5231 2301 5294 remansit,
2326 5221 2427 5283 et'a
2440 5216 2660 5298 justitiar
2670 5231 2876 5286 semitis
2896 5233 3233 5298 claudicarit;
3258 5251 3381 5290 cum

403 5308 541 5373 ’9‘!"
567 5285 880 5373 αδὲδίυίιφίε
907 5285 1354 5373 ἀρπιηαιόεῇᾳᾳίᾳ
1377 5307 1427 5351 et
1451 5285 1694 5351 adversa-'-
1793 5316 1903 5370 quo
1923 5299 2117 5373 codice
2142 5285 2407 5373 convenit
2437 5285 2712 5365 Urbevet.,
2763 5285 2865 5356 sed
2898 5285 3061 5367 addit,
3098 5285 3381 5373 α’ξίηέιῖἑξξ

126 5356 232 5437 riis,
248 5361 301 5437 ἐἰ
333 5361 675 5437 resipiscam,
704 5356 1106 5437 redemptionem
1134 5356 1311 5437 tribuit
1334 5367 1688 5437 interemptus.

133 5382 232 5422 rm,
259 5382 301 5411 ει
337 5382 438 5415 ται
590 5382 675 5431 ιιι,
704 5382 1106 5431 reaempnonem
1134 5382 1311 5419 manu
1336 5382 1687 5437 interemptus.

133 5492 143 5504 .
399 5382 660 5507 lijrbevet.
691 5431 981 5507 cunformis
1008 5443 1089 5507 est
1112 5436 1299 5507 textui,
1329 5444 1687 5505 praeterquam

131 5495 177 5545 in
206 5495 282 5575 bis
304 5501 508 5575 verbis,
534 5501 722 5575 quidet
746 5502 1055 5575 adversariis
1078 5505 1127 5575 si
1155 5495 1475 5575 resipiscam.
1506 5495 1614 5560 etc.

198 5575 217 5601 ε
245 5564 557 5645 Cod._Vat.'
579 5565 715 5623 1270
753 5571 881 5645 legit
909 5590 937 5645 _:
985 5572 1119 5645 Quid
1136 5585 1230 5645 est
1256 5564 1364 5628 'ltoc
1400 5564 1537 5645 quod
1564 5578 1693 5645 pede

198 5592 217 5601 ν
245 5592 373 5621 υυυ.
419 5592 533 5623 vat.
579 5592 715 5623 ηιυ
753 5592 881 5637 tegit
925 5592 937 5623 :
985 5592 1117 5635 unua
1156 5592 1230 5626 est
1270 5592 1364 5628 noc
1434 5592 1534 5629 uoa
1564 5592 1691 5645 peac

135 5632 407 5691 claudicat?
428 5643 530 5703 hoc.
545 5650 622 5692 est
644 5641 779 5709 quod
801 5643 867 5694 de
893 5640 1099 5707 Jacob.,
1127 5642 1181 5694 id
1200 5655 1277 5697 est
1305 5645 1366 5697 de
1388 5592 1691 5699 intimorum

135 5718 317 5771 genere,
344 5709 547 5763 Christo
573 5722 866 5776 resurgente
891 5728 1015 5776 pars
1058 5712 1290 5777 credidit,
1319 5732 1445 5776 pars
1474 5718 1524 5769 in
1568 5718 1691 5775 inﬂ-

1796 5369 1857 5421 ac
1887 5370 2007 5422 vita?
2028 5369 2243 5423 sentitis.

1866 5436 1891 5474 ἀ
1920 5438 2053 5493 Cod.
2090 5438 2189 5491 174
2210 5448 2439 5507 metrop.
2469 5439 2605 5507 eccl.
2642 5438 2814 5507 Flor.,
2842 5456 3016 5494 amore
3042 5441 3197 5493 uinci.

1866 5516 1890 5545 ο
1920 5508 2088 5562 Codd.
2120 5508 2241 5561 Vat.
2268 5506 2405 5561 1270
2426 5516 2479 5561 et
2526 5506 2805 5580 Urbevet.,
2848 5509 2976 5563 Post
3013 5509 3159 5561 illam
3197 5511 3377 5580 fugant

1796 5577 1957 5630 lucem
1986 5579 2239 5645 passionis
2264 5588 2410 5630 nocte
2435 5579 2705 5645 promittit,
2745 5588 2848 5632 etc.

1869 5645 1889 5682 ¹
1923 5646 2056 5699 Cod.
2094 5645 2274 5699 Casin.
2308 5645 2428 5710 505,
2459 5646 2603 5699 nobis
2632 5648 2883 5717 amnibus.
