3896 6250
437 240 534 292 till

1649 236 1705 290 S.
1748 236 1794 289 Μ
1804 234 1991 291 ΑΧΙΜΙ
2029 235 2114 289 ΤΑ
2126 234 2483 292 URINENSIS

3590 222 3716 277 6ἶῖ

431 354 774 425 mysterium?
796 353 1001 419 Quanta
1034 354 1280 408 vecordia
1326 354 1379 406 in
1408 354 1497 407 illo
1529 354 1783 407 nascendi
1812 367 2012 421 genere
2044 363 2084 417 Λ
2116 370 2174 411 se
2196 355 2420 408 invicem
2447 352 2636 423 impari
2658 360 2925 422 potestate
2952 350 3171 405 distare.
3202 345 3348 400 Misit
3378 342 3535 399 Pater
3570 359 3715 413 pro-

431 445 754 512 generalitas
777 444 1019 498 mortalis
1048 444 1379 508 obtenditur,
1435 450 1495 496 ut
1550 458 1714 511 opere
1756 444 2017 511 Omnipo-

437 536 595 589 tentis
616 550 714 602 pro
751 534 861 587 vita
888 535 1228 602 pereuntium
1272 541 1460 602 partus
1485 534 1739 587 salutaris
1768 531 2017 585 ctlloruit.

436 625 542 679 Sed
564 625 789 679 fortasse
805 622 1037 692 perfidus
1053 623 1310 689 occurrit,
1338 631 1393 676 et
1412 624 1541 676 dicit
1563 640 1576 673 :
1606 637 1764 675 nemo
1789 636 2021 688 unquam

440 716 512 769 ita
536 730 620 769 ess
639 730 814 769 natus.
838 712 1007 769 Nemo
1026 728 1237 776 revera,
1260 714 1383 782 quia
1408 714 1601 766 nullius
1622 721 1817 779 praeter
1839 720 1863 746 ι
1887 710 2027 764 hanc

439 822 568 860 caro
590 806 735 860 unita
754 821 881 860 cum
901 804 1013 858 Deo
1042 813 1143 859 est.
1178 803 1315 870 Quid
1345 804 1610 857 incassum
1660 801 1907 855 dubitas?
1934 800 2026 866 qui

443 898 591 951 solus
611 896 760 950 dedit
786 896 1091 949 hominibus
1118 895 1261 949 nasci
1286 909 1381 962 per
1401 893 1674 961 conjuges,
1696 892 1843 945 solus
1860 888 2030 943 voluit

448 987 662 1055 prodire
690 986 1009 1064 devirgine.
1040 985 1353 1038 Mirabiltter
1381 990 1538 1037 natus
1559 991 1640 1037 est
1661 981 1923 1045 Christus,
1972 986 2028 1032 et

448 1076 811 1131 obstinatione
838 1074 1037 1145 perfida
1066 1090 1170 1128 non
1193 1073 1370 1128 credis
1395 1073 1596 1125 Deum?
1621 1070 1758 1136 Quid
1798 1070 2025 1130 faceres.

450 1167 495 1218 si
550 1165 817 1220 communi
848 1172 989 1217 esset
1035 1164 1150 1231 lege
1196 1162 1521 1229 conceptus?
1567 1160 1745 1213 Inanis
1792 1172 1920 1225 ergo
1971 1163 2033 1209 et

452 1254 614 1308 stulta
643 1252 885 1307 causatio
914 1260 1014 1313 est,
1048 1252 1248 1305 nullum
1280 1249 1353 1303 ita
1385 1249 1545 1305 fuisse
1593 1256 1796 1310 natum,
1827 1245 1917 1314 qui
1946 1260 2033 1298 sa-

451 1348 785 1396 cramentum
814 1339 1055 1393 fecundae
1099 1340 1339 1406 virginis,
1379 1337 1524 1407 quod
1571 1337 1784 1391 unicum
1830 1334 1925 1388 Dei
1953 1340 2036 1387 est

458 1447 623 1500 opus;
656 1445 827 1499 neque
857 1430 1054 1484 habere
1083 1438 1208 1483 ante
1242 1444 1299 1483 se
1330 1429 1523 1497 potuit,
1555 1443 1654 1482 nec
1674 1435 1797 1496 post
1824 1441 1881 1480 se
1906 1425 2035 1478 reli-

456 1521 572 1589 quit
615 1520 942 1588 exemplum.
994 1517 1146 1573 Unde
1175 1528 1229 1572 et
1257 1529 1333 1581 tu,
1366 1518 1553 1584 frater,
1584 1519 1629 1571 si
1656 1517 1925 1585 sapienter
1952 1515 2036 1568 in—

458 1610 847 1678 eomprebeusa
872 1610 1100 1675 rimaris,
1120 1610 1261 1675 quod
1285 1609 1551 1677 singulare
1581 1608 1845 1676 pervides,
1875 1604 2039 1661 crede

2124 445 2297 514 prium
2324 443 2541 507 Filium,
2563 456 2673 495 non
2694 456 2724 493 a
2752 456 2811 495 se
2832 439 3215 501 discedentem,
3248 435 3344 489 sed
3367 433 3435 485 ad
3458 447 3554 486 nos
3596 449 3717 485 no-

2123 544 2233 589 stra
2289 550 2387 603 pro
2442 533 2616 587 salute
2645 532 2969 586 venientem.
2999 528 3159 582 Venit
3187 536 3371 580 autem
3403 525 3495 577 Dei
3522 524 3721 587 Filios,

2125 639 2233 677 non
2256 633 2315 676 ut
2330 623 2590 675 mittentis
2602 629 2805 674 tantum
2825 613 3727 687 Patrisexsequerelurimperium,

2126 717 2219 771 sed
2260 726 2318 770 ut
2362 731 2700 770 communem
2726 721 3013 784 perageret
3047 713 3402 765 voluntatem.
3428 706 3588 760 Venit
3611 706 3727 758 Dei

2126 809 2312 873 filius,
2346 823 2452 861 non
2469 808 2559 876 qui
2580 806 2647 860 de
2668 807 2786 861 loco
2811 806 3062 859 transiret
3082 803 3145 856 ad
3168 803 3365 863 locum,
3391 798 3483 855 sed
3505 798 3558 851 in
3584 798 3721 849 loco

2129 912 2241 964 quo
2266 897 2425 950 vellet
2452 896 2714 965 propositi
2757 895 2838 949 sui
2870 909 3059 947 munus
3088 892 3352 961 impleret.
3404 888 3471 940 Et
3526 901 3723 939 revera

2128 989 2319 1050 Deum,
2345 1004 2471 1042 cum
2496 988 2693 1054 ubique
2722 1001 2935 1054 semper
2954 986 3041 1047 sit,
3076 994 3236 1051 atque
3283 981 3464 1036 omnia
3508 976 3727 1044 gremio

2133 1078 2430 1145 mojestatis
2458 1092 2565 1129 sum
2594 1074 2851 1140 includat,
2885 1075 3010 1128 illuc
3048 1082 3234 1126 tamen
3283 1072 3383 1134 ire,
3414 1077 3507 1123 aut
3536 1066 3729 1120 venire

2126 1168 2386 1233 creditur,
2412 1169 2500 1221 ubi
2526 1183 2584 1221 se
2610 1167 2854 1220 revelare
2882 1165 3149 1232 dignatur.
3182 1163 3327 1226 llaec,
3374 1160 3560 1223 frater,
3612 1157 3733 1210 nisi

2133 1260 2236 1312 fide
2282 1259 2543 1327 sequaris,
2601 1257 2746 1310 nulla
2790 1255 3045 1310 mundani
3089 1268 3282 1307 sensus
3304 1252 3517 1305 ratione
3542 1248 3735 1303 conci-

2133 1350 2271 1419 pies.
2297 1348 2523 1401 Tantum
2549 1347 2691 1400 enim
2722 1347 2872 1401 abest
2892 1346 2959 1399 ab
2978 1345 3231 1413 operibus
3253 1342 3348 1396 Dei
3372 1340 3736 1406 intelligentia

2135 1436 2379 1490 mortalis
2432 1434 2649 1501 ingenii,
2693 1440 2952 1503 quantum
2981 1433 3180 1486 distare
3209 1437 3390 1499 potest
3417 1429 3487 1483 ab
3508 1428 3735 1482 atteri-i-

2136 1533 2249 1579 tate
2295 1523 2607 1579 mortalitas.
2651 1523 2760 1576 Sed
2801 1520 3003 1591 optima
3054 1519 3258 1574 homini
3285 1517 3428 1571 ratio
3454 1525 3553 1580 est,
3582 1524 3649 1568 ut
3683 1521 3737 1568 in

2140 1615 2223 1669 his
2252 1629 2370 1682 quae
2397 1628 2502 1666 non
2550 1618 2727 1680 potest
2765 1618 2945 1664 mente
2974 1609 3279 1679 complecti,
3331 1606 3488 1661 cedat
3534 1606 3743 1659 mentis

458 1704 715 1763 divinum.
747 1701 989 1770 Denique
1023 1717 1147 1755 cum
1192 1716 1222 1754 ³
1268 1700 1541 1770 discipulis
1568 1700 1699 1764 Silis.
1728 1699 1847 1769 quis
1873 1705 2031 1758 89581,
2070 1713 2112 1773 Β
2140 1704 2364 1758 auctori.
2384 1700 2541 1755 Scire
2570 1715 2700 1768 ergo
2729 1699 3005 1762 debemus,
3030 1697 3311 1760 carissimi,
3353 1695 3481 1762 quia
3536 1692 3741 1746 nativi-

461 1801 517 1847 ct
543 1794 609 1847 ab
628 1792 939 1847 hominibus
952 1792 1282 1857 crederetur,
1315 1790 1564 1846 Salvator
1582 1791 1895 1859 inquireret,
1919 1790 2040 1843 bea-

464 1883 700 1937 tissimus
729 1891 872 1935 tunc'
892 1879 1085 1935 Petrus
1109 1890 1317 1935 sacrata
1340 1896 1476 1937 voce
1502 1880 1779 1949 respondit
1805 1878 1991 1933 dicens
2022 1895 2038 1930 :

466 1973 543 2025 Tu
570 1990 623 2025 ex
652 1971 885 2026 Christus
912 1971 1081 2026 Filius
1102 1973 1200 2025 Dei
1220 1974 1317 2027 vivi
1348 1973 1561 2043 (Matth.
1591 1974 1721 2041 xw).
1746 1971 1909 2038 Ecce,
1932 1970 2041 2023 fra-

468 2071 598 2125 tres,
629 2062 863 2129 loquitur
892 2062 1068 2129 lingua
1097 2063 1327 2116 hominis
1349 2063 1491 2132 quod
1528 2078 1622 2117 cor
1649 2061 1882 2116 hominis
1900 2062 2047 2128 igno-

468 2153 641 2206 rabat.
669 2151 928 2219 Loquitur
955 2153 1251 2221 apostolus,
1284 2153 1427 2222 quod
1456 2168 1561 2207 nou
1592 2152 1941 2206 meditatione
1956 2150 2042 2205 die

468 2242 619 2305 dicit,
647 2242 744 2299 sed
772 2244 1100 2299 revelatione
1119 2246 1386 2313 cognovit.
1414 2244 1565 2300 Unde
1588 2246 1732 2300 enim
1763 2245 1925 2299 sciret
1946 2252 2051 2298 ter-

472 2346 635 2385 renus
660 2332 1008 2401 mortalisque
1030 2334 1189 2387 homo
1212 2336 1664 2404 incompreltensa:
1684 2334 2049 2403 generationis

474 2437 746 2485 arcatrum.
778 2423 877 2477 nisi
898 2431 962 2478 et
990 2422 1151 2477 Pater
1176 2425 1309 2493 ipse,
1340 2425 1489 2493 cujus
1516 2440 1675 2480 verus
1700 2432 1819 2479 erat
1861 2422 2047 2485 Filius,

476 2527 584 2565 non
631 2511 921 2566 revelasset
958 2526 999 2565 τε
1046 2513 1223 2567 etelo?
1278 2523 1337 2568 ut
1363 2516 1437 2567 ait
1482 2516 1549 2567 ad
1573 2514 1717 2567 illum
1746 2512 2003 2566 Dominus
2036 2528 2048 2562 :

479 2600 669 2663 Beatus
696 2618 767 2665 es,
800 2600 982 2654 Simon
1022 2600 1126 2654 Βαι-
1145 2601 1304 2669 Jona,
1340 2604 1463 2673 quia
1490 2621 1593 2657 non
1623 2621 1743 2656 caro
1768 2612 1817 2655 et
1842 2602 2054 2671 sanguis

482 2694 717 2744 ret'elavit
758 2692 919 2762 5,93
967 2693 1075 2757 tibi,
1116 2693 1209 2747 sed
1240 2695 1398 2748 Pater
1419 2712 1557 2749 meus
1596 2696 1764 2766 quiin
1803 2696 1942 2749 caelis
1980 2700 2057 2748 at

482 2778 691 2849 (Ibid).
725 2780 876 2846 Quod
903 2782 1045 2836 enim
1076 2784 1369 2852 prmcipuus
1408 2787 1775 2854 apostolorum
1823 2785 2057 2840 Redem-

483 2879 690 2940 ptorem
740 2873 977 2927 omnium
1010 2873 1115 2927 vivi
1140 2874 1235 2929 Dei
1264 2874 1455 2930 Filium
1476 2877 1623 2940 dicit,
1650 2885 1883 2945 paterna:
1911 2875 1963 2929 in
1993 2889 2061 2929 eo

484 2962 697 3016 deitatis
723 2962 1073 3017 substantiam
1093 2963 1406 3027 confitetur;
1438 2964 1580 3034 quod
1626 2964 1869 3019 eumdem
1899 2962 2060 3018 Chri-

2133 1802 2307 1849 .tatem
2358 1791 2772 1861 passionemque
2811 1787 3136 1842 dominicam
3165 1799 3274 1840 non
3303 1784 3463 1837 nobis
3490 1782 3607 1851 ejus
3637 1781 3743 1835 de-

2141 1886 2221 1939 dit
2264 1882 2524 1946 conditio,
2562 1880 2661 1935 sed
2696 1879 2970 1937 voluntas.
3034 1876 3205 1930 Nostri
3248 1875 3503 1929 nimirum
3553 1873 3741 1938 exegit

2142 1992 2306 2031 causa
2360 1974 2582 2042 negotii,
2620 1972 2900 2026 Christum
2922 1969 3205 2023 Dominum
3237 1966 3500 2036 pudorem
3530 1962 3744 2017 ventris

2144 2082 2251 2121 non
2300 2065 2571 2119 declinare
2626 2062 2864 2124 feminei,
2895 2060 3202 2115 sordentem
3231 2057 3426 2127 pannis
3456 2054 3742 2108 infantiam

2143 2159 2375 2229 perpeti,
2398 2144 2730 2211 crescentem
2751 2170 2847 2223 per
2876 2167 3058 2208 moras
3073 2159 3393 2221 exspectare
3432 2147 3744 2218 pueritiam,

2144 2248 2612 2304 convalescentem
2634 2244 2967 2312 temporibus
2987 2240 3520 2309 agerejuventutem,
3540 2244 3599 2291 et
3620 2252 3743 2291 eum

2149 2338 2295 2393 omni
2325 2330 2583 2406 patientia
2611 2333 2817 2388 Judaici
2846 2332 3039 2386 furoris
3070 2330 3292 2398 injurias
3313 2329 3598 2396 cautesque
3628 2340 3751 2395 per-

2152 2427 2314 2482 ferre.
2363 2426 2546 2495 Neque
2575 2439 2707 2477 vero
2734 2420 3018 2492 supernum
3047 2420 3337 2474 voluntatis
3358 2426 3498 2479 erat,
3523 2426 3621 2469 aut
3650 2430 3745 2467 va-

2154 2532 2286 2580 θυαε,
2312 2504 2493 2569 ιιι’[)θὶ
2522 2514 2687 2566 Filius
2716 2528 2813 2581 per
2842 2520 3112 2564 tantarum
3137 2508 3401 2563 dedecora
3429 2507 3749 2576 passionum

2154 2606 2384 2661 materia
2428 2601 2787 2657 humanitatis
2833 2607 3138 2654 moreretur
3186 2600 3239 2651 in
3262 2598 3389 2651 terri
3426 2636 3441 2659 ,
3466 2598 3561 2665 qui
3590 2595 3751 2667 499

2156 2696 2364 2753 οωιεειί
2394 2695 2446 2748 in
2475 2708 2642 2761 regno
2672 2700 2896 2761 paterna
2917 2691 3117 2744 deitate
3159 2690 3394 2755 vivebat,
3442 2688 3550 2743 nisi
3604 2686 3750 2741 nasci

2160 2788 2312 2842 illum
2342 2786 2563 2842 remedii
2588 2784 2760 2840 nostri
2780 2782 3078 2838 necessitas
3098 2780 3411 2850 ﬂagitasset.
3438 2780 3589 2847 Quid
3612 2780 3750 2834 Deus

2158 2878 2229 2932 ad
2249 2878 2506 2934 carnem?
2532 2877 2660 2947 quid
2691 2875 3061 2930 immaculatus
3080 2873 3149 2929 ad
3175 2874 3430 2929 crucem?
3449 2874 3583 2941 quid
3600 2881 3755 2926 eter-

2165 2984 2267 3023 nus
2314 2968 2384 3023 ad
2438 2967 2706 3022 mortem?
2743 2966 2939 3020 Essent
2966 2964 3180 3033 quidem
3210 2963 3305 3017 Dei
3332 2964 3469 3017 Filio
3497 2963 3669 3017 verba
3696 2976 3756 3015 ac

483 3061 626 3105 stum
658 3053 985 3120 pronuntiat,
1012 3053 1240 3105 materni
1270 3053 1446 3107 inesse
1472 3054 1713 3121 corporis
1742 3050 1933 3106 asserit
1969 3065 2061 3105 ve-
2089 3080 2133 3142 ο
2163 3060 2404 3123 vulnera,
2455 3058 2742 3125 outniaque
2786 3057 2938 3111 illata
2978 3055 3239 3124 passionis
3268 3052 3564 3122 opprobria
3596 3067 3752 3120 repu-

486 3142 719 3195 ritatem.
748 3141 838 3197 Sic
863 3157 1050 3195 revera
1079 3142 1419 3196 beatissimus
1448 3140 1638 3195 Petrus
1687 3149 1968 3209 utramque
2007 3140 2060 3192 in

489 3234 701 3288 Christo
732 3243 973 3288 naturam
999 3235 1098 3288 sub
1122 3249 1226 3287 una
1246 3242 1329 3287 est
1349 3232 1706 3302 appellatione
1732 3231 2062 3299 complexus,

490 3335 549 3378 ut
600 3324 880 3379 ineffabilis
922 3326 1161 3395 mysterii
1190 3320 1582 3380 sacramentum
1610 3325 2066 3377 brevissimo-ser-

492 3431 651 3469 mone
702 3414 965 3479 delibans,
1018 3430 1192 3483 aeque
1244 3414 1515 3483 geminata
1558 3413 1840 3476 divideret,
1892 3425 2067 3479 neque

494 3507 641 3562 unita
660 3504 1030 3560 confunderet.
1059 3504 1129 3560 Ut
1155 3513 1336 3560 autem
1364 3506 1571 3575 plenius
1592 3503 1993 3558 adverteremus
2016 3502 2068 3554 in

495 3598 774 3651 Salvatore
795 3610 969 3663 neque
993 3610 1025 3649 a
1049 3595 1160 3649 Deo
1187 3595 1474 3657 hominem,
1502 3607 1676 3661 neque
1700 3590 1867 3646 Deum
1887 3591 1953 3645 ab
1974 3590 2073 3644 bo-

497 3689 640 3744 mine
694 3687 1066 3756 separandum,
1114 3686 1190 3739 ait
1227 3685 1642 3754 gloriosissimus
1668 3683 1922 3749 magister
1950 3680 2071 3735 titlei

503 3777 697 3832 Paulus
728 3778 1023 3846 apostolus,
1052 3775 1271 3830 dicens:
1320 3774 1465 3828 Misit
1492 3774 1646 3828 Deus
1685 3772 1734 3825 F
1736 3773 1879 3828 ilium
1924 3786 2071 3824 suum

504 3874 697 3940 lactant
743 3885 807 3921 ει
860 3868 1089 3930 muliere,
1142 3868 1333 3937 factum
1378 3865 1469 3918 sub
1511 3866 1621 3934 lege
1652 3862 1791 3935 (Gal.
1825 3862 1926 3933 ut).
1960 3860 2073 3915 Non

506 3962 687 4028 utique
717 3958 886 4013 factus
914 3966 996 4011 est
1020 3957 1185 4009 Filius
1214 3956 1308 4010 Dei
1337 3963 1396 4009 ut
1423 3955 1745 4018 mitteretur,
1773 3952 1869 4005 sed
1915 3951 1981 4004 ad
2022 3949 2074 4004 id

506 4050 651 4121 quod
675 4050 867 4105 missus
895 4057 996 4110 est,
1026 4047 1161 4101 illius
1187 4047 1357 4101 factus
1382 4056 1465 4100 est
1488 4044 1735 4097 hominis.
1757 4042 1913 4097 Salva
1928 4039 2076 4094 enim

507 4143 688 4197 divina
711 4142 1039 4211 proprietate
1062 4146 1283 4201 naturae,
1340 4147 1585 4192 naturam
1627 4137 1682 4190 in
1735 4150 1797 4189 se
1842 4133 2079 4202 suscepit

510 4235 814 4297 humanam,
866 4247 973 4286 non
1003 4229 1142 4284 facta
1178 4229 1511 4293 confusione,
1543 4229 1639 4283 sed
1682 4228 1923 4281 unitione
1947 4241 2077 4295 per-

510 4322 667 4376 fecta.
691 4320 855 4387 Misit,
876 4320 1066 4390 inquit,
1094 4319 1284 4373 Filium
1309 4333 1483 4386 suum,
1508 4319 1649 4372 misit
1672 4334 1777 4374 non
1798 4316 2081 4373 creaturali

2170 3149 2349 3213 tanda,
2398 3148 2499 3203 nisi
2526 3149 2775 3201 universa
2802 3162 2919 3216 quae
2962 3160 3151 3214 passus
3175 3153 3257 3199 est
3278 3145 3611 3198 resurrectio
3637 3156 3756 3197 mox

2166 3246 2351 3293 secuta
2379 3245 2637 3292 curasset.
2690 3238 2820 3302 Quis
2849 3251 2977 3305 ergo
3007 3237 3079 3290 ita
3105 3236 3378 3304 desipiens
3407 3232 3755 3289 retractando

2168 3329 2487 3385 decolorare
2516 3336 2821 3396 praesultat,
2867 3327 3012 3395 quod
3059 3324 3345 3381 crucifixus
3374 3335 3461 3379 est
3487 3324 3757 3388 Christus,

2117 3485 2120 3488 ,
2167 3421 2258 3489 qui
2279 3428 2360 3474 tot
2379 3421 2661 3475 virtutibus
2687 3420 2951 3487 tantisque
2970 3417 3241 3472 miraculis
3259 3416 3567 3471 mirabilior
3591 3416 3754 3470 factus

2164 3518 2253 3565 est
2274 3510 2687 3578 suapassione?
2726 3508 2856 3574 Quis
2884 3508 2960 3563 illi
2989 3507 3290 3562 triduanam
3313 3507 3653 3575 exprobrare
3681 3521 3757 3558 au-

2170 3600 2294 3655 deat
2323 3602 2483 3671 590
2510 3599 2863 3667 sepulturam,
2896 3598 3048 3666 cujus
3084 3611 3207 3652 cum
3236 3597 3576 3665 sempiterno
3606 3595 3755 3649 Patre

2172 3704 2496 3761 permanens
2518 3688 2796 3744 aeternitas
2816 3688 3171 3758 praedicatur?
3200 3686 3313 3741 lmo
3338 3686 3461 3754 quis
3507 3703 3620 3742 non
3650 3693 3756 3739 toto

2171 3787 2393 3848 stupore
2446 3779 2672 3832 miretur
2713 3778 2917 3832 inferna
2948 3777 3094 3831 illum
3125 3775 3291 3831 fuisse
3318 3776 3626 3844 dignatum,
3676 3773 3753 3840 qui

2174 3874 2369 3927 virtute
2396 3872 2615 3941 propria
2642 3880 2698 3926 et
2717 3871 2787 3925 ad
2818 3874 2979 3926 vitam
3026 3871 3202 3940 potuit
3229 3870 3408 3925 redire
3453 3878 3586 3939 post
3622 3882 3756 3923 mor-

2176 3971 2305 4029 tem,
2334 3971 2389 4015 et
2414 3962 2608 4016 coelum
2631 3961 2655 4000 ιι
2681 3977 2793 4016 non
2835 3962 3096 4017 dubitavit
3139 3959 3437 4017 ascendere
3462 3970 3594 4029 post
3631 3956 3753 4013 infe-

2174 4054 2306 4107 ros?
2349 4051 2413 4105 Et
2442 4053 2586 4117 ideo,
2635 4051 2846 4117 fratres,
2879 4052 3008 4107 illud
3030 4068 3191 4107 unum
3213 4051 3369 4107 nobis
3395 4060 3485 4106 est
3509 4052 3754 4113 salutare,

2179 4152 2238 4199 ut
2290 4144 2576 4198 metientes
2628 4143 3008 4211 nosmetipsos,
3050 4149 3107 4195 et
3134 4142 3371 4210 pectoris
3398 4142 3573 4195 nostri
3601 4153 3752 4206 angulo

2178 4243 2281 4297 sta,
2332 4248 2451 4302 quae
2499 4234 2636 4286 ultra
2664 4232 2881 4287 modum
2910 4247 2970 4285 se
2991 4230 3244 4293 otft‘rnnt,
3274 4230 3627 4299 castigantes,
3657 4223 3755 4281 veri

2184 4324 2297 4389 Dei,
2330 4324 2525 4393 quibus
2548 4322 2849 4391 potentiam
2868 4321 3184 4391 probamus,
3226 4334 3523 4389 sequamur
3553 4321 3606 4373 in
3650 4330 3756 4371 om-

510 4414 802 4470 conditioni
848 4413 1165 4479 subjectum.
1197 4410 1292 4465 sed
1322 4410 1550 4463 naturali
1578 4410 1801 4463 caritate
1854 4423 2081 4462 concor-
2112 4439 2161 4497 ι)
2185 4417 2342 4470 nibus
2371 4415 2720 4481 voluntatem,
2750 4413 2842 4481 qui
2874 4412 3003 4465 vivit
3030 4416 3085 4465 et
3129 4420 3322 4479 regnat
3368 4410 3424 4466 in
3452 4412 3649 4466 8:th
3672 4420 3756 4463 sa-

514 4509 656 4561 tleut.
686 4506 803 4575 Ipse
828 4504 970 4559 enim
1001 4502 1253 4557 Dominus
1282 4502 1357 4555 ait
1384 4520 1396 4554 :
1422 4500 1535 4572 Ego
1564 4509 1611 4553 et
1638 4502 1794 4554 Pater
1814 4517 1971 4553 unum
1990 4516 2083 4552 su-

514 4616 625 4653 mus
662 4598 845 4669 (Joan.
877 4602 955 4667 ι).
990 4594 1091 4662 Qui
1120 4609 1247 4664 ergo
1281 4609 1444 4651 unum
1494 4602 1638 4659 sunt,
1668 4610 1775 4651 nou
1804 4602 2028 4661 possunt
2056 4608 2086 4646 a

2188 4506 2451 4561 culorum.
2476 4504 2665 4558 Amen.

1808 4690 2074 4751 SERMO
2117 4691 2486 4753 XXXVIII.

1640 4789 1720 4843 De
1741 4791 1920 4844 eadem
1946 4790 2224 4845 Paschalis
2251 4794 2576 4846 solemnitate
2603 4792 2673 4845 Χ.

592 4951 742 5015 llunc
770 4965 981 5021 quoque
1004 4948 1207 5021 editum
1230 4964 1260 5002 a
1283 4948 1574 5021 Hmtorto
1600 4962 1909 5021 sermonem
1934 4878 2434 5021 gaiitiiggitlgeres
2474 4950 2686 5021 codices
2715 4959 2827 5005 tres
2852 4952 3202 5006 Taurineusis
3242 4966 3364 5005 cum
3392 4951 3552 5005 titulo
3584 4967 3596 5021 ς
3643 4943 3748 5021 item

522 5022 583 5075 de
607 5014 809 5074 Pascha
835 5014 1003 5074 seimo
1032 5019 1102 5082 Χ,
1130 5018 1435 5075 Casinensis
1456 5016 1560 5071 505
1578 5032 1702 5086 pag.
1736 5018 1824 5089 15,
1855 5027 1910 5072 et
1934 5017 2341 5089 Ratispouensis
2365 5019 2545 5074 Sancti
2576 5019 2921 5089 Emmerami.
2954 5020 3012 5074 In
3061 5022 3141 5075 his
3166 5021 3373 5075 duobus
3394 5014 3750 5089 posteriori!qu

522 5092 691 5144 sancti
716 5090 929 5144 Maximi
952 5078 1151 5160 nomen
1180 5089 1451 5157 conceptis
1475 5078 1915 5153 verbis'habetur,
1946 5086 2040 5141 sed
2083 5078 2138 5141 in
2165 5088 2353 5143 codice
2384 5090 2644 5144 Vaticano
2685 5087 2849 5158 6451,
2878 5104 2999 5160 pag.
3031 5089 3123 5157 2|,
3151 5090 3292 5144 idem
3318 5078 3498 5147 sermo
3526 5078 3747 5142 describi

526 5172 631 5221 tur,
656 5160 855 5213 omisso
880 5158 1116 5213 auctoris
1144 5160 1375 5212 nomine.

525 5254 913 5308 Ancuusuruu.
941 5285 1011 5294 —
1040 5250 1107 5305 In
1128 5252 1497 5305 resurrectione
1524 5247 1712 5304 Christi
1734 5265 1910 5314 unum,
1933 5249 2097 5319 inquit

596 5325 656 5378 S.
681 5322 963 5386 ﬂeximus,
994 5330 1146 5392 atque
1172 5322 1392 5392 idime
1422 5323 1612 5392 factum
1632 5330 1707 5392 es}
1736 5320 1977 5392 gaudium
1998 5334 2099 5392 coe-

999 5388 1233 5445 terrenis.
1250 5388 1484 5444 Omnem
1499 5390 1632 5442 diem
1664 5388 1912 5442 Dominus
1936 5388 2097 5449 dedit,

594 5464 683 5516 aed
710 5463 843 5515 hunc
870 5459 1126 5529 paschalis
1158 5462 1448 5531 festivitatis
1493 5460 1781 5528 specialiter
1823 5459 1963 5529 fecit,
2011 5459 2095 5525 qui

595 5392 801 5447 leuibus
830 5402 977 5461 atque

600 5611 623 5639 ⁸
654 5600 786 5659 Cod.
806 5597 981 5656 Casin.
1016 5595 1140 5663 305,
1163 5605 1349 5668 preter
1376 5597 1528 5652 hunc.

2275 5259 2515 5321 perpetuo
2570 5252 2767 5321 fulgens
2823 5268 3013 5305 tamine
3050 5251 3449 5305 vicissitudinem
3478 5266 3578 5303 non
3601 5239 3749 5321 fed?“

2276 5318 2615 5373 tenebrarum.
2650 5318 2980 5374 'Credulitate
3033 5329 3186 5374 recte
3232 5321 3356 5390 ﬁdei
3401 5318 3641 5390 mysteria
3688 5318 3746 5359 ιϐ’

2276 5405 2422 5440 neum
2428 5406 2486 5441 11,8
2495 5431 2505 5441 .

2268 5456 2326 5511 In
2355 5459 2590 5526 paschali
2616 5457 2924 5523 festivitate,
2948 5456 3139 5513 fratres
3162 5458 3446 5523 carissimi,
3479 5472 3581 5527 qua
3602 5442 3748 5508 Domi-

2281 5590 2309 5631 ιο
2340 5590 2472 5648 Cod.
2499 5589 2702 5655 Casin..
2734 5608 2838 5647 non
2864 5590 3124 5646 dubitatur
3147 5591 3467 5646 ascendisse.
