3896 6250
118 342 219 396 Gl?)

1540 338 1768 395 SERMO
1807 339 1893 393 XX
1905 339 2037 393 XIX.

3286 342 3396 393 (ιιι

119 470 241 507 num
273 465 535 510 nostrum
566 457 787 511 rediisse
806 456 871 511 ab
894 454 1072 509 inferis
1093 453 1437 515 exsultamus,
1462 459 1544 505 est
1566 452 1717 505 nobis
1744 458 1789 515 Α
1823 460 1878 503 ιιι
1907 451 2051 503 omni
2075 450 2260 504 mortis
2290 449 2314 485 ά
2348 450 2659 505 tristissima:
2680 463 2911 507 tumore
2936 451 3245 515 deterso,et
3264 467 3400 519 prur-

116 543 371 609 gaudium
404 560 704 599 commune
731 560 851 599 cum
875 544 1031 599 coelo.
1058 542 1327 596 Lmtantur
1355 542 1493 595 enim
1518 540 1711 607 angeli,

119 634 401 687 inimicum
464 635 682 688 Domini
728 635 831 701 sui,
861 642 915 688 et
941 642 1220 703 tyrannum
1241 632 1476 685 cmlestis
1505 630 1714 699 imperii

118 723 339 789 legitimi
372 734 549 793 atque
576 726 761 779 interni
792 725 950 792 Regis
1000 725 1194 778 virtute
1223 733 1249 762 ι
1275 723 1527 776 deletum.
1574 721 1715 774 Mor-

118 811 249 864 tales
296 813 501 878 etiam,
534 812 834 880 inﬁmique
881 814 1124 867 homines
1177 813 1468 881 gloriamur
1492 826 1714 865 munere

118 900 408 956 dominica:
431 905 726 971 passionis,
758 905 952 957 diaboli
979 905 1195 958 tandem
1234 904 1491 957 servitute
1543 903 1713 971 depo-

121 991 241 1055 sita,
272 993 327 1045 in
353 993 673 1047 libertatem
700 1011 796 1048 nos
820 995 1048 1059 vivendi,
1091 1003 1251 1063 atque
1290 996 1341 1047 in
1364 994 1452 1061 jus
1478 1003 1714 1063 paterna:

119 1080 335 1147 pietatis
362 1097 494 1136 esse
525 1093 821 1137 revocans.
854 1084 969 1139 Hoc
996 1093 1079 1138 est
1106 1085 1354 1140 nimirum
1398 1084 1527 1138 illud
1573 1084 1716 1152 quod

121 1169 197 1221 ait
249 1171 453 1223 beatus
512 1170 718 1225 David:
769 1172 1029 1225 Littentur
1075 1174 1185 1226 caeli
1230 1182 1279 1226 et
1316 1174 1534 1227 exsultet
1575 1182 1714 1242 terra

121 1258 293 1327 (Psal.
339 1263 465 1329 xv).
526 1260 697 1315 Unum
741 1263 981 1331 profecto
1011 1271 1170 1332 atque
1201 1262 1254 1316 id
1296 1265 1469 1332 ipsum
1514 1263 1712 1317 tactum

121 1359 202 1403 est
228 1351 495 1418 gaudium
534 1354 840 1408 coelestibus
884 1364 1045 1420 atque
1083 1354 1327 1418 terrenis,
1360 1353 1387 1391 δ
1416 1355 1539 1423 quia
1578 1369 1716 1407 unus

122 1438 373 1507 idemque
401 1450 492 1495 est
522 1442 796 1507 Dominus,
826 1443 917 1511 qui
944 1443 1072 1497 vicit
1100 1443 1155 1496 in
1186 1443 1359 1505 terris,
1410 1450 1465 1495 ct
1514 1443 1605 1509 qui
1629 1457 1715 1495 re-

123 1539 248 1595 gnat
293 1531 350 1584 in
391 1532 559 1586 oculo.
603 1531 669 1585 Et
696 1531 885 1590 iterum
915 1524 1095 1587 idem:
1130 1531 1353 1595 Εἰς-εει,
1386 1532 1575 1598 inquit,
1605 1532 1715 1584 dies

121 1635 267 1686 quem
294 1622 424 1689 fecit
452 1622 740 1686 Dominus;
770 1623 1079 1675 exaltemus
1107 1630 1157 1675 et
1184 1623 1413 1675 ltetemur
1440 1622 1495 1674 in
1516 1639 1593 1675 eo.
1627 1621 1717 1679 Sic

123 1707 250 1762 dicit
274 1726 287 1759 :
318 1708 427 1762 Hic
451 1718 535 1763 est
564 1710 674 1764 dies
701 1727 849 1781 quem
878 1713 997 1781 fecit
1024 1710 1298 1777 Dominus,
1342 1712 1491 1780 quasi
1517 1712 1586 1765 sit
1614 1711 1713 1764 ali-

1817 543 1984 598 sentis
2014 545 2131 597 vita:
2161 544 2393 597 laetitiam
2423 545 2675 613 prmdicet
2696 552 2758 597 et
2794 546 3001 598 futurae.
3052 544 3397 599 Exsulteums

1817 644 1944 700 ergo
1972 650 2110 687 nunc
2131 633 2415 702 redempti,
2444 642 2503 687 ut
2528 642 2716 703 postea
2744 635 3011 701 possimus
3038 634 3271 700 gaudere
3286 634 3394 685 sal-

1815 723 1941 775 vati.
2002 722 2341 776 Exsultemus
2394 730 2704 789 resurgente
2754 722 3003 790 Domino,
3039 730 3097 774 ut
3116 722 3392 789 possimus

1814 815 2003 867 eodem
2032 822 2289 879 regnante
2317 814 2502 867 lictori.
2528 813 2595 865 Et
2614 820 2765 866 recte
2780 812 3144 880 gaudebimus,
3177 811 3389 872 fratres,

1814 903 1858 954 si
1889 918 1986 955 nos
2012 918 2148 954 verze
2178 900 2296 955 ﬁdei
2321 912 2343 938 θ
2370 917 2612 964 munera,
2642 912 2699 955 et
2747 902 2982 969 praestita
3019 900 3129 969 jam
3184 901 3392 952 redem-

1816 990 1946 1058 ptio,
1979 998 2033 1043 et
2059 982 2381 1044 resurrectio
2430 992 2691 1057 promissa
2749 989 2999 1044 lmtiﬂcet.
3054 989 3162 1043 Cur
3189 998 3389 1053 autem,

1815 1080 2095 1142 carissimi,
2145 1079 2213 1133 de
2260 1078 2656 1148 Omnipotentis
2708 1080 2979 1133 beneficiis
3026 1080 3392 1145 ambigamus?

1817 1170 2058 1239 Nunquid
2103 1171 2220 1225 sine
2247 1186 2407 1224 causa
2438 1172 2599 1226 homo
2627 1178 2710 1225 est
2748 1170 2919 1225 factus
2941 1186 3008 1224 ex
3055 1170 3271 1232 femina,
3300 1170 3389 1238 qui

1816 1260 2428 1329 incomprehensibiliter
2446 1260 2513 1314 de
2532 1260 2643 1314 Deo
2670 1269 2828 1315 natus
2846 1266 2928 1315 est
2949 1260 3125 1313 Deus?
3146 1259 3392 1326 Nunquid

1816 1348 2009 1404 frustra
2037 1352 2220 1417 vagire
2248 1352 2299 1405 in
2322 1352 2474 1405 cunis
2491 1350 2683 1418 voluit,
2709 1351 2805 1420 qui
2832 1350 3080 1405 terrificis
3097 1350 3392 1404 tonitruum

1815 1455 2031 1493 suorum
2059 1440 2277 1494 vocibus
2306 1450 2503 1493 terram
2531 1440 2831 1508 cmiumque
2859 1440 3197 1494 tremefacit?
3248 1441 3393 1494 Nun-

1814 1530 1939 1597 quid
1990 1530 2253 1583 incassum
2306 1528 2478 1591 llevit,
2519 1530 2610 1598 qui
2644 1545 2674 1583 a
2702 1530 2979 1584 nativitate
3006 1532 3160 1601 501
3191 1545 3393 1584 uncum

1817 1618 1969 1672 novis
1998 1620 2169 1673 oculis
2196 1620 2521 1687 sputamenti
2549 1619 2631 1673 sui
2650 1620 2849 1674 virtute
2868 1620 3096 1674 ditavit?
3140 1620 3390 1688 Nunquid

1815 1709 1988 1762 otiose
2008 1718 2223 1777 potatus
2244 1717 2418 1771 aceto,
2445 1708 2657 1763 cibatus
2685 1717 2770 1763 est
2787 1707 2929 1774 felle,
2954 1710 3046 1777 qui
3092 1710 3389 1763 vastissima

122 1798 238 1863 quis
274 1798 396 1851 dies
437 1812 606 1866 quem
658 1815 765 1853 non
798 1798 986 1857 fecerit
1023 1801 1200 1855 Deus?
1228 1798 1452 1854 Omnem
1498 1800 1713 1867 quidem
1740 1805 1788 1863 Β
1816 1801 1869 1853 in
1891 1815 2074 1854 eremo
2100 1799 2399 1853 sitientibus
2442 1798 2511 1853 de
2530 1806 2684 1869 petra
2710 1800 2877 1865 rivos,
2924 1807 2981 1852 et
3032 1797 3391 1851 esurientibus

122 1888 261 1941 diem
291 1888 563 1943 Dominus
591 1890 754 1955 dedit,
783 1890 877 1947 sed
902 1892 1045 1945 hunc
1098 1891 1402 1959 specialiter
1445 1890 1589 1954 fecit,
1621 1889 1713 1958 qui

123 1985 384 2045 perpetuo
440 1978 652 2047 fulgens
697 1980 895 2034 lumine
943 1981 1359 2035 vicissitudinem
1388 1996 1495 2035 non
1522 1981 1714 2050 recipit

124 2066 493 2121 tenebrarum.
525 2068 624 2123 Hie
648 2078 733 2124 est
756 2070 874 2125 dies
898 2071 990 2139 qui
1010 2070 1249 2125 diséussa
1279 2073 1539 2126 scelerum
1568 2072 1712 2126 nube

124 2156 481 2221 caligantibus
510 2160 815 2213 mortalium
843 2161 1012 2215 oculis
1040 2161 1211 2215 lucem
1241 2163 1615 2230 perpetuitatis
1640 2163 1713 2215 ir-

126 2244 313 2297 radiat.
351 2246 455 2302 llic
483 2256 569 2302 est
596 2248 710 2303 dies
736 2264 843 2318 quo
870 2251 993 2304 vita:
1014 2251 1271 2305 Dominus
1299 2249 1585 2318 infernum,
1607 2267 1709 2305 sm-

126 2332 358 2388 vientem
392 2347 415 2374 ε
446 2346 680 2392 mortem
704 2347 919 2393 (etenus
947 2340 1118 2394 noctis
1142 2340 1367 2395 horrore
1396 2342 1710 2409 terribilem,

125 2436 259 2476 nova
281 2426 685 2497 improvisaque
709 2430 1002 2498 majestatis
1026 2445 1136 2484 sua:
1157 2431 1401 2485 claritate
1428 2431 1707 2486 deterruit.

127 2511 485 2581 Ersultemus,
518 2520 690 2587 inquit
717 2535 895 2574 sermo
930 2520 1295 2589 propheticus,
1324 2531 1373 2573 et
1397 2522 1627 2575 laetemur
1656 2521 1711 2573 in

124 2618 182 2654 eo
199 2619 217 2667 ;
247 2607 403 2673 quasi
444 2624 556 2663 non
585 2608 856 2664 sufficeret
883 2609 1081 2664 dixisse
1108 2612 1453 2676 exsultemus,
1486 2612 1586 2665 nisi
1608 2611 1710 2667 ad—

124 2691 315 2757 jiceret
342 2704 399 2749 et
421 2697 685 2751 ltetemur.
719 2697 827 2753 Sed
851 2698 1047 2753 idcirco
1074 2698 1389 2769 prophetica
1420 2700 1707 2769 praescion-

128 2781 198 2834 tia
220 2784 582 2852 spiritualium
613 2788 768 2843 nobis
794 2788 1107 2855 gaudiorum
1151 2790 1313 2845 verba
1342 2792 1702 2859 congeminat,

1816 1891 1885 1946 de
1904 1891 2039 1945 cmlo
2065 1891 2240 1959 potuit
2266 1904 2459 1943 manna
2479 1889 2758 1957 praebere?
2786 1886 3033 1955 Nunquid
3057 1887 3230 1940 inanis
3273 1885 3390 1955 ejus

1817 1988 1898 2034 est
1920 1979 2117 2048 passio,
2146 1979 2238 2048 qui
2274 1977 2290 2015 ί
2324 1978 2377 2031 in
2416 1978 2773 2045 investigabill
2799 1977 3091 2031 voluntatis
3143 1991 3252 2029 sum
3298 1991 3388 2031 se-

1817 2077 1965 2123 creto
2012 2070 2078 2123 de
2120 2068 2426 2123 ccelestibus
2454 2066 2729 2121 descendit
2757 2066 2823 2120 ad
2869 2068 3121 2120 crucem?
3149 2065 3216 2118 Et
3243 2065 3385 2127 ideo,

1817 2160 1907 2226 qui
1951 2158 2301 2213 crassitudine
2339 2156 2571 2212 carnalis
2625 2156 2784 2228 502
2828 2156 3025 2223 ingenii
3078 2156 3387 2224 passionum

1817 2249 1933 2316 ejus
1954 2249 2205 2318 mysteria
2233 2247 2690 2316 comprehendere
2730 2264 2836 2303 non
2863 2249 3126 2311 valemus,
3156 2247 3387 2301 creduli-

1818 2349 1925 2395 tate
1943 2349 2104 2395 rectm
2125 2338 2267 2404 ﬁdei,
2299 2354 2418 2408 quin
2462 2340 2711 2408 praestitit
2735 2345 3037 2393 teneamus.
3068 2332 3389 2392 Teaehimus

1815 2438 1993 2484 autem
2045 2430 2421 2499 capiemusque
2470 2428 2611 2486 dona
2656 2429 2846 2499 gloria:
2875 2429 2991 2498 eius
3024 2429 3069 2482 si
3096 2429 3260 2483 vitam
3291 2445 3389 2481 no-

1815 2530 1981 2574 stram
2030 2519 2160 2575 fides
2186 2520 2425 2583 muniat,
2459 2527 2514 2574 et
2538 2535 2567 2575 ι
2598 2518 2701 2574 fide
2731 2520 2839 2574 vita
2880 2534 2985 2574 non
3008 2518 3291 2588 discrepet.
3324 2519 3389 2574 Et

1816 2611 1953 2664 sicut
1979 2611 2067 2663 ille
2096 2610 2251 2664 nobis
2279 2610 2444 2665 voluit
2468 2610 2682 2679 placere
2711 2609 3007 2672 moriendo,
3052 2610 3124 2662 ita
3172 2624 3271 2663 nos
3297 2623 3389 2677 ge-

1816 2702 2037 2755 stiamus
2064 2701 2251 2755 ei.non
2298 2700 2581 2769 displicere
2626 2700 2886 2766 vivendo;
2937 2700 3053 2771 ipso
3102 2708 3390 2769 pnestanto

1815 2791 1908 2858 qui
1936 2806 2057 2844 cum
2087 2788 2267 2857 Patre,
2297 2799 2403 2844 etc.

1465 2903 1733 2963 SERMU
1775 2904 2082 2963 XXXIX.

1229 3000 1295 3054 In
1323 3002 1503 3055 eadem
1533 3002 1807 3055 Paschalis
1834 3003 2155 3057 solemnitate
2180 3001 2231 3056 Χ
2240 3001 2285 3056 1.

1563 3109 1951 3166 ADMONITIO.

194 3197 482 3273 Auctorem
509 3200 732 3273 hujusce
758 3201 1040 3273 sermonis,
1070 3215 1229 3267 quem
1262 3202 1602 3273 amanuensis
1622 3202 1824 3273 codicis
1853 3202 2095 3256 Vaticani
2124 3202 2281 3267 645i,
2313 3217 2437 3273 pag.
2470 3203 2559 3271 2|,
2592 3206 2876 3273 ignoravit,
2908 3222 3005 3260 nos
3038 3215 3153 3261 tuto
3182 3208 3386 3265 suffici-

129 3269 446 3343 mus,t_ri_um
499 3269 747 3343 codicum
796 3270 1369 3343 auctpri_tate_muniti.
1428 3269 1492 3322 Hi
1539 3280 1660 3343 sunt
1689 3271 2087 3343 Ambrosianus,
2142 3269 2667 3343 aquo—deprompsit
2695 3269 3034 3343 vulgavitque
3065 3275 3386 3335 Mnratorius

127 3342 252 3388 tom.
279 3335 359 3410 _I_V
391 3338 657 3410 Auecdot.
692 3354 855 3410 serm.
908 3338 1338 3410 767,,Taurinensis
1365 3354 1486 3392 cum
1533 3341 1825 3410 epigraphe
1857 3359 1869 3391 :
1905 3340 2035 3394 Item
2064 3350 2113 3393 et
2160 3335 2234 3410 def
2270 3335 2478 3394 Pascha
2506 3335 2674 3396 sermo
2698 3335 2812 3407 XI,
2840 3354 2896 3399 et
2924 3335 3231 3401 Casinensis
3260 3347 3381 3410 105,

128 3417 239 3470 pag.
275 3404 356 3457 15.
384 3406 527 3460 Ante
556 3406 830 3461 Muratorii
860 3408 1149 3461 editionem
1180 3408 1429 3462 eumdem
1458 3404 1752 3477 publicarat
1778 3408 2034 3465 Cumdius
2061 3418 2192 3465 tom.
2216 3408 2237 3463 I
2261 3411 2515 3465 Biblioth.
2543 3411 2667 3467 PP..
2696 3404 2819 3482 pag.
2840 3413 2960 3468 164.

125 3512 749 3590 Διευκεκτυη.-Νρὸίς
777 3520 1030 3588 praecipue
1057 3518 1335 3590 (tutandum
1363 3526 1457 3581 est,
1489 3517 1689 3571 Christo
1716 3522 1759 3581 C
1789 3522 1937 3575 venit
1985 3521 2284 3586 exsultare,
2342 3536 2570 3589 quorum
2616 3536 2778 3575 causa
2838 3520 3149 3590 Unigenitus
3192 3524 3288 3578 Dei
3318 3534 3375 3579 et

186 3596 499 3657 resurgente,
544 3588 720 3657 quibus
772 3591 886 3641 novi
936 3588 1162 3654 mysterii
1218 3597 1691 3657 sacramentopec-

189 3651 618 3725 c_ataftolluntu'r,
668 3657 847 3709 calum
900 3651 1073 3721 datur,
1125 3658 1358 3709 redditur
1393 3651 1684 3725 paradisus.

188 3719 469 3777 Pendentis
499 3726 553 3775 in
572 3741 719 3794 cruce
762 3726 978 3778 latronis
1006 3719 1135 3794 ﬁdes
1164 3719 1403 3779 universo
1428 3726 1689 3779 hominum

185 3794 354 3913 meri
381 3796 623 3875 profecit.
656 3792 837 3847 Oratio
864 3792 1055 3848 Christi
1080 3811 1173 3864 pro
1194 3796 1303 3848 suis
1340 3796 1689 3865 interfectori-

300 3873 600 3913 exponitur.

300 3873 600 3931 exponitur.

181 3967 500 4035 Justissime,
546 3972 758 4040 fratres,
789 3974 1027 4041 generali
1055 3974 1215 4029 hodie
1242 3975 1437 4043 gaudio
1463 3974 1692 4028 mundus

122 4060 358 4124 exsultat,
390 4064 825 4133 quandoquidem
847 4074 1147 4119 revertente
1167 4081 1198 4119 a
1228 4067 1452 4121 mortuis
1476 4065 1688 4120 Christo

120 4150 314 4204 cunctis
351 4152 553 4221 ubique
580 4153 895 4208 mortalibus
923 4170 1048 4223 spes
1074 4163 1192 4208 orta
1244 4164 1328 4209 est
1354 4154 1685 4221 resurgendi.

122 4232 183 4288 Et
206 4254 420 4295 necesse
440 4250 525 4297 est
554 4250 613 4295 ut
631 4252 994 4298 creaturarum
1016 4245 1242 4300 Domino
1294 4245 1678 4312 triumphante,

121 4325 367 4384 illustrata
414 4348 515 4401 per
565 4348 687 4386 eum
743 4341 985 4388 creatura
1016 4336 1242 4390 laetetur.
1272 4334 1478 4389 Gaudet
1506 4335 1687 4403 itaque

122 4416 321 4485 uelum,
336 4423 462 4487 quia
483 4422 629 4475 videt
649 4421 855 4489 jamdiu
878 4426 1114 4491 peccatis
1133 4424 1440 4479 sordentem
1466 4433 1681 4484 terram,

121 4502 316 4562 Domini
344 4514 427 4565 sui
453 4528 646 4567 cruore
673 4522 980 4582 purgatam;
1002 4516 1197 4582 gaudet
1217 4515 1499 4568 multitudo
1521 4515 1654 4567 cmle

122 4596 510 4669 stisexercitus,
540 4604 662 4670 quia
692 4605 941 4659 conllictu
962 4606 1124 4672 Regis
1152 4606 1234 4659 sui
1264 4606 1438 4659 omnis
1483 4605 1683 4659 inimici

122 4686 357 4758 Principis
376 4692 642 4748 debellata
672 4696 855 4750 militia
884 4705 987 4751 est.
1018 4696 1225 4752 Gaudet
1246 4699 1405 4751 etiam
1433 4698 1533 4761 sol,
1557 4700 1681 4765 quia

122 4770 356 4841 lugubres
382 4782 502 4835 illas
530 4784 799 4851 tenebras,
828 4799 963 4852 quas
982 4786 1209 4840 Domino
1248 4788 1510 4841 moriente
1561 4803 1681 4855 per-

1794 3612 1908 3681 ipse
1954 3612 2096 3666 Deus
2148 3612 2441 3666 humanum
2488 3612 2661 3666 induit
2712 3628 2951 3679 carnem,
2982 3623 3249 3685 quatenus
3278 3634 3377 3688 per

1792 3718 2006 3757 carnem
2035 3704 2267 3757 hominis
2294 3703 2504 3757 veniret
2531 3704 2597 3757 ad
2626 3720 2858 3767 crucem,
2895 3721 2994 3774 per
3021 3722 3237 3764 crucem
3278 3724 3375 3765 su-

1793 3795 2025 3863 sciperet
2046 3802 2297 3859 mortem,
2325 3803 2661 3863 permortem
2684 3796 2948 3863 spoliaret
2973 3796 3257 3855 infernum.
3292 3799 3374 3856 An

1792 3900 1899 3939 non
1926 3884 2209 3938 lactandum
2239 3884 2391 3939 nobis
2418 3893 2519 3948 est,
2544 3886 2736 3953 quibus
2784 3888 2903 3940 novi
2938 3888 2964 3923 ιι
3004 3890 3243 3958 mysterii
3287 3906 3373 3944 sa-

1792 3984 2065 4031 cramento
2093 3983 2311 4043 peccata
2360 3976 2638 4042 tolluntur,
2668 3977 2861 4030 uelum
2891 3977 3067 4043 datur,
3126 3979 3371 4037 redditur

1788 4067 2101 4137 paradisus?
2150 4067 2389 4135 Denique
2434 4068 2625 4122 latroni
2657 4077 2784 4123 tunc
2833 4070 2884 4123 in
2904 4086 3063 4125 cruce
3091 4072 3371 4141 pendenti.

1789 4174 1911 4213 cum
1941 4157 2096 4212 iidem
2124 4158 2241 4227 ejus
2268 4174 2369 4213 nec
2406 4174 2524 4224 sua,
2575 4175 2673 4214 nec
2696 4160 2893 4217 Christi
2922 4175 3078 4229 pmna
3102 4164 3367 4230 turbaret,

1790 4250 1867 4303 ait
1895 4249 2007 4317 ipse
2037 4248 2324 4302 Dominus:
2356 4248 2519 4303 Amen
2538 4250 2659 4303 dico
2684 4250 2774 4303 tibi
2804 4266 2822 4304 :
2855 4251 3025 4305 Hodie
3053 4269 3249 4306 mecum
3265 4256 3368 4309 eris

1787 4340 1843 4393 in
1867 4340 2140 4409 paradiso;
2171 4340 2382 4393 dicebat
2408 4342 2551 4393 enim
2582 4342 2719 4395 latro
2746 4359 2761 4393 :
2790 4341 3051 4397 Memento
3098 4345 3219 4407 mei,
3252 4344 3368 4399 Do-

1787 4432 1941 4494 mine,
1974 4429 1987 4467 ί
2012 4422 2128 4483 cum
2149 4432 2343 4483 veneris
2358 4433 2411 4483 in
2428 4448 2646 4501 regnum
2668 4444 2806 4487 tuum
2838 4432 2988 4501 (Luc.
3012 4434 3368 4502 xxm).Quatn

1791 4522 1922 4575 mira
1952 4520 2064 4574 haec
2092 4519 2220 4573 ﬁdes
2244 4529 2345 4583 est,
2371 4520 2586 4587 fratres,
2617 4530 2677 4575 ut
2716 4523 2873 4589 latro,
2905 4524 2995 4591 qui
3042 4525 3204 4577 vitam
3253 4540 3364 4579 non

1789 4612 2094 4666 merebatur
2130 4612 2332 4665 habere
2382 4622 2719 4681 priesentem,
2778 4615 2919 4669 inter
2963 4617 3220 4684 supplicia
3269 4628 3365 4672 sua

1788 4716 1937 4769 spem
1967 4700 2337 4768 perpetuitatis
2373 4711 2693 4767 assumeret,
2726 4707 2739 4753 l
2796 4719 3021 4772 eamque
3050 4707 3152 4759 sibi
3179 4722 3209 4759 a
3230 4706 3367 4760 Cru-

1784 4789 1943 4844 cifixo
1970 4789 2214 4845 crederet
2258 4806 2417 4859 posse
2450 4793 2722 4859 praestari!
2758 4792 2824 4845 Et
2851 4808 3009 4861 quam
3036 4795 3179 4861 juste
3208 4804 3367 4851 tantm

125 4861 334 4932 lulerat,
393 4870 687 4924 laetioribus
743 4872 904 4927 radiis
964 4883 1020 4928 et
1065 4878 1273 4945 perpeti
1325 4877 1680 4943 gratulatione
1714 4877 2151 4945 Dpromissionis
2178 4894 2373 4937 munus
2399 4879 2537 4933 latro
2587 4878 2757 4935 fidelis
2803 4883 3033 4951 accepit,
3089 4885 3180 4951 qui
3236 4894 3363 4938 tunc

125 4960 146 4996 ε
166 4963 466 5026 compescit.
494 4961 639 5015 lntcr
665 4964 784 5027 ista,
816 4966 1097 5034 carissimi,
1137 4969 1403 5038 praecipue
1429 4983 1528 5023 nos
1549 4984 1677 5023 con-

183 5114 207 5183 f
390 5113 539 5175 Vat.,
572 5114 843 5183 defectum.

184 5173 367 5259 h.Id'etn
394 5173 688 5259 com-WE,
714 5186 844 5259 quia
858 5201 993 5259 unus
1006 5186 1239 5259 idemque
1256 5197 1350 5251 est,
1374 5190 1457 5259 qui
1479 5190 1595 5242 vicit
1616 5190 1670 5240 in

125 5249 327 5326 ξι
351 5252 435 5326 qui
456 5262 641 5321 regnat
668 5249 895 5326 in'cmlo.
924 5254 1025 5326 Hic
1050 5264 1143 5317 est,
1157 5249 1354 5323 inquit,
1379 5249 1506 5313 dies.
1532 5274 1676 5326 quem

125 5311 231 5392 ἷξεξέ
255 5311 499 5392 Dominus
516 5311 865 5392 Eexsullemus
907 5333 967 5392 et,
984 5311 1215 5377 lreteniur
1239 5311 1307 5377 'in
1336 5311 1413 5379 eo.
1447 5311 1675 5378 Sic'dies

128 5378 235 5464 dicit
251 5399 268 5434 .-
295 5385 393 5441 mc
411 5400 488 5443 εει
512 5378 617 5464 ἄξει
640 5406 785 5464 quem
808 5392 925 5464 fecit
945 5391 1215 5455 Dominus,
1240 5378 1383 5464 quasi
1403 5396 1469 5447 sit
1489 5396 1673 5462 aliquis

127 5446 220 5530 dies
232 5469 375 5530 quem
402 5474 503 5530 non
534 5446 712 5530 [seei-it
740 5446 1009 5513 Dominus.

190 5528 208 5554 ε
232 5518 364 5577 Idem
390 5528 511 5581 cod.
534 5518 698 5593 'Vat.,
726 5530 1205 5585 saevientem-morte
1238 5548 1299 5584 ac
1325 5541 1469 5587 tetrce
1496 5534 1673 5586 intortis

132 5582 316 5643 horrore
343 5596 638 5650 terribilem.

188 5650 209 5688 δ
232 5656 361 5715 Idem
377 5664 496 5720 cod.
526 5667 672 5732 Vat.,
698 5676 755 5718 ut
780 5669 922 5721 omni
942 5669 1116 5723 mortis
1143 5669 1353 5725 horrore
1381 5671 1596 5725 deterso.

1784 4981 2004 5033 regnum
2051 4965 2325 5021 confessus
2377 4975 2460 5020 est
2498 4965 2718 5031 Christi,
2749 4969 2964 5035 quando
2997 4968 3019 5005 ¹ε
3050 4979 3104 5023 et
3131 4972 3363 5039 apostoli

1858 5129 1880 5155 ε
1909 5118 2041 5172 Cod.
2073 5118 2277 5183 Casiu.,
2301 5120 2466 5177 sinos
2493 5133 2626 5171 uerte
2653 5117 2777 5186 ﬁdei
2803 5134 3029 5169 munere.

1864 5187 1881 5223 ί
1914 5188 2084 5241 Codd.
2115 5189 2235 5242 Vat.
2269 5196 2322 5242 et
2349 5188 2553 5252 Casin.,
2602 5188 2656 5239 in
2697 5187 3063 5255 int‘estigabilis
3084 5186 3359 5239 voluntatis

1782 5275 1889 5311 sure
1912 5268 2120 5309 8867⁸810.

1857 5338 1878 5372 ε
1912 5325 2042 5378 Cod.
2078 5326 2224 5390 Vat.,
2252 5333 2567 5394 compensat.

1856 5396 1877 5431 δ
1910 5394 2076 5449 Codd.
2103 5394 2225 5447 Vat.
2258 5404 2312 5449 et
2331 5393 2534 5459 Casin.,
2557 5395 2734 5461 quibus
2764 5394 2877 5446 novi
2908 5393 3147 5461 mysterio
3176 5407 3354 5444 sacra-

1778 5467 1930 5518 menti
1939 5504 1951 5517 .

1855 5535 1869 5570 ί
1906 5532 2066 5585 Iidem
2090 5531 2245 5585 codd.
2276 5532 2399 5584 Vat.
2425 5540 2479 5585 et
2505 5530 2707 5589 Casin..
2741 5530 2859 5583 dum
2886 5529 3102 5585 veneris.

1856 5603 1868 5651 i
1907 5600 2043 5654 Cod.
2068 5602 2212 5662 Vat.,
2233 5617 2347 5653 cum
2373 5602 2471 5653 sibi
2498 5619 2532 5652 a
2554 5600 2834 5668 Cruci/iro.

1852 5671 1872 5706 ι
1907 5671 2050 5723 Idem
2080 5670 2201 5725 cod.
2233 5669 2353 5723 Vat.
2386 5671 2583 5724 omittit
2610 5680 2677 5722 et.
