3896 6250
454 226 561 281 M5

1678 220 1736 275 S.
1781 214 2027 273 ΜΑΧΙΜΙ
2068 211 2525 269 TAURINENSIS

3613 214 3728 267 616

453 334 835 391 turbabantur!
887 331 1063 403 Atque
1117 334 1240 390 ideo
1294 334 1475 388 omnia
1522 331 1748 386 latronis
1786 334 2037 395 anteacta
2072 336 2113 389 Α
2141 323 2261 393 quis
2290 339 2475 379 revera
2504 324 2572 379 de
2597 322 2872 393 petitionis
2901 329 3185 378 cunctetur
3225 320 3449 390 effectu,
3507 322 3590 377 ubi
3639 341 3729 379 re-

450 418 658 482 scelera
677 426 835 480 unius
862 425 1111 479 meritum
1132 423 1486 479 confessionis
1513 421 1765 481 absolvit,
1806 427 1860 473 et
1882 416 2038 486 quid-

453 516 583 586 quid
630 516 787 583 longa
832 522 992 570 tetate
1043 514 1365 583 deliquerat,
1412 511 1733 567 brevissimo
1782 520 2036 563 sermone

454 604 671 659 delevit.
704 612 732 642 ⁸
753 602 864 658 Nec
907 603 1170 658 latrocinii
1216 618 1338 657 eum
1359 601 1441 656 sui
1461 600 1602 669 apud
1625 599 1793 653 Deum
1822 595 2040 662 sanguis

454 694 749 757 damnavit,
793 693 922 762 quia
967 692 1166 747 Christi
1204 690 1520 759 sanguinem
1548 702 1773 756 regnum
1816 684 2042 741 credidit

455 800 596 848 esse,
629 800 737 838 non
765 800 999 853 poenam.
1030 782 1187 850 Quod
1218 782 1437 847 factum,
1467 778 1746 842 carissimi,
1765 831 1769 835 ,
1790 776 2039 830 universo

457 875 485 913 ι)
518 876 793 930 hominum
824 876 1006 943 generi
1026 874 1321 944 profecisse
1353 889 1462 927 non
1507 872 1725 926 dubium
1757 876 1856 923 est.
1908 867 2038 921 Nam

456 965 579 1032 quis
603 965 672 1019 de
700 965 796 1019 Dei
826 966 1016 1034 gratia,
1047 964 1293 1018 absoluto
1315 964 1543 1024 latrone,
1569 962 1838 1030 desperet,
1868 958 1913 1013 si
1961 966 2043 1011 ta-

458 1070 584 1107 men
630 1054 1025 1122 supplicantum
1054 1068 1245 1123 preces
1270 1052 1494 1111 latronis
1521 1050 1809 1106 credulitas
1858 1048 2046 1103 subse-

459 1146 692 1213 quatur?
747 1143 1018 1198 Habemus
1068 1152 1119 1198 et
1170 1142 1312 1197 aliud
1344 1153 1366 1181 ο
1398 1139 1734 1209 magnificum
1763 1136 2043 1191 dominicae

459 1232 678 1303 pietatis
701 1234 1031 1302 exemplum,
1064 1247 1173 1300 quo
1204 1240 1419 1286 Omnem
1446 1228 1737 1285 mortifera:
1785 1226 2043 1294 despera—

461 1326 622 1379 tionis
672 1323 1009 1379 formidinem
1061 1323 1394 1392 deponentes
1431 1321 1498 1375 de
1528 1318 1778 1375 ineffabili
1808 1307 2043 1371 Redem—

461 1415 637 1484 ptoris
664 1414 835 1469 nostri
855 1413 1185 1481 indulgentia
1213 1410 1560 1467 confidamus.
1591 1407 1724 1462 Cum
1745 1408 1887 1461 enim
1909 1407 2055 1460 eon-'

462 1508 748 1561 damnatus
776 1504 803 1542 τι
833 1507 903 1561 ab
934 1502 1113 1575 impiis
1145 1504 1414 1574 penderet
1459 1500 1703 1555 Christus
1758 1500 1813 1553 in
1850 1508 2042 1563 "cruce,

463 1597 721 1674 furorque
749 1595 1002 1650 Iudaicus
1023 1595 1268 1670 illuderet
1288 1592 1575 1655 Cruciﬁxn,
1615 1590 2041 1658 omnipotentem

2141 414 2373 469 taedium
2423 414 2631 468 miseris
2672 414 2845 467 bonus
2865 414 3039 482 poscit
3065 428 3098 467 a
3125 413 3313 467 bono?
3343 413 3609 479 Nesciunt,
3648 416 3733 469 in-

2139 506 2274 575 quit,
2306 505 2427 576 quid
2456 505 2675 575 faciunt.
2708 504 2964 560 Sciebant
2984 503 3202 571 quidem
3228 502 3400 557 Judaei
3420 505 3729 571 sanguinem

2138 612 2199 651 se
2239 595 2465 651 fundere
2513 595 2836 660 innocentis,
2890 594 2987 650 sed
3015 594 3335 649 nesciebant
3364 600 3583 663 peccata
3611 609 3734 647 om-

2140 689 2287 742 nium
2318 688 2409 742 illo
2438 701 2630 742 cruore
2658 686 2848 741 deleri.
2876 685 3132 740 Sciebant
3159 684 3513 739 acerbissimo
3540 698 3596 738 se
3616 700 3735 740 cru-

2145 780 2225 834 cis
2244 779 2503 848 supplicio
2530 778 2723 847 punire
2750 778 3042 844 Christum,
3066 776 3161 831 sed
3188 776 3504 855 nesciebant
3530 775 3624 830 Dei
3657 775 3737 828 Fio

2140 869 2270 923 lium
2298 869 2627 937 triumphare
2655 883 2755 937 per
2801 883 3040 923 crucem.
3100 858 3357 922 Sciebant
3387 877 3413 915 ε
3444 882 3566 921 eum
3614 882 3739 921 esse

2142 961 2490 1024 moriturum;
2548 958 2645 1013 sed
2688 959 2983 1012 rediturum
3030 974 3061 1012 a
3114 958 3342 1012 mortuis
3390 957 3732 1024 ignorabant.

2144 1048 2296 1104 Unde
2323 1049 2537 1117 egregie
2568 1046 2730 1118 50h
2758 1064 2787 1101 a
2818 1048 3046 1102 Domino
3073 1048 3275 1103 dictum
3317 1056 3404 1102 est
3438 1066 3449 1099 :
3486 1046 3737 1100 Nesciunt

2142 1140 2264 1208 quid
2286 1139 2502 1209 faciunt.
2534 1137 2858 1193 Nesciebant
2882 1137 3125 1207 profecto
3153 1136 3324 1191 ιιι(ιωί
3346 1139 3435 1191 illa
3468 1136 3493 1174 δ
3517 1154 3611 1191 sua
3639 1138 3736 1190 in-

2138 1230 2314 1298 pietas
2359 1237 2572 1297 quautze
2611 1235 2754 1283 esset
2796 1228 3157 1282 ministerium
3211 1229 3450 1297 pietatis.
3511 1228 3578 1279 At
3608 1242 3737 1280 vero

2144 1320 2403 1374 Dominus
2460 1320 2672 1374 virtutis
2700 1336 2809 1375 sua:
2837 1321 2938 1375 sibi
2966 1320 3235 1384 conscius,
3264 1335 3485 1374 errores
3514 1320 3737 1374 misera-

2144 1420 2233 1466 tus
2285 1411 2570 1473 humanos.
2627 1412 2938 1480 plenissime
2985 1412 3160 1467 sciens
3200 1411 3463 1479 supplicia
3506 1411 3592 1463 illa
3623 1424 3740 1478 que

2144 1509 2454 1570 quantaque
2498 1499 2694 1566 gaudia
2747 1510 3120 1569 sequerentur,
3153 1500 3582 1567 cruciligentium
3614 1499 3740 1554 faci-

2146 1606 2269 1657 nus,
2299 1600 2355 1645 et
2382 1591 2522 1645 inter
2544 1600 2811 1646 tormenta
2832 1592 3093 1662 benignus
3119 1593 3370 1655 absolvit,
3399 1600 3739 1661 mortemque

462 1684 681 1739 Patrem
708 1700 809 1755 pro
856 1683 1291 1742 interfectoribus
1328 1682 1439 1736 suis
1484 1681 1595 1749 ipsa
1644 1679 1783 1732 inter
1825 1677 2045 1731 vulnera
2076 1675 2122 1735 B
2147 1697 2297 1736 suam
2328 1682 2494 1736 vitam
2523 1683 2693 1738 voluit
2719 1699 2840 1739 esse
2883 1685 3204 1748 occisorum,
3237 1692 3293 1737 et
3340 1684 3739 1738 damnationem

468 1785 492 1812 ε
506 1776 627 1844 pius
640 1774 960 1842 suffragator
981 1774 1191 1835 orabat,
1226 1772 1411 1827 dicens
1437 1789 1448 1822 :
1475 1770 1650 1833 Pater,
1670 1769 1864 1821 dimitte
1886 1766 2043 1836 503

464 1865 610 1917 illis:
638 1865 873 1917 nesciunt
910 1864 1033 1934 quid
1062 1860 1497 1933 faciunt(Ibid.);
1529 1868 1583 1913 et
1622 1874 1745 1913 cum
1791 1858 1842 1911 in
1881 1873 2045 1911 manu

464 1962 611 2009 esset
639 1954 754 2023 ejus
783 1954 1025 2007 vivorum
1057 1960 1500 2019 mortuorumque
1521 1949 1801 2018 judicium,
1835 1949 2044 2001 veniam

467 2054 649 2099 tamen
681 2043 701 2083 ί
734 2044 1083 2115 pereuntibus
1104 2044 1450 2113 precabatur;
1475 2040 1569 2098 sed
1594 2056 1676 2107 ea,
1707 2048 1765 2095 ut
1792 2040 2044 2105 arbitror,

465 2136 699 2204 ratione,
749 2142 809 2189 ut
838 2134 1203 2189 indubitanter
1229 2132 1558 2196 ostenderet,
1589 2141 1645 2187 et
1668 2147 1727 2186 se
1776 2131 1891 2198 ejus
1939 2139 2046 2184 tam

466 2222 731 2279 nefarium
755 2224 1001 2279 relaxare
1021 2223 1296 2287 delictum,
1322 2230 1377 2276 et
1405 2237 1435 2275 a
1463 2237 1562 2275 suo
1591 2221 1711 2275 illos
1735 2219 1893 2275 Patre
1936 2236 2045 2273 non

465 2329 590 2367 esse
614 2314 969 2379 damnandos,
1003 2313 1196 2384 quibus
1225 2314 1340 2382 ipse
1367 2312 1641 2381 parcebat,
1670 2311 1714 2365 si
1746 2319 1921 2365 tamen
1980 2311 2048 2364 ad

466 2418 666 2461 nomen
694 2404 911 2471 Christi,
939 2405 1217 2475 repudiata
1240 2401 1483 2475 perfidia,
1510 2403 1880 2459 convenirent.
1912 2402 2045 2457 Nam

2152 1772 2268 1828 fieri
2324 1774 2493 1830 voluit
2538 1776 2919 1830 occidentium.
2976 1775 3210 1830 Rediens
3250 1784 3434 1829 autem
3464 1777 3535 1829 ab
3562 1774 3743 1829 inferis

2150 1867 2228 1921 sic
2248 1881 2375 1921 suos
2400 1867 2679 1935 requisivit
2700 1867 2994 1935 apostolos,
3018 1873 3078 1919 ut
3105 1866 3283 1920 inesse
3310 1865 3415 1919 sibi
3465 1875 3522 1918 et
3549 1877 3739 1934 poten—

2151 1957 2284 2010 tiam
2331 1956 2648 2017 divinitatis,
2698 1964 2753 2010 et
2798 1956 3076 2010 veritatem
3105 1955 3285 2009 carnis
3313 1954 3651 2009 ostenderet.
3682 1951 3742 2005 Et

2150 2044 2292 2106 ideo,
2317 2045 2509 2100 fratres
2538 2046 2823 2109 carissimi,
2856 2044 3071 2100 Christo
3097 2059 3127 2097 a
3148 2045 3383 2099 mortuis
3432 2052 3740 2113 resurgentia

2149 2133 2414 2201 laetemur,
2437 2148 2761 2202 carnemque
2791 2134 2938 2187 illum
2965 2148 3118 2187 suam
3144 2133 3211 2187 ab
3243 2133 3434 2187 inferis
3462 2147 3741 2187 revocasse

2149 2224 2451 2289 credamus,
2492 2235 2550 2279 ut
2594 2226 2862 2294 possimus
2915 2232 2970 2280 et
2995 2226 3307 2293 apostolicae
3331 2227 3543 2292 gratiae,
3570 2234 3627 2278 et
3653 2224 3739 2277 do-

2152 2318 2361 2371 minicae
2390 2318 2801 2373 resurrectionis
2846 2316 3203 2373 desiderabile
3254 2318 3596 2373 consortium
3626 2330 3740 2385 pro-

2154 2408 2352 2462 mereri
2390 2408 2430 2461 ί.

1879 2516 2148 2577 SERMO
2189 2518 2321 2577 XL.

1535 2614 1611 2669 De
1638 2613 1818 2668 eadem
1853 2612 2125 2669 Pascltatis
2156 2616 2481 2671 solemnitate
2504 2616 2649 2677 XII.

1919 2728 2308 2784 ADMONlTlO.

536 2823 938 2889 Perelegantem
966 2821 1110 2875 hunc
1134 2835 1440 2893 sermonem
1470 2819 1538 2873 de
1562 2818 1823 2893 Paschate
1845 2836 1968 2893 cum
1999 2823 2221 2890 reliquis
2250 2822 2307 2875 S.
2342 2822 2559 2879 Maximi
2581 2824 2787 2893 primus
2813 2841 2880 2881 ex
2903 2826 3089 2882 codice
3112 2828 3471 2883 Ambrosiam
3501 2833 3556 2885 in
3580 2831 3739 2885 lucem

465 2893 806 2964 prdtulit,ut
852 2900 1191 2964 compertum
1234 2898 1337 2951 est,
1375 2889 1733 2964 _Mura_torius.
1767 2890 1953 2964 Fidem
1999 2889 2157 2964 tanti
2176 2894 2379 2964 codicis
2424 2904 2477 2947 et
2505 2889 2725 2948 edi—toris
2755 2910 3010 2962 augemus
3038 2898 3345 2951 testimonio
3375 2901 3498 2953 cod.
3560 2901 3741 2954 Tauri-

464 2957 664 3028 neusis,
690 2963 776 3015 ubi
806 2957 1294 3029 exstat—inscriptus
1319 2977 1331 3012 :
1369 2958 1498 3012 Item
1519 2960 1585 3012 de
1613 2957 1825 3013 Pascha
1845 2977 2012 3015 sermo
2036 2961 2177 3017 XII.
2209 2962 2329 3031 ipsa
2359 2976 2670 3018 sermonum
2718 2957 2887 3019 serias
2915 2967 2983 3021 ab
3014 2982 3121 3021 uno
3151 2966 3301 3021 fonte
3341 2970 3600 3024 eumdem
3639 2984 3740 3024 ma-

463 3048 596 3088 nare
622 3031 879 3087 ostendit.

464 3143 1177 3224 Ancuueujruu.-—.-Sanctus_
1204 3142 1469 3224 Haecin-sus
1502 3143 1761 3224 Inplicat
1796 3144 2052 3224 guontodo
2083 3145 2128 3206 η
2161 3144 2378 3199 humani
2419 3146 2631 3212 generis
2676 3146 2942 3199 labentem
2985 3157 3211 3200 renovat
3260 3157 3626 3212 senectutem,
3667 3149 3742 3203 di-

532 3222 732 3285 sempef
772 3231 932 3269 novus
954 3215 1239 3268 credendus
1275 3216 1342 3267 sit
1370 3213 1465 3266 Dei
1490 3212 1696 3285 Filius;
1727 3212 1912 3285 deinde
1937 3213 2049 3265 dis-

534 3281 658 3341 serit
696 3285 761 3338 de
798 3285 1042 3353 mysterio
1062 3285 1201 3337 illius
1224 3284 1546 3347 humilitatis,
1570 3282 1635 3335 de
1660 3298 1829 3347 cruce,
1860 3281 1924 3335 de
1952 3299 2048 3335 no-

535 3358 691 3419 mine,
723 3354 786 3411 de
814 3355 1206 3407 resurrectione.

543 3512 735 3566 Annua
763 3508 978 3579 quidem
1008 3506 1182 3572 nobis,
1237 3504 1430 3559 fratres
1465 3503 1742 3565 carissimi,
1774 3503 2054 3557 dominicae

467 3598 884 3657 resurrectionis
910 3596 1173 3651 festivitas
1199 3596 1357 3656 redit,
1407 3595 1501 3649 sed
1549 3595 1636 3648 ubi
1668 3594 1943 3661 religionis
1971 3603 2053 3648 est

466 3692 687 3750 veritas,
722 3702 917 3741 novum
940 3700 1157 3755 semper
1177 3693 1260 3739 est
1283 3684 1524 3739 fidelibus
1547 3693 1965 3757 sacramentum,
1992 3694 2051 3739 ut

465 3782 541 3834 ait
564 3778 899 3834 beatissimus
929 3775 1125 3829 Paulus
1155 3792 1167 3826 :
1212 3774 1394 3827 Vetera
1416 3776 1752 3838 transierunt,
1778 3776 1917 3845 facta
1935 3785 2055 3828 sunt

467 3870 644 3924 omnia
692 3884 829 3921 nova
853 3864 941 3936 (11
972 3865 1091 3917 Cor.
1124 3864 1202 3933 v).
1226 3863 1337 3918 Nec
1358 3864 1625 3917 immerito
1648 3879 1861 3932 semper
1885 3880 2055 3919 novus

467 3958 769 4016 credendus
797 3962 882 4010 est
912 3954 1006 4008 Dci
1044 3953 1230 4017 Filius,
1261 3953 1350 4021 qui
1395 3952 1593 4007 nullam
1639 3954 1800 4007 sentit
1828 3962 2054 4023 praeter-

467 4049 708 4105 euntium
759 4054 1061 4114 temporum
1100 4051 1461 4107 vetustatem;
1512 4059 1683 4098 novus
1724 4045 1922 4113 quippe
1950 4055 2051 4108 est,

469 4139 678 4199 fratres,
703 4136 757 4189 in
779 4120 887 4203 quo
909 4134 1052 4187 nulla
1074 4134 1247 4187 aetatis
1275 4132 1501 4186 mutatio
1523 4140 1623 4195 est,
1651 4150 1748 4187 nec
1769 4133 2053 4201 aliquando

472 4228 615 4283 aliud
642 4227 796 4281 novit
820 4240 957 4290 esse,
989 4240 1150 4295 quam
1181 4231 1337 4277 natus
1362 4231 1461 4277 est.
1495 4222 1636 4276 Deus
1678 4224 1818 4276 enim
1868 4238 2058 4292 proce-

468 4320 603 4374 dens
630 4316 699 4372 de
728 4316 862 4383 Deo,
893 4323 952 4368 ut
1000 4313 1293 4367 nativitatis
1348 4329 1453 4366 non
1510 4312 1671 4366 habet
1717 4320 1946 4381 tempus,
1980 4314 2054 4367 ita

470 4410 631 4463 linem
653 4424 760 4462 non
784 4409 965 4476 potest
991 4403 1193 4458 habere
1222 4403 1458 4466 vivendi,
1483 4410 1542 4456 ut
1563 4403 1637 4455 ait
1664 4402 1730 4455 ad
1779 4417 1902 4456 eum
1948 4403 2058 4470 glo-

2154 3244 2313 3291 cente
2337 3238 2498 3291 beato
2523 3237 2721 3291 David:
2754 3236 2943 3290 Emitte
2956 3235 3210 3305 Spiritum
3236 3246 3402 3299 tuum,
3431 3250 3481 3291 et
3503 3240 3741 3294 creabat»

2158 3333 2261 3391 tur,
2293 3334 2342 3378 et
2372 3325 2646 3379 renovabis
2667 3328 2855 3396 faciens
2901 3335 3053 3379 terrte
3074 3324 3244 3394 (Psal.
3271 3328 3405 3395 cm).
3436 3326 3741 3382 Renovatut

2154 3416 2407 3470 nimirum
2436 3417 2599 3471 facies
2620 3425 2779 3471 terra:
2809 3418 3060 3483 hominis,
3111 3434 3232 3472 cum
3280 3427 3494 3473 vetusta
3554 3420 3740 3475 diaboli

2156 3507 2474 3575 captivitate
2497 3506 2760 3575 deposita,
2796 3523 2988 3560 novam
3010 3508 3136 3562 novi
3168 3507 3327 3575 Regis
3380 3508 3563 3563 induit
3593 3510 3741 3563 libero

2158 3606 2347 3651 tatem.
2382 3598 2551 3666 Ipsius
2570 3612 2801 3666 namque
2830 3598 3041 3651 Domini
3064 3600 3330 3653 sententia
3355 3608 3459 3663 est,
3494 3601 3737 3656 dicentis:

2158 3688 2218 3743 Si
2239 3705 2323 3741 vos
2346 3686 2392 3739 F
2396 3688 2515 3742 ilius
2537 3687 2845 3751 liberaverit,
2875 3706 2988 3743 vere
3008 3689 3157 3742 liberi
3176 3690 3320 3743 eritis
3351 3690 3543 3759 (Joan.
3567 3690 3739 3759 vu).l:3t

2159 3786 2326 3843 recte,
2361 3778 2641 3841 carissimi,
2673 3778 2819 3832 solus
2858 3778 2952 3833 Dei
3006 3778 3170 3833 Filius
3190 3788 3509 3848 pecatores
3540 3782 3736 3844 liberat,

2158 3868 2285 3935 quia
2314 3868 2462 3922 solus
2490 3867 2625 3921 liber
2657 3876 2740 3923 est
2783 3883 2814 3921 a
2860 3876 3103 3937 peccato,
3136 3876 3195 3922 ut
3234 3869 3348 3936 ipse
3389 3868 3458 3922 de
3483 3885 3548 3924 se
3569 3868 3737 3924 testari

2155 3956 2403 4025 dignatus
2446 3968 2530 4012 est
2570 3973 2668 4026 per
2717 3957 3057 4027 prophetam,
3109 3957 3339 4013 dicens:
3394 3956 3599 4013 Factus
3640 3974 3735 4012 ενα

2158 4047 2306 4101 homo
2329 4050 2439 4101 sine
2458 4048 2718 4118 adjutorio
2738 4051 2871 4103 inter
2891 4058 3118 4103 mortuos
3140 4050 3267 4117 liber
3288 4048 3463 4116 (Psal.
3486 4052 3733 4114 anvn).

2160 4138 2288 4193 Sine
2310 4139 2576 4207 adjutorio
2605 4140 2789 4208 utique
2834 4148 2963 4194 tunc
2989 4138 3199 4193 videtur
3226 4138 3468 4203 ell‘ectus,
3497 4156 3621 4195 cum
3647 4153 3734 4192 εω-

2160 4228 2333 4282 viendi
2365 4229 2419 4281 in
2447 4244 2569 4282 eum
2598 4229 2869 4297 acciperet
2916 4228 3064 4283 furor
3092 4227 3345 4283 Judaicus
3397 4237 3731 4297 potestatem.

2159 4317 2377 4372 Exstitit
2400 4333 2530 4375 vero
2556 4318 2696 4373 inter
2717 4328 2960 4373 mortuos
3005 4319 3163 4383 liber,
3204 4320 3329 4387 quia
3379 4320 3525 4373 inter
3565 4330 3734 4373 omnes

2159 4407 2413 4461 mortales
2442 4408 2587 4461 solus
2616 4424 2806 4463 causas
2852 4409 3111 4463 moriendi
3143 4425 3251 4463 non
3280 4410 3491 4464 habuit.
3525 4410 3733 4481 Propter

468 4501 797 4556 riosissimus
824 4497 1129 4568 patriarcha
1162 4494 1330 4548 David
1359 4513 1371 4547 :
1400 4494 1474 4547 Tu
1505 4505 1676 4548 autem
1696 4494 1832 4549 idem
1859 4511 2055 4565 semper
2088 4505 2135 4564 ο
2158 4497 2300 4565 quod
2329 4506 2382 4551 et
2400 4498 2541 4552 victa
2571 4511 2668 4568 per
2695 4514 2820 4553 eum
2843 4514 2988 4553 mors
3015 4499 3249 4553 retinere
3276 4515 3400 4553 eum
3430 4516 3547 4555 non
3574 4496 3732 4570 patuit

470 4610 544 4657 es,
575 4602 625 4647 et
644 4593 769 4645 armi
796 4592 867 4643 tui
889 4605 992 4642 non
1020 4587 1259 4657 deﬁcient
1288 4586 1457 4657 (Psal.
1484 4586 1579 4653 ει).
1606 4584 1672 4639 Ει
1724 4602 1829 4639 non
1878 4586 2050 4640 solum

474 4685 587 4753 ipse
633 4683 796 4736 homo
833 4680 1095 4743 Christus,
1146 4677 1239 4746 qui
1268 4693 1388 4731 eum
1419 4677 1531 4731 Deo
1568 4675 1741 4731 factus
1760 4686 1842 4732 est
1868 4692 2049 4741 unum,

471 4788 687 4842 semper
714 4780 797 4825 est
825 4785 1021 4834 novus;
1053 4768 1147 4823 sed
1174 4783 1388 4837 semper
1407 4768 1575 4822 videri
1600 4767 1774 4831 datur,
1806 4767 2056 4836 spiritua-

472 4866 601 4920 lium
624 4877 881 4931 aqnarum
913 4860 1169 4921 fomento,
1198 4867 1255 4913 et
1278 4860 1514 4915 caelestis
1541 4859 1661 4914 ﬁdei
1710 4859 2055 4915 nutrimentis

544 5025 568 5053 ³
600 5015 743 5097 lziem
775 5012 898 5069 cod.
924 5012 1068 5077 Vat.,
1104 5009 1215 5064 Nec
1244 5011 1569 5068 latrocinium
1584 5016 1664 5068 sui
1684 5016 1820 5086 apud
1845 5015 2057 5069 Patrem

474 5094 766 5157 sanguinis,
797 5094 899 5137 etc.

547 5156 572 5194 ιι
603 5156 745 5225 idem
773 5155 894 5225 cod.
926 5152 1073 5225 Eat.,
1094 5152 1331 5225 uniuerso
1362 5153 1805 5225 humanogeneri.

547 5237 571 5265 ε
602 5222 746 5297 Idem
772 5224 895 5278 cod.
927 5222 1073 5287 Vat.,
1097 5220 1360 5275 Habemus
1381 5232 1431 5276 et
1459 5224 1603 5277 aliud
1611 5220 2055 5297 'permagniﬁcum

472 5295 766 5358 dominicae,
793 5302 898 5348 etc.

545 5365 571 5403 ἀ
599 5363 758 5445 idem.
794 5364 912 5417 cod.
946 5363 1095 5431 Vat.,
1135 5365 1502 5419 condemnatus
1533 5363 1765 5419 Christus
1793 5364 1857 5417 ab
1886 5366 2056 5434 impiis

474 5436 713 5507 penderet
741 5436 796 5485 in
818 5449 985 5486 cruce.

512 5584 517 5585 γ
550 5515 572 5541 ε
603 5502 745 5583 Idem
767 5502 891 5556 cod.
928 5500 1071 5585 V:_it.,
1097 5504 1240 5585 illis;
1269 5506 1390 5585 quia
1429 5505 1662 5558 nesciunt
1684 5506 2054 5575 quid-faciunt,-

471 5584 520 5629 st
549 5590 662 5628 cum
683 5589 734 5625 m
755 5589 911 5627 manu
942 5582 1054 5643 ejus
1082 5584 1231 5641 esset,
1287 5582 1391 5629 etc.

2159 4596 2547 4655 resurgentem.
2580 4588 2768 4644 Videte
2796 4596 2995 4652 autem,
3041 4588 3324 4653 carissimi,
3373 4599 3635 4658 quantum
3673 4586 3730 4641 sit

2161 4676 2215 4729 in
2244 4675 2442 4731 Christi
2472 4678 2772 4731 humilitate
2799 4678 3131 4747 mysterium,
3157 4679 3248 4746 qui
3277 4693 3398 4732 eum
3424 4688 3655 4734 maternus
3672 4676 3730 4728 sit

2160 4766 2229 4820 ab
2255 4774 2477 4832 aeterno,
2499 4778 2556 4822 et
2584 4768 2840 4822 Dominus
2861 4768 3243 4834 universitatis,
3265 4783 3550 4823 servormn
3573 4777 3725 4821 tamen

2160 4876 2382 4915 suorum
2411 4860 2657 4931 perﬁciat
2677 4861 3002 4915 libertatem.
3039 4859 3253 4914 Gaudet
3300 4858 3536 4929 injuriis,
3567 4856 3725 4914 exsul-

2240 5016 2258 5054 τ
2292 5014 2477 5070 Codex
2508 5015 2773 5079 Vatican.,
2815 5015 3013 5067 veniam
3048 5024 3216 5068 tamen
3269 5013 3600 5083 peccantibus
3622 5025 3721 5080 pre-

2162 5087 2407 5149 cabatur;
2447 5086 2537 5138 sed
2569 5102 2650 5147 ea,
2682 5094 2738 5136 ut
2767 5084 3008 5147 arbitror,
3042 5086 3257 5146 ratione,
3292 5092 3349 5135 ut
3394 5084 3724 5136 indubitanter

2162 5158 2469 5224 ostenderet,
2499 5163 2547 5207 et
2570 5171 2624 5207 se
2650 5156 2723 5207 eis
2756 5163 2859 5206 tam
2887 5155 3145 5224 nefarium
3184 5154 3452 5207 relaxasse
3480 5154 3716 5207 delictum.

2165 5223 2454 5279 Uniformis
2474 5232 2557 5278 est
2575 5224 2695 5278 eod.
2721 5223 3041 5277 Casioensis.

2236 5304 2261 5342 ι
2292 5294 2424 5349 Cod.
2453 5292 2657 5355 Casin.,
2690 5291 2933 5346 Sciebant
2956 5293 3091 5346 enim
3119 5308 3255 5345 eum.

2232 5364 2255 5400 δ
2286 5363 2419 5417 Cod.
2452 5364 2571 5417 Vat.
2606 5362 2805 5416 omittit
2824 5379 2937 5416 sua.

2239 5432 2251 5470 ί
2288 5433 2431 5489 Idem
2461 5432 2577 5487 cod.
2612 5432 2758 5494 Vat.,
2787 5430 2887 5495 Qui
2914 5447 3027 5484 cum
3054 5429 3233 5495 Patre,
3262 5438 3310 5483 et
3332 5428 3535 5498 Spiritu
3561 5428 3715 5482 sancto

2160 5503 2274 5558 vivit
2303 5512 2353 5558 et
2380 5512 2559 5575 regnat
2580 5504 2632 5557 in
2661 5502 2851 5557 stecula
2876 5501 3200 5557 surculorum.
3235 5500 3420 5555 Amen.
