3896 6250
89 307 184 359 6ιί

1519 295 1746 357 SERMO
1783 293 1912 352 XLI.

3230 286 3335 344 6l8

91 431 161 473 tat
186 419 519 487 opprobriis,
543 418 700 488 505
730 418 1006 484 omnisque
1033 416 1081 468 ei
1105 414 1401 481 triumphus
1430 413 1482 465 in
1503 425 1660 465 cruce
1691 417 1734 472 Α
1765 407 1924 477 506
1947 405 2121 461 hostia
2161 406 2252 459 vili
2285 402 2464 472 aliqua
2502 413 2663 471 atque
2709 407 2965 456 consueta
3010 406 3183 488 morte
3210 414 3342 454 sne-

88 515 182 568 est,
208 506 639 572 admirandoque
660 504 874 557 remedii
898 516 1090 568 genere
1113 501 1383 554 diabolum
1415 497 1663 568 patiendo

89 603 324 662 superat,
357 603 416 646 et
442 594 714 645 hominem
745 590 1020 644 moriendo
1050 590 1298 642 vivificat.
1333 587 1459 652 Qum
1487 587 1666 640 omnia

90 699 181 752 pro
204 683 358 736 nobis
384 681 701 749 Unigenitus
725 681 815 733 Dei
834 681 1030 748 pietate
1049 692 1329 746 aggressus
1348 685 1449 742 est,
1473 677 1669 728 virtute

89 773 359 836 sustinuit,
394 771 697 824 humilitate
725 769 968 836 perfecit.
1017 768 1106 820 Ait
1134 768 1200 820 de
1241 768 1342 820 hac
1370 766 1669 819 humilitate

93 863 247 914 Isaias
268 861 540 928 propheta
576 875 589 910 :
619 854 762 912 Sicut
803 874 981 927 agnus.
1006 873 1179 910 coram
1210 857 1444 909 tondente
1471 871 1526 906 se
1563 855 1671 906 sine

92 966 223 1011 rore,
256 949 332 1000 sic
362 965 471 1001 non
511 948 706 1016 aperuit
733 963 787 999 os
817 963 961 999 suum
989 947 1042 998 in
1084 944 1367 996 humilitate
1391 959 1490 995 sua
1515 941 1666 1011 (Isai.

94 1036 222 1105 un).
252 1035 430 1102 Quam
453 1035 714 1104 speciosa,
739 1034 947 1097 fratres,
974 1030 1306 1101 comparatio
1346 1032 1445 1084 ista
1465 1071 1479 1094 ,
1513 1040 1673 1098 atque

90 1123 442 1178 accommoda
467 1123 712 1176 veritati!
738 1121 886 1176 Sicut
906 1123 1046 1175 enim
1067 1137 1187 1175 cum
1211 1120 1461 1174 tondetur
1486 1134 1673 1186 agnus,

98 1213 263 1265 nescit
319 1211 622 1265 reclamare
674 1209 948 1274 tondenti;
981 1209 1054 1262 ita
1107 1223 1228 1262 cum
1275 1206 1668 1274 cruciﬁgeretur

95 1300 358 1366 Christus,
392 1316 504 1357 non
534 1299 729 1352 restitit
757 1299 1080 1352 vulneranti.
1109 1298 1377 1365 Spoliatur
1404 1312 1593 1365 agnus,
1623 1303 1677 1349 et

94 1393 243 1454 silet;
268 1391 542 1446 occiditur
568 1387 829 1452 Christus,
855 1397 910 1442 et
936 1397 1096 1443 tacet.
1127 1388 1406 1442 Silentium
1437 1388 1580 1455 agni,
1599 1386 1676 1439 la—

95 1483 275 1548 nigero
299 1481 536 1534 detonso
564 1480 782 1541 vellere,
803 1480 1078 1535 hominem
1106 1479 1287 1534 vestit.
1319 1478 1677 1532 Taciturnitas

94 1570 288 1624 Christi
312 1569 526 1623 cunctis
555 1568 891 1622 credentibus
917 1576 1129 1621 teternte
1158 1568 1341 1621 salutis
1370 1567 1678 1620 indumenta

97 1661 363 1728 praltexit.
398 1658 524 1712 Non
567 1659 784 1727 aperuit,
819 1658 1021 1725 inquit,
1053 1674 1110 1710 os
1136 1659 1190 1709 in
1226 1657 1511 1709 humilitate
1540 1671 1672 1708 sua:

1766 495 2074 558 cumberet;
2115 494 2211 548 sed
2237 503 2295 547 ut
2335 493 2428 546 Dei
2486 503 2647 561 atque
2674 491 2949 544 hominum
2990 487 3256 542 mediator
3285 489 3338 541 in

1767 584 1944 638 medio
1973 584 2092 638 οωιὶ
2123 591 2178 637 et
2207 591 2361 637 terrae
2407 587 2670 649 suscepta:
2697 579 2884 633 mortis
2929 577 3210 646 perﬁceret
3252 593 3339 631 sa-

1769 685 2123 729 cramentum.
2180 673 2379 727 Auctor
2407 673 2588 739 itaque
2638 670 2763 723 vitm
2805 675 2986 722 nostra
3033 667 3342 722 conditione

1771 772 1853 816 est
1873 771 2133 826 mortuus,
2162 773 2220 816 ut
2248 777 2347 817 nos
2367 762 2507 814 illius
2540 759 2817 830 privilegio
2843 759 3161 812 viveremus.
3201 755 3340 809 Cru-

1773 851 1962 907 ciﬁxus
1989 866 2118 919 ergo
2147 860 2231 906 est
2284 850 2381 904 Dei
2427 850 2611 912 Filius,
2645 864 2751 903 non
2797 857 2857 902 ut
2901 863 3032 902 crux
3072 846 3341 901 Christum

1773 942 2018 1009 foedaret,
2049 942 2141 996 sed
2170 951 2228 995 ut
2248 949 2585 995 sacramento
2611 939 2808 994 Christi
2829 954 2959 992 crux
2977 946 3170 991 nostrae
3193 935 3344 989 tieret

1774 1031 1980 1098 insigne
2005 1031 2262 1084 victorim.
2297 1029 2536 1097 Denique
2588 1044 2684 1082 nos
2731 1043 2952 1094 omnes,
3004 1029 3094 1096 qui
3145 1027 3342 1082 Christi

1776 1119 2113 1175 confessione
2165 1119 2486 1186 gaudemus,
2518 1119 2688 1172 crucis
2728 1118 3002 1184 signaculo
3030 1117 3340 1184 gloriamur.

1777 1215 1956 1283 Neque
1981 1228 2110 1267 vero
2155 1212 2454 1267 Christiana
2493 1212 2614 1278 quis
2656 1216 2839 1278 potest
2885 1209 3072 1263 militia
3113 1208 3347 1275 censeri,

1777 1303 1878 1357 nisi
1902 1302 2043 1356 lideli
2069 1315 2229 1354 manu
2258 1300 2511 1353 vexillum
2533 1299 2768 1353 erexerit
2793 1297 3064 1352 Crucilixi.
3097 1294 3177 1353 0b
3209 1297 3348 1350 hanc

1777 1392 1950 1447 crucis
1999 1398 2251 1457 mortem,
2281 1392 2416 1444 sicut
2458 1390 2668 1458 legitur,
2716 1390 2969 1443 exaltavit
3009 1389 3348 1457 omnipotens

1777 1483 2046 1538 Christum
2076 1498 2252 1547 suum,
2283 1496 2587 1550 nomenque
2636 1481 2711 1533 illi
2740 1496 2901 1549 super
2947 1495 3106 1534 omne
3152 1490 3352 1533 nomen

1777 1573 1946 1627 dedit.
1978 1572 2131 1626 Dedit
2161 1571 2234 1624 illi
2248 1586 2443 1624 nomen
2473 1585 2634 1639 super
2671 1585 2829 1624 omne
2856 1585 3070 1630 nomen,
3113 1585 3235 1624 cum
3264 1565 3348 1622 di-

1780 1664 1911 1717 tioni
1945 1663 2304 1731 potestatique
2345 1660 2459 1728 ejus
2488 1660 2720 1714 caelestia
2751 1659 2981 1722 tradidit,
3015 1659 3266 1713 mundum
3299 1666 3354 1712 ct

96 1747 144 1800 id
167 1754 268 1811 est,
297 1746 444 1814 quod
469 1747 608 1798 inter
631 1745 916 1814 opprobria
943 1753 998 1798 et
1023 1745 1305 1798 maledicta
1337 1744 1501 1797 tacuit
1521 1735 1674 1796 Chri-
1706 1753 1753 1814 Β
1779 1751 1983 1806 inferna
2013 1751 2256 1818 subjecit,
2279 1758 2340 1802 ut
2381 1750 2454 1801 ait
2499 1749 2614 1816 ipse
2658 1748 2904 1801 Salvator
2937 1766 2949 1798 :
2993 1745 3183 1799 Omnia
3228 1742 3355 1799 mihi

95 1844 222 1897 stus,
247 1850 359 1886 non
398 1833 498 1886 fuit
541 1834 787 1897 miseriae,
819 1832 912 1886 sed
958 1833 1186 1885 virtutis.
1217 1831 1330 1885 Tali
1361 1831 1506 1884 enim
1549 1846 1674 1898 pro-

97 1923 268 1990 posito
299 1922 396 1976 Dei
428 1922 591 1974 Filius
618 1921 873 1974 mundum
905 1921 1278 1990 redempturus
1325 1920 1570 1986 advenit,
1616 1929 1676 1974 ut

97 2011 354 2079 superbos
402 2010 720 2074 humilitate,
754 2017 1100 2063 contumaces
1140 2009 1419 2073 modestia,
1450 2006 1674 2060 maledi-

99 2111 280 2154 centes
299 2100 521 2153 silentio
550 2099 926 2166 triumpharet.
958 2097 1033 2150 Ita
1047 2112 1198 2162 sane,
1222 2105 1276 2151 et
1299 2097 1520 2164 legitur:
1549 2094 1675 2147 Cum

99 2189 506 2251 malediceretur,
526 2204 628 2240 non
645 2186 978 2239 maledicebat
991 2185 1042 2255 (I
1061 2185 1286 2255 Petr.tt).
1304 2185 1412 2239 Nec
1425 2184 1668 2237 dubitan-

100 2276 220 2328 dum
255 2277 393 2340 bmc,
422 2276 634 2342 fratres,
660 2276 783 2342 quia
809 2274 1126 2328 maledicere
1149 2290 1273 2328 vera
1303 2274 1676 2328 benedictione

101 2366 301 2419 sciebat
337 2383 349 2418 :
387 2379 561 2432 neque
589 2365 729 2417 enim
760 2364 986 2417 terrenis
1014 2364 1217 2417 moveri
1243 2372 1455 2431 poterat
1504 2363 1674 2417 male-

102 2455 272 2520 dictis,
305 2457 401 2524 qui
430 2455 830 2510 benedictiones
857 2465 1080 2508 venerat
1118 2462 1374 2522 praestare
1415 2454 1480 2506 de
1518 2455 1674 2508 coelo.

105 2545 165 2597 Et
198 2555 344 2600 recte
367 2546 642 2615 Sapientia
679 2544 773 2598 Dei
800 2543 1044 2597 Christus
1073 2545 1214 2597 nulla
1243 2543 1680 2597 maledicentibus

107 2638 389 2692 maledicta
419 2637 704 2701 referebat,
734 2636 857 2705 quia
887 2651 1047 2690 omne
1063 2635 1401 2689 maledictum
1423 2634 1678 2702 patientia

109 2743 479 2796 repercussum
531 2730 585 2782 in
631 2742 785 2782 suum
829 2726 972 2780 redit
1026 2733 1320 2780 auctorem.
1377 2723 1682 2776 Humiliavit

110 2816 287 2885 itaque
326 2832 384 2872 se
415 2815 681 2884 Christus,
708 2822 766 2869 ut
811 2815 884 2868 ait
910 2814 1217 2882 Apostolus,
1249 2815 1414 2883 factus
1444 2811 1680 2864 obediens

110 2924 262 2976 usque
308 2909 379 2960 ad
419 2917 656 2973 mortem,
700 2914 914 2960 mortem
943 2915 1111 2958 autem
1142 2905 1306 2956 crucis
1334 2902 1548 2974 (Philip.
1585 2902 1674 2968 ll).

1777 1845 1967 1898 tradita
2006 1851 2123 1895 sunt
2150 1859 2182 1894 a
2212 1840 2370 1893 Patre
2396 1855 2504 1893 meo
2531 1841 2583 1891 in
2612 1838 2734 1892 coelo
2763 1847 2812 1891 et
2858 1839 2910 1890 in
2941 1847 3076 1890 terra
3125 1836 3350 1904 (Matth.

1779 1935 1874 2004 ιι).
1906 1935 1984 1987 An
2015 1949 2122 1987 non
2145 1931 2355 1986 videtur
2375 1939 2559 1984 tenere
2584 1944 2743 1997 super
2763 1935 2955 1982 cuncta
2997 1926 3351 1991 dominatum,

1778 2039 1848 2076 an
1896 2038 2004 2076 non
2047 2023 2245 2093 habere
2291 2019 2681 2088 principatum,
2731 2032 2910 2085 quem,
2957 2017 3095 2070 sicut
3141 2016 3352 2082 legitur,

1779 2121 2025 2165 creatura
2053 2107 2400 2164 omnisilexo-
2428 2115 2645 2160 curvata
2685 2121 2824 2175 genu
2847 2106 3025 2158 tremit
3053 2113 3108 2158 et
3135 2105 3356 2173 suspicit

1781 2200 2166 2269 imperantem?
2191 2197 2430 2266 Denique
2459 2195 2727 2248 nonnullae
2752 2195 2860 2263 jam
2894 2203 3098 2264 gentes,
3127 2210 3246 2248 cum
3271 2195 3354 2246 in-

1785 2292 1865 2338 ter
1885 2298 1942 2337 se
1962 2281 2270 2336 diversitate
2296 2279 2508 2333 vivendi
2538 2285 2590 2330 et
2619 2279 2914 2345 linguarum
2952 2279 3214 2330 varietate
3244 2278 3356 2330 dis-

1782 2373 2010 2436 sideant,
2042 2372 2094 2423 in
2126 2367 2460 2424 confessione
2483 2375 2662 2420 tamen
2683 2367 2879 2420 Christi
2907 2382 3012 2420 uno
3043 2369 3243 2434 pariter
3265 2381 3357 2419 ore

1784 2461 2137 2524 concordant;
2169 2467 2223 2512 et
2269 2459 2394 2511 licet
2422 2458 2586 2524 aliqui
2631 2471 2700 2510 ex
2728 2456 2808 2510 eis
2835 2456 3086 2513 suasione
3123 2455 3356 2523 pessima

1781 2554 1846 2607 de
1874 2553 1988 2620 ejus
2010 2567 2038 2604 a
2071 2550 2224 2604 nobis
2251 2549 2556 2617 discrepent
2588 2547 2786 2600 deitate
2806 2585 2820 2608 ,
2851 2547 3128 2601 nobiscum
3181 2554 3358 2601 tamen

1783 2649 1840 2700 et
1863 2653 2074 2707 passum
2096 2622 2265 2702 illum,
2292 2645 2347 2690 et
2375 2635 2595 2690 rediisse
2617 2651 2646 2688 a
2674 2636 2899 2689 mortuis
2927 2636 3267 2690 confitentur.
3295 2637 3358 2690 Et

1782 2730 1902 2783 ideo
1924 2744 2038 2792 nos,
2063 2726 2411 2792 dilectissimi,
2432 2727 2881 2780 resurrectionem
2899 2726 3093 2780 Christi
3119 2741 3359 2794 regnum~

1783 2833 1886 2885 que
1930 2817 2206 2870 credentes
2231 2856 2244 2879 ,
2276 2815 2435 2868 castis
2462 2814 2732 2868 mentibus
2757 2822 2811 2868 et
2840 2823 3024 2869 sancta
3074 2816 3359 2870 devotione

1784 2902 2044 2966 laetemur,
2076 2907 2356 2967 quatenus,
2385 2897 2529 2965 quod
2554 2898 2870 2952 universitas
2892 2899 3079 2961 credit,
3112 2915 3210 2952 nos
3225 2915 3360 2968 quo-

112 2995 287 3066 Usque
315 2998 385 3053 ad
437 3005 668 3053 mortem
723 3012 782 3052 se
824 2995 997 3051 crucis
1039 2993 1312 3059 humiliat,
1343 3006 1411 3046 ne
1452 2990 1682 3044 cmlestis
1710 2981 1751 3040 C
1783 3005 1887 3058 que
1919 3005 2022 3044 non
2045 2987 2346 3043 discredere
2375 2985 2477 3042 ﬁde
2511 2994 2566 3041 et
2593 2987 2846 3056 operibus
2873 2988 3248 3070 approbemus.

1504 3119 1768 3180 SERMO
1813 3120 1976 3180 XLI.

1184 3223 1259 3276 De
1286 3222 1463 3275 eadem
1483 3220 1756 3274 Paschalis
1784 3221 2105 3275 solemnitate
2130 3219 2183 3273 Χ
2188 3218 2251 3273 II
2256 3218 2283 3272 1
2289 3257 2310 3272 ..

1557 3329 1942 3386 ADMONITIO.

181 3432 425 3503 Optimus
454 3434 506 3486 in
536 3433 740 3503 critiee_
759 3427 1012 3503 magister
1057 3426 1380 3503 Muratorius
1404 3424 1565 3503 unius
1589 3425 1789 3503 codicis
1822 3423 2158 3502 Ambrosiam
2207 3422 2532 3503 testimonio;
2556 3422 2788 3503 innixus,
2821 3423 2964 3503 hunc
2996 3438 3298 3503 segnonem
3329 3444 3356 3480 a

118 3491 348 3556 tene-bris
373 3512 582 3556 erutum
611 3503 667 3554 S.
699 3491 928 3552 Maximo
955 3497 1199 3556 asseruit,
1231 3503 1286 3548 et
1313 3509 1433 3548 cum
1463 3494 1581 3548 aliis
1608 3494 1844 3561 ejusdem
1871 3493 2104 3548 auctoris
2133 3492 2441 3562 publicavit.
2475 3491 2570 3547 Hic
2589 3491 2728 3545 idem
2754 3493 2806 3545 in
2827 3491 3017 3546 codice
3046 3493 3358 3552 ’I'aurizaensi

118 3570 305 3639 legitur
335 3571 619 3640 inscriptus
643 3589 655 3622 :
673 3568 752 3622 De
785 3567 987 3620 Pascha
1003 3582 1167 3620 sermo
1188 3561 1360 3616 XIII.

119 3703 504 3758 Ancnleuwl.
553 3735 625 3746 -——
654 3701 811 3756 Isaite
829 3704 1068 3772 primum,
1092 3700 1273 3753 deinde
1301 3700 1514 3754 Davidis
1544 3703 1687 3753 testi—

182 3775 369 3852 moniis
413 3772 688 3852 propositis
717 3771 1014 3852 copiaeque
1031 3771 1320 3852 explicatis,
1350 3786 1444 3852 nos
1472 3786 1686 3852 quoque,

182 3843 254 3893 ait
284 3838 817 3909 sanctus'ﬂaxirnus,
847 3838 1087 3909 religiosa
1113 3838 1222 3890 Deo
1277 3846 1451 3890 nostro
1485 3838 1688 3907 igaudia

184 3911 496 3978 deferamus,
529 3918 678 3978 atque
705 3907 904 3962 Pascha
917 3907 973 3962 in
997 3909 1191 3977 azymis
1212 3909 1518 3960 sinceritatis
1541 3915 1588 3959 et
1609 3923 1690 3959 ca-

183 3981 376 4031 stitatis
402 3978 729 4031 celebremus.

189 4065 578 4136 Prophetarum
631 4066 929 4135 praecipuus
975 4066 1316 4121 beatissimus
1371 4065 1549 4130 Isaias,
1597 4066 1688 4133 qui

120 4158 371 4225 mysteria
399 4135 713 4222 nativitatis,
742 4156 1148 4210 resurrectionis
1168 4156 1448 4210 dominica:
1475 4157 1686 4209 intona-

121 4249 210 4312 vit,
250 4248 326 4300 ait
373 4247 513 4301 inter
557 4248 749 4301 caetera
784 4264 797 4298 :
840 4245 1077 4309 Ltetare,
1127 4247 1328 4314 caelum,
1383 4258 1431 4298 et
1471 4247 1689 4299 exsultet

118 4345 287 4402 terra;
313 4347 587 4406 erumpant
612 4346 809 4393 montes
829 4338 1221 4408 facunditatem,
1258 4347 1306 4389 et
1350 4338 1502 4390 colles
1535 4337 1684 4406 justi-

122 4429 259 4491 tiam,
292 4429 416 4501 quia
439 4429 678 4482 misertus
729 4439 807 4482 est
850 4429 987 4482 Deus
1014 4432 1201 4498 populo
1246 4445 1337 4481 suo
1356 4467 1370 4492 ,
1401 4435 1449 4481 et
1478 4427 1686 4480 humiles

118 4519 287 4586 papuli
313 4516 395 4570 sui
411 4518 703 4571 consolatus
726 4517 987 4583 est(Psal.
1015 4521 1159 4586 xcv).
1199 4517 1313 4571 Hoc
1340 4517 1683 4585 prteconium,

1793 3716 2014 3769 regnum
2036 3700 2396 3758 universitatis
2424 3702 2646 3771 accepit.
2685 3701 2905 3767 Ltetare,
2937 3702 3125 3771 inquit,
3161 3703 3358 3768 calum,

1792 3801 1842 3844 et
1869 3792 2085 3845 exsultet
2124 3801 2278 3844 terra.
2305 3790 2548 3846 Exsultat
2597 3792 2846 3845 nimirum
2891 3792 3111 3846 humani
3153 3776 3360 3859 galeris

1794 3888 1956 3944 terra,
1988 3896 2104 3949 quae
2124 3882 2380 3949 sanguine
2402 3882 2536 3950 Agni
2561 3883 2794 3938 cmlestis
2817 3898 3035 3952 aspersa
3061 3900 3166 3937 non
3192 3886 3362 3939 solum

1795 3971 2029 4025 redditur
2055 3971 2327 4040 paradiso,
2358 3971 2452 4026 sed
2471 3981 2758 4041 regnatura
2803 3988 2922 4027 cum
2952 3973 3180 4028 Domino
3207 3989 3363 4029 voea-

1795 4069 1882 4116 tur
1909 4063 1975 4116 ad
1997 4063 2214 4118 ctelum.
2247 4062 2491 4118 Exsultet
2518 4072 2572 4119 et
2592 4080 2718 4120 caro
2746 4075 2948 4130 nostra,
2981 4080 3099 4134 qua:
3134 4082 3263 4122 vere
3285 4079 3372 4124 est

1797 4161 1956 4216 terra,
2005 4152 2256 4221 quoniam
2283 4152 2576 4220 gloriﬁcat‘a
2613 4168 2713 4224 per
2756 4153 3027 4208 Christum
3055 4156 3365 4211 societatem

1796 4243 2092 4297 Divinitatis
2120 4245 2361 4298 emeruit.
2390 4244 2700 4315 Erumpant,
2727 4247 2824 4312 ait,
2853 4256 3047 4301 montes
3069 4248 3364 4318 jucunditas

1798 4342 1915 4398 tem,
1963 4342 2010 4384 et
2059 4332 2216 4386 colles
2237 4335 2516 4402 justitiam.
2572 4335 2682 4391 Hos
2716 4346 2930 4391 montes
2964 4338 3236 4404 collesque
3276 4339 3364 4406 qui

1795 4423 2095 4476 excitantur
2119 4423 2182 4476 ad
2222 4425 2430 4491 gaudia,
2461 4429 2790 4496 patriarchas
2817 4429 2918 4483 dici
2958 4444 3064 4482 non
3112 4430 3364 4486 inconve-

1795 4514 2001 4567 nienter
2029 4515 2336 4584 accipimus,
2369 4517 2505 4572 sicut
2533 4527 2587 4572 et
2614 4519 2667 4574 in
2696 4520 2859 4574 David
2891 4528 3081 4576 saneto
3110 4523 3361 4589 legimus:

120 4583 326 4671 lratres,
362 4607 430 4660 ad
459 4607 558 4660 bos
595 4607 995 4675 quammaxime
1032 4583 1300 4675 pertinere
1329 4583 1461 4671 dies,
1491 4606 1692 4660 festivi-
1720 4583 1769 4642 D
1795 4604 2102 4659 Illuminans
2132 4583 2185 4658 tu
2229 4608 2534 4662 mirabiliter
2580 4626 2612 4662 a
2658 4611 2911 4664 montibus
2953 4583 3362 4682 azternisv(Psal.

120 4703 392 4764 tatemque
419 4696 780 4765 praenuntiam
805 4697 1132 4765 paschalem,
1155 4706 1209 4750 et
1229 4713 1296 4751 ex
1317 4698 1480 4766 ipsius
1507 4699 1694 4752 lectio-

119 4788 196 4841 nis
223 4788 554 4842 advertimus
565 4789 726 4852 serie,
745 4795 799 4842 et
825 4803 893 4841 ex
914 4791 1365 4858 consequentibus
1384 4781 1691 4844 edocemur.

120 4873 278 4931 Recte
305 4877 470 4946 igitur
499 4892 640 4931 nunc
660 4876 898 4930 cmlestia
919 4877 971 4930 in
998 4892 1210 4931 omnem
1243 4878 1476 4930 laetitiam
1497 4893 1694 4946 provo-

116 4974 322 5031 cantur,
353 4963 912 5033 quando-Uaigenitus
931 4965 1204 5028 Altissimi,
1236 4967 1477 5020 contritis
1503 4966 1694 5020 inferni

120 5053 281 5116 portis
337 5051 659 5122 dejectoquc
697 5053 948 5122 diabolo,
977 5056 1332 5110 mmstissimis
1381 5056 1693 5110 monalibns

118 5140 302 5205 gaudia
333 5140 505 5195 beata:
551 5144 922 5211 perpetuitatis
968 5145 1190 5198 invexit.
1225 5145 1689 5216 Quomod0‘507

112 5233 289 5284 autem
319 5239 538 5301 poterat
564 5247 669 5285 non
699 5233 934 5299 gaudere
973 5235 1164 5288 cmlum
1208 5251 1328 5289 cum
1357 5235 1562 5289 videret
1592 5236 1693 5288 Do-

119 5319 314 5374 tninum
347 5336 502 5373 suum
525 5330 744 5388 peracto
771 5324 958 5377 salutis
989 5334 1183 5380 nostra:
1209 5326 1392 5394 praelio
1425 5326 1492 5378 ad
1507 5327 1692 5378 sedem

120 5408 412 5477 tnajestatis
440 5425 568 5473 suae,
600 5418 656 5464 et
681 5411 749 5465 ad
789 5413 1064 5467 dexteram
1090 5412 1262 5468 Patris
1308 5415 1495 5468 sedere
1521 5414 1691 5468 victo-

121 5504 263 5556 rem?
283 5499 498 5557 Gaudet
525 5502 719 5556 uelum
766 5503 909 5573 quod
953 5503 1212 5560 Dominus
1239 5519 1383 5564 suus,
1416 5504 1690 5573 proposito

121 5599 349 5655 paternae
376 5591 672 5645 voluntatis
718 5593 967 5660 impl‘tato,
995 5609 1057 5647 ac
1087 5593 1338 5661 triumphi
1369 5594 1448 5647 sui
1479 5593 1687 5650 merito,

359 5678 632 5747 PATROL.
679 5685 861 5744 LVII.

1795 4697 1955 4762 Lxxv)
1982 4715 1994 4760 ;
2026 4705 2080 4751 et
2105 4698 2228 4750 alibi
2267 4713 2278 4748 :
2323 4697 2524 4752 Montes
2552 4701 2933 4753 exsultaverunt
2960 4710 3015 4753 ut
3055 4703 3240 4755 arietes
3260 4744 3274 4767 ,
3317 4712 3363 4756 et

1792 4787 1946 4839 colles
1974 4788 2104 4838 sicut
2130 4787 2254 4855 agni
2291 4788 2457 4840 ovium
2485 4785 2660 4856 (Psal.
2717 4803 2844 4841 cxm
2865 4788 2903 4857 ).
2935 4789 3045 4842 Nec
3097 4791 3363 4844 immerito

1789 4873 1919 4943 justi
1942 4876 2137 4943 quique
2164 4884 2374 4929 montes
2403 4884 2780 4943 nuncupantur
2804 4885 2858 4930 et
2877 4879 3057 4941 colles,
3082 4881 3172 4946 qui
3190 4889 3363 4934 terre-

1797 4980 1876 5019 na:
1905 4964 2324 5019 conversationis
2349 4965 2568 5018 humilia
2594 4966 2976 5034 relinquentes,
3002 4971 3067 5022 ad
3088 4971 3362 5039 superiora

1795 5056 2024 5110 cmlestis
2049 5055 2168 5107 vitae
2215 5053 2337 5107 fidei
2360 5070 2470 5108 suae
2497 5054 2752 5108 verticem
2797 5058 3145 5113 sustulerunt.
3176 5060 3366 5115 lusus-

1793 5145 1927 5197 sime
1957 5145 2133 5210 itaque
2152 5144 2488 5198 venerabiles
2513 5143 2831 5213 patriarcha:
2857 5150 3127 5203 assumere
3167 5150 3360 5217 jucun-

1793 5233 2012 5286 ditatem
2039 5248 2286 5287 sermone
2325 5234 2644 5304 prophetico
2673 5247 3100 5293 commonentur.
3126 5239 3361 5304 Quorum

1794 5323 1993 5391 proles,
2024 5322 2076 5375 id
2098 5331 2180 5376 est
2224 5321 2467 5378 Christus
2493 5323 2772 5391 Dominus,
2795 5327 2984 5380 mortis
3028 5344 3150 5391 sine,
3182 5345 3361 5382 resur-

1795 5412 2148 5478 rectionisque
2175 5414 2449 5482 mysterio,
2471 5415 2629 5467 etiam
2647 5417 2899 5482 praeteriti
2920 5419 3097 5471 saeculi
3123 5418 3363 5476 Patribus

1796 5505 1959 5566 vitam
1989 5503 2182 5554 refudit
2215 5504 2484 5557 amissam.
2510 5503 2880 5556 Jucundantur
2920 5507 3238 5562 omnimodis
3266 5524 3361 5576 pa-

1799 5591 2059 5654 triarchae,
2092 5608 2317 5660 quorum
2347 5593 2413 5648 de
2442 5593 2679 5661 germine
2707 5602 2866 5648 natus
2904 5595 2996 5649 Dei
3027 5596 3190 5650 FllillS
3241 5598 3360 5650 uni-

2996 5686 3075 5743 20
