3896 6250
501 297 601 366 ωε)

1717 296 1772 350 S.
1815 295 2060 352 MAXIM!
2099 296 2548 356 TAURINENSIS

3647 302 3735 356 ϐω

500 423 709 462 versam
739 407 921 463 mundi
951 407 1140 462 faciem
1177 406 1455 462 diabolicis
1478 406 1674 461 dudum
1707 407 2068 478 impietatibus
2098 408 2143 466 Δ
2174 415 2306 472 stus,
2339 409 2384 464 si
2409 407 2637 474 sobrius,
2669 409 2713 464 si
2754 408 2949 478 justus,
2979 411 3021 464 si
3046 410 3325 480 paciﬁcus,
3356 411 3399 466 si
3449 412 3630 480 plenum
3656 415 3740 464 Ira—

499 495 856 561 sordidatam,
909 497 1232 551 immaculati
1276 498 1438 568 508
1503 499 1746 566 corporis
1802 499 1884 553 sui
1935 514 2075 554 novo

498 602 691 643 cruore
715 587 956 642 detersit.
989 586 1056 641 Et
1083 586 1228 656 ideo,
1259 586 1471 656 fratres,
1505 589 1630 657 quia
1661 589 1829 644 laetari
1857 590 2074 659 caelum,

498 679 771 734 exsultare
798 686 1017 746 terram,
1047 687 1260 736 montes
1286 679 1556 749 collesque
1591 681 1824 748 gaudere
1851 695 2078 749 cognos-

503 769 695 834 cimus,
721 784 819 824 nos
845 784 1062 839 quoque
1089 770 1337 837 religiosa
1361 771 1470 824 Deo
1499 777 1682 826 nostro
1713 771 1903 838 gaudia
1930 771 2076 826 defe-

499 870 709 922 ramus;
740 858 1072 913 celebremus
1092 858 1294 915 Pascha
1318 858 1547 924 Domini,
1579 866 1639 914 ut
1662 860 1738 913 ait
1765 858 2070 929 Apostolus:

503 942 628 999 Non
654 947 709 1000 in
751 949 999 1018 fomento
1027 948 1243 1002 malititr
1287 956 1338 1001 et
1380 948 1634 1017 nequitia,
1666 948 1755 1002 sed
1793 950 1850 1002 in
1879 951 2073 1017 azymis

499 1035 812 1089 sinceritatis
841 1045 869 1076 ι
895 1045 946 1090 et
973 1038 1225 1091 castitatis
1267 1036 1320 1106 (ι
1349 1035 1575 1106 Cor.‘v).
1606 1036 1941 1105 Celebrabis,
1970 1037 2074 1092 fra-

501 1133 604 1190 ter,
649 1123 854 1180 Pascha
895 1127 948 1181 in
995 1127 1196 1198 azymis
1238 1127 1562 1182 sinceritatis
1607 1135 1661 1182 et
1698 1127 1978 1191 castitatis,
2027 1128 2072 1182 si

501 1230 688 1272 sensus
713 1218 790 1271 tui
819 1218 1121 1273 redolentes
1149 1217 1470 1274 dominicum
1500 1233 1714 1288 panem,
1744 1218 1890 1273 nullo
1918 1220 2071 1274 vitio-

501 1321 618 1359 rum
659 1306 946 1375 fermento,
977 1308 1121 1362 nulla
1147 1307 1346 1362 diaboli
1392 1307 1704 1378 aspersione
1747 1309 2070 1364 coalescant.

499 1391 806 1449 Celebrabis
834 1393 1059 1461 Pascha,
1085 1402 1140 1450 et
1175 1395 1432 1452 claritatis
1451 1395 1568 1464 ejus
1593 1395 1877 1465 splendore
1904 1397 2071 1466 fulge-

501 1481 604 1548 his,
633 1483 679 1536 si
708 1483 760 1535 in
788 1485 950 1538 corde
977 1492 1070 1538 tuo
1097 1483 1254 1538 nulla:
1279 1485 1513 1539 tenebrae
1556 1485 1898 1553 cogitationis
1925 1485 2071 1541 adul-

501 1582 630 1627 tera:
675 1574 808 1628 tanti
836 1573 1153 1629 sacramenti
1197 1573 1374 1629 lumen
1419 1575 1728 1630 obscurent.
1758 1574 2068 1631 Celebrabis

2179 508 2346 556 ternze
2373 501 2616 557 caritatis
2661 501 2963 557 adveneris.
3009 501 3178 557 Nemo
3226 502 3371 558 enim
3427 511 3606 571 potest
3649 504 3738 556 vita

2179 589 2582 658 inemendabili,
2613 591 2776 646 corde
2805 591 3169 661 impmnitens,
3191 599 3248 646 et
3261 607 3384 646 cum
3406 592 3618 646 diabolo
3641 609 3734 647 sce-

2178 679 2348 733 lerum
2379 679 2575 734 habere
2600 681 2953 742 consortium,
2985 688 3040 734 et
3067 695 3186 734 cum
3215 679 3434 736 Christo
3461 683 3741 735 sanctitatis

2179 770 2453 825 celebrare
2481 771 2812 842 mysterium.
2839 771 3180 840 Deponamns
3229 771 3410 840 itaque
3451 787 3612 826 omne
3651 773 3737 825 ini-

2177 860 2399 928 quitatis
2423 860 2762 927 fermentum,
2793 869 2852 914 ut
2891 861 3158 930 possimus
3183 873 3315 914 vere
3343 861 3630 930 participas
3655 862 3740 914 liu-

2173 949 2260 1018 jus
2279 964 2396 1005 esse
2415 950 2630 1017 Iaztitiaa,
2661 949 2728 1005 ad
2755 965 2914 1020 quam
2943 967 3040 1021 per
3058 951 3315 1021 Spiritum
3329 959 3596 1015 sanctum,
3622 967 3740 1005 voce

2176 1041 2507 1112 prophetica,
2538 1047 2750 1095 montes
2779 1049 3148 1095 convocantur
3173 1048 3228 1094 et
3253 1039 3452 1103 colles,
3501 1041 3568 1094 ad
3595 1056 3739 1108 quam

2176 1130 2341 1184 etiam
2364 1129 2556 1182 cmlum
2586 1129 2843 1182 invitatur
2870 1134 2924 1182 et
2973 1136 3136 1183 terra.
3169 1127 3298 1194 Quis
3326 1128 3470 1182 enim
3494 1129 3566 1182 ita
3593 1143 3738 1182 sensu

2173 1217 2355 1272 hebeti
2381 1218 2596 1286 stupet?
2623 1215 2753 1283 Quis
2775 1217 2847 1271 ita
2876 1217 3066 1272 mersis
3092 1217 3145 1271 in
3173 1225 3373 1271 terram
3398 1215 3569 1272 oculis
3597 1224 3738 1269 tene-

2173 1309 2331 1366 brosa
2377 1315 2556 1363 mente
2583 1315 2814 1363 meatus
2851 1314 2955 1374 est,
2983 1307 3075 1375 qui
3118 1321 3224 1361 non
3252 1306 3369 1361 hare
3416 1306 3580 1361 totius
3606 1304 3739 1359 orbis

2171 1407 2298 1454 vota
2337 1398 2484 1453 omni
2531 1413 2652 1453 cum
2682 1398 3041 1452 exsultatione
3083 1396 3447 1460 concelebret,
3479 1396 3530 1450 in
3558 1394 3738 1464 quibus

2173 1488 2422 1544 remissio
2443 1495 2811 1558 peccatorum,
2833 1485 3256 1556 regenerationis
3275 1486 3444 1552 gratia
3460 1523 3477 1548 ,
3504 1483 3738 1552 redemp-

2174 1578 2335 1634 tionis
2361 1577 2692 1648 mysterium,
2722 1575 3131 1633 resurrectionis
3157 1574 3349 1643 gloria,
3378 1581 3434 1628 et
3459 1588 3580 1642 spes
3603 1581 3738 1625 :rtcr-

502 1657 707 1718 l‘asclta
737 1662 792 1716 in
818 1663 1018 1733 azymis
1043 1662 1304 1731 veritatis,
1333 1663 1380 1718 si
1409 1662 1478 1718 ad
1520 1661 1813 1719 Ecclesiam
1855 1664 1950 1720 Dei
1977 1680 2071 1720 ca-
2105 1662 2148 1721 Β
2175 1667 2359 1721 nitatis
2386 1664 2618 1720 arridet?
2654 1714 2656 1717 .

1864 1777 2134 1840 SERMO
2177 1779 2373 1839 XLII.

1551 1871 1630 1927 De
1651 1872 1832 1927 eadem
1862 1870 2138 1930 Paschatis
2168 1875 2492 1931 solemnitate
2520 1871 2682 1928 XIV.

1930 1981 2324 2037 ADMONITIO.

575 2065 653 2122 Ne
675 2067 863 2140 eadem
882 2067 1164 2140 scribendo
1191 2068 1388 2140 nostris
1414 2066 1704 2140 lectoribus
1730 2067 1940 2140 molesti
1967 2070 2410 2140 simus,monitos
2434 2069 2958 2140 eosdemvolumus,
2993 2070 3136 2140 hunc
3164 2076 3220 2124 et
3243 2068 3336 2138 qui
3364 2070 3608 2140 sequitur
3635 2085 3742 2126 ser-

495 2152 706 2208 monem
727 2136 798 2208 ρδ
814 2137 1109 2208 exscriptos
1123 2153 1190 2208 ex
1212 2137 1564 2208 Ambrosiano
1584 2137 2055 2208 c_odice,vulgatos
2073 2155 2104 2192 a
2128 2139 2422 2208 Muratorio
2443 2147 2574 2208 tom.
2605 2137 2672 2193 IV
2699 2138 2963 2208 Anecdot.
2993 2138 3178 2204 luisse,
3204 2136 3529 2208 eistareq'ue
3558 2140 3611 2193 in
3639 2141 3741 2194 lau-

492 2207 617 2260 dato
644 2206 829 2261 codice
854 2204 1169 2261 Taurinensi
1189 2221 1336 2260 num.
1363 2205 1452 2272 20,
1478 2214 1533 2261 et
1557 2204 1805 2262 adnotari
1828 2204 2016 2263 deesse
2043 2223 2323 2264 sermones
2347 2206 2436 2270 2f,
2461 2207 2550 2274 22,
2579 2207 2671 2276 23,
2700 2207 2769 2260 24
2789 2217 2844 2262 et
2863 2204 2951 2261 25.

492 2317 878 2371 ABGUIBNTUI.
905 2344 973 2354 -—
995 2311 1252 2385 Numanae
1270 2315 1538 2385 sapientia:
1565 2331 1728 2385 ausus
1752 2314 1923 2368 divina
1950 2331 2071 2385 per-

558 2385 838 2463 scrutantis
853 2384 1107 2463 mysteria
1134 2383 1458 2463 refelluntur,
1512 2384 1854 2463 et_quidq_ui_d
1888 2383 2069 2438 contra

559 2453 751 2507 Christi
773 2453 1109 2515 nativitatem,
1125 2453 1244 2524 niue
1263 2453 1521 2524 rationem
1536 2494 1551 2518 ,
1564 2453 2069 2524 ignominiosamque

555 2523 668 2592 ejus
717 2532 931 2575 mortem
953 2559 970 2586 ,
1027 2519 1348 2590 apponebant
1383 2519 1614 2585 ethnici,
1654 2525 1878 2592 graviter
1921 2519 2065 2593 refu-

563 2601 720 2645 tatur.

560 2679 961 2750 Redemptionis
985 2685 1180 2734 nostra:
1198 2679 1535 2750 mysterium,
1563 2677 1758 2734 fratres
1779 2679 2064 2747 carissimi,

493 2770 637 2843 quod
662 2769 730 2825 de
755 2769 898 2826 cmlo
942 2769 1166 2824 veniens
1201 2768 1428 2824 salutem
1456 2777 1696 2824 nostram
1726 2777 1980 2840 operatur
2019 2771 2072 2825 in

489 2860 669 2929 terris,
699 2866 848 2913 tanta
890 2873 949 2914 se
996 2855 1278 2926 majestate
1325 2865 1578 2927 tantaque
1626 2857 1933 2927 dignatione
1970 2861 2075 2914 cir-

488 2947 736 3014 cumfert,
764 2956 820 3002 ut
847 2948 1017 3003 virtus
1044 2947 1161 3016 ejus
1197 2956 1253 3003 et
1281 2936 1480 3002 veritas
1499 2948 1710 3004 occulta
1743 2949 1815 3003 sit
1834 2948 2072 3019 perﬁdis,

2176 2316 2544 2386 immoderatis
2564 2315 3039 2387 disceptationibus
3065 2317 3178 2372 suis
3205 2325 3393 2386 partus
3419 2317 3635 2373 feminei
3657 2318 3746 2372 de-

2173 2406 2406 2476 spiciunt
2433 2407 2724 2472 vilitatem;
2754 2422 2854 2462 nos
2890 2421 3022 2461 vero
3045 2407 3325 2461 illuminati
3358 2408 3462 2462 llde
3485 2409 3752 2477 virginalis

2174 2496 2314 2550 uteri
2337 2497 2658 2566 suspicimus
2699 2504 3115 2552 sacramentum.
3156 2496 3402 2551 Christus
3433 2498 3580 2551 enim
3621 2495 3748 2550 Deus

2174 2601 2239 2643 ac
2260 2587 2517 2642 Dominus
2542 2594 2728 2642 noster
2755 2587 2828 2642 ita
2854 2587 2907 2641 in
2934 2587 3247 2656 semetipso,
3269 2585 3414 2655 quod
3441 2587 3676 2641 habebat
3691 2587 3750 2640 de

2174 2675 2353 2743 Patre,
2383 2683 2440 2731 et
2456 2676 2604 2745 quod
2630 2676 2698 2731 de
2724 2684 2897 2732 matre
2921 2675 3183 2739 sumebat,
3215 2673 3469 2730 ineffabili
3502 2676 3750 2732 societate

2173 2767 2432 2833 devinxit,
2479 2775 2536 2822 ut
2583 2765 2967 2823 incarnationis
2994 2765 3111 2835 ejus
3155 2766 3514 2836 profundum,
3547 2765 3750 2836 repulsa

2172 2857 2364 2927 procul
2415 2857 2718 2927 sapientum
2749 2855 3064 2926 prudentia,
3111 2856 3424 2925 simplicitas
3474 2857 3753 2925 inspiceret

2175 2947 2536 3016 parvulorum.
2570 2946 2809 3016 Denique
2849 2954 2908 3000 ut
2934 2946 3002 3000 ad
3037 2946 3314 3015 sequentia
3341 2946 3652 3010 veniamus,
3691 2945 3754 2999 ri-

487 3037 774 3093 manifesta
801 3035 1161 3092 credentibus.
1229 3034 1298 3090 Ut
1339 3036 1483 3091 enim
1519 3035 1664 3107 quod
1702 3045 1784 3092 est
1829 3046 2072 3093 sanctum
2098 3055 2145 3117 ο
2175 3035 2305 3089 dent
2341 3043 2528 3104 gentes
2555 3036 2700 3107 quod
2726 3037 3010 3092 cruciﬁxus
3037 3045 3122 3091 est
3147 3035 3413 3105 Christus,
3447 3051 3557 3091 non
3589 3036 3753 3092 inten-

489 3127 735 3183 lidelibus
762 3127 1070 3193 innotescit,
1102 3126 1176 3180 ita
1204 3140 1320 3180 rem
1366 3124 1489 3180 ﬁdei
1523 3125 1708 3180 videre
1747 3141 1856 3181 non
1894 3133 2076 3196 potest

489 3217 730 3290 perﬁdia.
780 3219 842 3273 ln
867 3217 1238 3273 examinandis
1275 3233 1507 3286 namque
1552 3217 1866 3274 caelestibus
1914 3219 2075 3274 rebus

489 3309 634 3364 omni
660 3309 926 3378 sapientia
975 3306 1267 3363 infatuatur
1293 3308 1546 3375 humana,
1598 3315 1760 3378 atque
1794 3323 1954 3363 omne
1981 3323 2078 3363 cor

493 3396 724 3454 mortale
745 3398 1026 3469 torpescit,
1053 3406 1111 3452 ut
1136 3399 1214 3451 ait
1233 3398 1651 3466 gloriosissimus
1677 3398 1866 3453 doctor
1880 3395 2077 3454 Paulus

493 3487 771 3559 apostolus
803 3504 816 3540 :
862 3487 1138 3558 Sapientia
1163 3487 1315 3557 hujus
1358 3488 1538 3542 mundi
1573 3488 1794 3542 stultitia
1837 3494 1914 3541 est
1939 3487 2078 3558 apud

494 3578 660 3634 Deum
685 3577 740 3650 (1
765 3575 887 3633 Cor.
918 3577 997 3650 v).
1027 3577 1148 3647 Ipse
1201 3579 1366 3633 etiam
1413 3578 1672 3634 Dominus
1723 3594 1787 3634 ac
1832 3577 2081 3635 Salvator

492 3677 682 3726 noster
725 3668 912 3724 mundi
953 3667 1112 3738 hujus
1150 3669 1470 3738 sapientiam
1499 3669 1796 3740 reprobans
1819 3668 2031 3724 dicebat
2061 3687 2076 3724 :

493 3759 655 3832 5w
678 3757 887 3814 Gratius
911 3759 1000 3813 tibi
1031 3776 1150 3830 ago,
1188 3758 1366 3825 Pater,
1386 3761 1508 3831 quia
1542 3760 1856 3814 abscondisti
1902 3761 2010 3816 lucc
2047 3777 2081 3815 α

494 3849 811 3919 sapientibus
857 3858 907 3903 et
941 3849 1308 3920 prudentibus,
1365 3861 1415 3904 et
1455 3851 1694 3905 reuelasti
1740 3867 1802 3904 ea
1851 3851 2080 3922 parvulis

499 3936 718 4009 (Matth.
743 3937 842 4008 xi).
872 3937 1069 3992 Discite
1111 3937 1292 4006 itaque
1334 3953 1434 4008 per
1459 3939 1593 4003 hmc,
1639 3936 1855 4006 fratres,
1896 3943 2079 3994 sacra-

496 4037 682 4084 menta
701 4030 825 4084 vita:
850 4037 1050 4084 nostra:
1079 4043 1187 4084 non
1206 4028 1592 4099 philosophicis
1619 4029 1948 4099 assequenda
1985 4030 2073 4086 doc

496 4119 704 4185 ctrinis,
730 4117 829 4174 sed
854 4118 1200 4189 parvulorum
1227 4118 1570 4190 simplicitate
1615 4119 1908 4185 credenda,
1957 4120 2084 4188 quia

499 4209 771 4280 profundo
791 4209 886 4265 illo
910 4207 1006 4264 Dei
1035 4209 1207 4266 nostri
1245 4223 1549 4280 magnoque
1565 4209 1791 4280 judicio,
1817 4208 1963 4279 quod
1998 4225 2086 4265 sa-

500 4298 774 4371 pientibus
797 4297 1068 4362 conditur,
1095 4298 1320 4368 parvulo
1340 4299 1626 4354 revelatur.
1660 4297 1919 4354 Parvulus
1941 4299 2083 4353 enim

2175 3123 2366 3180 dentes
2402 3126 2527 3195 quia
2582 3140 2683 3195 per
2725 3140 2936 3181 crucem
2996 3125 3138 3181 illius
3184 3125 3414 3181 mundus
3466 3127 3755 3188 intremuit,

2174 3212 2388 3270 clausus
2438 3222 2522 3268 est
2556 3214 2672 3269 dies
2715 3223 2790 3279 et,
2833 3213 2988 3284 quod,
3010 3214 3168 3269 nullis
3205 3223 3361 3269 antea
3403 3216 3633 3282 contigit
3667 3230 3752 3268 sae-

2175 3302 2340 3368 culis,
2386 3303 2510 3358 cmli
2572 3303 2854 3358 Dominum
2905 3302 3113 3359 inferna
3174 3302 3442 3358 viderunt.
3492 3303 3756 3372 Adjiciunt

2175 3393 2362 3462 etiam,
2389 3393 2629 3450 dicentes
2653 3412 2666 3447 :
2698 3392 2981 3460 Quomodo
3005 3391 3251 3450 Christus
3277 3402 3460 3448 vester
3485 3402 3545 3448 ut
3566 3393 3710 3449 Deus
3730 3409 3756 3447 a

2175 3485 2330 3540 vobis
2375 3487 2591 3551 colitur,
2640 3487 2732 3555 qui
2780 3486 2957 3540 timuit
2984 3485 3161 3540 mori?
3186 3484 3244 3540 Si
3272 3499 3402 3553 ergo
3443 3485 3590 3540 nosti
3642 3486 3757 3556 quia

2177 3575 2317 3630 mori
2349 3576 2525 3630 timuit
2550 3573 2816 3643 Christus,
2846 3591 2942 3631 cur
2988 3575 3224 3644 ignoras,
3249 3590 3356 3629 non
3401 3575 3656 3642 ignavias,
3676 3574 3759 3630 sed

2179 3665 2423 3736 mysterii
2446 3663 2608 3720 fuisse
2634 3665 2778 3734 quod
2801 3665 3011 3720 timuit?
3033 3664 3233 3720 Timuit
3260 3664 3476 3733 quidem
3497 3663 3758 3727 Christus,

2178 3753 2276 3810 sed
2308 3763 2367 3809 ut
2389 3755 2580 3810 timere
2605 3763 2698 3809 aut
2724 3755 2908 3820 vellet,
2941 3761 3036 3809 aut
3075 3761 3276 3824 posset,
3307 3755 3467 3826 διο
3495 3753 3565 3809 de
3597 3752 3760 3809 nostri

2179 3842 2310 3900 illud
2330 3845 2573 3916 corporis
2600 3844 2908 3901 inﬁrmitate
2949 3854 3206 3916 suscepit.
3242 3843 3369 3900 Inde
3413 3845 3559 3899 enim
3592 3844 3760 3900 timuit

2182 3935 2324 3989 unde
2362 3941 2418 3989 et
2459 3935 2700 4001 esurivit,
2733 3935 2878 3990 unde
2923 3936 3092 3992 tristis
3135 3942 3272 3999 erat,
3305 3933 3445 3989 unde
3486 3933 3760 3997 dormivit,

2183 4025 2326 4082 unde
2346 4026 2544 4092 doluit,
2575 4025 2718 4082 unde
2766 4024 2934 4081 ﬁevit.
2973 4025 3130 4092 Quod
3175 4025 3282 4080 hoc
3325 4024 3406 4079 rei
3451 4024 3573 4079 est?
3612 4023 3763 4078 Vides

2183 4115 2457 4171 Christum
2487 4117 2763 4172 timentem
2785 4116 2946 4186 mori,
2973 4124 3030 4172 et
3057 4131 3170 4171 non
3193 4114 3390 4186 aspicis
3413 4129 3538 4169 eum
3578 4117 3763 4170 trium-

2185 4204 2331 4275 phali
2357 4220 2519 4260 manu
2555 4205 2782 4275 captivae
2819 4204 3010 4260 mortis
3035 4205 3208 4275 spolia
3234 4202 3615 4259 detrahentem
3631 4204 3657 4258 ?
3685 4202 3763 4257 Vi-

2186 4292 2282 4348 des
2327 4294 2474 4362 quod
2509 4294 2686 4349 timuit
2726 4302 2978 4363 mortem,
3006 4302 3064 4349 et
3102 4293 3284 4350 videre
3312 4293 3585 4349 detrectas
3630 4293 3763 4364 quod

499 4388 715 4453 dicitur,
743 4403 852 4444 non
889 4388 978 4445 cui
1003 4395 1135 4443 tetas
1161 4388 1233 4444 sit
1279 4385 1618 4459 imperfecta,
1647 4387 1742 4443 sed
1769 4387 1862 4457 qui
1889 4395 2087 4459 myste-
2112 4411 2166 4472 Β
2189 4392 2460 4438 mortuum
2482 4385 2792 4440 suscitavit?
2816 4384 2940 4452 Qui,
2975 4385 3273 4454 peragratis
3292 4383 3496 4450 inferis,
3524 4383 3760 4439 sibimet-

502 4478 600 4533 riis
621 4476 794 4533 nescit
808 4477 1078 4534 contraire
1095 4476 1305 4531 divinis.
1328 4475 1398 4530 Et
1420 4483 1569 4532 recte
1595 4476 1849 4547 parvulus
1877 4492 2083 4533 nuncu-

501 4573 662 4637 patur
709 4567 802 4636 qui
845 4567 1114 4622 voluntati
1155 4565 1254 4622 Dei
1280 4567 1365 4622 sui
1398 4581 1511 4623 non
1554 4575 1712 4638 parat
1748 4575 2082 4637 argumenta,

499 4657 600 4714 sed
621 4655 801 4713 ﬁdem.
833 4657 1196 4714 Absconditur
1217 4671 1348 4727 ergo
1385 4659 1640 4728 sapienti,
1694 4673 1764 4714 ne
1805 4658 2085 4714 manifesta

504 4745 709 4812 videat,
737 4746 883 4815 quod
909 4747 1141 4816 superbe
1164 4755 1223 4802 et
1247 4746 1620 4819 imprudenter
1643 4748 1844 4815 elatus,
1881 4749 2003 4819 plus
2027 4763 2086 4805 se

504 4850 698 4906 sapere
723 4849 886 4906 quam
924 4835 1093 4891 Deum
1122 4850 1302 4906 posse,
1329 4835 1623 4893 contendit.
1664 4835 1734 4891 Et
1775 4837 1899 4894 ideo
1934 4853 2084 4908 quie-

503 4929 710 4986 stiones
736 4927 1008 4985 saecularis
1043 4928 1322 4998 sapientiae
1358 4928 1678 4997 refutantes,
1702 4936 1980 4985 teneamus
2025 4930 2083 4982 li-

504 5018 627 5074 dem
668 5032 790 5089 qua:
828 5018 1063 5089 parvulis
1089 5018 1380 5086 revelatur,
1408 5019 1783 5076 incunctanter
1809 5020 2090 5076 credentes

506 5109 824 5178 operatione
849 5109 1056 5165 caelesti
1082 5107 1345 5179 virginem
1391 5110 1726 5180 concepisse,
1755 5118 1915 5178 atque
1943 5110 2089 5164 edito

507 5197 618 5252 ﬁlio
643 5199 906 5267 virginem
938 5200 1201 5257 mansisse
1221 5208 1346 5271 post
1370 5208 1604 5271 partum.
1629 5200 1740 5256 Nec
1782 5200 2089 5257 dubitemus

505 5303 630 5344 eum
654 5297 839 5345 natum
865 5290 934 5346 de
957 5291 1182 5360 virgine,
1211 5306 1371 5361 quem
1400 5293 1515 5348 sola
1549 5292 1709 5360 digne
1751 5292 1925 5362 potuit
1956 5308 2081 5362 par-

506 5382 674 5436 turire
703 5382 998 5451 virginitas.
1019 5381 1088 5438 Et
1105 5384 1209 5439 hoc
1228 5393 1330 5449 est,
1354 5386 1634 5451 carissimi,
1652 5385 1705 5440 in
1719 5401 1826 5457 quo
1849 5400 1878 5440 a
1899 5385 2082 5440 mundi

496 5473 663 5544 hujus
701 5475 1036 5546 sapientibus
1079 5475 1468 5546 discrepamus,
1498 5479 1623 5547 quia
1650 5478 1728 5533 illi
1769 5477 1822 5532 in
1864 5475 2080 5533 Christo

578 5642 604 5667 ⁸
643 5631 863 5702 Vulgata
893 5633 1018 5702 legit
1037 5642 1087 5687 et
1106 5632 1354 5688 ueritatis.

2191 4474 2292 4545 ipsi
2317 4475 2480 4529 vitam
2519 4473 2750 4530 reddidit
2771 4483 2895 4545 post
2920 4475 3263 4544 sepulcrum?
3291 4474 3412 4530 Noli
3444 4488 3577 4544 ergo
3626 4475 3762 4530 illum

2191 4566 2466 4635 despicere
2492 4577 2783 4628 mortuum,
2807 4567 2899 4636 qui
2935 4568 3270 4637 sepulturam
3315 4581 3468 4622 suam
3497 4580 3764 4622 resurrec-

2194 4655 2339 4710 tione
2367 4655 2650 4724 gloriﬁcat.
2682 4654 2759 4711 De
2781 4663 2955 4712 matre
2981 4657 3125 4711 enim
3153 4656 3320 4712 traxit
3365 4649 3512 4726 quad
3539 4663 3762 4711 mortem

2191 4752 2532 4814 susceperat;
2561 4760 2592 4798 a
2621 4744 2780 4800 Patre
2807 4744 2998 4800 detulit
3014 4744 3158 4815 quod
3179 4752 3450 4800 mortuum
3462 4745 3762 4800 suscitaret.

2192 4833 2431 4902 Surgens
2458 4841 2639 4889 autem
2683 4834 2751 4889 ab
2780 4835 2988 4904 inferis,
3031 4844 3092 4890 ut
3135 4835 3446 4891 ostenderet
3463 4835 3568 4890 sibi
3598 4835 3763 4890 inesse

2192 4924 2440 4979 suscitati
2471 4924 2554 4979 sui
2599 4925 2840 4994 corporis
2884 4925 3194 4993 veritatem,
3242 4923 3317 4978 ait
3368 4923 3437 4978 ad
3481 4922 3760 4994 discipulos

2188 5030 2333 5080 suos,
2365 5014 2548 5070 dicens
2571 5031 2584 5068 :
2613 5013 2835 5085 Palpate
2859 5022 2910 5069 et
2936 5015 3119 5080 ridete,
3148 5015 3272 5086 quia
3298 5013 3515 5084 spiritus
3559 5028 3757 5068 carnem

2188 5115 2237 5161 et
2265 5123 2384 5162 ossa
2411 5123 2515 5161 non
2541 5106 2710 5172 habet,
2736 5106 2869 5159 sicut
2895 5105 3076 5159 videtis
3099 5122 3179 5158 me
3203 5103 3390 5158 habere
3418 5102 3573 5174 (Luc.
3597 5102 3756 5168 xxiv).

2191 5197 2322 5253 Ossa
2343 5213 2437 5252 sua
2465 5196 2703 5254 ostendit
2721 5204 2777 5252 et
2801 5211 3040 5261 carnem,
3069 5202 3129 5249 ut
3155 5195 3333 5249 nullus
3359 5193 3659 5261 ambigeret
3692 5193 3754 5260 ip-

2189 5306 2308 5346 sum
2334 5289 2560 5346 rediisse
2598 5287 2666 5344 de
2711 5288 2917 5343 tumqu
2959 5287 3050 5357 qui
3075 5286 3244 5342 clavis
3279 5285 3454 5340 fuerat
3481 5284 3758 5340 transﬁxus

2190 5381 2242 5434 in
2271 5379 2435 5447 ligno.
2473 5378 2713 5448 Palpate,
2761 5377 2951 5446 inquit,
2979 5383 3028 5431 et
3074 5375 3239 5430 uidete
3267 5391 3286 5430 :
3317 5374 3371 5428 id
3421 5381 3506 5429 est
3553 5373 3757 5444 palpate

2190 5485 2374 5540 manu,
2421 5469 2603 5526 videte
2649 5467 2769 5534 ﬁde,
2797 5467 2921 5538 quia
2948 5467 3086 5524 inest
3111 5465 3240 5522 mihi
3285 5472 3343 5522 ct
3377 5466 3627 5537 corporis
3664 5460 3756 5516 mei
