3896 6250
104 340 195 394 621

1540 352 1768 409 SERMO
1806 353 1976 412 XLIII.

3303 372 3410 422 6‘29.

103 459 319 521 veritas,
355 468 417 513 et
446 461 759 530 proprietas
779 463 1008 518 deitatis.
1043 463 1269 535 Spiritus
1285 481 1492 518 carnem
1516 475 1564 518 et
1592 483 1712 520 ossa
1741 472 1786 529 Α
1818 470 1909 537 qui
1939 469 1991 522 in
2020 485 2249 541 corpore
2277 487 2398 529 meo
2426 475 2702 530 clavorum
2734 477 2980 547 vestigia,
2999 495 3105 533 non
3135 481 3288 544 mihi,
3312 491 3407 538 sed

102 563 199 599 non
229 548 413 616 habet,
445 551 589 603 sicut
617 553 898 606 meridctis
920 554 1125 608 habere.
1150 555 1211 609 Id
1239 563 1343 623 est,
1365 572 1473 610 non
1503 564 1584 611 est
1613 573 1711 610 na-

102 647 231 692 tum:
281 648 342 692 ut
371 641 608 708 spiritus
638 642 722 696 vel
754 657 873 697 ossa
912 645 1082 712 possit
1110 644 1311 699 habere
1338 647 1426 700 vel
1455 661 1704 711 carnem;

102 741 220 783 meo
244 743 382 782 vero
415 731 689 799 mysterio
736 730 934 786 factum
965 741 1068 801 est,
1100 749 1219 788 mea
1267 733 1546 803 Patrisque
1600 736 1707 790 mei

102 820 317 884 virtute,
351 829 416 873 ut
446 829 508 875 et
538 836 668 876 caro
689 836 806 876 mea
825 823 879 876 in
904 824 1114 893 spiritu,
1137 833 1190 879 et
1219 825 1437 894 spiritus
1467 826 1709 880 in‘carne

102 923 312 978 semper
338 911 480 963 mihi
535 912 844 980 inseparata
873 921 1206 969 constarent.
1233 914 1422 968 Videte
1449 927 1596 983 ergo,
1629 915 1709 967 vi-

103 999 240 1064 dete,
271 1003 402 1070 quia
436 1016 548 1071 ego
579 1003 694 1072 ipse
732 1020 870 1074 sum,
897 1005 990 1073 qui
1012 1005 1179 1061 clavis
1206 1006 1503 1075 lanceaque
1533 1013 1706 1060 trans-

103 1089 272 1145 fossus
312 1101 560 1147 mortem
591 1095 830 1150 timendo
862 1113 967 1152 non
997 1097 1170 1165 timui,
1201 1098 1292 1168 qui
1322 1098 1540 1152 vulnera
1583 1111 1703 1176 mea

107 1195 207 1235 non
229 1181 581 1238 medicinalis
609 1185 739 1240 artis
769 1185 1049 1253 industria,
1072 1186 1166 1242 sed
1195 1187 1474 1243 moriendo
1495 1187 1702 1254 curavi,

1814 566 2009 614 vestrm
2060 560 2182 616 ﬁdei
2230 563 2516 617 reservavi.
2569 563 2726 619 Volui
2766 567 2910 621 enim
2964 567 3214 624 salutaris
3267 573 3405 631 illius

1814 649 2078 716 passionis
2107 650 2162 704 in
2191 666 2277 706 me
2301 666 2410 706 non
2428 650 2608 708 delere
2635 654 2972 720 memoriam,
2998 664 3057 711 ut
3077 658 3129 712 in
3154 661 3405 717 cordibus

1815 741 2009 794 vestris
2055 742 2465 797 resurrectionis
2502 757 2637 798 mea:
2676 745 2879 800 veritas
2926 759 3290 816 permaneret.
3336 752 3403 805 Et

1819 829 1964 896 ideo,
1995 831 2206 897 fratres,
2262 834 2589 889 honoremus
2635 835 2846 891 Domini
2884 840 3163 904 morientis
3208 852 3404 913 mystc-

1812 919 1972 988 rium,
1996 929 2056 975 ut
2076 923 2340 992 possimus
2377 925 2602 993 gloriam
2631 930 2959 995 resurgentis
3003 932 3270 1000 accipere.
3299 933 3401 987 Ve-

1812 1023 2062 1065 neremur
2104 1012 2436 1078 cruciﬁxum,
2470 1023 2528 1068 ut
2575 1031 2879 1072 mereamur
2927 1033 3053 1074 eum
3099 1021 3284 1077 videre
3315 1037 3402 1077 rc-

1809 1107 2080 1166 gnantem.
2132 1103 2305 1172 Elegit
2328 1105 2472 1160 enim
2511 1107 2677 1172 mori,
2707 1124 2814 1163 non
2846 1117 2904 1163 ut
2953 1110 3102 1166 illum
3142 1113 3241 1167 sibi
3283 1113 3399 1167 vin-

1807 1190 2012 1246 dicaret
2038 1191 2290 1258 infernus,
2322 1195 2416 1251 sed
2447 1206 2503 1251 ut
2532 1207 2774 1256 mortuos
2801 1214 2831 1253 a
2867 1203 3094 1258 mortuis
3122 1203 3394 1260 liberaret.

1480 1319 1748 1382 SERMO
1795 1323 2016 1385 XLIII.

1208 1419 1286 1488 De
1313 1420 1489 1473 eadem
1525 1420 1800 1476 Paschatis
1828 1424 2152 1479 solemnitate
2180 1426 2308 1482 XV.

109 1526 258 1602 511
287 1528 766 1602 ABGUIiEiN‘filli.f—
778 1528 966 1602 Christi
994 1529 1253 1602 humilitas
1272 1531 1427 1602 .miris
1456 1532 1703 1602 certisque

169 1597 431 1680 illustrata
446 1599 550 1678 fuit
567 1599 845 1679 divinitatis
873 1597 1247 1680 splendor-ilius.
1269 1598 1496 1670 Utraque
1511 1597 1701 1680 natura

170 1666 306 1736 quod
335 1666 614 1736 proprium
638 1677 748 1720 erat
777 1669 830 1720 in
867 1666 927 1721 eo
956 1669 1075 1736 egit,
1107 1677 1162 1720 ut
1209 1666 1434 1720 humanis
1471 1670 1701 1722 conditio

174 1736 360 1788 divina
389 1737 609 1789 serriret
651 1737 1044 1806 dispensationi,
1075 1746 1124 1789 et
1152 1739 1320 1805 forma
1355 1737 1563 1806 deitatis
1604 1737 1701 1791 Fi-

1809 1534 2050 1603 injurias.
2081 1535 2208 1592 Inde
2229 1539 2388 1593 etiam
2420 1549 2555 1606 erat,
2579 1543 2723 1611 quod
2752 1544 2877 1600 dum
2909 1548 3051 1603 inter
3072 1565 3390 1610 concertan-

1811 1631 1892 1678 tes
1918 1624 2130 1681 Judmos
2150 1628 2215 1683 de
2264 1629 2381 1698 ipso
2411 1630 2640 1688 Domino
2686 1637 3008 1706 p0pulorum
3039 1640 3270 1699 ferveret
3313 1647 3393 1701 di-

1805 1726 1960 1767 versa
1983 1718 2269 1782 sententia,
2301 1720 2439 1774 alter
2459 1721 2608 1775 illum
2631 1723 2963 1794 despiciebat
3015 1739 3072 1785 ut
3098 1733 3387 1803 hominem,

171 1806 294 1857 tium
324 1806 581 1870 hominis,
612 1804 792 1876 nempe
838 1805 1121 1873 Christum,
1145 1804 1393 1878 wqquem
1440 1805 1551 1861 Deo
1607 1807 1698 1861 de-
1737 1847 1780 1905 Β
1807 1804 1942 1859 alter
1961 1807 2259 1862 mirabatur
2280 1818 2336 1864 ut
2362 1812 2550 1866 Deum.
2603 1814 2730 1870 Inde
2755 1827 2872 1872 erat
2895 1827 2953 1874 ut
2977 1823 3066 1876 alii
3096 1823 3390 1882 illum‘cru-

172 1883 512 1927 monstraret.

173 1981 432 2052 Supernae
463 1983 763 2039 voluntatis
790 1999 854 2040 ac
876 1983 1244 2055 dispositionis
1273 1986 1537 2056 profunda
1555 2030 1569 2052 ,
1595 1988 1704 2043 fra-

111 2080 214 2126 tres
233 2074 529 2141 carissimi,
559 2074 662 2129 nisi
688 2074 754 2129 de
776 2074 879 2129 fide
899 2089 1208 2145 sequamur,
1237 2076 1589 2145 intelligentia
1620 2078 1704 2131 in-

111 2165 441 2219 terturbatur
468 2166 728 2234 humana,
751 2175 806 2220 et
830 2167 884 2221 in
915 2167 1286 2236 magnitudine
1312 2183 1537 2238 operum
1575 2169 1705 2223 divi-

109 2267 312 2319 norum,
346 2255 453 2308 nisi
504 2255 892 2324 omnipotentis
933 2255 1030 2310 Dei
1078 2266 1406 2312 terreremur
1442 2258 1698 2324 arbitrio,

109 2343 342 2397 mortalis
395 2345 599 2414 ingenii
647 2345 786 2399 ratio
825 2345 974 2399 velut
1025 2345 1230 2400 infirma
1277 2348 1598 2402 succumbit.
1634 2347 1702 2402 Et

107 2430 224 2486 ideo
251 2449 372 2501 qua:
431 2435 576 2489 Deus
603 2435 733 2503 agit,
781 2451 887 2488 non
935 2444 1063 2489 sunt
1109 2436 1350 2490 rimanda
1381 2438 1580 2504 verbis,
1603 2436 1699 2491 sed

108 2519 388 2577 devotione
415 2523 706 2578 credenda.
731 2524 864 2578 Nam
893 2525 948 2579 in
988 2524 1256 2580 Christum
1287 2525 1572 2580 Dominum
1602 2543 1698 2582 no-

107 2618 263 2664 strum
317 2612 391 2665 ita
445 2613 544 2668 Dei
581 2613 921 2684 hominisque
965 2625 1302 2671 sacramenta
1343 2625 1694 2683 concurrunt,

112 2707 166 2752 ut
185 2700 279 2755 sub
299 2703 538 2770 quodam
561 2704 784 2771 gemina:
805 2705 1032 2760 actionis
1054 2703 1252 2770 officio,
1268 2712 1324 2758 et
1347 2705 1399 2758 in
1415 2704 1698 2773 majestate

110 2787 219 2856 ejus
247 2791 526 2847 humilitas
552 2793 772 2863 fulgeat,
808 2802 861 2848 et
900 2803 1090 2864 regnet
1116 2796 1170 2849 in
1198 2795 1500 2849 humilitate
1530 2796 1697 2864 maje-

111 2887 232 2935 stas.
261 2879 388 2936 Erat
407 2885 612 2953 quippe
639 2885 751 2953 ipse
771 2883 1015 2941 Christus
1034 2885 1133 2939 sub
1155 2885 1362 2940 unitate
1384 2885 1696 2940 substantiae

112 2967 341 3037 diverse,
381 2988 481 3041 per
510 2974 766 3044 mysteria
815 2974 1205 3044 redemptionis
1251 2982 1468 3042 nostrze,
1524 2976 1694 3032 homo

112 3067 313 3129 potens,
361 3070 416 3116 et
446 3064 667 3118 humilis
697 3063 867 3130 Deus;
893 3066 990 3120 sed
1017 3065 1309 3121 secundum
1356 3065 1690 3137 propositum

1805 1893 2104 1965 ciﬁgerent,
2127 1899 2215 1953 alii
2244 1898 2559 1969 adorarent;
2584 1905 2719 1960 sicut
2745 1915 2799 1962 et
2824 1909 3062 1970 latrones
3090 1915 3163 1969 illi
3191 1919 3391 1986 pariter

1803 1985 2066 2056 erucifixi,
2094 2005 2231 2044 unus
2255 1990 2402 2046 illum
2426 2000 2678 2064 tanquam
2701 2009 3010 2056 consortem
3036 2007 3302 2074 supplicii,
3335 2017 3389 2063 ut

1803 2074 2038 2144 perﬁdus
2068 2079 2400 2150 increpabat,
2433 2084 2571 2140 alter
2595 2095 2652 2140 ut
2674 2087 2842 2144 Deum
2871 2093 3110 2150 sentiens
3133 2099 3390 2165 precaba-

1800 2171 1906 2218 tur.
1943 2165 2010 2219 Et
2047 2168 2189 2234 ideo,
2215 2170 2428 2238 fratres,
2454 2174 2576 2242 quia
2600 2187 2716 2231 erat
2745 2188 2873 2235 tunc
2901 2183 3059 2238 simul
3098 2186 3151 2240 in
3175 2187 3387 2246 Christo

1800 2264 1854 2310 et
1883 2260 2158 2325 regnantis
2201 2261 2520 2333 dominatio,
2570 2276 2625 2322 et
2678 2270 3032 2328 ministerium
3080 2280 3387 2338 servientis.

1799 2343 1931 2398 Nam
1961 2362 2085 2401 cum
2114 2349 2166 2403 in
2198 2349 2367 2406 forma
2397 2354 2490 2409 Dei
2512 2365 2673 2421 esset,
2722 2365 2782 2414 ut
2818 2361 2980 2417 docet
3033 2363 3230 2424 Paulus
3258 2386 3388 2440 apo-

1799 2434 1989 2500 stolus,
2015 2437 2240 2493 formam
2268 2441 2440 2498 induit
2460 2448 2897 2505 servitutis.Erat
2920 2469 3107 2509 revera
3136 2457 3188 2511 in
3218 2434 3386 2519 for-ma

1798 2523 1894 2578 Dei
1922 2523 2187 2595 Christus,
2219 2546 2342 2586 cum
2368 2548 2562 2602 aquam
2588 2537 2640 2591 in
2674 2539 2796 2594 vina
2825 2545 3086 2599 vertendo
3115 2557 3386 2605 creatura-

1798 2629 1915 2669 rum
1944 2631 2002 2671 se
2030 2633 2154 2682 esse
2175 2620 2451 2678 dominum
2482 2628 2774 2684 revelabat.
2818 2631 2876 2687 In
2903 2633 3078 2691 forma
3120 2639 3216 2694 Dei
3245 2652 3381 2708 erat,

1797 2719 1919 2758 cum
1939 2716 2212 2778 pnecepto
2241 2710 2412 2780 ipsius
2452 2714 2520 2770 de
2549 2717 2783 2775 obsessis
2824 2726 3146 2793 corporibus
3187 2745 3253 2785 ac
3291 2748 3384 2787 ve-

1797 2794 1955 2850 tustis
1983 2810 2015 2850 e
2042 2798 2259 2854 sedibus
2306 2803 2664 2862 reclamantes
2719 2810 2988 2868 daemones
3025 2818 3383 2885 pellebantur.

1795 2882 1927 2938 Erat
1954 2885 2006 2938 in
2029 2886 2126 2941 Dei
2155 2887 2346 2957 forma,
2376 2907 2500 2948 cum
2526 2897 2717 2953 mediis
2748 2900 2801 2955 in
2831 2882 3082 2961 ﬂuctibus
3124 2909 3263 2963 unda
3298 2926 3385 2965 so-

1795 2973 1978 3041 lidata,
2005 2992 2104 3033 nec
2121 2987 2303 3036 tamen
2331 2984 2451 3039 sine
2481 2987 2697 3056 timore,
2731 2996 3058 3051 venerandis
3079 2998 3195 3067 ejus
3222 3005 3384 3058 vesti-

1792 3065 1893 3132 giis
1911 3068 2198 3124 serviebat.
2224 3071 2280 3126 ln
2311 3072 2480 3130 forma
2502 3087 2681 3135 autem
2703 3085 2843 3139 servi
2869 3096 3006 3154 erat,
3032 3065 3153 3145 cum
3177 3093 3384 3151 itineris

114 3149 284 3216 gloria:
311 3169 419 3207 sua:
462 3154 736 3209 humilitas
765 3154 860 3210 Dei
889 3155 1052 3210 homo
1097 3164 1180 3210 est
1198 3197 1215 3225 ,
1243 3163 1298 3211 et
1324 3156 1566 3226 potentia
1591 3156 1690 3211 lio-
1718 3191 1764 3255 Ο
1794 3154 2105 3225 fatigatione
2135 3160 2361 3218 lassatus
2388 3167 2538 3222 velut
2575 3172 2919 3240 requiescens
2951 3149 3116 3248 super
3143 3197 3204 3237 os
3233 3187 3382 3254 putei

113 3240 260 3295 minis
287 3243 427 3299 Deus
455 3254 560 3299 est.
592 3244 818 3299 Humilis
842 3260 973 3300 sane
1011 3246 1210 3300 dicitur
1236 3245 1405 3312 Dens,
1439 3246 1529 3300 ubi
1553 3261 1690 3314 prae—

113 3333 393 3398 rogativam
423 3337 659 3406 propria:
697 3336 993 3393 divinitatis
1032 3337 1297 3393 inclinans
1344 3339 1492 3393 cruci
1531 3353 1688 3393 suum

112 3433 293 3490 corpus
319 3425 482 3495 affigi,
518 3425 722 3480 mundo
748 3427 868 3496 ipso
915 3426 1150 3496 lugente,
1177 3427 1452 3497 permisit;
1497 3435 1552 3482 et
1589 3444 1690 3498 po-

116 3518 222 3565 tens
247 3521 326 3566 est
371 3516 536 3571 homo
567 3516 621 3569 in
649 3516 761 3571 Deo
785 3531 905 3580 suo,
947 3531 1068 3571 cum
1097 3517 1250 3572 verbi
1291 3517 1406 3586 ejus
1459 3519 1687 3588 imperio

113 3599 435 3662 inﬁrmitates
452 3607 756 3674 discedunt,
775 3608 1424 3677 sanitateslanguentibus
1434 3609 1684 3680 redeunt,

114 3687 356 3748 immundi
385 3697 595 3765 fugiunt
616 3697 856 3767 spiritus,
886 3705 942 3751 et
973 3697 1149 3766 angeli
1172 3692 1559 3767 obsequuntur.
1590 3699 1687 3754 ιω-

112 3790 205 3844 que
231 3795 347 3837 cum
381 3788 508 3840 novi
538 3786 772 3865 hominis
817 3787 976 3855 hujus
1001 3789 1071 3842 sit
1113 3796 1261 3842 tanta
1290 3791 1554 3858 potentia,
1587 3791 1684 3846 dc-

115 3865 285 3926 bemus
304 3875 585 3933 advertere
606 3879 731 3948 quia
761 3880 934 3934 omnis
962 3880 1048 3934 illa
1071 3880 1166 3935 Dei
1195 3881 1468 3936 humilitas
1496 3882 1682 3951 digna-

116 3957 259 4015 tionis
281 3971 362 4018 est
406 3967 600 4035 pietas,
640 3983 746 4023 non
776 3967 976 4024 deletio
1007 3971 1312 4037 potestatis.
1348 3969 1450 4025 Per
1472 3970 1577 4026 hoc
1606 3973 1679 4025 ni-

117 4047 286 4104 mirum
307 4057 723 4113 sacratissimum
745 4059 1130 4114 incarnationis
1150 4061 1489 4131 mysterium,
1521 4063 1594 4116 ita
1623 4063 1677 4116 in

115 4150 260 4194 unum
287 4143 568 4203 Dominum
590 4163 856 4219 unamque
887 4165 1171 4219 personam
1195 4166 1320 4207 caro
1343 4153 1596 4207 convenit
1623 4163 1679 4207 et

115 4224 416 4302 Verbum,ut
434 4247 488 4292 et
502 4239 641 4294 Deus
667 4248 946 4310 putaretur
958 4249 1117 4297 natus
1141 4259 1172 4298 e
1192 4243 1411 4310 femina,
1442 4251 1497 4297 et
1514 4244 1676 4299 homo

113 4320 337 4405 credatur
348 4330 556 4384 venisse
576 4330 643 4386 de
666 4332 824 4399 calo,
842 4333 1137 4389 secundum
1150 4335 1295 4405 quod
1317 4337 1392 4390 ait
1406 4336 1676 4404 Salvator,

113 4403 275 4465 dicens
304 4432 317 4466 :
351 4415 518 4474 Nemo
539 4422 766 4475 ascendit
785 4423 840 4475 in
865 4423 1068 4492 caelum,
1099 4403 1200 4478 nisi
1223 4429 1308 4496 qui
1329 4426 1591 4480 descendit
1613 4403 1676 4481 de

1791 3246 2034 3302 sedebat.
2065 3248 2318 3307 Formam
2347 3258 2490 3311 servi
2542 3261 2756 3328 agebat,
2787 3279 2912 3320 cum
2958 3246 3033 3323 in_
3055 3285 3179 3328 eum
3210 3246 3380 3333 insul-

1789 3341 1969 3391 tantes
1997 3337 2147 3408 impii
2195 3341 2553 3401 sordidissimi
2581 3349 2691 3405 oris
2719 3354 2800 3407 sui
2847 3364 3186 3424 sputamenta
3206 3357 3380 3435 proji-

1787 3435 1993 3484 cerent.
2015 3427 2168 3484 Servi
2194 3432 2420 3488 formam
2459 3450 2788 3510 susceperat,
2821 3460 2944 3500 cum
2983 3447 3175 3506 faciem
3202 3427 3379 3524 suam,

1787 3528 1949 3583 quam
1990 3518 2186 3574 intueri
2215 3524 2559 3584 credentibus
2606 3534 2795 3600 pavori
2846 3545 2983 3603 erat,
3024 3555 3054 3595 a
3103 3546 3297 3613 palmis
3325 3518 3378 3605 et

1787 3604 1981 3661 ictibus
2008 3608 2307 3667 ludentium
2362 3631 2469 3671 non
2517 3621 2702 3686 vertit,
2729 3629 2959 3696 etquod
3005 3604 3218 3705 his-qui
3251 3604 3377 3695 vere

1785 3705 1912 3750 sunt
1939 3700 2079 3753 servi
2109 3705 2319 3772 perpeti
2346 3715 2461 3761 erat
2491 3712 2882 3787 turpissimum,
2913 3722 3078 3779 etiam
3125 3700 3375 3799 scapulas

1784 3801 1930 3855 suas,
1962 3790 2154 3858 quibus
2183 3803 2367 3849 nostra
2395 3809 2620 3856 venerat
2647 3814 2868 3873 peccata
2909 3821 3149 3882 portare,
3178 3790 3374 3878 verbe-

1784 3880 2015 3934 rantium
2045 3885 2292 3942 manibus
2315 3888 2784 3962 inclinavit.Quasi
2806 3916 2996 3959 servus
3022 3880 3206 3980 utique
3234 3928 3372 3986 erat,

1783 3986 1904 4026 cum
1933 3974 2172 4031 salutare
2207 3979 2374 4049 ipsius
2411 3993 2570 4053 caput
2600 3988 2940 4048 inimicorum
2969 3974 3221 4058 contexta
3252 3974 3370 4063 ma;

1783 4061 1939 4118 nibus
1967 4066 2153 4134 spinea
2203 4083 2404 4126 corona
2436 4071 2691 4132 fmdabat.
2741 4080 2948 4152 Itaque,
3003 4088 3214 4160 fratres,
3247 4061 3370 4153 cuin

1781 4169 1918 4208 unus
1943 4155 2193 4228 idemque
2221 4162 2311 4217 Dei
2345 4163 2510 4220 Filius
2538 4169 2672 4224 mira
2695 4171 2902 4243 fecerit,
2927 4177 3102 4236 flenda
3133 4155 3370 4255 pertule-

1779 4245 1870 4311 rit,
1902 4263 2036 4304 unus
2066 4250 2316 4321 idemque
2361 4266 2496 4323 erat,
2541 4267 2595 4313 et
2622 4277 2830 4333 servus,
2863 4275 2918 4322 et
2948 4245 3219 4332 dominus.
3257 4279 3366 4335 To-

1780 4344 1891 4390 tum
1914 4340 2053 4394 enim
2078 4351 2136 4395 ut
2164 4344 2415 4401 dominus
2438 4358 2674 4421 poterat,
2705 4362 2757 4410 et
2783 4365 2954 4415 totum
2985 4367 3290 4434 patiebatur
3313 4383 3366 4432 ut

1777 4439 1983 4482 servus.
2017 4429 2122 4484 Sed
2159 4431 2270 4500 jam
2301 4436 2579 4496 videamus
2608 4445 2802 4511 quibus
2828 4429 3164 4519 potissimum
3193 4429 3366 4517 virtu;

111 4498 237 4564 ceto,
259 4501 418 4562 Filius
438 4511 679 4580 hominis,
709 4514 796 4583 qui
813 4515 867 4566 in
889 4515 1014 4568 caelo
1036 4525 1112 4568 est
1143 4515 1320 4587 (Joan.
1355 4517 1452 4586 lli).
1480 4517 1673 4583 Quaeso
1704 4559 1753 4617 υ
1780 4515 1921 4570 libus
1949 4498 2250 4589 quibusque
2276 4525 2530 4594 gradibus
2555 4498 2664 4597 ίιιὲ,
2698 4498 2799 4603 qui

112 4599 237 4645 nunc
261 4602 525 4662 quomodo
567 4613 692 4659 ante
729 4606 1030 4674 passionem
1062 4623 1213 4662 suam
1254 4607 1519 4677 Christus,
1550 4627 1669 4664 cum

113 4681 311 4738 necdum
345 4690 665 4757 glorificatus
688 4707 1033 4767 properasset
1086 4699 1153 4754 ad
1183 4698 1418 4764 Patrem,
1446 4702 1498 4755 in
1530 4703 1668 4757 coelo

112 4780 213 4823 esse
226 4773 367 4842 dixit,
393 4783 693 4840 ascendisse
717 4787 898 4852 etiam,
926 4788 1012 4842 vel
1043 4788 1384 4845 descendisse
1405 4792 1472 4845 de
1501 4793 1667 4846 cmlo?

114 4852 382 4953 Quomodo,
405 4871 613 4938 fratres,
665 4875 764 4931 nisi
811 4879 936 4946 quia
972 4888 1089 4934 erat
1126 4880 1266 4936 filius
1294 4883 1526 4937 hominis
1573 4885 1664 4953 qui

115 4941 146 5032 ξ
152 4944 254 5002 ilius
274 4951 395 5010 Dei?
415 4959 522 5016 Nec
549 4979 833 5032 possumus
855 4981 1098 5024 seorsmn
1130 4979 1222 5024 aut
1244 4971 1515 5026 hominem
1549 4973 1664 5027 sine

117 5029 231 5128 Det).
255 5054 339 5097 aut
366 5045 529 5107 Deum
550 5053 666 5128 sine
685 5055 905 5113 homine
932 5057 1198 5116 conﬁteri.
1225 5061 1415 5117 Nonne
1454 5064 1664 5118 videtur

114 5124 280 5222 omium
301 5124 684 5201 transcendisse
713 5147 896 5212 homo,
929 5150 1145 5220 quando
1169 5152 1222 5206 in
1248 5160 1402 5208 utero
1447 5154 1663 5222 virginis

119 5213 271 5313 uni-tus
297 5233 372 5278 est
394 5227 486 5286 Dei
515 5233 728 5290 Verbo?
755 5237 824 5292 Et
851 5213 979 5296 tunc
1027 5243 1188 5313 512
1223 5213 1566 5299 descendisse
1595 5247 1661 5300 de

117 5302 250 5402 cf“?
294 5321 496 5383 quando
525 5324 659 5380 nihil
704 5326 804 5382 sibi
851 5331 919 5384 de
970 5302 1197 5399 genu-iiut
1234 5333 1517 5401 majestate
1564 5351 1659 5390 sua

121 5396 375 5496 ξίξηὶίοὲηε,
401 5411 670 5472 hominem
697 5434 851 5475 suum
880 5423 1077 5492 poenali
1118 5425 1337 5480 tradidit
1383 5429 1658 5496 passioni?

121 5478 267 5586 {utile
292 5494 402 5586 ideo
428 5503 478 5558 in
507 5508 648 5563 cmlo
677 5519 792 5564 erat
811 5478 1075 5581 Christus,
1098 5531 1220 5570 cum
1247 5478 1517 5585 potestate
1548 5536 1657 5575 cec-

123 5565 224 5674 lesti
247 5583 467 5650 miranda
498 5595 759 5666 faciebat;
791 5611 909 5656 erat
936 5604 1279 5661 nihilominus
1301 5615 1356 5661 et
1399 5609 1450 5662 in
1475 5611 1651 5674 terris,

126 5671 225 5718 cum
250 5675 374 5735 mitis
417 5696 468 5741 et
507 5689 724 5746 humilis
771 5701 1010 5748 terrenas
1037 5711 1135 5763 per
1161 5698 1351 5767 impios
1380 5708 1655 5768 pateretur

1778 4621 1836 4661 se
1884 4623 2002 4664 esse
2055 4613 2164 4668 suis
2192 4614 2466 4687 discipulis
2493 4624 2854 4684 confirmavit.
2899 4633 3080 4693 Primo
3121 4613 3361 4701 omnium

1778 4698 2069 4757 fidelissimi
2122 4710 2454 4767 centurionis
2501 4721 2865 4776 necessarimn
2915 4726 3199 4802 famulum,
3239 4752 3360 4794 cum

1775 4788 1959 4844 lethali
1986 4805 2266 4860 urgeretur
2307 4800 2673 4872 incommodo,
2721 4824 2942 4880 rogatus
2987 4819 3056 4874 ab
3099 4788 3218 4893 eju's
3257 4829 3358 4884 do-

1772 4883 1938 4948 mino,
1958 4887 2150 4941 absens
2178 4890 2475 4962 absentem,
2494 4910 2551 4952 ut
2578 4915 2703 4954 vere
2726 4903 2884 4971 Deus,
2920 4911 3084 4966 missa
3107 4883 3356 4985 sanitate,

1769 4975 1999 5041 curavit,
2050 4986 2105 5030 et
2131 4991 2389 5046 aegrotum
2431 4987 2598 5053 illum,
2643 5006 2800 5060 quem
2841 5001 3000 5066 paulo
3032 5004 3097 5057 lo;
3123 5009 3239 5074 gius
3263 5013 3355 5067 de.

1770 5067 2111 5123 cumbentem
2139 5073 2298 5145 513
2329 5083 2688 5148 corporaliter
2726 5104 2833 5143 non
2876 5067 3355 5165 videbat,vdeitatis

1767 5173 1875 5212 sua:
1905 5161 2060 5216 oculo
2100 5164 2354 5235 visitavit.
2389 5170 2628 5243 Denique
2665 5178 2982 5237 miseranda:
3020 5161 3193 5244 vidua:
3239 5197 3352 5247 uni-

1766 5263 1889 5303 cum
1945 5249 2130 5320 filium,
2162 5270 2283 5310 cum
2319 5259 2431 5329 jam
2480 5266 2821 5333 sepeliendus
2860 5272 3002 5330 lecto
3045 5290 3352 5347 portaretur

1767 5340 1833 5394 ad
1864 5344 2146 5410 tumulum,
2166 5345 2408 5414 jussione
2428 5351 2744 5413 vivificantis
2775 5361 2981 5431 imperii
3010 5372 3349 5442 suscitatum,

1765 5430 1890 5484 vitm
1920 5432 2077 5491 simul
2120 5450 2182 5490 ac
2210 5440 2386 5504 matri,
2421 5443 2624 5498 medias
2671 5447 2810 5504 inter
2841 5430 3044 5520 turbas,
3093 5469 3148 5514 et
3179 5430 3348 5519 morte

1766 5521 1879 5589 ipsa
1907 5531 2060 5587 teste,
2095 5527 2348 5582 restituit.
2385 5530 2512 5586 Post
2551 5535 2683 5601 haec,
2732 5543 3071 5601 sacerdotum
3104 5553 3348 5622 principe

1765 5627 1862 5680 pro
1893 5615 2063 5668 salute
2095 5614 2214 5670 ﬁliae
2256 5633 2366 5673 suae
2410 5625 2765 5695 supplicante,
2802 5632 3026 5704 ipsequi
3056 5614 3220 5696 vitam
3251 5614 3347 5700 na-

1763 5707 1932 5759 scenti
1977 5706 2218 5774 dederat,
2252 5709 2522 5770 defunctae
2553 5719 2745 5785 puellm
2789 5725 3018 5781 animam
3067 5741 3344 5803 proprium
