3896 6250
508 315 610 369 6‘23

1710 315 1767 371 S.
1810 314 2051 370 MAXIM!
2091 315 2537 376 TAURINENSIS

3664 329 3760 385 Gil

507 426 714 480 induxit
737 425 787 478 in
811 439 1024 494 corpus.
1044 425 1119 479 Ac
1149 440 1215 479 ne
1235 425 1304 480 de
1327 425 1597 481 miraculis
1624 427 1944 481 recentioris
1961 428 2081 482 obi-
2113 433 2160 490 Α
2191 430 2370 484 reditu
2397 432 2465 485 ab
2518 431 2702 489 inferis
2745 434 3060 505 disputaret,
3110 441 3201 508 qui
3249 441 3581 508 probabatur
3625 453 3757 496 tanta

507 527 592 568 tus
620 513 760 582 apud
791 515 983 584 impios
1009 515 1223 569 colludii
1254 523 1559 570 remaneret
1588 515 1693 569 ulla
1732 517 1997 585 suspicio,
2031 527 2086 571 et

505 612 822 672 putarentur
852 619 959 657 non
1003 618 1123 658 esse
1163 605 1360 659 mortui
1395 612 1504 659 tam
1542 606 1799 660 velociter
1824 607 2083 673 suscitati,

509 692 577 745 ad
604 692 746 746 beati
782 692 966 746 Lazari
993 694 1235 762 pergitur
1271 695 1630 764 sepulturam,
1662 698 1754 765 qui
1779 697 2085 766 quatridua-

510 796 629 846 nus,
660 789 715 834 et
755 781 969 848 fetidus,
999 783 1228 838 vinculis
1264 784 1498 854 insuper,
1530 793 1589 840 ut
1631 786 1795 841 moris
1836 796 1939 853 est,
1969 788 2084 841 col-

508 871 722 938 ligatus,
742 872 790 941 5
801 872 901 942 ιά
915 872 980 925 ad
993 881 1321 943 przeceptum
1338 874 1534 930 Christi
1553 877 1796 930 vocantis
1816 876 2083 942 exsiliens,

509 959 681 1014 factus
707 973 788 1014 e5t
817 962 1074 1017 continuo
1103 962 1331 1018 Domino
1355 979 1454 1018 suo
1502 964 1556 1018 in
1602 965 1874 1034 colloquio
1919 966 2087 1033 parti-

508 1063 657 1118 ceps,
687 1059 743 1104 et
771 1051 823 1103 in
843 1066 1040 1106 mensae
1079 1053 1613 1108 societateconviva.
1644 1054 1773 1120 Quae
1802 1055 1979 1109 omnia
2002 1054 2084 1108 fa-

511 1147 596 1193 cta
622 1147 747 1194 sunt
775 1139 993 1203 idcirco,
1027 1143 1308 1206 carissimi,
1349 1150 1407 1196 ut
1435 1158 1592 1198 nemo
1623 1143 1835 1213 penitus
1873 1142 1940 1197 de
1967 1142 2085 1211 ejus

2187 522 2358 589 gloria
2384 524 2672 579 suscitasse
2696 525 2996 582 defunctos.
3015 527 3081 582 Et
3105 531 3224 584 ideo
3245 531 3534 585 credamus
3548 533 3759 588 Domino

2189 611 2300 665 Deo
2329 619 2516 667 nostro
2550 619 2661 668 tam
2684 618 2944 684 stupenda
2973 618 3238 672 mirabilia
3265 619 3499 674 facienti.
3521 622 3760 673 Amemus

2188 717 2310 756 eum
2337 711 2449 757 tam
2471 719 2662 773 magna
2690 708 2849 762 nobis
2876 708 3136 763 beneﬁcia
3166 711 3534 765 conferentem
3554 751 3568 774 ,
3601 712 3757 764 susci-

2193 801 2396 846 tantem
2426 803 2692 849 mortuos.
2725 796 3059 851 Veneremur
3089 799 3156 852 ab
3181 799 3365 853 inferis
3382 809 3756 868 resurgentem;

2191 883 2448 950 colamus,
2475 884 2757 939 adoremus
2786 887 2948 940 etiam
2979 887 3044 941 ad
3075 886 3249 942 Patris
3295 889 3543 943 dextram
3589 904 3730 943 cons‘

2189 970 2423 1036 dentem,
2457 980 2618 1041 atque
2638 975 2782 1028 omni
2812 974 3100 1030 devotione
3127 977 3373 1031 vivorum
3403 986 3754 1031 mortuorum-

2189 1073 2295 1127 que
2314 1070 2543 1117 venturo
2568 1062 2735 1130 judici
2763 1065 3080 1129 serviamus,
3115 1065 3206 1135 qui
3231 1081 3352 1120 cum
3387 1065 3548 1121 Patre
3575 1076 3631 1119 et
3651 1067 3749 1133 Spi-

2186 1149 2295 1201 ritu
2319 1157 2527 1216 sancto,
2551 1158 2655 1206 etc.

1868 1255 2139 1318 SERMO
2183 1259 2404 1337 xuv.

1777 1353 1853 1408 De
1874 1356 2182 1410 Ascensione
2228 1356 2437 1413 Domini
2466 1358 2514 1413 1.

1910 1442 2296 1500 ADMONITIO.

579 1533 750 1601 Hujus
777 1535 903 1590 item
932 1534 1196 1589 sermonis
1217 1542 1501 1604 auctorem
1515 1547 1639 1604 esse
1662 1531 1950 1604 Maximum
1972 1549 2078 1604 non
2103 1535 2271 1604 stylus
2301 1537 2482 1602 modo,
2518 1554 2704 1592 verum
2729 1539 2892 1594 etiam
2922 1541 3166 1595 codicum
3195 1542 3488 1597 auctoritas
3518 1541 3755 1597 ostendit.

514 1603 686 1670 Atque
716 1605 766 1657 id
795 1605 1011 1672 quidem
1040 1604 1182 1657 ultro
1208 1603 1455 1657 concedit
1484 1601 1808 1672 Muratorius
1833 1617 1944 1672 una
1968 1601 2136 1672 fretus
2157 1601 2268 1658 ’lide
2294 1605 2494 1661 codicis
2537 1608 2895 1662 Ambrosiam.
2928 1610 3034 1663 Nos
3061 1621 3243 1665 vetera
3275 1622 3626 1665 monumenta
3651 1627 3756 1664 νεῖ-

508 1682 690 1744 santes
714 1670 1093 1744 _Amb_rosiano
1122 1685 1421 1744 consoyare
1461 1671 1823 1744 comperimus
1850 1671 1969 1724 cod.
1997 1670 2404 1744 T_a_u_rinensem,
2439 1676 2492 1729 in
2533 1690 2642 1744 quo
2670 1678 2811 1732 idem
2839 1693 3017 1734 sermo
3039 1680 3179 1735 inter
3203 1680 3556 1735 Maximianos
3584 1690 3662 1734 est
3690 1678 3757 1731 De

510 1741 824 1795 Ascensione
846 1741 1057 1794 Domini
1085 1757 1252 1794 sermo
1278 1739 1384 1805 XI,
1417 1748 1470 1793 et
1499 1737 1621 1793 cod.
1650 1737 1995 1793 Casinensem
2026 1740 2144 1806 102,
2175 1754 2297 1810 pag.
2335 1737 2419 1796 70.

507 1849 992 1923 Aacuussruu._—
1021 1847 1252 1923 _E_tevatio
1282 1845 1766 1923 Christiad-caelos,
1792 1862 1890 1914 qua
1912 1845 2077 1923 capti-
2115 1855 2158 1914 Β
2186 1846 2430 1906 Christus
2458 1852 2721 1920 ascendit,
2752 1861 2806 1908 et
2853 1855 3146 1917 hominem,
3188 1869 3345 1923 quem
3391 1856 3588 1909 invidia
3612 1857 3756 1908 mali-

577 1935 693 1971 vam
718 1921 865 1971 duxit
893 1918 1258 1986 captivitatem,
1285 1916 1338 1968 id
1363 1925 1440 1967 est
1455 1916 1634 1986 justas
1657 1931 1686 1965 a
1710 1923 1935 1986 tartarea
1956 1915 2081 1986 libe-

576 1997 718 2040 ratos
739 1983 1005 2055 potestate,
1029 2002 1197 2039 secum
1226 1983 1516 2055 cohwredes
1539 1983 1657 2052 fecit
1678 1984 1891 2055 ccclesiis
1914 1984 2079 2055 regni,

578 2051 768 2125 magna
790 2073 882 2109 nos
904 2054 1048 2107 debet
1069 2055 1281 2123 afﬁcere
1293 2051 1576 2125 voluptate,
1596 2067 1707 2104 cum
1728 2061 1776 2103 et
1809 2051 2084 2125 Dominum

576 2125 646 2177 ad
669 2121 946 2178 'wternam
974 2121 1225 2192 remeasse
1249 2123 1469 2192 gloriam
1487 2122 1798 2188 intueamur,
1826 2130 1876 2174 et
1903 2138 1996 2175 nos
2022 2121 2085 2172 de

576 2210 637 2249 ea
666 2194 790 2247 bene
817 2209 1024 2263 sperare
1045 2190 1337 2262 jubeamur.

578 2302 864 2370 Religiosis
883 2300 1169 2356 admodum
1197 2299 1404 2369 gaudiis
1430 2299 1730 2367 devotaque
1752 2299 1950 2364 laetitia,
1980 2300 2086 2354 fra-

506 2405 618 2450 tres
641 2393 936 2456 carissimi,
966 2391 1212 2446 hodierni
1253 2390 1490 2460 mysterii
1517 2389 1672 2443 nobis
1700 2396 1783 2442 est
1809 2390 2085 2444 celebran-

504 2486 574 2539 da
597 2484 876 2548 festivitas,
906 2481 1032 2550 quia
1061 2480 1305 2535 Christus
1326 2479 1583 2534 Dominus
1610 2487 1811 2542 noster,
1841 2479 1926 2532 cui
1947 2479 2087 2534 inter

507 2573 800 2646 primordia
853 2571 1249 2639 congressionis
1290 2584 1399 2623 suae
1444 2576 1680 2622 tentator
1710 2568 1799 2622 ille
1827 2569 2036 2622 dicebat
2069 2588 2082 2622 :

505 2666 566 2720 Si
593 2663 762 2716 Filius
783 2661 879 2715 Dei
898 2678 972 2726 es,
1007 2660 1088 2713 die
1114 2669 1169 2712 ut
1189 2659 1388 2729 lapides
1416 2659 1501 2712 isti
1527 2673 1688 2727 panes
1709 2659 1841 2726 ﬁant
1863 2657 2080 2728 (Matth.

506 2754 603 2823 iv),
633 2753 830 2807 omlum
858 2750 1019 2805 hodie
1046 2757 1334 2819 penetrans
1380 2762 1595 2802 omnem
1623 2748 1930 2802 credentem
1980 2749 2085 2802 vivi

504 2841 695 2910 lapidis
717 2837 1002 2894 conﬁrmat
1033 2838 1329 2893 munimine
1346 2878 1360 2902 ,
1392 2845 1446 2891 et
1474 2837 1706 2891 caelestis
1732 2837 1886 2907 panis
1915 2837 2087 2893 refec-

503 2933 652 2986 tioue
679 2928 940 2994 vivificat;
972 2936 1027 2983 et
1075 2928 1242 2983 totius
1279 2927 1386 2982 doli
1416 2925 1609 2980 artifex
1637 2925 1975 2997 explorabat,
2005 2929 2087 2982 di-

503 3034 669 3075 cens:
704 3018 765 3072 Si
786 3017 957 3070 Filius
1003 3014 1098 3070 Dei
1126 3032 1202 3083 es,
1240 3017 1382 3069 mitte
1403 3025 1451 3068 te
1480 3015 1746 3082 deorsum;
1777 3031 1884 3070 non
1911 3015 2084 3069 solum

502 3109 754 3163 deorsum
799 3123 905 3162 non
953 3107 1194 3172 corruit,
1223 3105 1317 3160 sed
1363 3105 1592 3174 sumptis
1639 3114 1853 3159 mternae
1899 3107 2084 3173 gloriae

2188 1942 2401 2006 gnantis
2428 1943 2630 1997 inimici
2662 1943 2830 2012 prima
2859 1943 2949 1996 illa
2975 1945 3205 2012 paradisi
3233 1945 3564 1999 habitatione
3584 1945 3756 2012 depul-

2186 2042 2302 2081 sum
2336 2029 2361 2067 δ
2396 2031 2802 2099 projectumque
2847 2032 2899 2084 in
2927 2032 3068 2086 hanc
3113 2033 3296 2086 mundi
3344 2032 3520 2086 labem
3572 2031 3758 2086 fecerat

2186 2130 2306 2171 esse
2333 2118 2695 2186 peregrinum,
2723 2120 2959 2187 angelica
2981 2120 3032 2173 in
3063 2121 3233 2189 patria
3262 2120 3566 2185 collocavit,
3596 2129 3651 2175 et
3671 2136 3754 2189 pa-

2187 2208 2351 2262 radisi
2380 2210 2639 2274 exsulem,
2664 2210 2837 2264 civem
2857 2211 3155 2265 caelestium
3184 2210 3327 2264 fecit.
3353 2207 3584 2278 Propter
3602 2209 3754 2278 quod,

2187 2299 2469 2380 carissimi,
2495 2301 2754 2354 immensa
2778 2300 2931 2356 nobis
2952 2309 3035 2358 est
3062 2301 3419 2368 gratulatione
3449 2301 3728 2353 lzetaudum
3743 2339 3755 2360 ,

2187 2389 2312 2456 quia
2359 2404 2497 2457 quos
2552 2399 2791 2445 tentator
2844 2392 3003 2457 elisit,
3034 2389 3284 2447 Salvator
3331 2392 3524 2454 erexit,
3555 2399 3612 2445 et
3638 2404 3757 2458 quos

2186 2489 2473 2546 peccatum
2501 2479 2702 2534 diaboli
2729 2481 3004 2545 vinxerat,
3033 2476 3232 2534 Christi
3277 2481 3450 2548 gratia
3483 2481 3756 2544 liberavit;

2186 2568 2326 2622 sicut
2354 2570 2428 2622 ait
2455 2570 2793 2625 beatissimus
2817 2570 3012 2626 Paulus
3040 2571 3316 2641 apostolus
3341 2589 3353 2624 :
3387 2571 3485 2625 Ubi
3533 2572 3756 2624 abunda-

2185 2657 2256 2710 vit
2281 2667 2567 2725 peccatum,
2600 2658 3032 2728 superabundavit
3060 2669 3109 2712 et
3131 2661 3303 2730 gratia
3331 2659 3508 2728 (Rom.
3533 2661 3609 2730 ν).
3635 2661 3758 2714 Vere

2186 2748 2626 2815 superabundans
2668 2750 2870 2818 gratia,
2902 2764 3021 2819 qua:
3067 2750 3246 2805 deleto
3298 2751 3501 2806 homini
3540 2761 3756 2806 mortem

2188 2837 2473 2892 transfudit
2501 2839 2569 2893 ad
2597 2840 2646 2894 vi
2675 2854 2781 2906 am,
2813 2847 2869 2895 et
2915 2854 3130 2909 pmuam
3159 2840 3322 2894 vertit
3367 2841 3420 2893 in
3464 2841 3756 2910 praemium.

2185 2926 2322 2981 Nam
2352 2927 2496 2996 quod
2517 2943 2708 2984 revera
2734 2937 2914 2999 potest
2941 2929 3114 2997 majus
3133 2944 3250 2984 esse
3279 2931 3556 3000 pmmium
3581 2946 3758 2999 ρεαδς

2187 3021 2311 3086 tori,
2340 3034 2500 3088 quam
2539 3020 2681 3089 quod
2732 3021 2848 3089 ejus
2874 3035 3033 3075 causa
3082 3019 3396 3089 Unigenitus
3442 3021 3540 3075 Dei
3598 3022 3760 3075 induit

2188 3124 2426 3177 carnem,
2459 3126 2675 3165 crucem
2706 3110 2864 3180 515
2893 3111 3132 3180 pertulit,
3161 3112 3490 3181 sepulturam
3520 3113 3760 3180 dignatus

504 3200 695 3268 pennis
723 3199 895 3253 victor
921 3198 1098 3252 amuli
1120 3199 1204 3253 sui
1243 3197 1444 3252 volavit
1471 3197 1538 3250 ad
1570 3195 1766 3251 cmlum
1797 3214 1810 3249 :
1839 3195 2081 3249 Ascendit
2108 3206 2153 3267 ο
2184 3211 2268 3257 est
2290 3241 2305 3266 ,
2334 3202 2539 3256 inferna
2592 3217 2699 3255 non
2740 3203 2951 3257 horruit
2971 3240 2987 3267 ,
3014 3202 3371 3270 damnatoque
3394 3204 3517 3272 ipso
3547 3211 3760 3258 auctore

502 3292 667 3356 enim,
692 3290 828 3345 sicut
865 3289 1122 3358 scriptum
1152 3296 1254 3352 est,
1284 3304 1438 3356 super
1464 3287 1740 3351 cherubim,
1772 3294 1818 3339 et
1847 3288 2031 3340 volavit
2061 3302 2079 3341 :

503 3381 690 3435 volavit
712 3395 864 3450 super
884 3393 1082 3447 pennas
1107 3387 1370 3431 ventorum
1393 3376 1564 3447 (Psal.
1587 3377 1740 3447 xvu).
1766 3376 1834 3430 Et
1853 3377 1941 3431 cui
1961 3384 2084 3432 tunc

503 3470 766 3535 diabolus,
797 3469 842 3524 si
870 3470 938 3522 ab
963 3483 1030 3522 eo
1051 3475 1195 3522 esset
1221 3466 1496 3531 adoratus,
1521 3481 1687 3534 regns
1716 3475 1771 3521 et
1791 3474 2084 3536 potestates

503 3561 682 3616 stcculi
710 3559 1075 3630 promittebat,
1107 3565 1286 3626 spreta
1314 3557 1552 3611 vanitate
1597 3558 1878 3623 tentantis,
1908 3556 2081 3611 domi-

505 3658 690 3703 natum
739 3647 922 3703 mundi
967 3655 1021 3701 et
1059 3646 1448 3714 sempiternum
1486 3646 1610 3701 caeli
1657 3647 1868 3715 accepit
1914 3646 2082 3721 impe-

504 3741 662 3804 rium,
689 3747 750 3792 ut
777 3738 889 3807 ipse
935 3737 1011 3790 ait
1040 3753 1054 3789 :
1089 3734 1281 3789 Omnia
1326 3736 1453 3789 mihi
1492 3736 1685 3790 tradita
1714 3745 1832 3789 sunt
1860 3753 1891 3789 a
1918 3734 2079 3790 Patre

504 3848 615 3885 meo
641 3832 694 3883 in
718 3831 843 3882 caelo
863 3837 913 3883 et
934 3831 989 3882 in
1016 3835 1156 3881 terra
1177 3825 1393 3897 (Matth.
1417 3827 1514 3897 ιι).
1538 3826 1648 3882 Nec
1668 3827 1934 3881 immerito
1954 3827 2080 3881 bea-

506 3921 711 3975 tissimo
740 3926 1112 3973 remuneratus
1134 3925 1216 3972 est
1241 3931 1427 3985 regno,
1445 3917 1537 3986 qui
1568 3917 1789 3986 legitimi
1803 3919 1944 3985 regis
1965 3919 2080 3972 ani-

503 4025 649 4063 mum
679 4023 872 4077 gerens
895 4007 1167 4078 tyrannica
1197 4008 1459 4076 promissa
1487 4007 1968 4077 despexit.Magnis
1990 4009 2082 4076 igi-

505 4111 592 4154 tur
620 4098 949 4169 approbatis,
975 4097 1540 4167 incomprehensisque
1563 4097 1857 4164 miraculis,
1880 4109 2080 4169 myste-

503 4195 581 4246 ria
611 4193 765 4247 nobis
789 4190 987 4246 Christi
1014 4191 1346 4258 virtutesque
1366 4199 1724 4244 succrescunt.
1760 4191 1892 4243 Nam
1919 4206 2078 4258 quem

506 4290 780 4336 maternus
806 4288 992 4336 uterus
1022 4281 1075 4334 in
1097 4295 1251 4334 usum
1277 4280 1553 4349 praesentis
1581 4281 1702 4334 vitae
1722 4281 1956 4334 humana
1983 4298 2080 4350 per

505 4373 834 4426 incrementa
860 4370 1152 4441 produxit,
1203 4371 1439 4437 ingenito
1488 4369 1880 4424 confmderatus
1933 4371 2078 4426 Patri

504 4464 737 4517 dexterae
766 4462 881 4530 ejus
910 4470 1199 4531 perpetuus
1247 4461 1553 4514 dominator
1581 4462 1806 4526 assedit;
1838 4470 1892 4516 et
1917 4477 2076 4530 quem

2184 3291 2389 3355 delicti,
2422 3300 2730 3360 susceptum
2771 3293 3043 3346 hominem
3084 3293 3318 3362 portavit
3345 3294 3397 3346 in
3425 3293 3658 3347 cmlum?
3686 3292 3760 3345 ln-

2183 3382 2388 3437 tendite
2430 3382 2612 3451 itaque
2637 3425 2652 3450 ,
2703 3382 3053 3449 dilectissimi,
3088 3385 3104 3414 ι
3134 3384 3259 3452 quia
3289 3384 3407 3452 plus
3439 3383 3644 3452 profuit
3669 3383 3760 3436 ho-

2182 3474 2314 3527 mini
2339 3474 2494 3542 culpa
2533 3488 2693 3541 quam
2745 3472 2964 3538 nocuit;
2996 3488 3120 3526 nam
3166 3473 3257 3541 qui
3286 3472 3760 3541 praevaricationis

2185 3563 2496 3617 humiliatus
2523 3564 2641 3631 lege
2668 3565 2876 3634 captiva
2907 3563 3174 3618 diabolico
3201 3564 3331 3632 jugo
3353 3563 3492 3618 colla
3520 3564 3760 3631 subjeee-

2185 3660 2291 3720 rat,
2320 3653 2521 3714 omnia,
2540 3654 2834 3723 tyrannicae
2863 3653 3191 3721 captivitatis
3219 3653 3428 3708 vincula
3451 3668 3480 3706 a
3512 3653 3606 3708 Dei
3630 3652 3760 3708 Filio

2187 3753 2373 3812 captus
2413 3743 2605 3798 evasit.
2639 3742 2790 3798 Sicut
2817 3743 2892 3796 ait
2916 3743 2984 3798 de
3012 3742 3129 3812 ipso
3153 3743 3377 3797 Domino
3406 3741 3760 3812 Redemptore

2187 3841 2375 3889 nostro
2401 3833 2742 3889 venerandus
2771 3833 2938 3887 David
2971 3850 2984 3886 :
3023 3844 3043 3870 ο
3086 3833 3378 3887 Ascendens
3405 3833 3460 3886 in
3489 3834 3655 3886 altum
3679 3849 3760 3886 ca-

2185 3925 2375 3993 ptivam
2401 3923 2550 3976 duxit
2575 3923 2942 3993 captivitatem,
2965 3921 3103 3975 dedit
3123 3922 3262 3976 dona
3287 3922 3594 3975 hominibus.
3624 3921 3755 3988 Quid

2185 4027 2315 4080 ergo
2339 4011 2561 4080 prodest
2589 4011 2745 4067 nobis
2768 4011 2812 4066 si
2838 4011 3205 4081 captivitatem
3235 4018 3470 4066 nostram
3498 4012 3758 4081 captivam

2182 4119 2393 4158 sursum
2449 4104 2707 4158 Dominus
2735 4103 2909 4170 duxit,
2954 4111 3011 4158 et
3049 4101 3194 4171 quod
3241 4110 3458 4171 captum
3490 4117 3522 4155 a
3551 4102 3759 4156 diabolo

2183 4205 2332 4264 erat,
2382 4211 2491 4250 non
2517 4196 2717 4251 sineret
2771 4209 2889 4250 esse
2941 4195 3248 4264 captivum?
3275 4193 3379 4247 Per
3407 4193 3584 4246 omnia
3614 4193 3759 4247 nobis

2183 4284 2426 4354 prodest,
2455 4283 2736 4349 carissimi,
2766 4291 2823 4338 et
2867 4283 3310 4338 inaestimabiliter
3356 4282 3611 4351 prodest,
3645 4283 3757 4353 quia

2187 4375 2240 4427 in
2270 4383 2491 4444 captura
2514 4373 2712 4427 diaboli
2741 4372 2872 4427 dura
2901 4380 2982 4427 est
3002 4373 3254 4438 servitus,
3276 4380 3335 4426 et
3353 4372 3510 4425 beata
3538 4371 3590 4424 in
3614 4370 3758 4425 Chri-

2183 4466 2252 4520 sti
2281 4465 2595 4533 captivitate
2622 4463 2863 4517 libertas.
2885 4462 2995 4517 Nec
3023 4461 3264 4526 dubium,
3291 4462 3417 4530 quia
3445 4461 3624 4515 omnis
3645 4475 3758 4528 cap—

505 4554 665 4608 terris
692 4561 1110 4622 persequentum
1149 4567 1252 4605 vox
1293 4551 1454 4620 impia
1479 4561 1505 4588 ι
1533 4552 1887 4621 blasphemat,
1920 4553 2077 4607 obse-
2106 4555 2154 4614 D
2181 4563 2266 4609 tus
2295 4571 2324 4608 a
2354 4555 2587 4616 diabolo,
2643 4553 2868 4607 traditus
2923 4551 3116 4606 inferni
3170 4552 3404 4606 tenebris
3455 4565 3671 4620 semper
3712 4549 3755 4601 in

503 4643 782 4713 quentium
810 4656 952 4696 nunc
979 4645 1292 4710 angelorum
1324 4641 1558 4695 laudatio
1590 4641 1851 4696 indefessa
1880 4657 2075 4697 conce-

504 4738 708 4802 lebrat;
739 4737 877 4790 sicut
922 4735 1180 4803 scriptum
1210 4743 1331 4788 est:
1366 4733 1620 4788 Laudatio
1663 4736 1775 4804 ejus
1822 4744 1994 4788 manet
2022 4737 2075 4788 in

501 4827 748 4882 steculum
786 4825 962 4880 surculi
988 4823 1141 4895 (Psal
1171 4823 1318 4894 cxx).
1354 4823 1617 4878 Lmtemur
1638 4823 1836 4892 itaque,
1866 4823 2072 4890 fratres,

499 4925 554 4970 et
583 4915 912 4972 exsultemus
942 4914 993 4968 in
1023 4912 1270 4976 Domino,
1295 4913 1420 4982 quia
1449 4913 1610 4968 hodie
1635 4913 1754 4968 cmli
1775 4914 1883 4967 alta
1904 4923 2079 4969 trans-

500 5005 744 5061 cendens
771 5002 838 5058 ad
867 5010 1104 5072 paternae
1130 5002 1274 5058 sedis
1302 5001 1698 5072 incogitabilem
1737 5003 2076 5071 majestatem

573 5177 598 5202 ⁸
627 5164 760 5219 Cod.
789 5161 996 5226 Casin.,
1027 5158 1428 5229 blasphemabat.

573 5236 598 5274 ι
627 5235 772 5287 Idem
801 5231 924 5286 cod.
954 5229 1156 5295 Casin.,
1180 5231 1511 5299 ejectumque.

573 5376 590 5406 ³
631 5370 755 5425 Haec
782 5367 980 5436 scripta
1008 5381 1103 5436 per
1136 5364 1442 5436 emphasim
1455 5370 1603 5436 sunt,
1635 5367 2076 5436 eoquespeetant

498 5460 609 5516 quo
635 5441 760 5516 illud
789 5429 935 5507 quod
975 5429 1182 5516 sabbati
1210 5429 1381 5488 sancti
1414 5433 1500 5486 die
1518 5432 1680 5516 _eanit
1711 5429 1946 5516 Ecclesia
1966 5449 1993 5516 ¹;
2031 5429 2074 5482 Ο

517 5499 632 5570 Pelia:
654 5499 825 5579 culpa,
857 5517 958 5579 etc.
986 5506 1324 5579 Enumerans
1351 5519 1478 5579 vero
1503 5501 1778 5579 Maximus
1822 5499 2075 5579 praeclara

517 5525 632 5570 alia:
654 5525 825 5579 culpa,
857 5525 958 5561 etc.
994 5525 1324 5559 Lnttmeratts
1351 5525 1478 5556 vero
1518 5525 1778 5579 matutinus
1824 5525 2072 5567 prwuaru

498 5525 755 5641 beneficia
783 5593 901 5647 quae
930 5576 1125 5630 Christi
1154 5573 1476 5647 resurrectio
1503 5570 1803 5647 hominibus
1830 5571 2072 5647 ceu-tulit,

498 5638 738 5726 opusque
781 5638 1163 5717 redemptionis
1210 5642 1454 5716 perfecit,
1486 5639 1772 5697 ostendere
1799 5638 1964 5694 voluit
1991 5639 2076 5707 ja-

2182 4647 2327 4699 luctu
2347 4655 2451 4713 est,
2475 4653 2530 4699 et
2552 4645 2607 4698 in
2635 4645 2835 4698 lumine
2863 4643 3099 4698 caelestis
3129 4643 3280 4709 regni
3304 4642 3502 4696 Christi
3525 4641 3756 4709 captivus

2182 4738 2434 4792 exsultat.
2458 4737 2548 4789 Ait
2573 4749 2701 4802 ergo
2725 4737 2916 4790 beatus
2940 4735 3104 4788 David
3131 4752 3144 4786 :
3177 4733 3444 4803 Captivam
3472 4731 3625 4785 duxit
3650 4747 3756 4797 cap-

2184 4829 2451 4891 tivitatem,
2485 4826 2648 4896 516
2671 4825 2809 4878 dedit
2839 4825 2976 4877 dona
2998 4822 3290 4876 hominibus
3362 4820 3553 4874 Videte
3594 4827 3647 4873 et
3672 4817 3753 4871 ad-

2183 4917 2397 4981 vertite,
2423 4901 2589 4983 quam.
2612 4930 2710 4969 nos
2738 4913 2989 4982 expediat
3011 4911 3210 4966 Christi
3241 4925 3359 4964 esse
3387 4909 3654 4978 captivos,
3673 4903 3756 4975 qui

2183 5006 2356 5075 captis
2385 5004 2496 5060 suis
2525 5018 2635 5058 non
2689 5003 2865 5058 solum
2912 5010 3168 5057 aeternam
3217 4999 3404 5056 tribuit
3428 4998 3752 5058 libertatem,

2259 5156 2436 5211 c/Psal.
2456 5171 2615 5220 van,
2631 5154 2918 5209 Ascendisti
2928 5155 2983 5207 in
3006 5157 3184 5218 altum,
3203 5148 3383 5219 cepisti
3397 5149 3749 5218 captivitatem,

2183 5229 2421 5298 accepisti
2446 5227 2583 5280 dona
2610 5227 2664 5278 in
2694 5224 3001 5279 hominibus.

2184 5368 2392 5415 cturam
2425 5358 2491 5412 ab
2521 5356 2766 5423 originali
2795 5353 2991 5425 delicto
3032 5349 3189 5404 nobis
3227 5347 3445 5425 illatam,
3473 5360 3575 5414 per
3583 5343 3747 5425 abun-

2183 5413 2482 5483 dantiorem
2512 5413 2773 5480 doliorum
2804 5422 3015 5490 copiam
3040 5425 3342 5490 reparatam
3582 5413 3747 5490 Simile

2183 5482 2456 5566 quidpiam
2501 5495 2712 5562 scripsit
2745 5493 2801 5566 S.
2846 5482 3188 5566 Ambrosius;
3220 5501 3340 5566 cum
3365 5485 3432 5566 de
3462 5482 3746 5566 Theodosio

2186 5552 2424 5634 Augusto
2465 5552 2646 5630 ageret
2668 5564 2855 5634 epist.
2880 5559 2985 5634 740,
3012 5558 3144 5610 dixit
3177 5554 3268 5634 :‘0
3295 5554 3509 5634 beatum
3530 5552 3746 5634 menda:

2183 5617 2764 5706 ἆᾶῗῖέξᾴᾶοίᾶἓφιὶνὶιιίν
2793 5630 2885 5685 sibi
2916 5629 3132 5682 aliorum
3163 5624 3435 5685 absolutio,
3461 5624 3539 5676 sui
3562 5617 3745 5689 gratia!
