3896 6250
129 373 231 427 625

1558 369 1784 428 SERMO
1824 368 2002 425 XLVI.

3301 358 3409 416 6‘36

126 486 219 539 sed
246 493 303 538 et
335 484 638 540 ineffabilia
671 485 963 539 cmlestium
1002 496 1281 537 munerum
1311 482 1451 535 dona
1481 482 1724 549 largitur.
1760 489 1805 545 Α
1835 492 1996 546 guunt
2044 478 2166 542 hoc,
2203 475 2411 541 fratres,
2445 478 2570 546 quia
2620 476 2735 544 ipse
2764 473 3022 528 Dominus
3066 472 3140 525 ait
3172 489 3183 523 :
3215 471 3413 542 Iugum

127 575 380 655 Ideoque
400 575 516 629 alio
549 577 604 628 in
637 576 757 629 loco
788 573 1089 643 patriarcha
1134 572 1383 626 decantat
1415 589 1427 623 :
1460 571 1725 633 Converte,

130 662 374 727 Domine,
400 665 758 732 captivitatem
780 672 1031 725 nostram,
1054 664 1183 714 sicut
1206 671 1401 714 torrens
1421 662 1476 713 in
1499 670 1729 713 austrum

134 752 307 817 (Psal.
338 754 535 821 cxxv).
569 752 858 818 Converte,
884 752 989 812 ait,
1015 767 1119 804 non
1149 758 1350 813 averte,
1376 750 1426 803 id
1473 759 1553 803 est
1592 764 1729 818 pra:-

130 849 231 903 sta,
251 842 515 907 Domine,
541 850 602 895 ut
620 842 711 909 qui
727 841 837 909 jam
860 840 1060 893 dudum
1081 840 1220 907 capti
1239 855 1267 891 a
1287 839 1499 893 diabolo
1520 854 1725 902 sumus,

132 931 205 983 tui
234 929 467 985 tandem
496 945 800 984 mereamur
823 944 940 983 esse
965 929 1185 997 captivi.
1213 928 1421 981 Scimus
1442 916 1585 981 enim
1603 928 1727 994 quia

133 1017 803 1085 diaboloessesubjectum
834 1031 1110 1086 peramara
1132 1016 1367 1071 conditio
1389 1023 1470 1069 est
1493 1023 1547 1069 et
1571 1016 1723 1069 inex-

134 1107 295 1175 pleta,
332 1118 359 1146 ι
393 1109 519 1174 tibi,
565 1108 806 1174 Domine,
834 1108 1039 1163 servire
1061 1106 1384 1176 iucunditas.
1417 1106 1526 1161 Nec
1554 1107 1723 1161 ambi-

1776 621 1785 629 ,
1830 586 1996 622 meum
2016 585 2169 623 suave
2189 577 2285 631 est,
2309 577 2358 622 et
2377 586 2507 623 onus
2528 584 2694 621 meum
2715 567 2819 620 leve
2842 564 3057 634 (Matth.
3081 562 3178 631 χι).
3199 562 3412 617 Idcirco

1831 658 2226 728 dYSrumpentes
2254 659 2585 713 inﬁdelitatis
2636 656 2846 711 vincula
2867 694 2881 717 ,
2924 662 2981 709 et
3008 652 3356 721 projicientes
3379 667 3410 707 a

1831 742 2126 808 cervicibus
2150 754 2347 808 nostris
2360 752 2543 820 jugum
2564 751 2783 814 diaboli,
2809 748 2956 803 omni
2979 762 3100 803 cum
3124 746 3413 800 devotione

1830 844 1965 897 colla
1996 852 2179 899 nostra
2208 843 2478 898 dominico
2518 842 2806 896 subdamus
2852 838 3097 908 imperio,
3129 838 3251 905 quia
3289 850 3411 889 nta-

1830 945 1988 999 gnam
2013 933 2355 987 credentibus
2380 932 2589 987 confert
2618 928 2887 995 Evangelii
2913 928 3094 996 jugum
3130 934 3187 980 et
3214 924 3411 979 Christi

1830 1022 2110 1089 captivitas
2145 1022 2481 1078 suavitatem.
2513 1020 2615 1087 Qui
2642 1033 2765 1075 cum
2794 1018 2953 1073 Patre
2981 1025 3036 1072 et
3064 1015 3263 1087 Spiritu
3287 1030 3412 1071 san-

1831 1118 1941 1179 cto,
1973 1121 2076 1167 etc.

1527 1214 1793 1276 SERMO
1834 1218 2001 1277 XLV

1304 1314 1383 1367 De
1410 1314 1588 1367 eadem
1610 1317 1909 1370 ascensione
1934 1316 2145 1371 Domini
2177 1318 2259 1373 11.

1600 1426 1989 1482 ADMONITIO.

211 1517 575 1572 Pncmittitur
604 1515 690 1569 hic
719 1513 1176 1586 sermosuperiori
1217 1514 1270 1581 in
1301 1512 1489 1586 codice
1515 1513 1849 1586 Taurinensi,
1893 1517 1945 1570 in
1992 1534 2100 1586 quo
2147 1526 2228 1573 est
2268 1519 2509 1574 decimus
2553 1534 2739 1573 eorum
2776 1518 2867 1585 qui
2900 1516 2977 1569 De
3006 1518 3307 1571 ascensione
3326 1516 3417 1586 in-

142 1589 473 1641 scribuntur.
498 1586 621 1657 .Nos
650 1586 842 1657 seriem
872 1582 1287 1637 Muratorianam
1312 1584 1463 1650 sequi
1491 1584 1794 1651 maluimus,
1820 1594 1879 1639 ut
1908 1582 2025 1654 quae
2052 1587 2224 1643 codici
2250 1588 2627 1655 Ambrosiano,
2651 1603 2682 1643 e
2709 1582 2817 1657 quo
2836 1587 2973 1641 idem
2990 1587 3291 1656 descriptus
3315 1584 3413 1640 fuit

143 1672 340 1723 sermo,
372 1653 543 1724 plane
574 1653 914 1722 respondeat.

148 1772 545 1824 Aacvusuruu.
578 1796 649 1806 -—
678 1767 822 1839 Sicut
850 1767 918 1839 de
948 1766 1069 1839 caelo
1098 1764 1310 1839 venisse
1346 1763 1733 1839 Bedentptorem
1839 1778 2061 1837 peccato
2101 1769 2409 1825 dominante
2452 1770 2694 1839 captiva,
2738 1768 2846 1823 illic
2891 1767 3103 1826 vivendi
3150 1770 3418 1836 acciperet

212 1839 533 1927 ςνξάξῖξξέέέῖξι
563 1835 1737 1927 fila.fi‘iff‘d‘it".E‘f‘ii_’3?f_i’ff"fi'.d‘i‘.ji‘fﬂ
1767 1839 1810 1897 Β
1840 1858 2159 1923 libertatem.
2190 1875 2297 1927 quo
2324 1860 2477 1927 culpa
2517 1859 2743 1914 transire
2784 1875 2888 1913 non
2933 1857 3129 1927 possit!
3166 1856 3420 1911 Ascendit

215 1908 282 1959 ad
321 1908 511 1959 caelum
561 1907 885 1975 remigrasse.
925 1904 1103 1973 Magni
1134 1904 1399 1975 faciendus
1432 1911 1505 1955 est
1544 1904 1737 1956 reditus

214 1976 429 2029 Domini
452 1976 524 2027 ad
556 1972 725 2027 sedem
754 1973 960 2042 gloria:;
997 1972 1044 2025 et
1072 1972 1217 2025 valde
1242 1972 1398 2025 etiam
1428 1988 1519 2025 nos
1550 1990 1735 2025 conso-

214 2046 353 2113 latur
399 2053 563 2113 parta
612 2041 862 2111 felicitas,
910 2042 1059 2113 quod,
1089 2044 1224 2094 inter
1272 2041 1495 2095 cwlestes
1542 2041 1737 2095 incolas

217 2112 456 2167 Christus
483 2114 746 2166 hominem
776 2112 1103 2178 cooptaverit.

218 2220 482 2276 llodierni
533 2221 640 2275 diei
688 2220 1050 2283 festivitatem,
1082 2218 1271 2272 fratres
1310 2217 1590 2282 carissimi,
1627 2232 1740 2287 my-

152 2314 371 2367 sterium
402 2312 565 2367 nobis
583 2311 862 2365 dominica:
892 2308 1230 2363 Ascensionis
1256 2308 1505 2375 instituit,
1534 2315 1592 2362 ut
1616 2306 1743 2361 Uni-

153 2402 387 2469 genitum
418 2400 541 2465 Dei,
573 2414 731 2468 quem
760 2414 859 2468 pro
888 2397 1254 2466 redemptione
1279 2397 1517 2451 omnium
1544 2396 1612 2450 ad
1636 2404 1742 2449 ter-

157 2506 240 2543 ras
266 2491 484 2544 venisse
515 2488 829 2559 gaudemus,
877 2504 977 2557 pro
1014 2487 1315 2541 :eternitate
1343 2495 1522 2541 nostra
1550 2487 1742 2541 coelum

156 2578 392 2633 laetemur
422 2580 727 2647 ingressum
762 2595 773 2629 :
808 2592 930 2630 nam
959 2577 1072 2631 hazc
1100 2584 1183 2630 est
1210 2576 1409 2631 veritas
1448 2575 1570 2631 fidei
1601 2576 1743 2629 salu—

158 2667 304 2734 taris,
334 2675 395 2720 ut
422 2666 583 2735 cujus
611 2666 914 2735 passionem
943 2664 1231 2725 credimus,
1262 2665 1487 2731 gloriam
1515 2679 1622 2719 non
1650 2679 1744 2718 ne-

157 2771 355 2823 gemus.
395 2758 510 2812 Nec
554 2757 730 2824 magni
776 2771 905 2810 sane
942 2755 1184 2809 miraculi
1224 2770 1310 2810 res
1334 2748 1453 2822 est,
1498 2755 1639 2824 quod
1677 2754 1744 2809 ad

158 2845 345 2899 malum
382 2846 529 2899 redit
569 2846 659 2913 qui
692 2845 897 2899 venite
925 2845 1080 2908 οωιο,
1124 2844 1218 2897 sed
1259 2844 1400 2912 quod
1446 2844 1742 2911 hominem,

160 2948 312 2999 quem
346 2935 587 3002 suscepit
616 2949 647 2988 e
675 2942 839 2999 terra,
871 2933 1113 3002 pervexit
1141 2920 1208 2986 ad
1237 2932 1471 2987 Patrem.
1500 2934 1588 2987 Ait
1612 2934 1742 2987 bea-

161 3021 393 3076 tissimus
424 3023 590 3076 David
622 3040 634 3075 :
666 3021 929 3076 Laztentur
951 3022 1060 3076 caeli
1086 3030 1134 3075 et
1162 3022 1377 3075 exsultet
1407 3030 1544 3075 terra
1569 3022 1738 3093 (Psal.

165 3111 314 3177 xcv);
344 3112 493 3179 quod
522 3128 647 3166 eum
677 3111 743 3167 de
767 3121 1105 3167 sacramento
1128 3111 1321 3166 Christi
1352 3113 1610 3168 cecinisse
1637 3130 1741 3168 non

1841 1965 1969 2019 ergo
1998 1952 2064 2005 ad
2099 1950 2311 2005 Patrem
2340 1938 2603 2012 Salvator,
2633 1958 2693 2003 ut
2723 1958 2777 2004 et
2806 1950 2920 2019 ipse
2946 1949 3127 2003 debito
3153 1948 3419 2017 potiretur

1842 2040 2083 2109 imperio,
2124 2049 2180 2095 et
2224 2041 2377 2095 nobis
2423 2040 2737 2095 aeternitatis
2785 2041 2943 2111 517
2982 2040 3258 2109 promissa:
3296 2052 3419 2107 spes

1842 2130 2047 2200 integra
2074 2138 2432 2199 permaneret.
2462 2128 2571 2183 Nec
2594 2129 2961 2195 dubitandum,
2990 2128 3204 2196 fratres,
3228 2128 3293 2182 de
3312 2128 3421 2183 hoc

1842 2222 2075 2289 Domini,
2104 2237 2263 2291 quem
2309 2221 2678 2291 praedicamus,
2730 2236 2973 2276 ascensu.
3013 2219 3145 2273 Nam
3192 2219 3237 2273 si
3278 2218 3421 2273 Elias

1842 2311 2111 2380 quondam
2161 2310 2258 2365 Dei
2300 2309 2527 2364 famulus
2568 2310 2637 2365 ob
2681 2309 2943 2364 castitatis
2980 2315 3035 2363 et
3072 2308 3193 2363 fidei
3232 2309 3422 2365 merita

1843 2418 2002 2457 curru
2032 2400 2277 2455 flammeo
2307 2406 2361 2455 et
2389 2400 2539 2470 equis
2571 2400 2743 2470 igneis
2780 2414 2950 2467 usque
2991 2399 3059 2453 ad
3105 2398 3299 2454 malum
3340 2406 3425 2453 est

1843 2492 2105 2558 elevatus,
2136 2506 2233 2545 cur
2258 2505 2365 2543 non
2396 2497 2506 2544 tota
2535 2489 2819 2544 devotione
2848 2489 3128 2544 credamus
3153 2488 3423 2542 Christum

1845 2589 2086 2635 nostrum
2121 2579 2288 2635 ccelos
2324 2578 2636 2648 supergredi
2673 2579 2934 2648 potuisse,
2975 2578 3068 2646 qui
3113 2578 3425 2647 sempiterni

1846 2668 2018 2722 Patris
2047 2677 2101 2722 et
2126 2668 2362 2723 Verbum
2402 2676 2483 2722 est
2529 2674 2586 2722 et
2628 2667 2910 2721 voluntas?
2942 2668 2955 2697 ¹
2989 2667 3064 2721 De
3099 2667 3207 2722 hoc
3236 2681 3427 2737 nempe

1845 2753 2158 2817 dictumest'
2176 2771 2273 2826 per
2296 2757 2555 2826 Spiritum
2577 2765 2819 2811 sanctum
2844 2774 2856 2809 :
2884 2756 3067 2827 Regna
3092 2766 3259 2823 terraz,
3287 2757 3429 2826 psal-

1845 2847 1934 2899 lite
1973 2845 2227 2910 Domino,
2268 2847 2353 2917 qui
2401 2846 2633 2899 ascendit
2680 2864 2833 2916 super
2878 2847 3030 2900 caelos
3074 2848 3316 2901 caelorum
3360 2846 3429 2900 ad

1847 2937 2095 2988 orientem
2139 2934 2321 3005 (Psal.
2360 2934 2489 3004 cn);
2535 2942 2589 2989 et
2628 2936 2820 2989 iterum
2860 2954 2871 2987 :
2913 2936 3167 2990 Dominus
3198 2938 3259 3015 in
3304 2936 3431 2990 caelo

1846 3026 2047 3094 paravit
2093 3025 2264 3077 sedem
2301 3041 2466 3087 suam,
2510 3026 2672 3095 518
2706 3035 2754 3077 et
2794 3042 3007 3095 regnum
3045 3027 3155 3095 ejus
3196 3026 3431 3080 omnibus

1847 3112 2191 3166 dominabitur
2222 3112 2392 3183 (Psal.
2419 3130 2508 3178 cn,
2534 3113 2651 3183 l9);
2684 3122 2739 3168 et
2766 3113 2891 3166 alibi
2926 3130 2938 3165 :
2964 3112 3219 3167 Dominus
3252 3128 3432 3166 ascen-

163 3198 373 3253 dubium
403 3210 489 3255 est
523 3219 537 3254 :
575 3217 699 3254 nam
735 3203 967 3257 exsultat
996 3210 1155 3266 terra,
1187 3218 1307 3271 quae
1337 3216 1560 3270 regnare
1588 3219 1742 3258 suum
1772 3196 1817 3257 C
1848 3203 1923 3254 dit
1961 3218 2113 3268 super
2156 3204 2326 3266 ccelos,
2365 3209 2414 3254 et
2446 3210 2605 3255 tonat.
2645 3201 2753 3254 Aut
2778 3200 3051 3269 quomodo
3079 3208 3295 3269 poterat
3325 3216 3432 3257 non

169 3289 303 3343 videt
340 3292 392 3343 in
429 3293 741 3348 cmlestibus
784 3292 1232 3362 Redemptorem;
1277 3293 1487 3347 lretatur
1523 3295 1739 3360 coelum,

166 3378 283 3444 quia
309 3390 363 3434 et
392 3380 563 3435 Deum
592 3398 765 3446 suum,
797 3396 955 3449 quem
980 3382 1183 3448 habuit,
1214 3398 1323 3437 non
1352 3383 1546 3447 amisit,
1570 3391 1625 3436 et
1644 3384 1744 3438 ho-

168 3469 375 3537 minem,
420 3488 583 3540 quem
632 3488 739 3526 non
787 3472 1037 3536 habebat,
1069 3474 1294 3541 accepit.
1343 3472 1551 3527 Gaudet
1598 3481 1740 3528 terra

168 3554 348 3613 Filium
397 3562 491 3615 Dei
528 3562 866 3617 descendisse
894 3562 961 3617 de
989 3563 1144 3627 cmlo,
1176 3564 1270 3618 sed
1299 3579 1406 3617 non
1436 3564 1609 3617 minus
1642 3580 1739 3619 ex-

170 3647 324 3701 sultat
367 3652 563 3706 caelum
613 3651 801 3705 Filium
847 3652 1077 3706 hominis
1123 3653 1427 3707 ascendisse
1466 3653 1534 3708 de
1573 3660 1738 3709 terra.

171 3734 329 3803 Sedit,
353 3738 547 3806 inquit,
568 3740 638 3793 ad
666 3740 927 3793 dexteram
956 3740 1151 3794 Patris.
1180 3739 1348 3805 Quam
1378 3745 1741 3797 necessarium

170 3835 297 3891 erat,
336 3830 618 3893 carissimi,
663 3839 721 3884 ut
758 3845 883 3885 caro
922 3830 1174 3893 hominis,
1211 3844 1331 3899 qure
1372 3830 1576 3899 jamdiu
1624 3839 1741 3886 erat

1847 3292 1901 3345 in
1921 3291 2115 3346 caelum
2143 3291 2327 3359 recipi,
2360 3291 2451 3358 qui
2477 3290 2767 3344 humanum
2795 3302 2964 3357 genus
2985 3290 3214 3344 vocabat
3234 3289 3300 3342 ad
3321 3304 3433 3345 cm-

1846 3383 1992 3436 lum?
2040 3381 2385 3436 Exsultemus
2427 3381 2631 3448 itaque,
2671 3379 3023 3446 dilectissimi,
3062 3388 3117 3434 et
3164 3380 3428 3443 laetemur.

1845 3472 1969 3541 quia
2012 3473 2082 3526 ibi
2116 3488 2234 3528 esse
2263 3481 2505 3526 nostrum
2540 3472 2787 3526 novimus
2820 3470 3254 3541 Redemptorem,
3285 3470 3432 3527 unde

1844 3573 2041 3619 cuncta
2082 3548 2156 3619 et.
2178 3564 2489 3633 prospicere
2532 3564 2703 3632 possit
2741 3572 2799 3617 et
2840 3576 3047 3630 regere,
3080 3571 3135 3617 et
3167 3564 3292 3632 quia
3323 3563 3432 3619 illic

1844 3662 2085 3723 ereptum
2117 3654 2183 3707 ab
2213 3652 2395 3707 inferis
2423 3652 2696 3706 hominem
2725 3652 3030 3715 collocavit,
3064 3652 3155 3705 ubi
3194 3668 3300 3706 non
3342 3667 3432 3705 ar-

1844 3744 1944 3798 bor
1969 3743 2201 3797 scientiae
2230 3742 2356 3797 boni
2385 3748 2439 3796 et
2467 3741 2593 3795 mali
2616 3741 2891 3795 mortifera
2921 3754 3082 3809 poma
3106 3740 3429 3809 praetendat,

1843 3832 1938 3887 sed
1951 3831 2200 3887 salutaris
2212 3847 2273 3886 ac
2288 3830 2544 3901 simplicis
2566 3829 2820 3885 bonitatis
2842 3830 3105 3885 inhabitat
3126 3830 3425 3901 plenitudo.

1516 3945 1785 4005 SERMO
1828 3944 2054 4005 XLVI.

1294 4041 1371 4096 De
1392 4042 1572 4096 eadem
1600 4044 1900 4097 ascensione
1933 4042 2143 4098 Domini
2176 4042 2287 4096 III.

1597 4132 1985 4187 ADMONITIO.

238 4219 302 4273 Et
322 4223 441 4292 styli
462 4222 621 4289 ratio,
652 4230 707 4277 et
735 4222 978 4277 codicum
1004 4230 1266 4289 veterum,
1298 4222 1647 4277 Taurinensis
1676 4225 2006 4292 cumprimis,
2047 4225 2343 4279 auctoritas
2370 4222 2549 4277 effecit
2577 4232 2655 4289 ut,
2674 4221 2969 4292 Muratorio
2993 4236 3265 4292 assensus,
3284 4223 3430 4277 hunc

175 4292 324 4361 etiam
354 4290 656 4347 sermonem
702 4294 758 4346 S.
808 4293 1030 4345 antistiti
1080 4292 1399 4345 Taurinensi
1447 4290 1847 4361 attribuenduin
1899 4310 2018 4348 esse
2058 4294 2373 4361 judicarem.
2420 4292 2514 4349 Est
2542 4308 2672 4345 vero
2715 4294 2758 4345 is
2786 4292 2838 4344 in
2868 4290 3058 4361 eodem
3109 4290 3431 4347 Taurinensi

175 4360 347 4413 codice
376 4362 513 4432 inter
539 4362 597 4415 S.
631 4361 844 4432 Maximi
874 4376 1148 4432 sermones
1176 4360 1252 4414 De
1278 4364 1574 4415 ascensione
1603 4380 1768 4415 sermo
1789 4360 1963 4426 XIII,
1988 4358 2151 4432 quem
2180 4363 2396 4432 quidem
2424 4377 2490 4417 ex
2520 4362 2876 4417 Ambrosiano
2898 4358 3084 4416 codice
3114 4376 3431 4430 expressum

176 4431 431 4482 transtulit
460 4432 601 4485 idem
630 4430 949 4484 Muratorius
975 4430 1027 4483 in
1058 4429 1121 4482 ιγ
1148 4438 1348 4483 tomum
1388 4432 1646 4485 Auecdot.

176 4535 549 4613 Ancuussruu.
580 4570 651 4580 —-
680 4537 1146 4613 Gloriosa_Domit_ti
1176 4539 1409 4613 ascensio
1440 4555 1619 4613 novam
1641 4542 1732 4593 [ιε-
1764 4544 1811 4601 D
1839 4544 1956 4611 ejus
1975 4542 2287 4613 magnitudo
2310 4541 2567 4605 declarat,
2592 4540 2702 4608 qui,
2734 4547 2985 4609 suscepto
3007 4539 3263 4594 adversus
3282 4556 3434 4594 mun-

243 4607 360 4677 t_it_ia:
410 4611 662 4662 rationem
716 4610 1025 4677 suppeditat.
1088 4606 1254 4657 David
1302 4609 1606 4661 vaticinatus
1660 4620 1734 4663 est

242 4673 488 4729 Christum
518 4677 721 4730 cmlicas
748 4673 879 4729 inter
916 4678 1123 4729 virtutes
1151 4677 1517 4743 recipiendum.
1564 4677 1732 4730 Verba

241 4746 546 4815 prophetica,
571 4746 775 4813 aliaque
807 4746 1091 4815 Scriptura:
1125 4746 1239 4796 loca
1268 4744 1434 4798 doctis
1473 4763 1735 4800 commen-

244 4812 381 4865 tariis
408 4812 755 4868 illustrantur.

243 4901 473 4963 Quantus
500 4912 557 4960 et
579 4919 739 4974 quam
766 4904 1147 4973 investigabilis
1174 4906 1246 4960 sit
1270 4908 1323 4960 in
1348 4906 1601 4975 operibus
1628 4908 1738 4961 suis

186 4985 476 5057 Unigenitus
502 4994 845 5063 omnipotens
867 4994 959 5048 Dei
984 4994 1327 5049 inelfabilium
1358 4997 1736 5066 mysteriortun

250 5159 273 5186 ⁸
298 5149 426 5209 Cod.
455 5156 659 5222 Casin.,
692 5156 801 5218 tibi,
830 5154 1045 5221 Christe,
1078 5158 1284 5211 servire.
1333 5180 1339 5187 ~

251 5287 267 5317 ¹
304 5288 448 5353 Quod
475 5290 670 5345 Paulus
698 5290 750 5345 in
774 5290 797 5343 ι
824 5290 948 5345 Cor.
968 5306 1016 5365 ι,-
1036 5289 1121 5365 24,
1152 5290 1287 5365 dixit
1316 5308 1341 5365 :_
1359 5292 1573 5365 Χριστὸν
1601 5298 1731 5348 Θεοῦ

189 5350 399 5421 divam»,
428 5365 507 5414 καὶ
534 5368 664 5416 Θεοῦ
692 5366 909 5431 copim,
957 5350 1213 5431 Christum
1242 5359 1365 5431 Dei_
1381 5350 1735 5431 potestne!

190 5433 275 5474 seu
293 5440 572 5492 νιιιτυτεκ,
598 5437 652 5482 et
678 5429 1151 5496 Dei'sapientiam;
1198 5429 1304 5484 hoc
1349 5429 1609 5482 Maximus
1658 5429 1739 5482 sic

191 5496 472 5571 accppitpt
492 5500 759 5571 Qhristunt
778 5497 954 5551 Patris
978 5515 1089 5571 esse
1117 5498 1422 5571 voluntatem
1448 5498 1735 5571 et_verbu_m

193 5566 454 5629 scripserit.
483 5568 618 5622 Cum
661 5568 801 5621 enim
845 5569 1184 5634 omnipotens
1220 5568 1470 5621 voluntas
1509 5567 1601 5619 Dei
1643 5566 1729 5628 sit,

198 5636 483 5701 Potestatcm
535 5638 853 5690 virtutemve
898 5634 1105 5695 Putris,
1152 5636 1428 5689 voluntatis
1469 5635 1733 5701 expressit

198 5699 445 5758 Hitabulo.
478 5706 679 5760 Dicitur
706 5716 893 5770 autem,
921 5705 1089 5770 inquit
1127 5706 1179 5759 S.
1214 5705 1446 5762 Thomas
1468 5706 1520 5758 in
1545 5699 1730 5757 locum

1839 4636 1903 4711 di
1928 4635 2227 4703 principem
2275 4632 2479 4700 przelio,
2531 4628 2819 4697 pugnando
2865 4629 2918 4682 in
2968 4628 3189 4683 homine
3227 4638 3283 4683 et
3312 4630 3432 4683 vin-

1839 4723 2008 4777 cendo
2036 4721 2131 4791 per
2155 4721 2431 4775 hominem
2458 4718 2687 4772 incolam
2713 4718 2837 4771 cceli
2858 4728 3120 4787 ternaque
3148 4718 3431 4775 dominmn

1840 4814 1985 4868 fecit.
2009 4812 2109 4878 Qui
2135 4811 2294 4864 etiam
2325 4824 2520 4877 corpus
2549 4807 2678 4860 illud
2700 4808 3015 4862 humilitatis
3045 4818 3261 4871 nostrtc,
3282 4812 3429 4878 quod

1841 4904 2011 4973 fragili
2042 4903 2269 4970 sumpsit
2294 4916 2326 4954 e
2352 4898 2752 4969 feminaﬁariis
2779 4908 3197 4969 persequentum
3229 4900 3432 4968 objecit

1844 4992 2072 5061 injuriis,
2100 4991 2243 5045 cruci
2274 4990 2432 5043 etiam
2462 4988 2707 5055 permisit
2736 4987 2878 5056 afllgi
2898 5026 2914 5052 ,
2946 4988 3172 5045 elevatis
3202 4999 3432 5045 meum.

1845 5287 2094 5356 proxime
2148 5285 2437 5356 indicatum
2487 5278 2884 5356 Apostoli,_Dei
2927 5280 3086 5356 virtus
3124 5289 3175 5333 et
3208 5279 3427 5356 Deisa.

1848 5348 2040 5424 pientia
2070 5372 2158 5423 per
2186 5348 2947 5425 quamdam_approbationem.
2989 5348 3165 5402 Virtus
3201 5351 3426 5425 quidem,

1831 5418 1885 5477 in
1914 5418 2160 5495 quantum
2189 5418 2276 5491 per
2317 5420 2624 5495 eumPater
2657 5420 2833 5495 omnia
2859 5426 3098 5495 operatur
3120 5435 3137 5470 :
3175 5418 3425 5495 (Omnia

1840 5488 1937 5563 per
1951 5495 2115 5562 ipsum
2140 5488 2275 5563 facta
2291 5501 2415 5563 sunt
2437 5491 2613 5563 (Joun_.
2636 5490 2735 5556 1);)
2754 5488 3173 5563 sapientiavero,
3193 5490 3243 5540 in
3260 5504 3425 5563 qu_an-_

1838 5555 1944 5616 tum
1972 5555 2148 5631 ipsum
2180 5559 2401 5613 Verbum
2420 5555 2601 5631 {quod
2630 5555 2707 5631 est
2746 5555 2939 5621 Filius,
2986 5556 3116 5631 nihil
3154 5568 3229 5610 est
3274 5555 3424 5609 aliud

1836 5624 2009 5701 quam'
2033 5624 2647 5701 sapientiurgenita,‘_vel
2672 5633 2973 5701 concepta:
3012 5643 3029 5674 ι
3069 5624 3181 5695 Ego
3224 5642 3287 5679 ea:
3334 5643 3422 5679 ore

1836 5693 2367 5767 Ᾰιιιδδιηιῖιινοάξυὶξι
2403 5706 2504 5751 etc.
2535 5693 2755 5758 (Eccles.
2790 5694 2959 5751 sxw.)
