3896 6250
528 336 625 389 627

1744 334 1799 390 5.
1843 334 2082 389 MAXIMI
2123 335 2572 392 TAURINENSIS
3668 337 3759 391 638

531 448 669 500 libus
698 446 864 515 portis
892 460 1094 512 secum,
1121 454 1175 499 et
1204 444 1259 497 in
1286 459 1341 499 se
1370 444 1530 500 hodie
1559 446 1736 499 evexit
1763 445 1829 500 ad
1861 445 2092 498 Patrem.
2127 452 2172 506 Α
2204 445 2476 500 Dominus.
2509 446 2704 509 Fortis,
2754 461 2859 501 non
2906 446 3030 517 quia
3065 448 3313 502 inimicos
3352 460 3477 503 suos
3526 455 3763 516 potenter

534 537 771 603 Denique
799 535 957 587 beato
988 534 1155 589 David
1183 536 1479 589 instruente
1525 536 1903 603 cognovimus,
1936 534 2103 589 Collo-

531 624 816 691 quentibus
871 622 1011 677 inter
1057 638 1117 676 se
1162 622 1444 677 virtutibus
1480 623 1638 689 coeli,
1691 623 1807 677 hinc
1852 621 2101 690 praedicta

533 712 865 766 mortalibus.
895 712 983 765 Ait
1005 714 1149 767 enim
1183 731 1195 763 :
1224 712 1407 766 Tollite
1428 722 1609 781 portas
1636 713 1892 782 principes
1928 713 2098 776 vestri,

530 811 577 854 et
606 802 894 866 elevamini,
932 810 1094 871 porta:
1123 802 1422 865 internatas,
1448 811 1495 853 et
1529 800 1759 854 introibit
1789 800 1898 854 Rea:
1924 794 2102 871 gloria:

534 890 705 959 (l’sal.
732 891 906 961 mn).
939 892 1125 958 Recte,
1153 890 1432 954 carissimi,
1448 892 1726 944 internales
1741 889 1960 944 elevatae:
1978 898 2102 944 sunt

533 989 721 1048 portae,
772 981 896 1050 quia
936 979 1321 1048 gloriosissimo
1370 978 1501 1046 Regi
1534 987 1592 1033 et
1641 978 1953 1034 internitatis
1990 978 2099 1033 Do-

540 1068 684 1124 mino
720 1071 977 1124 mirabilis
1009 1068 1076 1123 ad
1104 1084 1329 1138 superna
1357 1069 1643 1137 parabatur
1669 1069 1954 1136 ingressus.
1985 1068 2090 1122 An-

535 1160 813 1213 nuntiatur
846 1174 975 1229 ergo
1000 1174 1097 1228 per
1116 1157 1471 1227 patriarcham
1500 1156 1853 1225 eumdemque
1878 1157 2101 1226 prophe.

535 1255 643 1300 tam
671 1248 905 1304 elevatae
931 1248 1209 1302 aeternales
1235 1254 1417 1317 portas
1441 1288 1457 1313 ,
1507 1254 1566 1300 ut
1592 1246 1925 1301 advertamus
1965 1260 2098 1314 prie-

533 1344 694 1390 eunte
718 1336 842 1390 illuc
876 1335 1108 1401 Christo,
1140 1337 1333 1391 caelum
1374 1335 1484 1403 jam
1512 1325 1711 1404 patere
1758 1334 2094 1390 mortalibus.

534 1424 815 1491 Patebunt,
840 1425 1191 1489 dilectissimi,
1224 1432 1391 1492 porta:
1437 1423 1541 1476 illa:
1587 1422 1846 1487 ﬁdelibus,
1877 1430 1932 1476 et
1958 1436 2097 1475 sem-

532 1533 630 1586 per
657 1518 953 1586 patebunt,
1002 1534 1164 1587 quas,
1209 1518 1417 1573 devicta
1454 1526 1629 1572 morte
1668 1518 2098 1587 triumphatoque

530 1608 762 1672 diabolo,
791 1607 855 1661 ad
882 1606 1090 1663 Patrem
1112 1622 1337 1678 pergens
1359 1609 1584 1678 prmvius
1605 1608 1850 1663 Salvator
1867 1610 2092 1677 aperuit.

531 1699 844 1753 Mirantibus
882 1708 1059 1753 autem
1089 1708 1142 1753 et
1167 1700 1629 1768 percunctantibus
1664 1698 1783 1768 quis
1812 1707 1949 1753 esset
1996 1700 2097 1753 iste

532 1786 641 1838 Rex
672 1786 871 1853 glorize,
904 1787 975 1839 ita
1003 1788 1246 1854 protinus
1273 1786 1627 1855 respondetur
1659 1804 1671 1839 :
1697 1786 1948 1841 Dominus
1986 1790 2093 1858 for-

530 1876 595 1926 tis
616 1882 661 1926 et
688 1875 887 1943 potens,
918 1874 1170 1928 Dominus
1197 1884 1374 1943 potens
1413 1877 1467 1928 in
1496 1876 1674 1945 prwlio
1704 1875 1883 1945 (Psal.
1914 1876 2092 1943 mn).

2204 537 2418 605 occidit,
2444 536 2537 592 sed
2566 537 2689 606 quia
2717 552 2817 606 pro
2845 538 2999 592 nobis
3027 538 3295 607 patienter
3316 537 3530 592 occisus
3549 546 3653 591 est.
3681 534 3762 591 Po-

2205 637 2344 691 tens,
2393 628 2517 695 quia
2561 628 2702 681 inter
2747 627 3034 697 opprobria
3073 636 3127 683 et
3171 627 3430 696 supplicia
3460 626 3758 695 passionum

2201 718 2365 769 tantae
2398 716 2498 769 sibi
2522 716 2735 770 virtutis
2778 716 3021 772 conscius
3065 723 3124 769 ut
3163 716 3523 771 ministerium
3573 714 3762 770 redem-

2199 805 2397 874 ptionis
2427 806 2690 874 impleret,
2726 821 2876 862 suam
2924 806 3095 860 noluit
3133 813 3406 859 ostentare
3448 803 3759 873 potentiam.

2201 893 2326 947 Cum
2346 896 2480 947 enim
2510 895 2562 947 in
2593 896 2760 964 [arma
2784 892 2878 947 Dei
2905 901 3058 958 esset,
3094 910 3195 947 non
3224 894 3466 961 rapinam
3492 890 3760 944 arbitratus

2198 992 2402 1036 estesse
2427 999 2482 1036 se
2518 983 2764 1053 wqualem
2801 981 2933 1050 Deo,
2974 982 3065 1036 sed
3096 982 3424 1051 semetipsum
3455 980 3760 1040 eainanieit,

2200 1075 2418 1142 formam
2447 1074 2576 1126 servi
2606 1072 2887 1142 suscipiens
2923 1071 3143 1141 (Philip.
3165 1071 3243 1142 ιι).
3274 1069 3453 1125 Fortis
3481 1071 3667 1137 itaque
3685 1083 3763 1137 po-

2199 1169 2319 1215 tens
2339 1168 2419 1216 est
2447 1168 2501 1215 et
2546 1162 2829 1229 gloriosus.
2861 1160 3059 1225 Fortis,
3089 1160 3216 1215 dum
3245 1176 3275 1214 a
3304 1159 3526 1215 diabolo
3556 1160 3613 1213 in
3646 1174 3761 1212 con-

2196 1251 2471 1319 gressione
2512 1266 2619 1304 non
2645 1251 2893 1305 vincitur.
2944 1248 3142 1304 Potens
3163 1290 3177 1314 ,
3209 1250 3337 1304 dum
3387 1248 3761 1316 subjugaturus

2197 1348 2425 1393 mortem
2445 1338 2635 1393 interni
2660 1339 2892 1393 claustra
2920 1336 3166 1407 disrupit.
3189 1336 3490 1405 Gloriosus,
3512 1336 3642 1390 dum
3672 1336 3757 1388 ini-

2197 1428 2462 1482 maculato
2482 1426 2743 1495 sanguine
2771 1442 2869 1481 suo
2897 1427 3218 1495 captivitatis
3246 1432 3463 1491 nostris,
3501 1425 3762 1491 chirogra-

2196 1520 2304 1590 pho
2332 1534 2396 1573 ex
2426 1519 2543 1589 lege
2566 1518 2763 1583 deleto,
2792 1518 2858 1571 ad
2887 1517 3070 1572 sedem
3098 1525 3333 1587 paterna:
3362 1516 3550 1585 gloria:
3571 1516 3760 1569 cunclis

2196 1606 2454 1660 caelorum
2483 1604 2766 1659 virtutibus
2791 1604 3116 1658 adorandum
3145 1603 3404 1659 ascendit.
3436 1602 3572 1668 Qua:
3614 1602 3757 1669 igitur

2197 1704 2279 1749 est
2305 1695 2462 1762 hujus
2499 1692 2833 1763 profunditas
2878 1694 3217 1758 sacramenti,
3264 1708 3425 1761 quam
3454 1693 3758 1761 imperscro-

2201 1786 2360 1840 tabile
2388 1786 2578 1841 divinae
2607 1785 2933 1854 operationis
2971 1799 3244 1845 arcanum,
3276 1782 3423 1852 quod
3452 1783 3496 1837 is
3526 1783 3619 1851 qui
3649 1791 3759 1834 ante

2200 1881 2391 1934 saecula
2421 1880 2651 1948 prodivit
2676 1894 2706 1931 a
2738 1879 2897 1949 520
2934 1877 3126 1942 Patre,
3156 1876 3263 1939 ille,
3297 1876 3389 1945 qui
3417 1875 3472 1928 in
3503 1874 3609 1928 ﬁne
3637 1881 3757 1927 tem~

528 1963 651 2017 Ideo
679 1977 808 2030 ergo
838 1972 1048 2033 potens,
1078 1965 1201 2032 quia
1231 1964 1403 2019 fortis.
1429 1965 1495 2018 Et
1531 1966 1603 2019 ita
1633 1981 1816 2019 revera
1846 1974 1927 2019 est
1954 1981 2091 2035 prze-
2126 2005 2170 2063 Β
2201 1983 2388 2035 porum
2430 1967 2689 2037 processit
2716 1982 2782 2021 ex
2830 1966 3047 2032 femina,
3076 1980 3214 2019 unus
3260 1966 3433 2020 factus
3461 1971 3545 2018 est
3592 1963 3757 2016 Deus?

524 2052 748 2107 dicanda
788 2054 1048 2121 potentia,
1096 2069 1216 2123 qua:
1242 2070 1349 2109 non
1391 2055 1582 2110 alienis
1628 2053 1757 2107 fulta
1788 2054 2092 2123 virtutibus,

525 2142 617 2195 sed
645 2158 742 2198 sua
778 2144 880 2198 sibi
920 2159 1019 2213 per
1064 2144 1242 2199 omnia
1290 2150 1558 2213 potestate
1604 2144 1871 2208 subsistit;
1920 2160 2038 2213 qua:
2064 2159 2093 2197 a

524 2232 747 2286 Domino
775 2242 829 2288 et
860 2233 1218 2303 Redemptore
1264 2244 1449 2290 nostro
1490 2250 1596 2290 non
1638 2236 1928 2289 ambitione
1955 2250 2093 2304 pne-

522 2331 729 2391 sumpta
753 2333 853 2389 est,
876 2340 985 2378 non
1014 2339 1291 2378 munerum
1320 2324 1592 2394 redempta
1619 2325 1963 2393 commercio,
1988 2341 2092 2379 non

524 2412 628 2464 ulla
660 2412 964 2466 adulatione
992 2415 1231 2481 quaesita,
1263 2415 1357 2468 sed
1386 2414 1619 2484 perfecta
1649 2422 1703 2469 et
1732 2416 1958 2483 simplici
1989 2416 2094 2469 vir-

523 2510 637 2557 tute
667 2519 931 2571 possessa.
965 2504 1097 2557 Nam
1146 2505 1287 2575 quod
1333 2504 1476 2558 Patri
1518 2505 1771 2559 obediens
1800 2504 1895 2558 fuit
1926 2520 2093 2571 usque

520 2592 588 2646 ad
617 2600 845 2647 mortem
875 2593 1067 2658 crucis,
1095 2595 1235 2648 sicut
1262 2595 1336 2648 ait
1363 2594 1649 2664 Apostolus
1676 2612 1687 2646 τ
1722 2594 1876 2647 Dedit
1899 2595 1976 2647 illi
2000 2610 2093 2647 no-

518 2698 636 2734 men
665 2682 799 2753 quod
828 2691 903 2737 est
942 2700 1094 2755 super
1130 2701 1282 2739 omne
1306 2702 1520 2751 nomen,
1550 2694 1607 2737 ut
1634 2686 1687 2739 in
1726 2686 1929 2738 nomine
1966 2684 2091 2738 Iesu

519 2788 669 2826 omne
706 2789 837 2841 genu
865 2774 1101 2843 ﬂectatur
1141 2775 1417 2829 caelestium
1441 2817 1456 2843 ,
1487 2776 1800 2829 terrestrium
1841 2784 1889 2828 et
1924 2777 2081 2847 infer-

522 2879 704 2916 narum
733 2862 954 2935 (Philip.
976 2865 1055 2935 ιι).
1082 2865 1180 2921 Hic
1205 2868 1346 2921 enim
1367 2883 1489 2922 cum
1510 2867 1639 2923 dicit
1664 2886 1675 2921 :
1704 2866 1955 2922 Dominus
1976 2870 2087 2939 for-

520 2953 588 3005 tis
606 2960 655 3005 et
682 2962 860 3022 potens
884 2993 899 3019 ,
944 2970 1052 3008 non
1091 2958 1299 3026 gemina
1328 2956 1523 3013 Christi
1552 2973 1579 3010 a
1606 2957 1764 3011 Patre
1809 2959 2047 3027 potentia
2071 2998 2087 3023 ,

522 3042 614 3098 sed
654 3045 849 3100 invicta
899 3048 1022 3100 novi
1056 3048 1287 3103 hominis
1325 3046 1579 3102 fortitudo
1603 3048 1866 3102 laudatur.
1908 3048 2087 3116 Neque

519 3148 650 3187 vero
696 3148 947 3203 magnum
998 3144 1148 3205 erat,
1192 3135 1383 3192 fortem
1433 3137 1535 3192 dici
1564 3138 1745 3205 illum,
1786 3153 1881 3207 per
1926 3153 2086 3206 quem

518 3230 697 3275 creata
737 3234 861 3277 sunt
903 3226 1101 3288 omnia,
1134 3234 1187 3279 et
1209 3227 1297 3295 qui
1346 3227 1693 3295 omnipotens
1727 3228 1793 3280 ab
1831 3226 2085 3295 Omnipo-

520 3317 665 3365 tente
694 3314 972 3381 processit.
998 3314 1173 3370 Fortis
1192 3330 1320 3383 ergo
1341 3325 1395 3371 et
1419 3324 1607 3385 potens
1634 3317 1685 3370 in
1714 3317 1897 3385 prcelio
1927 3317 2087 3387 519

2202 2060 2213 2088 ¹
2244 2058 2416 2125 Atque
2443 2060 2546 2111 hoc
2575 2057 2693 2111 ideo
2712 2097 2727 2122 ,
2760 2064 2816 2110 ut
2845 2071 2966 2110 cum
3006 2064 3147 2110 esset
3178 2054 3495 2122 Unigenitus
3518 2054 3756 2108 indivisus

2195 2163 2224 2201 a
2255 2147 2412 2201 Patre
2434 2148 2654 2201 haberet
2680 2147 2842 2201 homo
2872 2147 2924 2199 in
2956 2144 3234 2213 Unigenito
3262 2142 3357 2198 Dei
3386 2152 3614 2212 paterna
3644 2158 3752 2197 cum

2194 2237 2596 2293 immortalitate
2623 2236 2973 2291 consortium.
3006 2232 3233 2302 PrOpter
3260 2232 3423 2300 quod,
3455 2232 3667 2293 fratres,
3690 2230 3755 2281 sic

2193 2330 2475 2385 Dominum
2506 2327 2810 2382 ascendisse
2829 2325 3175 2381 conﬁteamur
3199 2324 3253 2377 in
3274 2323 3429 2388 casio,
3456 2332 3517 2376 ut
3545 2338 3651 2375 non
3673 2334 3753 2373 nos

2192 2423 2308 2476 sine
2355 2420 2545 2493 eodem
2588 2419 2807 2473 relictos
2849 2430 2969 2472 esse
3007 2413 3312 2481 credamus,
3338 2414 3463 2483 quia
3512 2414 3629 2481 ipse
3670 2410 3754 2464 sub

2192 2517 2465 2565 momento
2506 2507 2834 2562 ascensionis
2870 2520 2979 2561 sua:
3024 2504 3099 2557 ait
3135 2502 3393 2571 apostolis
3437 2519 3452 2554 :
3499 2500 3634 2554 Ecce
3672 2514 3751 2567 ego

2192 2599 2446 2655 vobiscum
2474 2615 2585 2652 sum
2611 2594 2843 2652 omnibus
2864 2592 3038 2649 diebus
3062 2594 3117 2645 in
3157 2592 3649 2645 consummationem
3668 2606 3751 2643 sir-

2192 2690 2293 2743 culi
2323 2687 2535 2758 (Matth.
2568 2684 2771 2754 xxvm).
2810 2682 2943 2737 Nam
2992 2682 3085 2750 qui
3124 2682 3197 2735 ita
3220 2678 3500 2734 descendit
3527 2696 3559 2734 a
3589 2678 3746 2739 Patre,

2191 2787 2250 2833 ut
2274 2777 2413 2847 apud
2440 2775 2655 2830 Patrem
2701 2771 3072 2842 inseparabilis
3116 2777 3439 2832 remaneret,
3488 2770 3567 2824 sic
3610 2768 3749 2822 nitui-

2191 2882 2309 2923 rum
2338 2866 2405 2921 de
2434 2864 2592 2919 terris
2612 2862 2851 2918 ascendit
2876 2860 2943 2915 ad
2970 2860 3183 2924 omium,
3216 2868 3274 2913 ut
3303 2876 3411 2914 non
3438 2859 3747 2927 relinqueret

2189 2957 2464 3013 mundum.
2496 2954 2590 3008 Est
2626 2953 2768 3009 enim
2814 2952 2928 3005 haec
2956 2949 3347 3019 omnipotentia
3396 2948 3509 3005 Deo
3558 2958 3746 3010 nostro,

2190 3054 2271 3101 est
2309 3042 2613 3113 liujusmodi
2658 3041 2775 3108 ejus
2821 3047 2875 3095 et
2917 3047 3027 3093 tam
3067 3037 3342 3093 indelinita
3390 3046 3650 3107 potestas,
3698 3041 3746 3088 ut

2190 3150 2314 3191 eum
2340 3149 2439 3202 pro
2470 3131 2829 3188 immensitate
2858 3129 2939 3183 sui
2968 3127 3141 3182 omnis
3165 3127 3363 3196 ubique
3392 3128 3591 3181 habeat
3615 3138 3747 3180 crea~

2190 3234 2309 3278 tura
2340 3230 2678 3293 prmsentem.
2709 3218 2807 3275 Cui
2846 3218 3021 3274 honor
3048 3224 3101 3272 et
3126 3216 3297 3285 gloria
3344 3217 3399 3272 in
3442 3216 3635 3272 stecula
3661 3227 3744 3267 sai-

2187 3314 2449 3369 culorum.
2475 3311 2663 3365 Amen.

1860 3428 2127 3489 SEHMO
2170 3425 2423 3486 XLVII.

1651 3525 1724 3580 De
1752 3527 1929 3581 eadem
1962 3526 2258 3579 ascensione
2285 3521 2494 3576 Domini
2513 3518 2616 3573 IV.

1949 3609 2331 3668 ADMONITIO.

586 3700 735 3772 Nunc
760 3700 985 3772 primum
1014 3701 1099 3754 hic
1126 3715 1304 3754 sermo
1336 3700 1388 3772 in
1429 3700 1607 3755 lucem
1649 3703 1845 3772 prodit,
1896 3719 2053 3771 quem
2100 3717 2130 3755 e
2157 3702 2539 3772 ‘vetustissimo
2582 3700 2767 3772 codice
2814 3700 3123 3772 monasterii
3163 3700 3228 3754 de
3248 3699 3533 3772 iAppannis
3562 3697 3741 3772 descri-

517 3771 737 3846 psimus.
770 3768 861 3823 Est
890 3780 1065 3823 autem
1088 3779 1196 3822 tam
1227 3770 1416 3824 similis
1444 3768 1686 3827 oratione
1715 3788 1777 3827 ac
1804 3768 1942 3843 style
1967 3772 2177 3825 Maximi
2206 3770 2543 3825 sermonibus
2571 3770 2809 3839 reliquis,
2840 3771 2973 3825 nihil
3000 3779 3060 3825 ut
3087 3771 3261 3840 optari
3298 3768 3467 3839 possit
3509 3768 3738 3825 similius.

520 3905 1047 3960 AllCL’HENTUM.———In
1075 3907 1330 3974 triumpho
1359 3906 1547 3961 Christi
1569 3908 1887 3960 ascendentis
1913 3915 1963 3959 in
1982 3924 2081 3959 σαε-
2112 3908 2155 3970 C
2188 3913 2267 3960 est
2294 3907 2519 3973 initiata,
2552 3908 2676 3976 quia
2705 3922 2801 3977 per
2837 3907 3197 3962 beatissimam
3240 3906 3384 3961 illam
3412 3904 3609 3959 Christi
3639 3916 3737 3957 ear-

586 3979 710 4039 lum,
736 3993 836 4027 non
861 3985 961 4025 tam
980 3977 1259 4044 spectanda
1280 3984 1353 4027 est
1375 3977 1483 4044 ejus
1514 3978 1843 4029 humanitatis
1867 3980 2082 4029 cwlestis

584 4047 726 4112 regni
752 4055 944 4095 interna
974 4046 1243 4110 possessio,
1270 4061 1422 4111 quam
1448 4056 1743 4113 comparata
1773 4047 1914 4098 nobis
1944 4047 2082 4113 ejus-

583 4116 697 4166 dem
741 4114 996 4183 beatitutis
1042 4113 1456 4166 hwreditaleic
1495 4118 1647 4167 totius
1686 4116 2080 4183 dispensationis

581 4184 765 4235 divina:
789 4192 862 4253 est
888 4182 1007 4251 linis
1026 4222 1040 4246 ,
1069 4184 1136 4233 ad
1166 4199 1311 4253 quem
1340 4200 1512 4236 omnes
1538 4195 1753 4237 conatus
1768 4182 1937 4237 nostri
1963 4193 2083 4237 sunt

582 4252 856 4321 dirigendi.

585 4362 925 4420 Discessurus
953 4378 983 4417 e
1010 4362 1228 4430 regione
1250 4364 1349 4419 ista
1378 4365 1581 4419 umbrrc
1610 4366 1797 4419 mortis
1827 4365 2081 4420 Dominus

517 4458 706 4505 noster
724 4449 877 4505 Jesus
905 4450 1166 4520 Christus,
1191 4459 1249 4506 ut
1268 4470 1414 4518 suos,
1439 4470 1574 4523 quos
1597 4462 1753 4509 antea
1783 4456 1835 4508 in
1867 4455 1967 4508 title
1996 4454 2078 4508 di-

518 4541 838 4597 lectissimos
880 4540 1147 4595 erudierat
1192 4545 1496 4611 apostolos,
1542 4546 1609 4599 de
1656 4546 1953 4599 necessaria
1997 4546 2077 4598 sui

515 4634 759 4688 absentia
796 4632 1074 4696 solaretur,
1119 4633 1372 4703 Spiritum
1415 4646 1677 4699 sanctum,
1708 4637 1793 4690 cui
1821 4652 1940 4690 cum
1964 4639 2079 4705 ipso

516 4735 571 4778 et
601 4723 757 4778 Patre
786 4734 948 4778 unum
982 4733 1141 4793 atque
1170 4724 1307 4779 idem
1335 4726 1471 4779 velle
1500 4734 1580 4780 est
1611 4729 1626 4794 (
1662 4725 1852 4779 Desunt
1884 4729 1935 4779 in
1983 4728 2081 4779 ori-

516 4815 680 4885 ginali
701 4814 985 4884 quindecim
1012 4815 1162 4867 linea:
1189 4817 1495 4884 consumptis
1525 4816 1749 4885 litteris.)
1783 4818 1855 4871 De
1881 4817 2076 4885 spolia-

516 4907 665 4959 tione
687 4920 779 4957 sua
802 4904 946 4957 dolet
968 4919 1086 4958 cum
1116 4921 1213 4958 suo
1242 4906 1481 4974 principe
1510 4915 1760 4974 tartarus,
1791 4908 1854 4961 de
1883 4909 1960 4962 sui
1990 4924 2080 4960 au-

512 5002 618 5047 tem
648 4993 825 5045 damni
860 4995 1249 5048 restauratione
1286 4996 1493 5049 limatur
1531 4998 1806 5050 universus
1846 4998 2076 5051 caelestis

2189 4012 2310 4050 nem
2334 4005 2564 4051 internus
2593 3998 2682 4052 ille
2716 3998 2836 4052 coeli
2868 3997 3063 4063 aditus,
3094 4013 3191 4066 per
3231 4011 3391 4065 quem
3437 3996 3580 4050 nulla
3612 3992 3736 4063 prius

2187 4101 2313 4140 caro
2331 4088 2618 4157 transierat
2642 4126 2657 4151 ,
2690 4088 2843 4141 nobis
2869 4095 2952 4141 est
2973 4086 3272 4141 deseratus.
3306 4085 3475 4140 Hodie
3506 4085 3595 4139 ille
3621 4082 3735 4137 liber

2186 4191 2345 4244 quem
2369 4192 2526 4231 nemo
2554 4177 2651 4231 nisi
2681 4176 2861 4244 Agnus
2888 4176 3062 4244 potuit
3090 4176 3320 4244 aperire,
3334 4182 3417 4229 est
3443 4179 3731 4231 reseratas;

2185 4268 2438 4337 quoniam
2470 4267 2521 4319 in
2562 4266 2701 4319 illius
2730 4272 2903 4318 morte
2942 4262 3179 4332 ejusdem
3220 4270 3341 4317 sunt
3372 4262 3486 4315 libri
3521 4258 3733 4315 revelata

2190 4367 2553 4422 sacramenta;
2581 4364 2635 4409 et
2674 4370 2735 4409 ea
2766 4369 2883 4423 quae
2913 4354 2967 4407 in
3012 4353 3129 4419 lege
3167 4361 3223 4406 et
3266 4352 3545 4420 prophetis
3572 4350 3639 4404 de
3678 4357 3733 4400 eo

2183 4450 2379 4517 scripta
2412 4448 2767 4507 inveniuntur,
2800 4448 3169 4497 consummata
3209 4439 3609 4508 dispensatione
3637 4447 3732 4489 ma—

2180 4539 2388 4607 jestatis
2418 4537 2552 4605 ejus,
2596 4534 2857 4589 hodierna
2882 4532 2969 4587 die
2998 4531 3261 4600 completa
3291 4538 3433 4584 sunt.
3469 4523 3732 4583 Descendit

2182 4631 2352 4699 primo
2390 4627 2632 4681 Christus
2677 4634 2737 4679 ut
2782 4632 2978 4679 nostra:
3020 4637 3242 4678 consors
3307 4619 3460 4675 ﬂeret
3507 4630 3726 4675 naturai;

2182 4720 2419 4776 ascendit
2448 4734 2611 4783 nunc,
2658 4723 2718 4769 ut
2762 4731 2872 4769 sua:
2919 4729 3020 4768 nos
3066 4711 3476 4781 comparticipes
3516 4710 3730 4765 emcerel

2183 4813 2381 4881 gloriae.
2433 4806 2777 4863 Descendens
2822 4804 3053 4860 mirabili
3089 4802 3498 4858 conversatione
3530 4797 3728 4855 visibilis

2182 4900 2452 4954 miraculis
2478 4898 2677 4953 lmtavit
2699 4895 2949 4950 infantes.
2980 4893 3287 4949 Ascendens
3312 4892 3462 4947 dedit
3480 4892 3623 4946 dona
3645 4889 3727 4943 bo-

2184 4990 2433 5053 minibus,
2463 4988 2655 5057 quibus
2684 4987 2736 5040 in
2768 4985 2871 5040 fide
2893 4983 3108 5047 eruditi,
3140 4990 3301 5051 atque
3328 4982 3383 5035 in
3410 4981 3565 5036 virile
3589 4979 3727 5034 robur

514 5085 797 5138 exercitus.
833 5081 1002 5137 Hodie
1030 5097 1176 5147 caro,
1206 5099 1363 5151 quam
1387 5086 1437 5138 in
1470 5086 1628 5139 terris
1650 5086 1876 5154 Spiritus
1905 5088 2073 5140 sancti
2111 5100 2149 5153 ι)
2181 5080 2392 5133 educati
2436 5076 2784 5145 temporalem
2832 5074 2996 5145 ipsius
3023 5073 3283 5127 visionem
3322 5071 3433 5140 jam
3464 5086 3574 5124 non
3615 5066 3725 5120 ultra

510 5178 770 5241 operante
799 5170 996 5225 virtute
1041 5185 1073 5223 a
1102 5170 1319 5238 Virgine
1364 5180 1535 5227 matre
1583 5181 1959 5242 assumpserat,
2010 5172 2078 5226 ad

510 5260 685 5313 Patris
730 5259 1008 5313 dexteram
1055 5266 1139 5313 est
1184 5259 1445 5313 collocata
1470 5301 1485 5323 ,
1527 5260 1803 5328 eidemque
1841 5262 2074 5315 omnium

509 5350 801 5405 cmlestinm
850 5349 1131 5419 spirituum
1189 5356 1311 5400 sunt
1354 5357 1581 5402 curvata:
1639 5359 1856 5404 naturzn.
1908 5350 2077 5405 Hodie

510 5455 650 5493 nova
701 5438 791 5492 illa
832 5438 915 5491 via
946 5436 1012 5492 de
1054 5453 1160 5505 qua
1192 5437 1316 5491 olim
1356 5436 1564 5490 diccbat
1592 5438 1894 5505 Apostolus,
1928 5438 2079 5493 nobis

576 5600 592 5626 ⁸
633 5593 1094 5661 Quemadmodum
1124 5595 1233 5647 hinc
1280 5591 1507 5661 Maximi
1536 5590 1693 5642 verba
1726 5590 2067 5655 intelligenda

510 5668 633 5731 sint,
658 5666 909 5734 cognosci
936 5681 1057 5719 cum
1088 5679 1155 5718 ex
1204 5663 1323 5717 aliis
1364 5660 1599 5729 ejusdem
1632 5661 1802 5713 sancti
1833 5662 2071 5729 episcopi

2182 5176 2525 5237 appeterent;
2558 5166 2651 5220 sed
2678 5179 2787 5235 quo
2828 5179 2922 5219 eos
2950 5163 3064 5233 ipse
3107 5167 3459 5231 praeessent
3486 5168 3602 5213 tota
3626 5165 3722 5210 cum

2180 5260 2343 5312 animi
2374 5256 2720 5313 contentione
2747 5253 2897 5307 illum
2935 5252 3083 5321 sequi
3117 5250 3413 5306 studerent.
3462 5246 3721 5315 Ergocum

2179 5347 2460 5416 temporali
2489 5343 2726 5413 ejusdem
2751 5341 2951 5396 viduati
2974 5342 3140 5395 simus
3168 5338 3455 5409 praesentia
3481 5336 3549 5390 ad
3591 5342 3725 5389 aeter-

2178 5454 2301 5493 nam
2343 5437 2578 5507 ejusdem
2608 5434 2867 5490 visionem
2913 5440 3026 5487 tota
3064 5430 3361 5486 intentione
3404 5428 3719 5483 festinemus,

2176 5591 2327 5653 locis,
2364 5598 2469 5642 tum
2501 5604 2563 5641 ex
2588 5584 2928 5658 S._Thom.-3
2951 5590 3088 5658 part.
3137 5578 3369 5658 summa:
3392 5576 3719 5645 theologicae:

2178 5670 2363 5727 quiest.
2400 5660 2479 5721 lli,
2515 5666 2612 5712 art.
2646 5656 2678 5709 6
2706 5664 2758 5711 et
2788 5656 2836 5721 7,
2863 5652 3017 5709 facile
3042 5652 3257 5721 poterit.
