3896 6250
92 394 188 446 629

1493 362 1724 427 SERMO
1760 364 1982 422 XLVIII.

3256 364 3367 419 650

94 502 372 569 eidemque
400 514 537 554 cum
574 493 859 552 Psalmista
901 492 1143 550 dicamus
1202 506 1215 541 :
1269 484 1379 541 Tibi
1419 483 1552 537 dixit
1596 497 1685 536 cor
1710 479 1761 538 Δ
1791 477 1881 547 plo
1902 491 2051 569 spem
2081 471 2729 569 nostramgconl'lrmaret,
2756 488 2848 569 “eo
2892 481 3197 531 secuturam
3243 489 3366 531 esse

94 608 275 655 meum,
298 590 527 661 σαωάυὶ
566 590 767 642 vultum
789 593 956 651 tuum,
995 582 1208 647 vultum,
1239 576 1478 640 Domine,
1514 574 1685 644 requi-

95 697 242 745 rnnt;
282 696 351 733 ne
391 687 615 733 avertas
644 674 829 747 faciem
863 682 1003 727 tuam
1036 688 1069 725 a
1108 686 1188 723 me
1216 666 1389 738 (Psal.
1438 681 1585 730 xxvr,
1606 662 1683 731 8).

94 770 271 839 Neque
336 770 495 825 enim
549 776 670 823 tota
715 762 1061 820 humanitatis
1110 758 1312 815 Christi
1352 755 1687 813 sanctissima

94 859 429 929 dispensatio
479 856 635 912 aliud
674 854 920 923 intendit,
952 850 1096 907 aliud
1138 850 1322 918 exigit,
1376 845 1479 902 nisi
1516 852 1577 900 ut
1621 843 1688 898 ad

91 965 323 1021 superna
362 964 474 1004 nos
525 946 749 1015 dirigat,
789 952 1054 1013 quatenus
1077 939 1294 1009 expleto
1342 933 1691 992 mortalitatis

95 1048 288 1095 nostra
318 1048 590 1109 tempore
615 1035 689 1091 ad
709 1036 789 1091 sui
816 1032 1155 1088 manifestam
1188 1030 1344 1100 521
1375 1041 1478 1082 nos
1502 1024 1692 1096 perdu-

93 1139 180 1186 cat
204 1131 505 1193 visionem,
537 1134 702 1196 atque
738 1132 939 1179 aeterna
965 1122 1147 1177 vultus
1173 1120 1255 1175 sui
1282 1118 1451 1187 gloria
1482 1130 1581 1171 nos
1605 1129 1692 1169 sa—

96 1221 214 1283 tiet;
243 1225 497 1273 testante
538 1212 847 1285 Apostolo:
888 1210 1183 1266 Videbimus
1216 1224 1333 1262 eum
1382 1215 1499 1260 tunc
1541 1204 1692 1259 sicuti

93 1316 166 1363 est
210 1305 281 1380 (Ι
307 1306 439 1364 Cor.
477 1308 635 1375 xm);
664 1312 842 1375 atque,
874 1310 934 1357 ut
974 1300 1255 1356 Psahnista
1294 1300 1371 1353 ait
1400 1316 1414 1352 :
1447 1295 1694 1353 Satiabor

94 1414 205 1451 cum
234 1396 560 1467 apparuerit
582 1395 747 1465 gloria
776 1401 864 1446 tua
888 1390 1069 1463 (Psal.
1109 1387 1267 1458 xvt);
1300 1388 1511 1457 illisque
1538 1386 1594 1440 in
1621 1400 1694 1441 ae-

97 1495 305 1542 ternum
336 1486 599 1540 fruemur
625 1484 797 1549 bonis,
826 1497 940 1553 qua:
971 1481 1150 1535 oculus
1174 1496 1279 1533 non
1303 1478 1448 1541 vidit,
1476 1493 1571 1531 nec
1595 1493 1693 1530 au-

96 1576 165 1631 ris
192 1577 417 1640 audivit,
453 1592 557 1629 nec
580 1577 633 1628 in
654 1590 743 1628 cor
764 1572 984 1627 hominis
1014 1569 1267 1635 ascendit,
1300 1583 1415 1640 qua:
1434 1582 1696 1636 praepara-

94 1668 159 1719 t-it
186 1665 328 1720 Deus
354 1664 704 1736 diligentibus
724 1680 778 1717 se
801 1661 856 1731 (Ι
883 1661 1003 1716 Cor.
1026 1660 1116 1729 ιι).
1141 1658 1272 1725 Qua:
1293 1656 1505 1726 quidem
1530 1656 1690 1721 bona,

94 1764 354 1823 quantum
382 1756 439 1809 in
470 1754 763 1823 aenigmate
792 1759 1025 1822 poterat,
1052 1748 1220 1804 David
1240 1749 1329 1803 ille
1355 1754 1573 1802 sanctus
1598 1742 1695 1798 ad-

1789 567 2078 639 aliquaudo
2121 567 2356 623 universi
2400 566 2578 636 gregis
2622 565 3010 631 humilitatem,
3057 580 3167 636 quo
3206 580 3364 620 suum

1788 659 1961 717 credit
2002 658 2343 730 praecessisse
2382 664 2676 727 pastorem.
2725 654 2816 712 Sic
2854 655 2997 711 enim
3042 654 3156 725 ipse
3202 655 3365 709 etiam

1790 749 2045 806 Dominus
2075 748 2322 820 promisit
2349 747 2609 817 apostolis
2636 747 2797 817 522
2836 745 2970 815 suis,
3002 744 3188 801 dicens
3218 762 3232 798 :
3266 744 3368 800 Ubi

1790 840 1947 913 fuerit
1982 855 2166 909 corpus
2187 872 2203 904 ,
2245 836 2316 893 ibi
2354 834 2799 908 congregabantur
2823 845 2879 890 et
2909 835 3099 906 aquilis
3124 836 3143 906 (
3168 833 3362 888 Matth.

1791 932 1923 999 XlV).
1951 929 2169 1000 Aquilas
2196 928 2342 984 enim
2390 934 2601 983 sanctas
2630 935 2806 993 vocat,
2852 926 2945 997 qui
2986 926 3208 996 cupiunt
3252 924 3364 979 dis-

1790 1020 1925 1077 solvi
1953 1029 2007 1076 et
2029 1033 2149 1077 esse
2168 1035 2290 1077 cum
2315 1018 2550 1075 Christo.
2576 1018 2672 1074 Illa
2694 1018 2837 1074 enim
2866 1017 3167 1087 aquilarum
3198 1015 3371 1071 fertur

1792 1123 1910 1164 esse
1936 1117 2148 1174 natura,
2178 1116 2237 1163 ut
2262 1124 2385 1164 cum
2425 1107 2565 1164 ultra
2612 1107 2775 1163 maris
2818 1107 2988 1162 undas
3015 1107 3245 1162 odoratu
3272 1121 3370 1161 suo

1792 1198 2055 1254 cadavera
2082 1198 2339 1263 sentiunt,
2371 1212 2438 1253 eo
2475 1197 2639 1254 celeri
2667 1198 2851 1253 volatu
2898 1211 2959 1252 se
2994 1196 3274 1252 conferant
3302 1197 3373 1251 ad

1793 1304 1943 1344 suam
1978 1289 2214 1362 esuriem
2256 1287 2624 1344 saturandam.
2672 1286 2799 1342 Bato
2846 1294 3028 1343 autem
3072 1287 3373 1356 aquilarum

1796 1378 2001 1435 esuries
2027 1377 2353 1433 desiderium
2400 1385 2705 1434 sanctarum
2746 1376 3015 1448 significat
3053 1377 3373 1441 animarum,

1793 1483 1902 1538 quo
1930 1476 2093 1538 caput
2119 1482 2275 1524 suum
2294 1474 2445 1524 extra
2465 1467 2650 1522 mundi
2679 1468 2921 1523 turbines
2941 1466 3055 1536 jam
3085 1466 3139 1521 in
3166 1480 3375 1521 summa

1795 1556 1978 1628 quiete
2004 1556 2355 1611 constitutum
2383 1555 2505 1611 fidei
2549 1555 2768 1611 naribus
2811 1556 3124 1619 sentientes,
3165 1553 3369 1609 dulcis—

1796 1650 1945 1705 simae
1990 1649 2106 1719 spei
2132 1648 2317 1703 volatu
2355 1648 2654 1718 praesentia:
2696 1647 2992 1704 conditoris
3030 1647 3116 1702 sui
3162 1646 3374 1703 vellent

1797 1738 2068 1802 assistere,
2094 1738 2445 1808 ejusdemque
2460 1737 2903 1793 vultussatietate
2929 1735 3185 1806 gaudere.
3210 1735 3381 1792 Patris

98 1844 341 1899 mirando
370 1844 717 1906 intuebatur,
752 1856 875 1897 cum
920 1840 1127 1895 diceret
1155 1836 1346 1902 :.Quid
1382 1837 1508 1891 mihi
1536 1843 1613 1889 est
1641 1836 1695 1888 in
1726 1839 1771 1899 B
1799 1831 1882 1887 sui
1907 1831 2097 1887 dextra
2130 1844 2360 1899 regnare
2403 1831 2706 1893 credamus,
2738 1837 2902 1903 atque
2945 1828 3015 1883 ad
3056 1844 3181 1884 eum
3226 1828 3380 1897 quasi

96 1937 237 1999 calo,
269 1945 321 1989 et
348 1952 385 1989 α
418 1944 470 1989 te
496 1933 627 2006 quid
661 1932 796 1988 volui
836 1946 992 1999 super
1032 1939 1221 1983 terram
1254 1926 1433 1997 (Psal.
1464 1942 1608 1981 Lxxn
1631 1924 1695 1996 )l

98 2027 225 2080 Nam
254 2026 510 2081 ccelestis
540 2024 727 2093 gloria:
754 2020 1176 2090 magnitudinem
1217 2034 1321 2075 nec
1348 2017 1575 2073 dicendo
1602 2030 1697 2071 ex-

102 2117 321 2186 plicare,
374 2131 485 2171 nec
537 2113 826 2183 cogitando
870 2110 1169 2167 sufﬁciebat
1215 2107 1695 2178 comprehendere.

100 2205 221 2261 llaec
247 2207 419 2275 igitur
460 2221 579 2260 non
612 2211 817 2258 tantum
848 2202 1168 2267 esuriamus,
1200 2200 1497 2269 eademque
1544 2199 1698 2254 sitia-

103 2311 237 2361 mus,
266 2296 539 2364 quoniam
583 2293 652 2349 ad
692 2294 795 2348 hoc
842 2291 1081 2363 pontifex
1128 2305 1368 2348 summus
1416 2305 1518 2359 pro
1547 2289 1702 2343 nobis

103 2397 409 2449 przecursor
436 2391 633 2439 sancta
660 2390 965 2438 sanctorum
995 2380 1255 2445 ascendit,
1286 2388 1448 2449 atque
1476 2379 1542 2433 ad
1568 2379 1701 2435 dex-

106 2480 270 2528 teram
292 2472 478 2530 Patris
501 2474 585 2529 sui
616 2471 790 2541 sedet,
806 2479 865 2527 ut
888 2470 1251 2526 membrorum
1278 2485 1498 2525 suorum
1527 2484 1704 2524 exem-

1800 1921 2024 1993 geminis
2054 1922 2310 1977 virtutum
2338 1920 2455 1987 alis,
2482 1922 2704 1975 caritate
2731 1927 2786 1974 et
2808 1934 2926 1990 spe,
2946 1933 3162 1988 semper
3188 1918 3378 1973 tenda-

1802 2031 1939 2071 mus.
1969 2013 2040 2071 Ut
2067 2029 2199 2071 vero
2228 2029 2349 2069 cum
2371 2028 2438 2070 eo
2461 2020 2518 2068 et
2544 2028 2645 2067 nos
2681 2026 2899 2081 quoque
2922 2017 3181 2065 aeternam
3205 2007 3383 2078 possi-

1802 2122 1922 2161 mus
1947 2119 2177 2174 regnare
2202 2105 2391 2169 vitam,
2416 2119 2535 2159 nos.
2570 2101 2793 2174 (Desunt
2819 2102 2874 2155 in
2900 2101 3147 2172 originali
3164 2099 3384 2171 quinque

1804 2198 2002 2267 linem.)
2018 2196 2087 2252 Ut
2106 2213 2136 2251 a
2154 2195 2364 2252 cunctis
2384 2195 2530 2249 vitiis
2551 2193 2845 2257 emnndati,
2871 2192 3239 2247 habitaculum
3264 2189 3383 2257 Dei,

1807 2290 1899 2359 qui
1924 2303 2139 2359 semper
2178 2287 2233 2343 in
2280 2286 2435 2342 nobis
2472 2293 2694 2340 maneat
2732 2282 2873 2340 elllci
2920 2298 3243 2339 mereamur.
3278 2279 3385 2336 Ex-

1809 2378 1981 2449 plicit.

1454 2583 1723 2645 SERMO
1764 2582 2052 2646 XLVIII.

1510 2680 1587 2734 De
1616 2680 1918 2735 Pentecoste
1947 2680 1997 2736 I.

1564 2770 1953 2827 ADMONlTIO.

178 2860 497 2935 Sequuntur
526 2861 595 2917 de
626 2860 941 2935 Pentecoste
967 2875 1245 2918 sermones
1273 2869 1416 2929 octo,
1447 2875 1675 2935 quorum
1702 2864 1909 2935 priores
1936 2879 2029 2919 sex
2054 2879 2124 2935 ex
2147 2862 2335 2935 codice
2360 2863 2715 2935 Ambrosiam
2741 2864 3024 2934 descripsit
3050 2864 3390 2935 vulgavitque

114 2930 470 3005 bluratorius;
503 2932 794 3005 septimum
822 2938 1002 3005 autem
1028 2940 1083 2985 et
1112 2940 1361 3005 octavum
1403 2932 1635 3005 nonduin
1673 2930 1847 3005 editos
1874 2948 1942 2987 ex
1969 2933 2155 2989 codice
2194 2933 2322 3005 olim
2349 2934 2578 3005 abbatite
2607 2930 3065 3005 SanctiﬂDalinatii
3094 2930 3393 3005 exscriptos

114 3000 315 3054 damus.
354 3001 423 3056 lli
452 2999 652 3076 omnes
684 3001 736 3054 in
775 3000 1002 3076 laudatis
1036 3000 1309 3076 codicibus
1345 2999 1766 3076 san_cti_Maximi
1800 3010 2061 3076 ornantur
2087 3003 2324 3076 no_miue,
2355 3003 2505 3076 cujus
2530 3010 2586 3076 et
2606 3004 2824 3076 dicendi
2853 3006 3168 3076 copiam,_et
3194 2999 3392 3076 sty'lum

118 3082 447 3137 cognoscere
476 3071 710 3139 quisque
735 3076 932 3140 potest.
963 3068 1071 3125 Sed
1099 3070 1186 3124 hic
1206 3070 1409 3139 primus
1436 3069 1629 3139 legitur
1651 3071 1814 3125 etiam
1843 3072 1895 3125 in
1926 3072 2113 3127 codice
2140 3068 2477 3138 Taurinensi,
2509 3074 2574 3128 de
2598 3072 2901 3129 Pentecoste
2922 3068 2977 3128 ἶ
2993 3072 3157 3128 VIII.

121 3182 513 3256 Διιςυιιιςιστυιι.
548 3214 617 3227 -
645 3185 870 3256 Spiritus
888 3187 1067 3256 sancti
1108 3185 1422 3256 divinitatem
1449 3186 1704 3256 praecipue

187 3254 513 3321 probandam
544 3254 759 3309 assumit
786 3255 847 3311 S.
875 3254 1171 3315 Maximus;
1202 3254 1271 3307 ad
1298 3271 1443 3323 quem
1472 3255 1626 3323 ﬁnem
1650 3264 1705 3306 ut

188 3325 320 3395 viam
349 3325 453 3378 sibi
483 3326 707 3395 aperiat,
738 3326 970 3377 meminit
996 3341 1112 3377 eum
1149 3324 1203 3376 in
1228 3324 1707 3395 omnibusrepara-

189 3393 339 3449 tionis
367 3392 570 3448 nostris
595 3396 859 3463 mysteriis-
884 3395 991 3447 suis
1028 3394 1259 3463 supernis
1286 3392 1573 3463 muneribus
1611 3392 1708 3444 ad-

192 3464 368 3529 fuisse.
402 3462 636 3533 Cumque
652 3460 857 3533 certum
892 3465 960 3517 sit
996 3464 1050 3516 in
1089 3460 1273 3515 divinis
1308 3462 1480 3515 omnia
1516 3460 1580 3514 ab
1607 3477 1709 3515 uno

193 3533 333 3597 fonte
355 3532 648 3601 proﬁcisci,
674 3532 759 3585 ubi
782 3534 1071 3585 communia
1094 3539 1211 3584 sunt
1232 3547 1714 3601 munera,commu-

190 3601 270 3653 nis
299 3599 464 3654 etiam
490 3600 645 3670 debet
667 3617 778 3655 esse
803 3611 1007 3666 natura,
1039 3617 1100 3653 ac
1142 3600 1357 3670 proinde
1388 3599 1630 3670 voluntas
1663 3608 1713 3653 et

192 3671 555 3739 beneﬁcentia.
594 3668 773 3740 Neque
802 3668 1204 3740 discrepantiam
1236 3678 1324 3722 aut
1362 3668 1714 3740 disparitatem

193 3740 391 3821 diuersa
416 3739 709 3821 gratiarum
731 3756 918 3821 genera
937 3739 1202 3805 inducunt,
1225 3754 1340 3792 cum
1359 3755 1491 3791 unus
1510 3746 1559 3791 et
1579 3739 1714 3793 idem

194 3810 259 3861 sit
287 3808 522 3863 omnium
553 3808 772 3879 largitor
802 3808 961 3862 Deus.

194 3918 403 3984 Quanta
432 3922 507 3987 sit
533 3920 918 3988 omnipotentis
946 3918 1040 3973 Dei
1068 3934 1197 3973 cura
1224 3918 1291 3973 de
1318 3918 1489 3972 salute
1516 3925 1719 3972 morta-

132 4008 283 4073 lium,
328 4010 447 4080 ipsa
492 4009 899 4064 solemnitatum
943 4016 1249 4063 nostrarum
1287 4007 1717 4077 frequentissima

130 4107 466 4154 sacramenta
492 4099 792 4154 declarant.
815 4097 946 4153 Nam
967 4098 1142 4166 primo
1162 4098 1423 4165 omnium,
1445 4104 1504 4151 ut
1529 4098 1583 4151 in
1604 4112 1716 4151 cm-

134 4186 314 4243 lcstem
343 4189 579 4257 gloriam
617 4197 809 4243 natura
833 4189 1061 4245 transire
1089 4188 1259 4258 possit
1287 4189 1540 4255 humana,
1571 4202 1715 4241 mor-

133 4276 247 4331 talis
274 4277 515 4333 hominis
545 4292 741 4346 corpus
760 4277 1060 4333 substantia
1079 4278 1257 4333 divina
1277 4267 1529 4347 suscepit,
1559 4285 1720 4345 atque

133 4375 189 4420 ut
220 4368 272 4422 in
309 4369 457 4426 hanc
495 4376 706 4424 tantam
747 4370 1131 4425 beatitudinem
1160 4369 1372 4440 mystici
1398 4383 1497 4423 nos
1523 4368 1718 4423 lavacri

133 4458 295 4522 gratia
324 4467 682 4527 praepararet,
714 4459 878 4513 totius
899 4456 1095 4513 ﬂuenta
1123 4458 1308 4512 mundi
1336 4473 1434 4513 suo
1460 4456 1719 4513 Dominus

132 4545 449 4617 baptismate
477 4550 840 4613 consecravit,
870 4556 925 4604 et
958 4548 1260 4605 benedictio
1300 4549 1441 4605 sacri
1479 4548 1719 4619 corporis

1810 3202 1923 3241 rem
1968 3186 2300 3243 celebramus
2322 3187 2655 3255 adventum,
2691 3195 2754 3243 ut
2789 3186 3028 3258 ejusdem
3057 3203 3134 3254 se,
3162 3203 3269 3257 qua
3298 3189 3393 3244 Dei

1733 3291 1779 3351 ρ
1812 3274 1974 3330 Filius
2003 3284 2139 3341 erat,
2169 3276 2460 3332 voluntatis
2487 3292 2552 3333 ac
2577 3277 2793 3333 deitatis
2820 3276 3150 3343 ostenderet,
3184 3279 3395 3334 redem-

1809 3375 1931 3438 ptos
1956 3367 2153 3424 Christi
2179 3369 2437 3439 sanguine
2462 3368 2755 3439 majestatis
2800 3385 2911 3426 sua:
2951 3370 3149 3425 virtute
3174 3371 3364 3441 supple
3380 3402 3395 3413 -

1810 3459 1908 3523 vit,
1939 3466 1998 3512 ut
2025 3459 2116 3527 qui
2144 3458 2201 3513 in
2228 3466 2382 3514 utero
2409 3458 2583 3514 beatae
2610 3458 2793 3514 Mariae
2820 3475 3015 3529 corpus
3054 3460 3179 3515 novi
3220 3461 3397 3517 homi-

1812 3552 1915 3615 nis,
1963 3551 2109 3605 salva
2144 3549 2261 3620 ejus
2294 3550 2985 3620 vinginitate,formaverat,
3024 3553 3396 3621 apostolorum

1812 3653 2025 3708 quoque
2053 3638 2169 3709 ejus
2197 3647 2252 3695 et
2282 3639 2447 3695 corda
2475 3640 2685 3696 caelesti
2711 3641 2895 3709 vigore
2923 3641 3178 3708 timaret,
3210 3652 3266 3697 et
3293 3644 3399 3700 lin-

1812 3744 1944 3799 guas
1976 3745 2118 3787 novo
2154 3731 2349 3786 ditaret
2390 3731 2625 3801 eloquio,
2666 3739 2928 3801 quatenus
2967 3732 3106 3788 idem
3144 3733 3395 3804 Spiritus,

1817 3823 1974 3893 523
2016 3823 2109 3890 qui
2154 3821 2511 3891 redemptioni
2556 3821 2797 3878 omnium
2843 3822 3115 3878 Christum
3163 3822 3396 3881 femineo

1815 3912 2129 3968 mirabiliter
2166 3928 2198 3968 a
2244 3920 2431 3969 ventre
2472 3913 2820 3983 produxerat,
2862 3915 3098 3985 praestita
3137 3916 3399 3972 varietate

1815 4004 2135 4071 linguarum,
2166 4003 2373 4059 cunctis
2407 4018 2531 4059 eum
2558 4004 2805 4073 gentibus
2838 4019 2935 4075 per
2960 4006 3235 4074 apostolos
3259 4021 3398 4075 pmo-

1814 4094 2036 4148 dicaret.
2066 4092 2197 4160 Quis
2224 4109 2333 4152 non
2360 4094 2635 4163 advertat,
2660 4096 2939 4163 carissimi,
2974 4094 3260 4165 Unigenito
3300 4097 3399 4153 Dei

1817 4192 1871 4239 et
1896 4183 2115 4253 Spiritui
2134 4190 2323 4241 sancto
2341 4187 2663 4243 concordem
2685 4188 2740 4242 in
2766 4188 3015 4245 omnibus
3044 4190 3395 4257 voluntatem,

1816 4275 2267 4345 quandoquidem,
2296 4288 2435 4345 quos
2461 4277 2705 4335 Christus
2744 4280 2907 4350 elegit
2936 4280 2988 4335 in
3019 4281 3194 4347 terris,

1816 4372 1902 4419 tus
1928 4364 2171 4419 visitaret
2198 4379 2228 4419 e
2256 4366 2434 4421 οωιοῖ
2460 4365 2528 4421 Et
2556 4366 2677 4423 ideo
2705 4383 2935 4437 quorum
2961 4385 3121 4425 unam
3155 4372 3400 4428 videmus

1818 4453 1871 4507 in
1898 4454 2160 4523 apostolis
2187 4456 2435 4524 gratiam,
2466 4473 2627 4512 unam
2664 4473 2885 4515 necesse
2913 4466 2996 4516 est
3029 4460 3317 4519 credamus
3344 4474 3401 4519 et

1818 4546 1870 4601 in
1894 4547 2093 4602 deitate
2121 4547 2391 4603 virtutem.
2424 4548 2515 4604 Sic
2546 4564 2738 4606 revera
2774 4552 3143 4622 apostolorum
3178 4562 3399 4623 pectora

129 4636 242 4704 ejus
263 4641 475 4695 cunctis
507 4639 708 4707 ubique
728 4640 881 4708 aquis
905 4640 1253 4708 regenerandi
1280 4640 1465 4695 tribuit
1482 4647 1720 4709 potesta-
1745 4646 1797 4707 Ι)
1825 4634 2130 4692 Paracletus
2162 4636 2513 4708 adimvlebat,
2552 4647 2613 4693 ut
2646 4648 2702 4695 et
2734 4639 2932 4698 Christi
2966 4646 3250 4714 praesentia
3287 4662 3399 4703 non

133 4735 257 4782 tem.
282 4729 533 4801 Denique
562 4736 622 4783 ut
643 4729 911 4784 diabolum
934 4731 1105 4800 ipsum
1130 4738 1329 4787 nostrae
1351 4730 1553 4795 salutis,
1580 4745 1720 4785 sum-

137 4829 236 4882 que
260 4819 560 4874 voluntatis
588 4818 857 4875 inimicum
876 4818 1048 4887 justus
1073 4821 1347 4885 Dominus,
1370 4820 1517 4889 justo
1544 4827 1719 4875 certa-

138 4906 275 4963 mine
305 4910 683 4980 triumpharet,
713 4909 952 4981 cruciﬁgi
993 4926 1053 4967 se
1086 4911 1153 4966 ab
1180 4926 1267 4977 eo,
1292 4926 1408 4976 sua,
1442 4910 1723 4980 Patrisque

140 4996 219 5050 sui
253 4999 541 5054 voluntate
575 4999 837 5069 permisit,
878 5008 937 5057 ut
982 5000 1309 5057 immaculati
1353 5002 1530 5071 passio
1570 4998 1723 5063 ﬁeret

138 5084 402 5144 damnatio
442 5090 907 5159 persequentium.
954 5088 1232 5147 Moriendo
1278 5090 1439 5146 etiam
1480 5090 1721 5146 Christus

140 5190 252 5233 sese
279 5180 602 5237 mortalibus
628 5180 946 5251 adaequavit,
989 5190 1051 5238 ut
1076 5192 1328 5254 superata
1355 5192 1529 5240 morte
1556 5184 1722 5240 vitam

142 5268 437 5325 mortalium
462 5269 769 5340 repararet.
800 5269 937 5329 Caeli
964 5273 1309 5329 nihilominus
1335 5275 1442 5330 alta
1464 5290 1723 5331 conscen-

144 5352 237 5423 dit,
259 5367 317 5412 ut
341 5375 495 5430 spem
528 5361 885 5424 credentium,
924 5377 1085 5433 quam
1126 5364 1321 5420 blanda
1366 5365 1722 5435 promissione

142 5447 447 5516 nutriverat,
479 5449 744 5505 mirabilis
772 5466 1023 5508 ascensus
1042 5453 1125 5508 sui
1144 5455 1421 5523 praemisso
1441 5454 1725 5511 conﬁrma-

142 5542 222 5587 ret
238 5540 499 5609 exemplo.
524 5538 639 5595 Sed
656 5539 787 5608 quia
809 5532 923 5596 lucc
942 5544 1121 5597 omnia
1141 5544 1443 5613 specialiter
1461 5546 1723 5615 quodam-

145 5626 296 5681 modo
321 5645 417 5699 per
445 5629 796 5700 Unigenitum
824 5630 917 5686 Dei
946 5647 1164 5687 munera
1194 5633 1345 5689 nobis
1372 5634 1547 5690 delata
1573 5636 1721 5691 vide-

148 5711 343 5787 bantur,
374 5720 610 5793 Spiritus
641 5732 856 5788 quoque
882 5728 1120 5789 sanctus,
1154 5721 1305 5792 cujus
1337 5723 1496 5781 hodie
1521 5724 1723 5781 saluta-

1820 4728 2061 4794 deesset;
2090 4744 2216 4783 nam
2244 4744 2472 4797 quorum
2504 4730 2726 4813 indivisa
2754 4741 2880 4788 sunt
2906 4748 3149 4801 munera,
3180 4742 3266 4790 est
3287 4736 3398 4791 uti-

1821 4836 1930 4889 que
1954 4821 2252 4890 inseparata
2274 4821 2540 4875 divinitas.
2572 4822 2727 4888 Quod
2747 4838 2877 4879 vero
2903 4824 3199 4894 ingreditur
3222 4824 3392 4897 Spiri-

1820 4919 1906 4965 tus
1954 4911 2009 4965 in
2048 4925 2183 4981 quos
2230 4910 2433 4965 habitat
2473 4911 2744 4977 Christus,
2792 4928 2901 4968 non
2949 4916 3029 4970 eis
3073 4915 3140 4971 ad
3183 4915 3401 4975 deitatis

1819 5003 2012 5058 crescit
2052 5009 2421 5071 augmentum,
2460 5001 2557 5057 sed
2602 5001 2670 5057 ad
2711 5003 2870 5059 ﬁdem
2907 5004 3121 5075 proﬁcit
3154 5006 3395 5065 unitatis.

1824 5092 2001 5146 Potuit
2038 5092 2283 5146 nimirum
2325 5091 2420 5147 Dei
2458 5090 2639 5156 Filius,
2678 5092 2771 5161 qui
2814 5100 3094 5149 creaverat
3132 5108 3286 5150 usum
3312 5096 3399 5153 lo-

1824 5180 2040 5249 quendi,
2072 5178 2347 5249 discipulis
2373 5180 2484 5235 suis
2511 5179 2878 5237 diversitatem
2916 5182 3046 5238 dare
3072 5182 3397 5254 linguarum,

1822 5272 1915 5327 sed
1951 5282 2223 5327 reservata
2251 5271 2419 5326 virtus
2446 5279 2549 5337 est,
2580 5287 2679 5341 per
2704 5287 2865 5342 quem
2902 5288 3060 5332 verus
3096 5290 3217 5331 esse
3258 5275 3402 5333 Dens

1821 5365 1982 5419 etiam
2002 5364 2228 5433 Spiritus
2248 5348 2583 5433 probaretur.
2613 5363 2738 5419 Haec
2763 5379 2993 5434 namque
3018 5375 3121 5431 est,
3144 5374 3203 5422 ut
3224 5369 3407 5424 credi-

1822 5471 1959 5517 mus,
1988 5455 2443 5523 incomprebensm
2466 5453 2793 5523 dispensatio
2834 5454 3129 5521 Trinitatis,
3176 5466 3235 5511 ut
3279 5474 3404 5513 cum

1822 5544 2002 5597 ornuia
2048 5543 2204 5597 simul
2252 5543 2431 5607 Pater,
2480 5552 2535 5599 et
2570 5543 2765 5610 Filius,
2813 5552 2873 5619 et
2914 5545 3145 5616 Spiritus
3188 5556 3405 5603 sanctus

1823 5634 2061 5703 ejusdem
2106 5634 2320 5689 deitatis
2365 5634 2559 5690 effectu
2607 5636 3035 5706 inseparabiliter
3078 5648 3401 5709 operentur,

1822 5726 2065 5791 quzedam
2094 5735 2272 5783 tamen
2300 5728 2601 5798 specialiter
2629 5744 2660 5783 s
2684 5730 2907 5799 singulis
2931 5731 3249 5787 tribuantur.
3272 5732 3405 5787 Nam
