3896 6250
564 362 656 414 631

1779 366 1834 419 S.
1877 367 2117 422 MAXIM!
2157 369 2615 427 TAURINENSIS.

3703 374 3789 432 633

557 489 656 542 pro
680 471 916 527 remedio
943 472 1064 527 vita:
1090 481 1286 528 nostra:
1315 473 1473 528 Pater
1498 475 1652 529 nobis
1681 475 1899 544 largitus
1924 488 2007 532 est
2030 479 2118 532 Fi-
2151 487 2197 539 A
2225 481 2468 535 videatur
2506 483 2561 536 in
2599 484 2785 548 altero,
2817 483 2910 537 sed
2939 491 2996 538 ut
3033 485 3279 539 advertas
3308 485 3682 542 inscrutabilia
3708 488 3785 542 tibi

559 563 705 625 lium,
738 561 899 617 Filius
944 565 1361 630 regenerationis
1399 566 1644 632 praestitit
1671 569 1914 633 grati‘am,
1959 569 2125 623 virtu—

562 660 665 703 tem
708 650 933 718 Spiritus
974 653 1320 719 ministravit;
1350 655 1486 708 sicut
1527 655 1766 710 doctrina
1813 660 2126 726 patriarcha:

557 740 828 806 psallentis
856 743 1162 806 annuntiat,
1191 757 1310 797 eum
1340 745 1469 798 dicit
1496 763 1509 796 :
1554 745 1715 800 Verbo
1761 746 1970 802 Domini
2012 750 2126 805 caeli

555 831 748 898 ﬁrmati
776 839 914 897 sunt,
947 840 994 884 et
1034 831 1231 901 Spiritu
1269 835 1373 887 oris
1409 836 1519 903 ejus
1556 839 1720 890 omnis
1759 841 1913 891 virtus
1951 857 2124 893 eorum

555 917 724 983 (Psal.
760 920 943 989 xxxii).
969 921 1139 984 Quam
1162 925 1462 988 necessarie
1490 932 1669 979 autem
1695 927 1840 980 dedit
1871 930 2124 996 apostolis

553 1011 777 1078 Spiritus
804 1012 940 1066 scire
969 1015 1201 1080 gentium
1233 1015 1455 1081 linguas,
1484 1023 1543 1070 ut
1570 1018 1846 1072 veritatem
1876 1019 2124 1073 salutaris

553 1097 673 1152 ﬁdei
702 1102 874 1154 omnis
897 1117 993 1170 per
1020 1118 1112 1157 eos
1135 1115 1315 1172 posset
1339 1106 1523 1159 audire
1545 1107 1828 1174 gentilitas.
1855 1108 1958 1160 Sed
1979 1109 2120 1176 quod

551 1197 765 1253 praestat
805 1189 1048 1257 Spiritus.
1093 1201 1309 1258 przestat
1353 1203 1408 1246 et
1449 1193 1624 1256 Pater,
1653 1197 1742 1262 qui
1786 1204 1953 1248 totum
1999 1212 2118 1249 cum

547 1272 706 1330 Patre
745 1277 922 1342 habet,
954 1281 1043 1346 qui
1075 1287 1218 1333 totus
1247 1295 1459 1348 semper
1488 1297 1523 1335 a
1556 1281 1714 1336 Patre
1761 1284 2019 1351 procedit.
2053 1284 2119 1337 Et

548 1365 690 1432 quod
728 1374 944 1433 praestat
980 1383 1099 1421 cum
1140 1368 1296 1422 Patre
1333 1370 1579 1438 Spiritus,
1611 1382 1827 1440 pnestat
1854 1384 1906 1427 et
1933 1374 2114 1436 Filius,

547 1456 800 1524 quoniam
829 1457 896 1510 de
919 1458 1106 1511 eodem
1133 1458 1289 1514 Patre
1315 1445 1475 1514 natus
1499 1470 1582 1515 est
1609 1461 1789 1526 Filius,
1813 1477 1840 1514 a
1863 1478 1968 1530 quo
1989 1477 2115 1529 pro-

548 1543 688 1596 cedit
716 1552 767 1596 et
795 1542 1039 1611 Spiritus.
1073 1546 1161 1598 Ait
1186 1548 1326 1600 enim
1355 1547 1596 1602 Christus
1620 1567 1632 1600 :
1668 1547 1854 1601 Omnia
1883 1567 1995 1619 qua:
2019 1552 2115 1601 lia-

549 1631 628 1685 bet
656 1632 815 1686 Pater
842 1651 957 1688 mea
985 1645 1104 1689 sunt
1140 1636 1317 1705 (Joan.
1350 1638 1478 1707 xw).
1510 1638 1566 1692 Si
1596 1640 1774 1694 omnia
1803 1655 1919 1706 qua:
1959 1641 2117 1693 habet

552 1722 708 1777 Pater
754 1723 871 1783 Filii
911 1735 1054 1790 sunt,
1085 1742 1213 1794 ergo
1252 1735 1308 1782 et
1344 1729 1488 1796 quod
1534 1729 1761 1798 Spiritus
1796 1730 1956 1784 habet
1995 1746 2113 1783 cum

548 1810 705 1867 Patre
733 1822 788 1866 et
815 1814 950 1868 Filio
979 1830 1258 1869 commune
1289 1825 1389 1870 est.
1426 1817 1493 1870 Et
1521 1818 1640 1872 ideo
1668 1834 1892 1887 quorum
1920 1820 1971 1872 in
2015 1834 2110 1873 no-

2229 583 2346 621 esse
2367 584 2483 636 qua:
2512 570 2603 622 Dei
2644 579 2784 626 sunt.
2819 569 3065 639 Perspice
3101 573 3301 640 itaque,
3327 572 3523 638 frater,
3548 574 3786 642 profunda

2230 653 2420 721 Patris,
2449 659 2549 710 nisi
2579 642 2789 723 Filium,
2817 661 2906 726 qui
2941 660 3006 713 de
3037 661 3155 728 ipso
3191 670 3293 728 est,
3323 670 3380 714 et
3405 661 3690 730 Spiritum,
3717 666 3786 732 qui

2227 746 2294 798 ab
2319 746 2436 812 ipso
2466 753 2568 811 est,
2591 748 2728 800 scire
2757 749 3021 802 neminem
3045 763 3220 816 posse.
3252 749 3364 804 Nec
3391 753 3618 806 coneris
3642 753 3786 806 inten-

2225 834 2351 889 dere
2377 835 2519 902 quod
2549 837 2678 889 nulli
2708 845 2789 910 est
2815 837 2992 891 videre
3020 853 3355 893 concessum.
3396 839 3642 894 Credere
3666 843 3785 894 enim

2224 923 2322 975 sibi
2361 923 2431 988 id,
2473 924 2615 992 quod
2650 934 2750 990 est,
2777 926 2977 993 justum
3011 935 3122 991 est;
3155 943 3260 980 non
3290 930 3396 983 hoc
3433 930 3636 997 ipsum,
3665 930 3784 997 quod

2223 1022 2326 1078 est,
2355 1015 2582 1080 qualiter
2608 1024 2718 1080 est,
2739 1017 3056 1085 investigare
3097 1018 3432 1084 permissum.
3448 1020 3786 1088 Acceperunt

2222 1117 2347 1171 ergo
2375 1105 2602 1171 apostoli
2631 1095 2726 1172 per
2753 1105 3008 1173 Spiritum
3037 1115 3277 1161 sanctum
3300 1108 3673 1162 diversitatem
3699 1109 3783 1162 lin-

2221 1206 2466 1259 guarum;
2494 1195 2586 1248 sed
2616 1211 2750 1248 unus
2784 1195 2924 1248 Deus
2951 1205 3052 1260 est,
3089 1212 3244 1264 quem
3287 1199 3612 1266 loquuntur.
3643 1199 3704 1252 Et
3727 1200 3784 1253 ob

2221 1283 2322 1335 hoc
2366 1291 2642 1350 cmperunt
2688 1284 2996 1337 varietatem
3046 1286 3361 1352 linguarum,
3411 1295 3477 1340 ut
3523 1289 3783 1342 diversitas

2218 1369 2467 1422 Gentium
2496 1386 2745 1426 sermone
2772 1373 3082 1426 multimodo
3109 1374 3228 1427 ﬁdei
3257 1376 3496 1429 disceret
3517 1379 3777 1430 unitatem.

2218 1459 2453 1526 Denique
2496 1469 2556 1513 ut
2600 1461 2793 1514 lectum
2823 1469 2923 1523 est,
2948 1462 3239 1519 disserente
3268 1465 3586 1519 beatissimo
3620 1466 3779 1529 Petro,

2219 1551 2316 1601 tria
2345 1551 2508 1602 millia
2537 1551 2796 1603 hominum
2824 1552 3145 1604 crediderunt
3169 1553 3302 1620 (Act.
3335 1553 3433 1621 iv).
3467 1554 3582 1608 Nec
3626 1555 3778 1607 incre-

2215 1642 2373 1696 dibile
2395 1644 2462 1695 sit
2482 1643 2584 1696 hoc
2606 1644 2779 1710 nobis,
2803 1644 2923 1711 quia
2946 1644 3084 1697 idem
3105 1644 3330 1712 Spiritus
3349 1654 3403 1700 et
3421 1646 3779 1714 apostolorum

2216 1731 2494 1783 erudiebat
2538 1731 2763 1798 linguas,
2810 1741 2869 1784 ut
2913 1733 3177 1786 credenda
3222 1733 3611 1802 loquerentur;
3640 1742 3691 1787 et
3733 1742 3778 1784 ut

2217 1821 2622 1888 predicantibus
2662 1821 2917 1888 apostolis
2958 1822 3284 1887 crederetur,
3319 1821 3661 1876 audientium
3701 1837 3778 1888 pe

545 1905 688 1957 mine
715 1904 857 1958 nulla
877 1905 1063 1960 divisio
1083 1913 1187 1973 est,
1212 1923 1316 1961 una
1343 1923 1528 1962 eorum
1551 1909 1604 1962 in
1632 1910 1776 1963 omni
1805 1910 2113 1976 operatione
2144 1898 2190 1957 Β
2215 1918 2364 1964 ctora
2391 1910 2530 1963 idem
2559 1910 2788 1978 Spiritus
2816 1911 3164 1979 praeparabat.
3197 1909 3297 1975 Qui
3333 1911 3507 1964 dabat
3535 1912 3777 1978 loquenti-

547 2002 602 2046 et
629 1994 872 2048 voluntas
894 1995 1156 2049 credenda
1178 2003 1261 2049 est
1281 2005 1336 2062 et
1360 2005 1612 2065 potestas.
1644 1996 1731 2050 Sic
1756 1998 1912 2064 igitur
1933 1998 1982 2050 in
2005 1998 2114 2050 suis

547 2082 788 2137 lidelibus
837 2084 1076 2139 caelestia
1124 2085 1354 2140 Trinitas
1400 2088 1604 2154 peragit
1645 2095 2004 2152 sacramenta,
2054 2095 2112 2139 ut

546 2173 783 2241 qmmvis
813 2171 1039 2227 discreta
1086 2173 1329 2227 videatur
1365 2176 1626 2242 operatio,
1658 2175 1996 2229 indiscretum
2026 2183 2110 2228 ta-

547 2280 667 2318 men
695 2265 949 2333 probetur
977 2266 1278 2333 imperium.
1306 2265 1421 2320 Una
1443 2267 1620 2334 itaque
1645 2267 1776 2322 Filio
1804 2283 1866 2321 ac
1893 2267 2110 2336 Spiritui

548 2353 710 2423 52!;
736 2362 922 2408 sancto
951 2370 1070 2409 cum
1103 2354 1260 2409 Patre
1290 2364 1371 2409 est
1397 2356 1586 2422 deitas,
1614 2371 1714 2423 qua
1744 2358 1880 2410 sicut
1907 2357 1973 2410 de
2002 2356 2112 2410 Deo

546 2445 692 2498 nasci
722 2459 830 2497 non
859 2445 1032 2513 potuit
1072 2444 1174 2497 nisi
1216 2445 1374 2509 Deus,
1408 2445 1478 2497 ita
1503 2446 1715 2498 dubium
1745 2461 1849 2499 non
1889 2453 1970 2500 est
1996 2461 2113 2500 esse

547 2534 714 2586 Deum
745 2535 833 2602 qui
877 2533 1119 2600 procedit
1161 2548 1190 2585 a
1237 2534 1366 2587 Deo.
1415 2534 1650 2598 Qualiter
1685 2542 1861 2587 autem
1898 2535 1966 2588 ab
2005 2550 2112 2589 uno

547 2609 844 2689 eodemque
871 2619 1026 2674 Patre
1055 2630 1109 2674 et
1137 2621 1316 2687 Filius,
1345 2623 1432 2689 qui
1458 2631 1591 2687 erat,
1623 2632 1776 2675 natus
1798 2623 1884 2686 sit,
1916 2631 1973 2675 et
1995 2622 2115 2692 Spi-

547 2714 699 2775 ritus,
731 2713 821 2780 qui
851 2720 1008 2766 natus
1034 2728 1138 2766 non
1169 2723 1268 2776 est,
1293 2711 1562 2780 procedat,
1596 2713 1694 2780 ipsi
1721 2713 1819 2766 soli
1842 2713 2114 2766 Divinitati

550 2811 735 2856 nottnn
764 2810 866 2868 est,
891 2817 1008 2869 qua:
1037 2809 1093 2855 ut
1120 2810 1200 2855 est
1225 2802 1358 2863 sola,
1390 2816 1448 2854 se
1474 2802 1635 2854 novit.
1669 2800 1835 2855 Nemo
1861 2804 2015 2866 enim,
2045 2803 2115 2855 si-

550 2897 639 2944 cut
685 2891 880 2944 lectum
931 2898 1028 2957 est,
1077 2891 1214 2943 novit
1255 2890 1481 2953 Patrem,
1522 2892 1620 2943 nisi
1656 2889 1822 2943 Filius
1861 2890 2007 2960 (Luc.
2034 2891 2112 2960 ι).

551 2981 707 3046 Quod
744 2995 872 3049 ergo
911 2981 1058 3036 novit
1089 2979 1272 3044 Filius,
1309 2981 1458 3034 novit
1496 2987 1549 3031 et
1587 2979 1831 3048 Spiritus,
1872 2981 1957 3035 cui
1996 2994 2115 3034 cum

553 3067 687 3124 Filio
722 3079 776 3123 et
804 3069 967 3124 Patre
995 3085 1157 3124 unum
1183 3084 1396 3136 nomen,
1422 3084 1487 3123 ac
1517 3084 1622 3123 una
1650 3077 1731 3124 est
1764 3069 1955 3124 deitas.
1992 3068 2112 3132 Qui,

556 3165 616 3208 ut
663 3159 739 3214 ait
790 3161 1061 3228 apostolus
1111 3158 1332 3224 Paulus,
1379 3168 1635 3213 scrutatur
1681 3160 1974 3214 altitudines
2020 3159 2120 3211 Dei

558 3245 613 3313 (I
635 3245 754 3302 Cor.
783 3248 862 3318 ιι).
895 3247 1130 3302 Scrutari
1159 3256 1334 3301 autem
1355 3248 1547 3302 dicitur
1565 3247 1793 3316 Spiritus
1815 3235 2118 3302 altitudines

560 3329 674 3400 Dei,
703 3349 807 3387 non
836 3342 893 3388 ut
921 3334 1031 3402 ipse
1058 3336 1208 3402 quasi
1246 3335 1449 3388 occulta
1478 3335 1578 3389 sibi
1614 3350 1676 3388 ac
1721 3335 1897 3388 abdita
1939 3335 2118 3388 rimari
2149 3329 2193 3388 C

2217 2001 2317 2053 bus
2343 2014 2575 2063 sensum,
2622 1999 2908 2066 praestabat
2954 1998 3289 2054 audientibus
3336 1999 3692 2061 intellectum,
3734 2007 3778 2050 ut

2215 2102 2322 2140 non
2349 2087 2621 2142 dubitatur
2643 2087 2799 2139 unius
2818 2100 2936 2139 esse
2963 2086 3130 2139 virtus
3155 2087 3208 2138 in
3235 2100 3330 2139 ore
3355 2086 3708 2153 loquentium,
3735 2097 3776 2138 et

2211 2177 2264 2229 in
2292 2175 2452 2229 corde
2480 2175 2828 2229 credentium.
2859 2173 2917 2228 ln
2958 2176 3057 2240 his,
3090 2176 3366 2238 carissimi,
3399 2190 3543 2243 opus
3583 2174 3778 2242 quidem

2211 2266 2435 2331 visibile,
2475 2265 2569 2319 sed
2603 2265 2878 2318 invisibilis
2920 2273 3202 2331 operator;
3240 2265 3563 2317 manifestus
3591 2264 3778 2316 virtutis

2212 2357 2450 2421 effectus,
2479 2357 2574 2410 sed
2599 2355 2878 2410 efﬁcientis
2918 2355 3124 2410 occulta
3161 2354 3433 2420 maiestas.
3481 2353 3777 2407 Rectissime

2213 2446 2372 2513 igitur
2399 2445 2677 2500 victoriam
2712 2444 2974 2512 iidemque
3007 2442 3202 2497 Christi
3230 2442 3462 2511 Spiritus
3493 2441 3777 2504 annuntiat,

2213 2534 2303 2600 qui
2331 2533 2612 2586 adventum
2633 2532 2747 2599 ejus
2770 2532 3084 2599 promiserat
3105 2546 3198 2599 per
3219 2532 3534 2599 prophetas,
3561 2531 3650 2598 qui
3675 2543 3776 2581 eum

2213 2622 2450 2688 virgineo
2478 2621 2532 2674 in
2560 2629 2734 2686 utero,
2764 2621 2852 2688 qui
2882 2620 3146 2688 baptismo
3175 2620 3290 2686 ejus
3328 2634 3448 2672 cum
3492 2619 3778 2673 testimonio

2214 2720 2448 2781 paterna:
2488 2712 2632 2765 vocis
2675 2710 2842 2763 adfuit
2871 2711 2922 2762 in
2960 2709 3223 2764 columba.
3273 2707 3578 2763 Credentes
3623 2710 3777 2774 itaque

2216 2801 2449 2865 Patrem,
2472 2808 2526 2853 et
2545 2798 2756 2861 Filium,
2781 2806 2835 2852 et
2853 2797 3106 2866 Spiritum
3130 2806 3369 2851 sanctum
3399 2800 3562 2850 unius
3590 2810 3783 2863 semper

2214 2904 2332 2943 esse
2361 2887 2676 2952 voluntatis,
2717 2894 2772 2940 et
2805 2887 2982 2954 operis
3022 2887 3234 2939 vinculo
3275 2887 3437 2939 etiam
3481 2886 3778 2940 Christiana:

2215 2981 2361 3049 pacis
2385 2977 2516 3034 uniti
2545 2979 2598 3032 in
2628 2987 2893 3047 praecepta
2913 2978 3089 3031 divina
3109 2979 3233 3031 vitae
3252 2985 3450 3032 nostrae
3472 2979 3693 3032 semitas
3716 2976 3780 3028 di-

2216 3071 2466 3135 rigamus,
2496 3075 2556 3122 ut
2582 3065 2964 3135 plenitudinem
2993 3065 3174 3132 gratim
3201 3065 3295 3118 Dei
3333 3079 3397 3119 ac
3436 3066 3779 3118 visitationem

2217 3158 2445 3226 Spiritus
2484 3157 2656 3211 sancti
2695 3156 2923 3210 sanitate
2967 3154 3085 3207 tldei
3125 3162 3180 3209 et
3227 3162 3444 3209 actuum
3491 3161 3780 3208 nostrorum

2218 3245 2624 3300 conversatione
2652 3257 2973 3308 mereamur,
2997 3250 3102 3297 etc.

1905 3441 2170 3500 SERMO
2212 3441 2436 3500 XLIX.

1907 3535 1986 3588 De
2025 3535 2330 3590 Pentecoste
2369 3537 2452 3589 ΙΙ.

1987 3627 2377 3681 ΑΒΜΟΝΙΤΙΟ.

632 3716 788 3784 523
817 3715 874 3768 In
905 3715 1089 3785 codice
1110 3715 1420 3785 Taurinensi
1442 3715 1528 3768 hic
1553 3729 1728 3785 sermo
1760 3715 1897 3767 inter
1916 3715 2161 3785 homilias
2191 3719 2362 3770 sancti
2387 3717 2600 3772 Maximi
2624 3718 2690 3771 20
2712 3725 3037 3781 numeratur,
3061 3716 3342 3785 editasque
3369 3732 3439 3771 ex
3465 3717 3653 3772 codice
3674 3717 3781 3768 Am-

565 3783 814 3837 brosiano
844 3799 873 3835 a
904 3784 1206 3838 Mabillonio
1236 3793 1288 3838 et
1317 3783 1606 3839 Muratorio
1630 3785 1760 3837 locis
1788 3799 1949 3852 supra
1976 3784 2220 3839 indicatis
2243 3787 2358 3839 fuit.

565 3914 945 3969 Aucuusnrun.
985 3944 1055 3953 ——
1104 3912 1282 3965 Sancti
1341 3911 1597 3964 Paracleti
1650 3913 1962 3966 divinitatem
2025 3917 2124 3966 ite-

635 3999 744 4034 rum
773 3982 953 4049 probat
975 3982 1252 4044 Maatimus,
1283 3981 1414 4049 quod
1443 3984 1547 4048 ipse
1576 3985 1761 4035 venerit
1791 3985 1930 4034 testis
1952 3993 2000 4035 et
2027 4000 2125 4035 an-

634 4053 898 4103 nuntiator
929 4049 1209 4103 hominibus
1249 4049 1423 4117 gloriae
1470 4050 1658 4101 Christi
1703 4052 1839 4116 apud
1889 4050 2117 4108 Patrem.

638 4118 804 4172 Nemo
825 4120 976 4180 enim,
1000 4119 1074 4169 ait
1097 4117 1155 4171 S.
1180 4122 1462 4186 episcopus,
1495 4119 1715 4189 divinum
1744 4122 1942 4188 aperire
1975 4131 2119 4189 pote-

634 4198 716 4239 rat
745 4195 1008 4250 secretum,
1055 4189 1152 4256 nisi
1182 4189 1264 4256 qui
1295 4190 1551 4254 particeps
1590 4186 1889 4241 Divinitatis
1911 4186 2122 4240 descen-

637 4259 794 4309 disset
839 4259 900 4308 de
940 4256 1080 4308 cazlo.
1110 4255 1310 4326 Deinde
1358 4258 1499 4309 docet
1529 4273 1823 4309 mansurum
1871 4258 2121 4326 Spiritum

638 4336 868 4397 sanctum
896 4328 947 4378 in
978 4324 1210 4378 cordibus
1239 4341 1411 4393 pacem
1453 4335 1500 4377 et
1531 4327 1854 4379 concordiam
1901 4324 2122 4397 diligen-

644 4395 792 4446 tibus.

645 4542 774 4596 Post
823 4541 1166 4595 festivitatem
1217 4541 1493 4595 dominicae
1539 4542 1898 4609 Ascensionis,
1947 4543 2135 4595 fratres

573 4631 852 4693 carissimi,
885 4639 1065 4684 sancta
1098 4629 1422 4684 Pentecostis
1449 4631 1608 4684 hodie
1635 4632 1885 4700 mysteria
1908 4632 2138 4685 celebra-

580 4736 722 4785 mus,
761 4728 819 4772 ut
845 4719 988 4772 sicut
1014 4718 1175 4771 lretati
1214 4734 1394 4773 sumus
1421 4720 1614 4774 cmlum
1640 4735 1738 4788 pro
1768 4721 1918 4774 nobis
1947 4735 2135 4774 ascen-

575 4812 717 4864 disse
759 4810 1047 4875 hominem,
1098 4811 1168 4863 ita
1214 4826 1354 4866 nunc
1395 4811 1722 4865 exsultemus
1765 4811 1930 4865 nostri
1976 4827 2136 4865 causa

575 4900 828 4969 Spiritum
889 4907 1132 4953 sanctum
1179 4900 1513 4954 descendisse
1571 4899 1638 4954 de
1680 4901 1838 4954 cmlo.
1897 4897 2137 4953 Perrexit

575 4988 818 5041 Christus
840 4988 904 5042 ad
929 4987 1165 5055 Patrem,
1187 4988 1492 5043 Paracletus
1518 4989 1663 5042 venit
1687 5004 1716 5041 a
1746 4987 1921 5053 Patre,
1951 4996 2008 5042 ut
2030 5005 2135 5043 non

574 5078 911 5143 ambigamus
940 5079 1117 5131 omnia
1159 5079 1311 5132 nobis
1330 5079 1514 5134 salutis
1533 5087 1746 5133 aeterna:
1772 5093 1991 5133 munera
2021 5095 2136 5133 om-

576 5169 866 5236 nipotentis
895 5167 1064 5221 Patris
1105 5168 1452 5236 dispositione
1479 5176 1534 5222 et
1578 5169 1849 5223 voluntate
1876 5169 2130 5234 conferri,

575 5271 605 5311 a
631 5269 736 5325 quo
760 5256 991 5326 Spiritus
1016 5258 1181 5322 venit,
1207 5266 1266 5314 et
1292 5258 1356 5310 ad
1384 5273 1544 5325 quem
1567 5258 1728 5312 Filius
1749 5259 1912 5312 vadit.
1945 5260 2136 5312 Ascen-

575 5345 654 5398 dit
693 5360 819 5412 ergo
847 5346 900 5399 in
937 5347 1130 5400 omium
1155 5361 1322 5400 novus
1360 5347 1543 5410 homo,
1575 5355 1630 5400 ut
1649 5362 1745 5415 per
1771 5348 1885 5414 ejus
1911 5349 2132 5416 gratiam

574 5436 758 5492 venire
785 5437 1048 5490 adterras
1085 5437 1314 5505 Spiritus
1357 5437 1681 5504 dignaretur.
1709 5438 1889 5492 .Venit
1925 5455 1957 5493 e
1999 5440 2135 5492 cmlo

574 5523 800 5596 Spiritus
846 5537 1079 5594 sanctus,
1130 5537 1188 5581 ut
1235 5542 1462 5595 regnare
1511 5545 1632 5583 cum
1686 5528 1844 5584 Patre
1872 5530 2134 5585 Christum

653 5691 677 5719 ι
706 5681 856 5752 Apud
889 5679 1252 5749 Muratorium,
1282 5684 1577 5736 unanimos.

2166 5047 2211 5103 D

2227 3918 2540 3971 mortalibus
2587 3919 2874 3972 nuntiaret.
2907 3918 3038 3972 Nam
3084 3921 3202 3988 quis
3253 3920 3390 3973 alius
3437 3917 3784 3974 habitantibus

2225 4014 2421 4061 terram
2449 4008 2685 4060 divinum
2713 4016 2925 4076 poterat
2953 4011 3162 4077 aperire
3188 4017 3479 4074 secretum,
3513 4011 3618 4065 nisi
3639 4006 3782 4079 parti-

2225 4111 2348 4164 ceps
2375 4097 2675 4150 Divinitatis
2711 4098 2942 4152 venisset
2970 4114 3000 4150 e
3026 4099 3201 4152 οωιοῖ
3235 4099 3454 4153 Lectum
3487 4101 3668 4168 itaque
3692 4105 3780 4161 est,

2230 4194 2287 4239 ut
2327 4187 2544 4240 audistis
2579 4206 2590 4238 :
2643 4187 2710 4239 Et
2738 4188 2855 4240 llum
2895 4190 3270 4256 complerentur
3307 4191 3416 4244 dies
3462 4191 3782 4248 Pentecostis.

2227 4281 2376 4323 erant
2413 4287 2586 4324 omnes
2628 4274 2893 4324 unanimes
2935 4274 3088 4325 simul
3114 4275 3168 4324 in
3198 4275 3372 4326 eodem
3401 4275 3517 4327 loco
3559 4277 3688 4345 (Act.
3715 4273 3779 4334 It).

2234 4360 2301 4412 Et
2325 4369 2444 4429 post
2472 4375 2638 4427 pauca
2667 4361 2740 4411 ait
2767 4378 2778 4412 :
2810 4360 3002 4426 chleti
3024 4364 3141 4412 sunt
3168 4378 3344 4414 omnes
3374 4362 3580 4431 Spiritu
3607 4371 3783 4424 sancto,

2236 4459 2284 4501 et
2324 4435 2578 4518 eruperunt
2621 4449 2758 4518 loqui
2786 4449 2942 4501 variis
2973 4450 3184 4519 linguis,
3207 4459 3358 4518 prout
3397 4451 3628 4518 Spiritus
3652 4449 3781 4502 dabat

2235 4540 2398 4608 eloqui
2443 4540 2535 4591 eis.
2583 4536 2744 4590 Erant
2790 4552 2917 4605 ergo
2946 4539 3224 4593 unanimes
3252 4540 3505 4607 apostoli,
3539 4549 3594 4595 et
3619 4537 3782 4607 repleti

2236 4636 2358 4682 sunt
2386 4628 2584 4697 Spiritu
2615 4637 2817 4683 sancto.
2853 4629 2931 4681 Ad
2961 4638 2986 4665 α
3010 4629 3288 4682 unanimes
3314 4630 3477 4694 venit,
3512 4626 3780 4685 concordes

2236 4717 2434 4778 visitat,
2463 4717 2714 4785 paciﬁcos
2732 4724 3066 4777 muneratur.
3089 4725 3146 4770 et
3164 4717 3395 4771 libenter
3420 4717 3781 4773 venerabilium

2237 4808 2599 4874 apostolorum
2629 4808 2790 4876 526
2815 4807 3040 4874 replevit
3085 4805 3268 4871 corda,
3314 4821 3550 4873 quorum
3573 4808 3674 4876 jam
3702 4819 3780 4873 pe-

2236 4905 2384 4949 ctora
2409 4883 2594 4949 auctor
2635 4903 2691 4950 et
2717 4896 2967 4962 magister
2991 4893 3235 4949 Christus
3272 4896 3557 4952 habitabat
3585 4915 3598 4950 :
3636 4896 3781 4950 Sedit-

2236 5003 2350 5057 que,
2381 4996 2440 5040 ut
2468 4988 2782 5052 audivimus,
2809 4986 3035 5055 Spiritus
3063 4995 3269 5040 sanctus
3291 5003 3446 5054 supra
3471 5001 3777 5056 umqum-

2239 5096 2333 5150 que
2371 5096 2542 5133 eorum
2572 5081 2704 5147 (Act.
2736 5080 2816 5148 ιι).
2843 5077 3138 5142 Advertite,
3168 5077 3450 5143 carissimi,
3471 5082 3599 5148 quia
3619 5073 3778 5147 paciﬁ-

2240 5187 2423 5227 corum
2451 5179 2635 5240 pectus
2661 5169 2813 5224 sedes
2839 5175 2921 5222 est
2949 5167 3064 5231 Dei,
3090 5175 3155 5224 ut
3181 5166 3256 5220 ait
3282 5167 3473 5221 beatus
3508 5167 3669 5222 David
3696 5182 3706 5216 :
3739 5169 3778 5215 et

2241 5267 2404 5334 facta
2428 5273 2501 5316 est
2523 5264 2575 5316 in
2606 5277 2730 5330 pace
2755 5260 2893 5312 locus
2914 5259 3044 5327 ejus.
3075 5257 3185 5312 Nec
3210 5257 3563 5312 dubitandum
3589 5264 3774 5327 aposto-

2239 5355 2318 5407 los
2354 5352 2578 5404 invicem
2608 5363 2730 5415 erga
2752 5362 2808 5401 se
2838 5346 3200 5400 unanimitatis
3240 5346 3464 5414 gratiam
3491 5347 3772 5403 custodisse.

2239 5443 2430 5508 quibus
2457 5440 2778 5493 transiturus
2805 5437 2871 5490 ad
2916 5434 3129 5489 Patrem
3167 5435 3487 5504 praedixerat
3514 5438 3769 5492 Christus:

2246 5531 2309 5584 In
2345 5533 2438 5584 hoc
2467 5539 2770 5600 cognoscent
2805 5543 2978 5580 omnes
3011 5529 3130 5596 quia
3160 5527 3395 5594 discipuli
3431 5532 3534 5584 anei
3576 5531 3716 5590 erilis,
3739 5525 3772 5578 si
