  <div class='ocr_page' id='page_1' title='image "/cluster/home/n/w/nwhite01/storage/ocr_20150623/57/uva.x000827099/321.png"; bbox 0 0 3896 6250; ppageno 0'>
   <div class='ocr_carea' id='block_1_1' title="bbox 540 359 637 413">
    <p class='ocr_par' dir='ltr' id='par_1_1' title="bbox 540 359 637 413">
     <span class='ocr_line' id='line_1_1' title="bbox 540 359 637 413; baseline -0.021 0"><span class='ocrx_word' id='word_1_1' title='bbox 540 359 637 413; x_wconf 80' lang='lat'><strong>535</strong></span> 
     </span>
    </p>
   </div>
   <div class='ocr_carea' id='block_1_2' title="bbox 1764 346 2592 407">
    <p class='ocr_par' dir='ltr' id='par_1_2' title="bbox 1764 346 2592 407">
     <span class='ocr_line' id='line_1_2' title="bbox 1764 346 2592 407; baseline -0.002 -1"><span class='ocrx_word' id='word_1_2' title='bbox 1764 354 1822 407; x_wconf 88' lang='lat' dir='ltr'><strong>S.</strong></span> <span class='ocrx_word' id='word_1_3' title='bbox 1865 348 2107 405; x_wconf 77' lang='grc' dir='ltr'><strong>ΜΑΧΙΜΙ</strong></span> <span class='ocrx_word' id='word_1_4' title='bbox 2146 346 2592 404; x_wconf 80' lang='lat' dir='ltr'><strong>TAUBINENSIS</strong></span> 
     </span>
    </p>
   </div>
   <div class='ocr_carea' id='block_1_3' title="bbox 3716 340 3820 395">
    <p class='ocr_par' dir='ltr' id='par_1_3' title="bbox 3716 340 3820 395">
     <span class='ocr_line' id='line_1_3' title="bbox 3716 340 3820 395; baseline 0 0"><span class='ocrx_word' id='word_1_5' title='bbox 3716 340 3820 395; x_wconf 72' lang='lat'><strong>636</strong></span> 
     </span>
    </p>
   </div>
   <div class='ocr_carea' id='block_1_4' title="bbox 540 453 3818 528">
    <p class='ocr_par' dir='ltr' id='par_1_4' title="bbox 540 453 3818 528">
     <span class='ocr_line' id='line_1_4' title="bbox 540 453 3818 528; baseline -0.003 -11"><span class='ocrx_word' id='word_1_6' title='bbox 540 463 721 517; x_wconf 85' lang='lat' dir='ltr'><strong>Inserit</strong></span> <span class='ocrx_word' id='word_1_7' title='bbox 748 461 1015 528; x_wconf 75' lang='lat' dir='ltr'><strong>sensibus,</strong></span> <span class='ocrx_word' id='word_1_8' title='bbox 1044 474 1166 515; x_wconf 90' lang='lat' dir='ltr'><strong>cum</strong></span> <span class='ocrx_word' id='word_1_9' title='bbox 1200 457 1447 516; x_wconf 77' lang='lat' dir='ltr'><strong>Christus</strong></span> <span class='ocrx_word' id='word_1_10' title='bbox 1493 458 1813 527; x_wconf 73' lang='lat' dir='ltr'><strong>prmnuntiat</strong></span> <span class='ocrx_word' id='word_1_11' title='bbox 1860 457 2118 525; x_wconf 76' lang='lat' dir='ltr'><strong>Spiritum</strong></span> <span class='ocrx_word' id='word_1_12' title='bbox 2148 462 2193 518; x_wconf 83' lang='grc' dir='ltr'><strong>Α</strong></span> <span class='ocrx_word' id='word_1_13' title='bbox 2224 455 2332 510; x_wconf 71' lang='grc' dir='ltr'><strong>ὀίω</strong></span> <span class='ocrx_word' id='word_1_14' title='bbox 2364 456 2673 524; x_wconf 84' lang='lat' dir='ltr'><strong>peregrinus</strong></span> <span class='ocrx_word' id='word_1_15' title='bbox 2712 456 2936 521; x_wconf 75' lang='lat' dir='ltr'><strong>audiret,</strong></span> <span class='ocrx_word' id='word_1_16' title='bbox 2967 464 3021 511; x_wconf 89' lang='lat' dir='ltr'><strong>et</strong></span> <span class='ocrx_word' id='word_1_17' title='bbox 3062 456 3143 509; x_wconf 86' lang='lat' dir='ltr'><strong>vir</strong></span> <span class='ocrx_word' id='word_1_18' title='bbox 3169 453 3428 508; x_wconf 71' lang='lat' dir='ltr'><strong>Galilmus</strong></span> <span class='ocrx_word' id='word_1_19' title='bbox 3463 465 3671 505; x_wconf 82' lang='lat' dir='ltr'><strong>arcana</strong></span> <span class='ocrx_word' id='word_1_20' title='bbox 3694 454 3818 507; x_wconf 67' lang='lat' dir='ltr'><strong>celi</strong></span> 
     </span>
    </p>
   </div>
   <div class='ocr_carea' id='block_1_5' title="bbox 540 546 2117 617">
    <p class='ocr_par' dir='ltr' id='par_1_5' title="bbox 540 546 2117 617">
     <span class='ocr_line' id='line_1_5' title="bbox 540 546 2117 617; baseline -0.004 -11"><span class='ocrx_word' id='word_1_21' title='bbox 540 560 821 607; x_wconf 86' lang='lat' dir='ltr'><strong>venturum</strong></span> <span class='ocrx_word' id='word_1_22' title='bbox 843 565 963 605; x_wconf 91' lang='lat' dir='ltr'><strong>esse</strong></span> <span class='ocrx_word' id='word_1_23' title='bbox 992 550 1057 604; x_wconf 92' lang='lat' dir='ltr'><strong>de</strong></span> <span class='ocrx_word' id='word_1_24' title='bbox 1084 550 1246 617; x_wconf 81' lang='lat' dir='ltr'><strong>cmlo,</strong></span> <span class='ocrx_word' id='word_1_25' title='bbox 1275 562 1329 605; x_wconf 89' lang='lat' dir='ltr'><strong>et</strong></span> <span class='ocrx_word' id='word_1_26' title='bbox 1351 562 1576 617; x_wconf 84' lang='lat' dir='ltr'><strong>regnare</strong></span> <span class='ocrx_word' id='word_1_27' title='bbox 1605 548 1656 601; x_wconf 93' lang='lat' dir='ltr'><strong>in</strong></span> <span class='ocrx_word' id='word_1_28' title='bbox 1679 548 1815 603; x_wconf 83' lang='lat' dir='ltr'><strong>coelo</strong></span> <span class='ocrx_word' id='word_1_29' title='bbox 1844 546 2117 602; x_wconf 77' lang='lat' dir='ltr'><strong>Christum</strong></span> 
     </span>
    </p>
   </div>
   <div class='ocr_carea' id='block_1_6' title="bbox 539 637 2118 709">
    <p class='ocr_par' dir='ltr' id='par_1_6' title="bbox 539 637 2118 709">
     <span class='ocr_line' id='line_1_6' title="bbox 539 637 2118 709; baseline -0.003 -14"><span class='ocrx_word' id='word_1_30' title='bbox 539 642 769 709; x_wconf 75' lang='lat' dir='ltr'><strong>Spiritus</strong></span> <span class='ocrx_word' id='word_1_31' title='bbox 809 640 1121 698; x_wconf 79' lang='lat' dir='ltr'><strong>attestatur!</strong></span> <span class='ocrx_word' id='word_1_32' title='bbox 1154 638 1284 706; x_wconf 85' lang='lat' dir='ltr'><strong>Quis</strong></span> <span class='ocrx_word' id='word_1_33' title='bbox 1324 648 1503 693; x_wconf 90' lang='lat' dir='ltr'><strong>autem</strong></span> <span class='ocrx_word' id='word_1_34' title='bbox 1550 637 1757 692; x_wconf 83' lang='lat' dir='ltr'><strong>dubitet</strong></span> <span class='ocrx_word' id='word_1_35' title='bbox 1783 652 1969 693; x_wconf 87' lang='lat' dir='ltr'><strong>vocem</strong></span> <span class='ocrx_word' id='word_1_36' title='bbox 1998 650 2118 691; x_wconf 91' lang='lat' dir='ltr'><strong>esse</strong></span> 
     </span>
    </p>
   </div>
   <div class='ocr_carea' id='block_1_7' title="bbox 540 727 2120 798">
    <p class='ocr_par' dir='ltr' id='par_1_7' title="bbox 540 727 2120 798">
     <span class='ocr_line' id='line_1_7' title="bbox 540 727 2120 798; baseline 0 -16"><span class='ocrx_word' id='word_1_37' title='bbox 540 730 891 796; x_wconf 76' lang='lat' dir='ltr'><strong>verissimam,</strong></span> <span class='ocrx_word' id='word_1_38' title='bbox 920 737 975 784; x_wconf 87' lang='lat' dir='ltr'><strong>et</strong></span> <span class='ocrx_word' id='word_1_39' title='bbox 1017 728 1133 797; x_wconf 87' lang='lat' dir='ltr'><strong>ejus</strong></span> <span class='ocrx_word' id='word_1_40' title='bbox 1170 729 1263 798; x_wconf 86' lang='lat' dir='ltr'><strong>qui</strong></span> <span class='ocrx_word' id='word_1_41' title='bbox 1291 728 1466 798; x_wconf 91' lang='lat' dir='ltr'><strong>pergit</strong></span> <span class='ocrx_word' id='word_1_42' title='bbox 1502 728 1570 783; x_wconf 91' lang='lat' dir='ltr'><strong>ad</strong></span> <span class='ocrx_word' id='word_1_43' title='bbox 1610 728 1825 792; x_wconf 69' lang='lat' dir='ltr'><strong>eretum,</strong></span> <span class='ocrx_word' id='word_1_44' title='bbox 1880 735 1935 782; x_wconf 90' lang='lat' dir='ltr'><strong>et</strong></span> <span class='ocrx_word' id='word_1_45' title='bbox 1979 727 2120 782; x_wconf 90' lang='lat' dir='ltr'><strong>illius</strong></span> 
     </span>
    </p>
   </div>
   <div class='ocr_carea' id='block_1_8' title="bbox 538 817 2117 888">
    <p class='ocr_par' dir='ltr' id='par_1_8' title="bbox 538 817 2117 888">
     <span class='ocr_line' id='line_1_8' title="bbox 538 817 2117 888; baseline 0.001 -17"><span class='ocrx_word' id='word_1_46' title='bbox 538 817 630 884; x_wconf 89' lang='lat' dir='ltr'><strong>qui</strong></span> <span class='ocrx_word' id='word_1_47' title='bbox 659 819 805 872; x_wconf 91' lang='lat' dir='ltr'><strong>venit</strong></span> <span class='ocrx_word' id='word_1_48' title='bbox 831 818 898 873; x_wconf 92' lang='lat' dir='ltr'><strong>de</strong></span> <span class='ocrx_word' id='word_1_49' title='bbox 918 819 1096 874; x_wconf 78' lang='lat' dir='ltr'><strong>coelo?</strong></span> <span class='ocrx_word' id='word_1_50' title='bbox 1126 818 1325 888; x_wconf 79' lang='lat' dir='ltr'><strong>Repteti</strong></span> <span class='ocrx_word' id='word_1_51' title='bbox 1354 820 1534 886; x_wconf 81' lang='lat' dir='ltr'><strong>itaque</strong></span> <span class='ocrx_word' id='word_1_52' title='bbox 1560 827 1686 873; x_wconf 90' lang='lat' dir='ltr'><strong>sunt</strong></span> <span class='ocrx_word' id='word_1_53' title='bbox 1712 819 1870 873; x_wconf 88' lang='lat' dir='ltr'><strong>hodie</strong></span> <span class='ocrx_word' id='word_1_54' title='bbox 1898 826 2117 887; x_wconf 84' lang='lat' dir='ltr'><strong>aposto-</strong></span> 
     </span>
    </p>
   </div>
   <div class='ocr_carea' id='block_1_9' title="bbox 544 906 2119 980">
    <p class='ocr_par' dir='ltr' id='par_1_9' title="bbox 544 906 2119 980">
     <span class='ocr_line' id='line_1_9' title="bbox 544 906 2119 980; baseline 0.001 -19"><span class='ocrx_word' id='word_1_55' title='bbox 544 906 598 971; x_wconf 87' lang='lat' dir='ltr'><strong>li,</strong></span> <span class='ocrx_word' id='word_1_56' title='bbox 631 914 688 960; x_wconf 89' lang='lat' dir='ltr'><strong>ut</strong></span> <span class='ocrx_word' id='word_1_57' title='bbox 734 908 936 963; x_wconf 89' lang='lat' dir='ltr'><strong>lectum</strong></span> <span class='ocrx_word' id='word_1_58' title='bbox 965 917 1068 973; x_wconf 90' lang='lat' dir='ltr'><strong>est,</strong></span> <span class='ocrx_word' id='word_1_59' title='bbox 1121 908 1324 978; x_wconf 83' lang='lat' dir='ltr'><strong>Spiritu</strong></span> <span class='ocrx_word' id='word_1_60' title='bbox 1370 920 1575 975; x_wconf 88' lang='lat' dir='ltr'><strong>sancto,</strong></span> <span class='ocrx_word' id='word_1_61' title='bbox 1605 918 1655 963; x_wconf 84' lang='lat' dir='ltr'><strong>et</strong></span> <span class='ocrx_word' id='word_1_62' title='bbox 1682 918 1937 980; x_wconf 67' lang='lat' dir='ltr'><strong>creperum</strong></span> <span class='ocrx_word' id='word_1_63' title='bbox 1980 910 2119 980; x_wconf 82' lang='lat' dir='ltr'><strong>loqui</strong></span> 
     </span>
    </p>
   </div>
   <div class='ocr_carea' id='block_1_10' title="bbox 547 998 2115 1069">
    <p class='ocr_par' dir='ltr' id='par_1_10' title="bbox 547 998 2115 1069">
     <span class='ocr_line' id='line_1_10' title="bbox 547 998 2115 1069; baseline 0 -20"><span class='ocrx_word' id='word_1_64' title='bbox 547 999 703 1051; x_wconf 76' lang='lat' dir='ltr'><strong>rariis</strong></span> <span class='ocrx_word' id='word_1_65' title='bbox 727 998 941 1069; x_wconf 87' lang='lat' dir='ltr'><strong>linguis,</strong></span> <span class='ocrx_word' id='word_1_66' title='bbox 964 1007 1116 1068; x_wconf 85' lang='lat' dir='ltr'><strong>prout</strong></span> <span class='ocrx_word' id='word_1_67' title='bbox 1144 998 1373 1069; x_wconf 73' lang='lat' dir='ltr'><strong>Spiritus</strong></span> <span class='ocrx_word' id='word_1_68' title='bbox 1398 998 1557 1052; x_wconf 79' lang='lat' dir='ltr'><strong>dabat</strong></span> <span class='ocrx_word' id='word_1_69' title='bbox 1582 999 1749 1069; x_wconf 79' lang='lat' dir='ltr'><strong>eloqui</strong></span> <span class='ocrx_word' id='word_1_70' title='bbox 1777 1001 1851 1052; x_wconf 85' lang='lat' dir='ltr'><strong>eis</strong></span> <span class='ocrx_word' id='word_1_71' title='bbox 1878 1000 2012 1068; x_wconf 72' lang='lat' dir='ltr'><strong>(Act.</strong></span> <span class='ocrx_word' id='word_1_72' title='bbox 2037 998 2115 1065; x_wconf 84' lang='grc' dir='ltr'><strong>ιι).</strong></span> 
     </span>
    </p>
   </div>
   <div class='ocr_carea' id='block_1_11' title="bbox 542 1084 2123 1158">
    <p class='ocr_par' dir='ltr' id='par_1_11' title="bbox 542 1084 2123 1158">
     <span class='ocr_line' id='line_1_11' title="bbox 542 1084 2123 1158; baseline 0.001 -18"><span class='ocrx_word' id='word_1_73' title='bbox 542 1084 672 1158; x_wconf 75' lang='lat' dir='ltr'><strong>illos</strong></span> <span class='ocrx_word' id='word_1_74' title='bbox 692 1087 942 1141; x_wconf 86' lang='lat' dir='ltr'><strong>nimirum</strong></span> <span class='ocrx_word' id='word_1_75' title='bbox 968 1088 1197 1157; x_wconf 85' lang='lat' dir='ltr'><strong>replevit</strong></span> <span class='ocrx_word' id='word_1_76' title='bbox 1220 1087 1470 1157; x_wconf 88' lang='lat' dir='ltr'><strong>Spiritus,</strong></span> <span class='ocrx_word' id='word_1_77' title='bbox 1496 1102 1725 1155; x_wconf 89' lang='lat' dir='ltr'><strong>quorum</strong></span> <span class='ocrx_word' id='word_1_78' title='bbox 1744 1088 1907 1142; x_wconf 85' lang='lat' dir='ltr'><strong>corda</strong></span> <span class='ocrx_word' id='word_1_79' title='bbox 1932 1087 2123 1142; x_wconf 86' lang='lat' dir='ltr'><strong>adven-</strong></span> 
     </span>
    </p>
   </div>
   <div class='ocr_carea' id='block_1_12' title="bbox 549 1174 2123 1245">
    <p class='ocr_par' dir='ltr' id='par_1_12' title="bbox 549 1174 2123 1245">
     <span class='ocr_line' id='line_1_12' title="bbox 549 1174 2123 1245; baseline 0.001 -17"><span class='ocrx_word' id='word_1_80' title='bbox 549 1176 624 1229; x_wconf 90' lang='lat' dir='ltr'><strong>tui</strong></span> <span class='ocrx_word' id='word_1_81' title='bbox 653 1174 771 1245; x_wconf 79' lang='lat' dir='ltr'><strong>cjus</strong></span> <span class='ocrx_word' id='word_1_82' title='bbox 807 1177 1025 1245; x_wconf 80' lang='lat' dir='ltr'><strong>sanguis</strong></span> <span class='ocrx_word' id='word_1_83' title='bbox 1063 1186 1119 1231; x_wconf 91' lang='lat' dir='ltr'><strong>et</strong></span> <span class='ocrx_word' id='word_1_84' title='bbox 1152 1176 1399 1231; x_wconf 83' lang='lat' dir='ltr'><strong>doctrina</strong></span> <span class='ocrx_word' id='word_1_85' title='bbox 1433 1175 1631 1231; x_wconf 85' lang='lat' dir='ltr'><strong>Christi</strong></span> <span class='ocrx_word' id='word_1_86' title='bbox 1676 1183 2011 1245; x_wconf 75' lang='lat' dir='ltr'><strong>purgaverat.</strong></span> <span class='ocrx_word' id='word_1_87' title='bbox 2054 1174 2123 1229; x_wconf 84' lang='lat' dir='ltr'><strong>Et</strong></span> 
     </span>
    </p>
   </div>
   <div class='ocr_carea' id='block_1_13' title="bbox 550 1264 2117 1333">
    <p class='ocr_par' dir='ltr' id='par_1_13' title="bbox 550 1264 2117 1333">
     <span class='ocr_line' id='line_1_13' title="bbox 550 1264 2117 1333; baseline 0.001 -15"><span class='ocrx_word' id='word_1_88' title='bbox 550 1265 665 1319; x_wconf 65' lang='lat' dir='ltr'><strong>haec</strong></span> <span class='ocrx_word' id='word_1_89' title='bbox 690 1265 862 1333; x_wconf 85' lang='lat' dir='ltr'><strong>prima</strong></span> <span class='ocrx_word' id='word_1_90' title='bbox 890 1264 989 1318; x_wconf 89' lang='lat' dir='ltr'><strong>fuit</strong></span> <span class='ocrx_word' id='word_1_91' title='bbox 1012 1264 1242 1333; x_wconf 87' lang='lat' dir='ltr'><strong>Spiritus</strong></span> <span class='ocrx_word' id='word_1_92' title='bbox 1262 1265 1594 1320; x_wconf 83' lang='lat' dir='ltr'><strong>advenientis</strong></span> <span class='ocrx_word' id='word_1_93' title='bbox 1616 1266 1835 1329; x_wconf 80' lang='lat' dir='ltr'><strong>utilitas,</strong></span> <span class='ocrx_word' id='word_1_94' title='bbox 1863 1273 1920 1319; x_wconf 90' lang='lat' dir='ltr'><strong>ut</strong></span> <span class='ocrx_word' id='word_1_95' title='bbox 1948 1264 1999 1318; x_wconf 87' lang='lat' dir='ltr'><strong>hi</strong></span> <span class='ocrx_word' id='word_1_96' title='bbox 2023 1264 2117 1319; x_wconf 88' lang='lat' dir='ltr'><strong>viri</strong></span> 
     </span>
    </p>
   </div>
   <div class='ocr_carea' id='block_1_14' title="bbox 550 1353 2123 1425">
    <p class='ocr_par' dir='ltr' id='par_1_14' title="bbox 550 1353 2123 1425">
     <span class='ocr_line' id='line_1_14' title="bbox 550 1353 2123 1425; baseline 0.002 -19"><span class='ocrx_word' id='word_1_97' title='bbox 550 1354 641 1420; x_wconf 90' lang='lat' dir='ltr'><strong>qui</strong></span> <span class='ocrx_word' id='word_1_98' title='bbox 690 1354 743 1407; x_wconf 90' lang='lat' dir='ltr'><strong>in</strong></span> <span class='ocrx_word' id='word_1_99' title='bbox 780 1354 1009 1409; x_wconf 82' lang='lat' dir='ltr'><strong>salutem</strong></span> <span class='ocrx_word' id='word_1_100' title='bbox 1050 1355 1418 1409; x_wconf 84' lang='lat' dir='ltr'><strong>universarum</strong></span> <span class='ocrx_word' id='word_1_101' title='bbox 1456 1356 1697 1423; x_wconf 88' lang='lat' dir='ltr'><strong>gentium</strong></span> <span class='ocrx_word' id='word_1_102' title='bbox 1728 1357 1886 1425; x_wconf 73' lang='lat'><strong>529</strong></span> <span class='ocrx_word' id='word_1_103' title='bbox 1914 1353 2123 1409; x_wconf 82' lang='lat' dir='ltr'><strong>fuerant</strong></span> 
     </span>
    </p>
   </div>
   <div class='ocr_carea' id='block_1_15' title="bbox 551 1442 2121 1513">
    <p class='ocr_par' dir='ltr' id='par_1_15' title="bbox 551 1442 2121 1513">
     <span class='ocr_line' id='line_1_15' title="bbox 551 1442 2121 1513; baseline 0.001 -16"><span class='ocrx_word' id='word_1_104' title='bbox 551 1442 796 1497; x_wconf 74' lang='lat' dir='ltr'><strong>ordinati</strong></span> <span class='ocrx_word' id='word_1_105' title='bbox 837 1458 1087 1499; x_wconf 85' lang='lat' dir='ltr'><strong>sermone</strong></span> <span class='ocrx_word' id='word_1_106' title='bbox 1137 1445 1377 1498; x_wconf 89' lang='lat' dir='ltr'><strong>omnium</strong></span> <span class='ocrx_word' id='word_1_107' title='bbox 1431 1444 1798 1513; x_wconf 89' lang='lat' dir='ltr'><strong>loquerentur.</strong></span> <span class='ocrx_word' id='word_1_108' title='bbox 1847 1443 2121 1513; x_wconf 85' lang='lat' dir='ltr'><strong>Tantaque</strong></span> 
     </span>
    </p>
   </div>
   <div class='ocr_carea' id='block_1_16' title="bbox 552 1529 2121 1603">
    <p class='ocr_par' dir='ltr' id='par_1_16' title="bbox 552 1529 2121 1603">
     <span class='ocr_line' id='line_1_16' title="bbox 552 1529 2121 1603; baseline -0.001 -18"><span class='ocrx_word' id='word_1_109' title='bbox 552 1529 817 1586; x_wconf 88' lang='lat' dir='ltr'><strong>Paracleti</strong></span> <span class='ocrx_word' id='word_1_110' title='bbox 844 1533 1014 1601; x_wconf 87' lang='lat' dir='ltr'><strong>gratia</strong></span> <span class='ocrx_word' id='word_1_111' title='bbox 1042 1533 1410 1603; x_wconf 85' lang='lat' dir='ltr'><strong>apostolorum</strong></span> <span class='ocrx_word' id='word_1_112' title='bbox 1452 1541 1508 1587; x_wconf 92' lang='lat' dir='ltr'><strong>et</strong></span> <span class='ocrx_word' id='word_1_113' title='bbox 1546 1533 1778 1601; x_wconf 83' lang='lat' dir='ltr'><strong>linguam</strong></span> <span class='ocrx_word' id='word_1_114' title='bbox 1813 1533 2038 1602; x_wconf 81' lang='lat' dir='ltr'><strong>replevit</strong></span> <span class='ocrx_word' id='word_1_115' title='bbox 2066 1539 2121 1586; x_wconf 92' lang='lat' dir='ltr'><strong>et</strong></span> 
     </span>
    </p>
   </div>
   <div class='ocr_carea' id='block_1_17' title="bbox 552 1621 2124 1689">
    <p class='ocr_par' dir='ltr' id='par_1_17' title="bbox 552 1621 2124 1689">
     <span class='ocr_line' id='line_1_17' title="bbox 552 1621 2124 1689; baseline 0 -16"><span class='ocrx_word' id='word_1_116' title='bbox 552 1625 762 1688; x_wconf 84' lang='lat' dir='ltr'><strong>pectus,</strong></span> <span class='ocrx_word' id='word_1_117' title='bbox 792 1628 851 1675; x_wconf 92' lang='lat' dir='ltr'><strong>ut</strong></span> <span class='ocrx_word' id='word_1_118' title='bbox 876 1636 979 1679; x_wconf 85' lang='lat' dir='ltr'><strong>nec</strong></span> <span class='ocrx_word' id='word_1_119' title='bbox 1003 1622 1173 1676; x_wconf 87' lang='lat' dir='ltr'><strong>virtus</strong></span> <span class='ocrx_word' id='word_1_120' title='bbox 1200 1622 1377 1677; x_wconf 83' lang='lat' dir='ltr'><strong>verbis</strong></span> <span class='ocrx_word' id='word_1_121' title='bbox 1402 1636 1587 1677; x_wconf 89' lang='lat' dir='ltr'><strong>eorum</strong></span> <span class='ocrx_word' id='word_1_122' title='bbox 1616 1621 1847 1689; x_wconf 84' lang='lat' dir='ltr'><strong>deesset,</strong></span> <span class='ocrx_word' id='word_1_123' title='bbox 1878 1635 1977 1675; x_wconf 89' lang='lat' dir='ltr'><strong>nec</strong></span> <span class='ocrx_word' id='word_1_124' title='bbox 2003 1635 2124 1674; x_wconf 89' lang='lat' dir='ltr'><strong>ver-</strong></span> 
     </span>
    </p>
   </div>
   <div class='ocr_carea' id='block_1_18' title="bbox 554 1708 2122 1780">
    <p class='ocr_par' dir='ltr' id='par_1_18' title="bbox 554 1708 2122 1780">
     <span class='ocr_line' id='line_1_18' title="bbox 554 1708 2122 1780; baseline 0.002 -19"><span class='ocrx_word' id='word_1_125' title='bbox 554 1708 619 1762; x_wconf 87' lang='lat' dir='ltr'><strong>ba</strong></span> <span class='ocrx_word' id='word_1_126' title='bbox 668 1709 869 1763; x_wconf 86' lang='lat' dir='ltr'><strong>virtuti.</strong></span> <span class='ocrx_word' id='word_1_127' title='bbox 902 1709 1086 1780; x_wconf 72' lang='lat' dir='ltr'><strong>Neque</strong></span> <span class='ocrx_word' id='word_1_128' title='bbox 1104 1726 1236 1766; x_wconf 90' lang='lat' dir='ltr'><strong>sane</strong></span> <span class='ocrx_word' id='word_1_129' title='bbox 1260 1718 1345 1766; x_wconf 90' lang='lat' dir='ltr'><strong>est</strong></span> <span class='ocrx_word' id='word_1_130' title='bbox 1371 1711 1515 1765; x_wconf 88' lang='lat' dir='ltr'><strong>aliud</strong></span> <span class='ocrx_word' id='word_1_131' title='bbox 1542 1711 1596 1764; x_wconf 91' lang='lat' dir='ltr'><strong>in</strong></span> <span class='ocrx_word' id='word_1_132' title='bbox 1635 1710 1827 1765; x_wconf 87' lang='lat' dir='ltr'><strong>divinis</strong></span> <span class='ocrx_word' id='word_1_133' title='bbox 1855 1710 2122 1764; x_wconf 85' lang='lat' dir='ltr'><strong>humanis-</strong></span> 
     </span>
    </p>
   </div>
   <div class='ocr_carea' id='block_1_19' title="bbox 2223 540 3813 611">
    <p class='ocr_par' dir='ltr' id='par_1_19' title="bbox 2223 540 3813 611">
     <span class='ocr_line' id='line_1_19' title="bbox 2223 540 3813 611; baseline -0.001 -14"><span class='ocrx_word' id='word_1_134' title='bbox 2223 558 2328 598; x_wconf 87' lang='lat' dir='ltr'><strong>non</strong></span> <span class='ocrx_word' id='word_1_135' title='bbox 2350 543 2524 598; x_wconf 88' lang='lat' dir='ltr'><strong>solum</strong></span> <span class='ocrx_word' id='word_1_136' title='bbox 2571 544 2764 598; x_wconf 88' lang='lat' dir='ltr'><strong>decore</strong></span> <span class='ocrx_word' id='word_1_137' title='bbox 2790 543 2960 599; x_wconf 67' lang='lat' dir='ltr'><strong>Graeci</strong></span> <span class='ocrx_word' id='word_1_138' title='bbox 2991 544 3331 611; x_wconf 83' lang='lat' dir='ltr'><strong>Romanique</strong></span> <span class='ocrx_word' id='word_1_139' title='bbox 3378 540 3680 603; x_wconf 84' lang='lat' dir='ltr'><strong>sermonis,</strong></span> <span class='ocrx_word' id='word_1_140' title='bbox 3721 540 3813 596; x_wconf 75' lang='lat' dir='ltr'><strong>sed</strong></span> 
     </span>
    </p>
   </div>
   <div class='ocr_carea' id='block_1_20' title="bbox 2221 631 3809 702">
    <p class='ocr_par' dir='ltr' id='par_1_20' title="bbox 2221 631 3809 702">
     <span class='ocr_line' id='line_1_20' title="bbox 2221 631 3809 702; baseline 0 -16"><span class='ocrx_word' id='word_1_141' title='bbox 2221 632 2382 686; x_wconf 88' lang='lat' dir='ltr'><strong>etiam</strong></span> <span class='ocrx_word' id='word_1_142' title='bbox 2411 632 2635 687; x_wconf 87' lang='lat' dir='ltr'><strong>stridulo</strong></span> <span class='ocrx_word' id='word_1_143' title='bbox 2662 648 2950 695; x_wconf 89' lang='lat' dir='ltr'><strong>murmure,</strong></span> <span class='ocrx_word' id='word_1_144' title='bbox 2981 633 3327 702; x_wconf 78' lang='lat' dir='ltr'><strong>gementiqu</strong></span> <span class='ocrx_word' id='word_1_145' title='bbox 3354 640 3557 687; x_wconf 87' lang='lat' dir='ltr'><strong>conatu</strong></span> <span class='ocrx_word' id='word_1_146' title='bbox 3589 631 3809 686; x_wconf 60' lang='lat' dir='ltr'><strong>amilum</strong></span> 
     </span>
    </p>
   </div>
   <div class='ocr_carea' id='block_1_21' title="bbox 2220 720 3809 792">
    <p class='ocr_par' dir='ltr' id='par_1_21' title="bbox 2220 720 3809 792">
     <span class='ocr_line' id='line_1_21' title="bbox 2220 720 3809 792; baseline 0 -16"><span class='ocrx_word' id='word_1_147' title='bbox 2220 722 2464 777; x_wconf 87' lang='lat' dir='ltr'><strong>barbaris</strong></span> <span class='ocrx_word' id='word_1_148' title='bbox 2507 722 2853 792; x_wconf 81' lang='lat' dir='ltr'><strong>loqueretur?</strong></span> <span class='ocrx_word' id='word_1_149' title='bbox 2892 722 3026 777; x_wconf 88' lang='lat' dir='ltr'><strong>Olim</strong></span> <span class='ocrx_word' id='word_1_150' title='bbox 3068 737 3301 791; x_wconf 80' lang='lat' dir='ltr'><strong>namque</strong></span> <span class='ocrx_word' id='word_1_151' title='bbox 3341 737 3469 777; x_wconf 87' lang='lat' dir='ltr'><strong>cum</strong></span> <span class='ocrx_word' id='word_1_152' title='bbox 3495 720 3707 777; x_wconf 68' lang='lat' dir='ltr'><strong>omium</strong></span> <span class='ocrx_word' id='word_1_153' title='bbox 3736 723 3809 776; x_wconf 81' lang='lat' dir='ltr'><strong>ire</strong></span> 
     </span>
    </p>
   </div>
   <div class='ocr_carea' id='block_1_22' title="bbox 2221 812 3816 880">
    <p class='ocr_par' dir='ltr' id='par_1_22' title="bbox 2221 812 3816 880">
     <span class='ocr_line' id='line_1_22' title="bbox 2221 812 3816 880; baseline -0.003 -12"><span class='ocrx_word' id='word_1_154' title='bbox 2221 812 2546 868; x_wconf 88' lang='lat' dir='ltr'><strong>contendens</strong></span> <span class='ocrx_word' id='word_1_155' title='bbox 2575 820 2773 867; x_wconf 88' lang='lat' dir='ltr'><strong>turrem</strong></span> <span class='ocrx_word' id='word_1_156' title='bbox 2801 812 2901 870; x_wconf 90' lang='lat' dir='ltr'><strong>sibi</strong></span> <span class='ocrx_word' id='word_1_157' title='bbox 2930 821 3268 869; x_wconf 89' lang='lat' dir='ltr'><strong>construeret</strong></span> <span class='ocrx_word' id='word_1_158' title='bbox 3286 824 3527 866; x_wconf 80' lang='lat' dir='ltr'><strong>humana</strong></span> <span class='ocrx_word' id='word_1_159' title='bbox 3550 825 3816 880; x_wconf 65' lang='lat' dir='ltr'><strong>passum-</strong></span> 
     </span>
    </p>
   </div>
   <div class='ocr_carea' id='block_1_23' title="bbox 2223 904 3811 975">
    <p class='ocr_par' dir='ltr' id='par_1_23' title="bbox 2223 904 3811 975">
     <span class='ocr_line' id='line_1_23' title="bbox 2223 904 3811 975; baseline 0.001 -21"><span class='ocrx_word' id='word_1_160' title='bbox 2223 904 2355 971; x_wconf 92' lang='lat' dir='ltr'><strong>ptio,</strong></span> <span class='ocrx_word' id='word_1_161' title='bbox 2387 917 2487 958; x_wconf 91' lang='lat' dir='ltr'><strong>nec</strong></span> <span class='ocrx_word' id='word_1_162' title='bbox 2514 911 2801 958; x_wconf 82' lang='lat' dir='ltr'><strong>contumax</strong></span> <span class='ocrx_word' id='word_1_163' title='bbox 2828 904 3047 959; x_wconf 78' lang='lat' dir='ltr'><strong>haberet</strong></span> <span class='ocrx_word' id='word_1_164' title='bbox 3074 912 3299 975; x_wconf 83' lang='lat' dir='ltr'><strong>conatus</strong></span> <span class='ocrx_word' id='word_1_165' title='bbox 3337 904 3626 969; x_wconf 74' lang='lat' dir='ltr'><strong>enectum,</strong></span> <span class='ocrx_word' id='word_1_166' title='bbox 3653 904 3811 957; x_wconf 80' lang='lat' dir='ltr'><strong>unius</strong></span> 
     </span>
    </p>
   </div>
   <div class='ocr_carea' id='block_1_24' title="bbox 2223 993 3811 1064">
    <p class='ocr_par' dir='ltr' id='par_1_24' title="bbox 2223 993 3811 1064">
     <span class='ocr_line' id='line_1_24' title="bbox 2223 993 3811 1064; baseline -0.004 -14"><span class='ocrx_word' id='word_1_167' title='bbox 2223 996 2381 1064; x_wconf 75' lang='lat'><strong>530</strong></span> <span class='ocrx_word' id='word_1_168' title='bbox 2406 994 2665 1049; x_wconf 84' lang='lat' dir='ltr'><strong>sermonis</strong></span> <span class='ocrx_word' id='word_1_169' title='bbox 2693 995 3039 1063; x_wconf 86' lang='lat' dir='ltr'><strong>consortium,</strong></span> <span class='ocrx_word' id='word_1_170' title='bbox 3088 994 3321 1049; x_wconf 87' lang='lat' dir='ltr'><strong>immissa</strong></span> <span class='ocrx_word' id='word_1_171' title='bbox 3362 993 3544 1049; x_wconf 87' lang='lat' dir='ltr'><strong>subito</strong></span> <span class='ocrx_word' id='word_1_172' title='bbox 3598 994 3811 1060; x_wconf 80' lang='lat' dir='ltr'><strong>lingua—</strong></span> 
     </span>
    </p>
   </div>
   <div class='ocr_carea' id='block_1_25' title="bbox 2222 1084 3807 1150">
    <p class='ocr_par' dir='ltr' id='par_1_25' title="bbox 2222 1084 3807 1150">
     <span class='ocr_line' id='line_1_25' title="bbox 2222 1084 3807 1150; baseline 0 -13"><span class='ocrx_word' id='word_1_173' title='bbox 2222 1100 2338 1137; x_wconf 92' lang='lat' dir='ltr'><strong>rum</strong></span> <span class='ocrx_word' id='word_1_174' title='bbox 2365 1084 2639 1149; x_wconf 89' lang='lat' dir='ltr'><strong>varietate,</strong></span> <span class='ocrx_word' id='word_1_175' title='bbox 2664 1084 2890 1139; x_wconf 89' lang='lat' dir='ltr'><strong>divisum</strong></span> <span class='ocrx_word' id='word_1_176' title='bbox 2910 1093 3008 1150; x_wconf 88' lang='lat' dir='ltr'><strong>est,</strong></span> <span class='ocrx_word' id='word_1_177' title='bbox 3031 1093 3091 1139; x_wconf 89' lang='lat' dir='ltr'><strong>ut</strong></span> <span class='ocrx_word' id='word_1_178' title='bbox 3114 1085 3241 1139; x_wconf 89' lang='lat' dir='ltr'><strong>dum</strong></span> <span class='ocrx_word' id='word_1_179' title='bbox 3271 1085 3410 1140; x_wconf 83' lang='lat' dir='ltr'><strong>alter</strong></span> <span class='ocrx_word' id='word_1_180' title='bbox 3428 1084 3675 1138; x_wconf 86' lang='lat' dir='ltr'><strong>alterum</strong></span> <span class='ocrx_word' id='word_1_181' title='bbox 3705 1098 3807 1137; x_wconf 69' lang='lat' dir='ltr'><strong>nos</strong></span> 
     </span>
    </p>
   </div>
   <div class='ocr_carea' id='block_1_26' title="bbox 2222 1171 3808 1242">
    <p class='ocr_par' dir='ltr' id='par_1_26' title="bbox 2222 1171 3808 1242">
     <span class='ocr_line' id='line_1_26' title="bbox 2222 1171 3808 1242; baseline -0.001 -17"><span class='ocrx_word' id='word_1_182' title='bbox 2222 1171 2467 1239; x_wconf 86' lang='lat' dir='ltr'><strong>intelligit</strong></span> <span class='ocrx_word' id='word_1_183' title='bbox 2492 1172 2907 1240; x_wconf 88' lang='lat' dir='ltr'><strong>colloquentem,</strong></span> <span class='ocrx_word' id='word_1_184' title='bbox 2938 1173 3111 1227; x_wconf 87' lang='lat' dir='ltr'><strong>omnis</strong></span> <span class='ocrx_word' id='word_1_185' title='bbox 3139 1173 3226 1226; x_wconf 90' lang='lat' dir='ltr'><strong>illa</strong></span> <span class='ocrx_word' id='word_1_186' title='bbox 3254 1174 3506 1242; x_wconf 80' lang='lat' dir='ltr'><strong>protinus</strong></span> <span class='ocrx_word' id='word_1_187' title='bbox 3545 1172 3808 1240; x_wconf 81' lang='lat' dir='ltr'><strong>impieta-</strong></span> 
     </span>
    </p>
   </div>
   <div class='ocr_carea' id='block_1_27' title="bbox 2222 1261 3807 1328">
    <p class='ocr_par' dir='ltr' id='par_1_27' title="bbox 2222 1261 3807 1328">
     <span class='ocr_line' id='line_1_27' title="bbox 2222 1261 3807 1328; baseline -0.002 -11"><span class='ocrx_word' id='word_1_188' title='bbox 2222 1262 2291 1319; x_wconf 90' lang='lat' dir='ltr'><strong>tis</strong></span> <span class='ocrx_word' id='word_1_189' title='bbox 2336 1263 2536 1318; x_wconf 85' lang='lat' dir='ltr'><strong>labrica</strong></span> <span class='ocrx_word' id='word_1_190' title='bbox 2581 1263 2896 1320; x_wconf 87' lang='lat' dir='ltr'><strong>solveretur.</strong></span> <span class='ocrx_word' id='word_1_191' title='bbox 2939 1263 3090 1319; x_wconf 83' lang='lat' dir='ltr'><strong>Nunc</strong></span> <span class='ocrx_word' id='word_1_192' title='bbox 3121 1278 3272 1328; x_wconf 92' lang='lat' dir='ltr'><strong>vero,</strong></span> <span class='ocrx_word' id='word_1_193' title='bbox 3300 1263 3394 1318; x_wconf 82' lang='lat' dir='ltr'><strong>ubi</strong></span> <span class='ocrx_word' id='word_1_194' title='bbox 3421 1263 3569 1318; x_wconf 85' lang='lat' dir='ltr'><strong>Deus</strong></span> <span class='ocrx_word' id='word_1_195' title='bbox 3600 1261 3807 1316; x_wconf 85' lang='lat' dir='ltr'><strong>homini</strong></span> 
     </span>
    </p>
   </div>
   <div class='ocr_carea' id='block_1_28' title="bbox 2222 1348 3807 1421">
    <p class='ocr_par' dir='ltr' id='par_1_28' title="bbox 2222 1348 3807 1421">
     <span class='ocr_line' id='line_1_28' title="bbox 2222 1348 3807 1421; baseline -0.001 -17"><span class='ocrx_word' id='word_1_196' title='bbox 2222 1350 2290 1404; x_wconf 87' lang='lat' dir='ltr'><strong>ad</strong></span> <span class='ocrx_word' id='word_1_197' title='bbox 2327 1351 2518 1405; x_wconf 78' lang='lat' dir='ltr'><strong>cmlum</strong></span> <span class='ocrx_word' id='word_1_198' title='bbox 2549 1358 2702 1419; x_wconf 89' lang='lat' dir='ltr'><strong>parat</strong></span> <span class='ocrx_word' id='word_1_199' title='bbox 2728 1366 3028 1419; x_wconf 88' lang='lat' dir='ltr'><strong>ascensum,</strong></span> <span class='ocrx_word' id='word_1_200' title='bbox 3061 1351 3395 1421; x_wconf 68' lang='lat' dir='ltr'><strong>praeconibus</strong></span> <span class='ocrx_word' id='word_1_201' title='bbox 3421 1358 3595 1405; x_wconf 65' lang='lat' dir='ltr'><strong>tanta:</strong></span> <span class='ocrx_word' id='word_1_202' title='bbox 3622 1348 3807 1419; x_wconf 68' lang='lat' dir='ltr'><strong>grati:</strong></span> 
     </span>
    </p>
   </div>
   <div class='ocr_carea' id='block_1_29' title="bbox 2222 1439 3809 1510">
    <p class='ocr_par' dir='ltr' id='par_1_29' title="bbox 2222 1439 3809 1510">
     <span class='ocr_line' id='line_1_29' title="bbox 2222 1439 3809 1510; baseline -0.001 -16"><span class='ocrx_word' id='word_1_203' title='bbox 2222 1448 2533 1495; x_wconf 89' lang='lat' dir='ltr'><strong>cunctarum</strong></span> <span class='ocrx_word' id='word_1_204' title='bbox 2560 1440 2717 1494; x_wconf 88' lang='lat' dir='ltr'><strong>datur</strong></span> <span class='ocrx_word' id='word_1_205' title='bbox 2739 1443 2928 1509; x_wconf 90' lang='lat' dir='ltr'><strong>peritia</strong></span> <span class='ocrx_word' id='word_1_206' title='bbox 2958 1442 3272 1510; x_wconf 88' lang='lat' dir='ltr'><strong>linguarum,</strong></span> <span class='ocrx_word' id='word_1_207' title='bbox 3305 1455 3376 1495; x_wconf 92' lang='lat' dir='ltr'><strong>ne</strong></span> <span class='ocrx_word' id='word_1_208' title='bbox 3418 1439 3575 1507; x_wconf 75' lang='lat' dir='ltr'><strong>cujus</strong></span> <span class='ocrx_word' id='word_1_209' title='bbox 3630 1440 3809 1506; x_wconf 84' lang='lat' dir='ltr'><strong>gentis</strong></span> 
     </span>
    </p>
   </div>
   <div class='ocr_carea' id='block_1_30' title="bbox 2224 1528 3807 1598">
    <p class='ocr_par' dir='ltr' id='par_1_30' title="bbox 2224 1528 3807 1598">
     <span class='ocr_line' id='line_1_30' title="bbox 2224 1528 3807 1598; baseline 0.002 -16"><span class='ocrx_word' id='word_1_210' title='bbox 2224 1528 2493 1582; x_wconf 81' lang='lat' dir='ltr'><strong>hominem</strong></span> <span class='ocrx_word' id='word_1_211' title='bbox 2521 1535 2629 1581; x_wconf 89' lang='lat' dir='ltr'><strong>tam</strong></span> <span class='ocrx_word' id='word_1_212' title='bbox 2656 1543 2905 1597; x_wconf 82' lang='lat' dir='ltr'><strong>magnum</strong></span> <span class='ocrx_word' id='word_1_213' title='bbox 2934 1529 3028 1584; x_wconf 88' lang='lat' dir='ltr'><strong>Dei</strong></span> <span class='ocrx_word' id='word_1_214' title='bbox 3052 1530 3220 1598; x_wconf 86' lang='lat' dir='ltr'><strong>possit</strong></span> <span class='ocrx_word' id='word_1_215' title='bbox 3254 1529 3421 1583; x_wconf 88' lang='lat' dir='ltr'><strong>latere</strong></span> <span class='ocrx_word' id='word_1_216' title='bbox 3447 1528 3807 1598; x_wconf 75' lang='lat' dir='ltr'><strong>promissum.</strong></span> 
     </span>
    </p>
   </div>
   <div class='ocr_carea' id='block_1_31' title="bbox 2222 1616 3807 1687">
    <p class='ocr_par' dir='ltr' id='par_1_31' title="bbox 2222 1616 3807 1687">
     <span class='ocr_line' id='line_1_31' title="bbox 2222 1616 3807 1687; baseline -0.001 -17"><span class='ocrx_word' id='word_1_217' title='bbox 2222 1617 2358 1672; x_wconf 88' lang='lat' dir='ltr'><strong>sicut</strong></span> <span class='ocrx_word' id='word_1_218' title='bbox 2385 1626 2509 1671; x_wconf 90' lang='lat' dir='ltr'><strong>ante</strong></span> <span class='ocrx_word' id='word_1_219' title='bbox 2536 1617 2698 1670; x_wconf 90' lang='lat' dir='ltr'><strong>multa</strong></span> <span class='ocrx_word' id='word_1_220' title='bbox 2728 1617 2922 1673; x_wconf 60' lang='lat' dir='ltr'><strong>saecula</strong></span> <span class='ocrx_word' id='word_1_221' title='bbox 2962 1618 3275 1687; x_wconf 85' lang='lat' dir='ltr'><strong>prophetico</strong></span> <span class='ocrx_word' id='word_1_222' title='bbox 3301 1632 3555 1673; x_wconf 89' lang='lat' dir='ltr'><strong>sermone</strong></span> <span class='ocrx_word' id='word_1_223' title='bbox 3592 1616 3807 1671; x_wconf 80' lang='lat' dir='ltr'><strong>dictum</strong></span> 
     </span>
    </p>
   </div>
   <div class='ocr_carea' id='block_1_32' title="bbox 2223 1704 3807 1781">
    <p class='ocr_par' dir='ltr' id='par_1_32' title="bbox 2223 1704 3807 1781">
     <span class='ocr_line' id='line_1_32' title="bbox 2223 1704 3807 1781; baseline -0.002 -20"><span class='ocrx_word' id='word_1_224' title='bbox 2223 1714 2307 1781; x_wconf 84' lang='lat' dir='ltr'><strong>est</strong></span> <span class='ocrx_word' id='word_1_225' title='bbox 2337 1724 2350 1759; x_wconf 88' lang='lat'>:</span> <span class='ocrx_word' id='word_1_226' title='bbox 2381 1704 2507 1761; x_wconf 86' lang='lat' dir='ltr'><strong>Non</strong></span> <span class='ocrx_word' id='word_1_227' title='bbox 2534 1716 2650 1761; x_wconf 84' lang='lat' dir='ltr'><strong>sunt</strong></span> <span class='ocrx_word' id='word_1_228' title='bbox 2678 1707 2911 1778; x_wconf 69' lang='lat' dir='ltr'><strong>loquele,</strong></span> <span class='ocrx_word' id='word_1_229' title='bbox 2954 1722 3114 1777; x_wconf 77' lang='lat' dir='ltr'><strong>neque</strong></span> <span class='ocrx_word' id='word_1_230' title='bbox 3139 1723 3421 1772; x_wconf 87' lang='lat' dir='ltr'><strong>sermones,</strong></span> <span class='ocrx_word' id='word_1_231' title='bbox 3447 1723 3681 1777; x_wconf 70' lang='lat' dir='ltr'><strong>quorum</strong></span> <span class='ocrx_word' id='word_1_232' title='bbox 3710 1722 3807 1758; x_wconf 68' lang='lat' dir='ltr'><strong>nos</strong></span> 
     </span>
    </p>
   </div>
   <div class='ocr_carea' id='block_1_33' title="bbox 553 1796 3809 1868">
    <p class='ocr_par' dir='ltr' id='par_1_33' title="bbox 553 1796 3809 1868">
     <span class='ocr_line' id='line_1_33' title="bbox 553 1796 3809 1868; baseline 0 -16"><span class='ocrx_word' id='word_1_233' title='bbox 553 1815 656 1867; x_wconf 86' lang='lat' dir='ltr'><strong>que</strong></span> <span class='ocrx_word' id='word_1_234' title='bbox 682 1799 861 1867; x_wconf 81' lang='lat' dir='ltr'><strong>rebus,</strong></span> <span class='ocrx_word' id='word_1_235' title='bbox 888 1800 1028 1868; x_wconf 86' lang='lat' dir='ltr'><strong>quod</strong></span> <span class='ocrx_word' id='word_1_236' title='bbox 1048 1801 1121 1853; x_wconf 89' lang='lat' dir='ltr'><strong>ita</strong></span> <span class='ocrx_word' id='word_1_237' title='bbox 1144 1801 1415 1854; x_wconf 88' lang='lat' dir='ltr'><strong>hominem</strong></span> <span class='ocrx_word' id='word_1_238' title='bbox 1439 1799 1599 1853; x_wconf 82' lang='lat' dir='ltr'><strong>faciat</strong></span> <span class='ocrx_word' id='word_1_239' title='bbox 1624 1799 1933 1865; x_wconf 88' lang='lat' dir='ltr'><strong>gloriosum,</strong></span> <span class='ocrx_word' id='word_1_240' title='bbox 1961 1814 2119 1866; x_wconf 91' lang='lat' dir='ltr'><strong>quam</strong></span> <span class='ocrx_word' id='word_1_241' title='bbox 2153 1809 2199 1868; x_wconf 75' lang='grc' dir='ltr'><strong>Β</strong></span> <span class='ocrx_word' id='word_1_242' title='bbox 2224 1796 2501 1851; x_wconf 78' lang='lat' dir='ltr'><strong>audiantur</strong></span> <span class='ocrx_word' id='word_1_243' title='bbox 2526 1813 2667 1852; x_wconf 82' lang='lat' dir='ltr'><strong>voces</strong></span> <span class='ocrx_word' id='word_1_244' title='bbox 2695 1814 2871 1853; x_wconf 78' lang='lat' dir='ltr'><strong>eorum</strong></span> <span class='ocrx_word' id='word_1_245' title='bbox 2900 1797 3068 1867; x_wconf 87' lang='lat' dir='ltr'><strong>(Psal.</strong></span> <span class='ocrx_word' id='word_1_246' title='bbox 3094 1798 3261 1868; x_wconf 77' lang='lat' dir='ltr'><strong>svnt).</strong></span> <span class='ocrx_word' id='word_1_247' title='bbox 3282 1797 3435 1852; x_wconf 86' lang='lat' dir='ltr'><strong>Unde</strong></span> <span class='ocrx_word' id='word_1_248' title='bbox 3454 1799 3809 1852; x_wconf 67' lang='lat' dir='ltr'><strong>manifestum</strong></span> 
     </span>
    </p>
   </div>
   <div class='ocr_carea' id='block_1_34' title="bbox 554 1886 2121 1957">
    <p class='ocr_par' dir='ltr' id='par_1_34' title="bbox 554 1886 2121 1957">
     <span class='ocr_line' id='line_1_34' title="bbox 554 1886 2121 1957; baseline 0.003 -17"><span class='ocrx_word' id='word_1_249' title='bbox 554 1888 725 1941; x_wconf 81' lang='lat' dir='ltr'><strong>sancti</strong></span> <span class='ocrx_word' id='word_1_250' title='bbox 776 1888 1037 1942; x_wconf 89' lang='lat' dir='ltr'><strong>sermonis</strong></span> <span class='ocrx_word' id='word_1_251' title='bbox 1090 1886 1369 1957; x_wconf 84' lang='lat' dir='ltr'><strong>perfectio,</strong></span> <span class='ocrx_word' id='word_1_252' title='bbox 1424 1895 1481 1941; x_wconf 90' lang='lat' dir='ltr'><strong>et</strong></span> <span class='ocrx_word' id='word_1_253' title='bbox 1524 1887 1757 1943; x_wconf 76' lang='lat' dir='ltr'><strong>cmlestis</strong></span> <span class='ocrx_word' id='word_1_254' title='bbox 1802 1886 2121 1944; x_wconf 85' lang='lat' dir='ltr'><strong>fortitudinis</strong></span> 
     </span>
    </p>
   </div>
   <div class='ocr_carea' id='block_1_35' title="bbox 555 1975 2123 2045">
    <p class='ocr_par' dir='ltr' id='par_1_35' title="bbox 555 1975 2123 2045">
     <span class='ocr_line' id='line_1_35' title="bbox 555 1975 2123 2045; baseline 0.001 -18"><span class='ocrx_word' id='word_1_255' title='bbox 555 1977 847 2045; x_wconf 86' lang='lat' dir='ltr'><strong>plenitudo.</strong></span> <span class='ocrx_word' id='word_1_256' title='bbox 880 1976 1265 2045; x_wconf 80' lang='lat' dir='ltr'><strong>Loquebantur</strong></span> <span class='ocrx_word' id='word_1_257' title='bbox 1291 1989 1420 2043; x_wconf 86' lang='lat' dir='ltr'><strong>ergo</strong></span> <span class='ocrx_word' id='word_1_258' title='bbox 1445 1977 1672 2045; x_wconf 90' lang='lat' dir='ltr'><strong>apostoli</strong></span> <span class='ocrx_word' id='word_1_259' title='bbox 1702 1991 1797 2045; x_wconf 89' lang='lat' dir='ltr'><strong>per</strong></span> <span class='ocrx_word' id='word_1_260' title='bbox 1824 1992 1985 2029; x_wconf 90' lang='lat' dir='ltr'><strong>unum</strong></span> <span class='ocrx_word' id='word_1_261' title='bbox 2009 1975 2123 2045; x_wconf 83' lang='lat' dir='ltr'><strong>Spi-</strong></span> 
     </span>
    </p>
   </div>
   <div class='ocr_carea' id='block_1_36' title="bbox 556 2063 2123 2132">
    <p class='ocr_par' dir='ltr' id='par_1_36' title="bbox 556 2063 2123 2132">
     <span class='ocr_line' id='line_1_36' title="bbox 556 2063 2123 2132; baseline 0.001 -16"><span class='ocrx_word' id='word_1_262' title='bbox 556 2065 713 2116; x_wconf 89' lang='lat' dir='ltr'><strong>ritum</strong></span> <span class='ocrx_word' id='word_1_263' title='bbox 759 2064 919 2119; x_wconf 88' lang='lat' dir='ltr'><strong>variis</strong></span> <span class='ocrx_word' id='word_1_264' title='bbox 964 2063 1180 2131; x_wconf 88' lang='lat' dir='ltr'><strong>linguis,</strong></span> <span class='ocrx_word' id='word_1_265' title='bbox 1210 2071 1269 2118; x_wconf 89' lang='lat' dir='ltr'><strong>ut</strong></span> <span class='ocrx_word' id='word_1_266' title='bbox 1312 2064 1368 2117; x_wconf 90' lang='lat' dir='ltr'><strong>in</strong></span> <span class='ocrx_word' id='word_1_267' title='bbox 1396 2079 1554 2117; x_wconf 89' lang='lat' dir='ltr'><strong>unam</strong></span> <span class='ocrx_word' id='word_1_268' title='bbox 1584 2064 1779 2117; x_wconf 79' lang='lat' dir='ltr'><strong>Christi</strong></span> <span class='ocrx_word' id='word_1_269' title='bbox 1810 2064 1963 2117; x_wconf 84' lang='lat' dir='ltr'><strong>tidem</strong></span> <span class='ocrx_word' id='word_1_270' title='bbox 1992 2078 2123 2132; x_wconf 86' lang='lat' dir='ltr'><strong>gen-</strong></span> 
     </span>
    </p>
   </div>
   <div class='ocr_carea' id='block_1_37' title="bbox 556 2151 2122 2209">
    <p class='ocr_par' dir='ltr' id='par_1_37' title="bbox 556 2151 2122 2209">
     <span class='ocr_line' id='line_1_37' title="bbox 556 2151 2122 2209; baseline 0.001 -4"><span class='ocrx_word' id='word_1_271' title='bbox 556 2152 688 2205; x_wconf 88' lang='lat' dir='ltr'><strong>tium</strong></span> <span class='ocrx_word' id='word_1_272' title='bbox 739 2154 972 2206; x_wconf 89' lang='lat' dir='ltr'><strong>varietas</strong></span> <span class='ocrx_word' id='word_1_273' title='bbox 1016 2152 1353 2209; x_wconf 80' lang='lat' dir='ltr'><strong>conveniret.</strong></span> <span class='ocrx_word' id='word_1_274' title='bbox 1408 2152 1556 2208; x_wconf 84' lang='lat' dir='ltr'><strong>Unde</strong></span> <span class='ocrx_word' id='word_1_275' title='bbox 1611 2151 1828 2207; x_wconf 88' lang='lat' dir='ltr'><strong>dubium</strong></span> <span class='ocrx_word' id='word_1_276' title='bbox 1885 2167 1991 2206; x_wconf 88' lang='lat' dir='ltr'><strong>non</strong></span> <span class='ocrx_word' id='word_1_277' title='bbox 2039 2164 2122 2207; x_wconf 90' lang='lat' dir='ltr'><strong>est</strong></span> 
     </span>
    </p>
   </div>
   <div class='ocr_carea' id='block_1_38' title="bbox 555 2240 2119 2311">
    <p class='ocr_par' dir='ltr' id='par_1_38' title="bbox 555 2240 2119 2311">
     <span class='ocr_line' id='line_1_38' title="bbox 555 2240 2119 2311; baseline 0.001 -16"><span class='ocrx_word' id='word_1_278' title='bbox 555 2250 796 2295; x_wconf 87' lang='lat' dir='ltr'><strong>sanctum</strong></span> <span class='ocrx_word' id='word_1_279' title='bbox 818 2243 959 2297; x_wconf 92' lang='lat' dir='ltr'><strong>hunc</strong></span> <span class='ocrx_word' id='word_1_280' title='bbox 979 2241 1235 2311; x_wconf 86' lang='lat' dir='ltr'><strong>Spiritum</strong></span> <span class='ocrx_word' id='word_1_281' title='bbox 1257 2242 1422 2296; x_wconf 90' lang='lat' dir='ltr'><strong>Deum</strong></span> <span class='ocrx_word' id='word_1_282' title='bbox 1448 2256 1565 2296; x_wconf 89' lang='lat' dir='ltr'><strong>esse</strong></span> <span class='ocrx_word' id='word_1_283' title='bbox 1584 2256 1703 2295; x_wconf 90' lang='lat' dir='ltr'><strong>cum</strong></span> <span class='ocrx_word' id='word_1_284' title='bbox 1729 2240 1887 2297; x_wconf 88' lang='lat' dir='ltr'><strong>Patre</strong></span> <span class='ocrx_word' id='word_1_285' title='bbox 1912 2251 1966 2297; x_wconf 88' lang='lat' dir='ltr'><strong>et</strong></span> <span class='ocrx_word' id='word_1_286' title='bbox 1985 2242 2119 2297; x_wconf 86' lang='lat' dir='ltr'><strong>Filio</strong></span> 
     </span>
    </p>
   </div>
   <div class='ocr_carea' id='block_1_39' title="bbox 558 2330 2121 2401">
    <p class='ocr_par' dir='ltr' id='par_1_39' title="bbox 558 2330 2121 2401">
     <span class='ocr_line' id='line_1_39' title="bbox 558 2330 2121 2401; baseline 0.001 -18"><span class='ocrx_word' id='word_1_287' title='bbox 558 2330 918 2385; x_wconf 79' lang='lat' dir='ltr'><strong>conﬁtenlum</strong></span> <span class='ocrx_word' id='word_1_288' title='bbox 965 2350 979 2384; x_wconf 89' lang='lat'><strong>:</strong></span> <span class='ocrx_word' id='word_1_289' title='bbox 1012 2348 1135 2386; x_wconf 90' lang='lat' dir='ltr'><strong>nam</strong></span> <span class='ocrx_word' id='word_1_290' title='bbox 1158 2332 1279 2401; x_wconf 89' lang='lat' dir='ltr'><strong>quis</strong></span> <span class='ocrx_word' id='word_1_291' title='bbox 1307 2332 1421 2385; x_wconf 59' lang='lat' dir='ltr'><strong>hate</strong></span> <span class='ocrx_word' id='word_1_292' title='bbox 1447 2332 1582 2385; x_wconf 89' lang='lat' dir='ltr'><strong>alius</strong></span> <span class='ocrx_word' id='word_1_293' title='bbox 1610 2340 1811 2399; x_wconf 82' lang='lat' dir='ltr'><strong>ageret,</strong></span> <span class='ocrx_word' id='word_1_294' title='bbox 1836 2332 1934 2387; x_wconf 89' lang='lat' dir='ltr'><strong>nisi</strong></span> <span class='ocrx_word' id='word_1_295' title='bbox 1964 2331 2121 2399; x_wconf 87' lang='lat' dir='ltr'><strong>Deus,</strong></span> 
     </span>
    </p>
   </div>
   <div class='ocr_carea' id='block_1_40' title="bbox 559 2420 2127 2490">
    <p class='ocr_par' dir='ltr' id='par_1_40' title="bbox 559 2420 2127 2490">
     <span class='ocr_line' id='line_1_40' title="bbox 559 2420 2127 2490; baseline 0.003 -17"><span class='ocrx_word' id='word_1_296' title='bbox 559 2430 616 2473; x_wconf 89' lang='lat' dir='ltr'><strong>ut</strong></span> <span class='ocrx_word' id='word_1_297' title='bbox 656 2420 928 2479; x_wconf 83' lang='lat' dir='ltr'><strong>Romanus</strong></span> <span class='ocrx_word' id='word_1_298' title='bbox 969 2423 1155 2488; x_wconf 91' lang='lat' dir='ltr'><strong>homo,</strong></span> <span class='ocrx_word' id='word_1_299' title='bbox 1196 2422 1423 2477; x_wconf 87' lang='lat' dir='ltr'><strong>Parthus</strong></span> <span class='ocrx_word' id='word_1_300' title='bbox 1460 2437 1691 2490; x_wconf 89' lang='lat' dir='ltr'><strong>quoque,</strong></span> <span class='ocrx_word' id='word_1_301' title='bbox 1735 2430 1790 2477; x_wconf 90' lang='lat' dir='ltr'><strong>et</strong></span> <span class='ocrx_word' id='word_1_302' title='bbox 1830 2422 2032 2487; x_wconf 79' lang='lat' dir='ltr'><strong>Medus,</strong></span> <span class='ocrx_word' id='word_1_303' title='bbox 2072 2431 2127 2477; x_wconf 90' lang='lat' dir='ltr'><strong>et</strong></span> 
     </span>
    </p>
   </div>
   <div class='ocr_carea' id='block_1_41' title="bbox 561 2507 2125 2582">
    <p class='ocr_par' dir='ltr' id='par_1_41' title="bbox 561 2507 2125 2582">
     <span class='ocr_line' id='line_1_41' title="bbox 561 2507 2125 2582; baseline 0.004 -21"><span class='ocrx_word' id='word_1_304' title='bbox 561 2507 836 2580; x_wconf 79' lang='lat' dir='ltr'><strong>Phrygius,</strong></span> <span class='ocrx_word' id='word_1_305' title='bbox 870 2513 1153 2582; x_wconf 89' lang='lat' dir='ltr'><strong>omnisque</strong></span> <span class='ocrx_word' id='word_1_306' title='bbox 1186 2512 1447 2567; x_wconf 84' lang='lat' dir='ltr'><strong>barbams</strong></span> <span class='ocrx_word' id='word_1_307' title='bbox 1475 2511 1707 2580; x_wconf 87' lang='lat' dir='ltr'><strong>linguam</strong></span> <span class='ocrx_word' id='word_1_308' title='bbox 1744 2528 1893 2566; x_wconf 84' lang='lat' dir='ltr'><strong>suam</strong></span> <span class='ocrx_word' id='word_1_309' title='bbox 1932 2513 1985 2566; x_wconf 89' lang='lat' dir='ltr'><strong>in</strong></span> <span class='ocrx_word' id='word_1_310' title='bbox 2030 2510 2125 2567; x_wconf 81' lang='lat' dir='ltr'><strong>Ju-</strong></span> 
     </span>
    </p>
   </div>
   <div class='ocr_carea' id='block_1_42' title="bbox 2226 1885 3807 1956">
    <p class='ocr_par' dir='ltr' id='par_1_42' title="bbox 2226 1885 3807 1956">
     <span class='ocr_line' id='line_1_42' title="bbox 2226 1885 3807 1956; baseline 0.001 -17"><span class='ocrx_word' id='word_1_311' title='bbox 2226 1890 2325 1950; x_wconf 87' lang='lat' dir='ltr'><strong>est,</strong></span> <span class='ocrx_word' id='word_1_312' title='bbox 2355 1885 2635 1953; x_wconf 86' lang='lat' dir='ltr'><strong>carissimi,</strong></span> <span class='ocrx_word' id='word_1_313' title='bbox 2666 1886 3051 1956; x_wconf 86' lang='lat' dir='ltr'><strong>omnipotentis</strong></span> <span class='ocrx_word' id='word_1_314' title='bbox 3077 1887 3171 1941; x_wconf 89' lang='lat' dir='ltr'><strong>Dei</strong></span> <span class='ocrx_word' id='word_1_315' title='bbox 3211 1887 3422 1952; x_wconf 80' lang='lat' dir='ltr'><strong>Filium,</strong></span> <span class='ocrx_word' id='word_1_316' title='bbox 3456 1888 3552 1956; x_wconf 87' lang='lat' dir='ltr'><strong>qui</strong></span> <span class='ocrx_word' id='word_1_317' title='bbox 3584 1888 3807 1941; x_wconf 72' lang='lat' dir='ltr'><strong>univer-</strong></span> 
     </span>
    </p>
   </div>
   <div class='ocr_carea' id='block_1_43' title="bbox 2226 1976 3807 2046">
    <p class='ocr_par' dir='ltr' id='par_1_43' title="bbox 2226 1976 3807 2046">
     <span class='ocr_line' id='line_1_43' title="bbox 2226 1976 3807 2046; baseline 0.001 -18"><span class='ocrx_word' id='word_1_318' title='bbox 2226 1989 2404 2028; x_wconf 90' lang='lat' dir='ltr'><strong>sarum</strong></span> <span class='ocrx_word' id='word_1_319' title='bbox 2424 1976 2645 2030; x_wconf 85' lang='lat' dir='ltr'><strong>veritate</strong></span> <span class='ocrx_word' id='word_1_320' title='bbox 2673 1976 2968 2044; x_wconf 87' lang='lat' dir='ltr'><strong>linguarum</strong></span> <span class='ocrx_word' id='word_1_321' title='bbox 2997 1984 3211 2031; x_wconf 71' lang='lat' dir='ltr'><strong>aeternae</strong></span> <span class='ocrx_word' id='word_1_322' title='bbox 3237 1976 3425 2032; x_wconf 88' lang='lat' dir='ltr'><strong>salutis</strong></span> <span class='ocrx_word' id='word_1_323' title='bbox 3453 1977 3633 2032; x_wconf 85' lang='lat' dir='ltr'><strong>voluit</strong></span> <span class='ocrx_word' id='word_1_324' title='bbox 3662 1991 3807 2046; x_wconf 74' lang='lat' dir='ltr'><strong>mys-</strong></span> 
     </span>
    </p>
   </div>
   <div class='ocr_carea' id='block_1_44' title="bbox 2230 2064 3803 2136">
    <p class='ocr_par' dir='ltr' id='par_1_44' title="bbox 2230 2064 3803 2136">
     <span class='ocr_line' id='line_1_44' title="bbox 2230 2064 3803 2136; baseline 0.003 -20"><span class='ocrx_word' id='word_1_325' title='bbox 2230 2064 2417 2119; x_wconf 88' lang='lat' dir='ltr'><strong>terium</strong></span> <span class='ocrx_word' id='word_1_326' title='bbox 2446 2066 2744 2133; x_wconf 70' lang='lat' dir='ltr'><strong>praedicari,</strong></span> <span class='ocrx_word' id='word_1_327' title='bbox 2784 2081 2892 2120; x_wconf 91' lang='lat' dir='ltr'><strong>non</strong></span> <span class='ocrx_word' id='word_1_328' title='bbox 2931 2067 3089 2123; x_wconf 89' lang='lat' dir='ltr'><strong>unius</strong></span> <span class='ocrx_word' id='word_1_329' title='bbox 3126 2075 3336 2120; x_wconf 86' lang='lat' dir='ltr'><strong>tantum</strong></span> <span class='ocrx_word' id='word_1_330' title='bbox 3377 2065 3547 2121; x_wconf 70' lang='lat' dir='ltr'><strong>Judaei</strong></span> <span class='ocrx_word' id='word_1_331' title='bbox 3594 2066 3803 2136; x_wconf 82' lang='lat' dir='ltr'><strong>populi,</strong></span> 
     </span>
    </p>
   </div>
   <div class='ocr_carea' id='block_1_45' title="bbox 2227 2154 3802 2225">
    <p class='ocr_par' dir='ltr' id='par_1_45' title="bbox 2227 2154 3802 2225">
     <span class='ocr_line' id='line_1_45' title="bbox 2227 2154 3802 2225; baseline 0.001 -19"><span class='ocrx_word' id='word_1_332' title='bbox 2227 2154 2323 2207; x_wconf 88' lang='lat' dir='ltr'><strong>sed</strong></span> <span class='ocrx_word' id='word_1_333' title='bbox 2351 2154 2587 2207; x_wconf 90' lang='lat' dir='ltr'><strong>omnium</strong></span> <span class='ocrx_word' id='word_1_334' title='bbox 2614 2155 2823 2210; x_wconf 89' lang='lat' dir='ltr'><strong>venisse</strong></span> <span class='ocrx_word' id='word_1_335' title='bbox 2843 2155 3115 2209; x_wconf 87' lang='lat' dir='ltr'><strong>hominum</strong></span> <span class='ocrx_word' id='word_1_336' title='bbox 3136 2155 3552 2225; x_wconf 89' lang='lat' dir='ltr'><strong>redemptorem.</strong></span> <span class='ocrx_word' id='word_1_337' title='bbox 3573 2154 3648 2208; x_wconf 82' lang='lat' dir='ltr'><strong>Et</strong></span> <span class='ocrx_word' id='word_1_338' title='bbox 3669 2154 3802 2215; x_wconf 85' lang='lat' dir='ltr'><strong>ideo,</strong></span> 
     </span>
    </p>
   </div>
   <div class='ocr_carea' id='block_1_46' title="bbox 2228 2240 3805 2313">
    <p class='ocr_par' dir='ltr' id='par_1_46' title="bbox 2228 2240 3805 2313">
     <span class='ocr_line' id='line_1_46' title="bbox 2228 2240 3805 2313; baseline 0 -18"><span class='ocrx_word' id='word_1_339' title='bbox 2228 2240 2440 2309; x_wconf 85' lang='lat' dir='ltr'><strong>fratres,</strong></span> <span class='ocrx_word' id='word_1_340' title='bbox 2469 2243 2595 2311; x_wconf 90' lang='lat' dir='ltr'><strong>quia</strong></span> <span class='ocrx_word' id='word_1_341' title='bbox 2624 2244 2837 2299; x_wconf 90' lang='lat' dir='ltr'><strong>bonitas</strong></span> <span class='ocrx_word' id='word_1_342' title='bbox 2860 2243 3058 2300; x_wconf 88' lang='lat' dir='ltr'><strong>Christi</strong></span> <span class='ocrx_word' id='word_1_343' title='bbox 3087 2245 3289 2299; x_wconf 90' lang='lat' dir='ltr'><strong>nullum</strong></span> <span class='ocrx_word' id='word_1_344' title='bbox 3313 2245 3429 2299; x_wconf 88' lang='lat' dir='ltr'><strong>vult</strong></span> <span class='ocrx_word' id='word_1_345' title='bbox 3447 2244 3637 2313; x_wconf 86' lang='lat' dir='ltr'><strong>perire</strong></span> <span class='ocrx_word' id='word_1_346' title='bbox 3665 2258 3805 2296; x_wconf 69' lang='lat' dir='ltr'><strong>mor-</strong></span> 
     </span>
    </p>
   </div>
   <div class='ocr_carea' id='block_1_47' title="bbox 2228 2336 3801 2410">
    <p class='ocr_par' dir='ltr' id='par_1_47' title="bbox 2228 2336 3801 2410">
     <span class='ocr_line' id='line_1_47' title="bbox 2228 2336 3801 2410; baseline -0.002 -18"><span class='ocrx_word' id='word_1_347' title='bbox 2228 2338 2436 2407; x_wconf 87' lang='lat' dir='ltr'><strong>talium,</strong></span> <span class='ocrx_word' id='word_1_348' title='bbox 2456 2340 2523 2394; x_wconf 87' lang='lat' dir='ltr'><strong>ab</strong></span> <span class='ocrx_word' id='word_1_349' title='bbox 2548 2340 2692 2394; x_wconf 91' lang='lat' dir='ltr'><strong>omni</strong></span> <span class='ocrx_word' id='word_1_350' title='bbox 2721 2355 2820 2394; x_wconf 92' lang='lat' dir='ltr'><strong>nos</strong></span> <span class='ocrx_word' id='word_1_351' title='bbox 2841 2340 3166 2410; x_wconf 89' lang='lat' dir='ltr'><strong>impudicitia</strong></span> <span class='ocrx_word' id='word_1_352' title='bbox 3189 2346 3241 2394; x_wconf 89' lang='lat' dir='ltr'><strong>et</strong></span> <span class='ocrx_word' id='word_1_353' title='bbox 3270 2338 3553 2408; x_wconf 79' lang='lat' dir='ltr'><strong>iniquitate</strong></span> <span class='ocrx_word' id='word_1_354' title='bbox 3574 2336 3801 2391; x_wconf 65' lang='lat' dir='ltr'><strong>mur-deo</strong></span> 
     </span>
    </p>
   </div>
   <div class='ocr_carea' id='block_1_48' title="bbox 2228 2425 3799 2497">
    <p class='ocr_par' dir='ltr' id='par_1_48' title="bbox 2228 2425 3799 2497">
     <span class='ocr_line' id='line_1_48' title="bbox 2228 2425 3799 2497; baseline -0.004 -15"><span class='ocrx_word' id='word_1_355' title='bbox 2228 2443 2367 2493; x_wconf 88' lang='lat' dir='ltr'><strong>mur,</strong></span> <span class='ocrx_word' id='word_1_356' title='bbox 2400 2436 2457 2482; x_wconf 91' lang='lat' dir='ltr'><strong>ut</strong></span> <span class='ocrx_word' id='word_1_357' title='bbox 2489 2429 2549 2490; x_wconf 78' lang='lat' dir='ltr'><strong>in</strong></span> <span class='ocrx_word' id='word_1_358' title='bbox 2572 2428 2893 2497; x_wconf 89' lang='lat' dir='ltr'><strong>adjutorium</strong></span> <span class='ocrx_word' id='word_1_359' title='bbox 2916 2429 3037 2482; x_wconf 64' lang='lat' dir='ltr'><strong>vitae</strong></span> <span class='ocrx_word' id='word_1_360' title='bbox 3063 2436 3257 2483; x_wconf 69' lang='lat' dir='ltr'><strong>nostra:</strong></span> <span class='ocrx_word' id='word_1_361' title='bbox 3284 2442 3502 2497; x_wconf 88' lang='lat' dir='ltr'><strong>quoque</strong></span> <span class='ocrx_word' id='word_1_362' title='bbox 3527 2425 3799 2493; x_wconf 79' lang='lat' dir='ltr'><strong>benignis-</strong></span> 
     </span>
    </p>
   </div>
   <div class='ocr_carea' id='block_1_49' title="bbox 2230 2519 3726 2589">
    <p class='ocr_par' dir='ltr' id='par_1_49' title="bbox 2230 2519 3726 2589">
     <span class='ocr_line' id='line_1_49' title="bbox 2230 2519 3726 2589; baseline 0 -16"><span class='ocrx_word' id='word_1_363' title='bbox 2230 2519 2395 2574; x_wconf 91' lang='lat' dir='ltr'><strong>simus</strong></span> <span class='ocrx_word' id='word_1_364' title='bbox 2419 2519 2514 2575; x_wconf 88' lang='lat' dir='ltr'><strong>Dei</strong></span> <span class='ocrx_word' id='word_1_365' title='bbox 2545 2519 2775 2589; x_wconf 88' lang='lat' dir='ltr'><strong>Spiritus</strong></span> <span class='ocrx_word' id='word_1_366' title='bbox 2802 2520 2961 2575; x_wconf 86' lang='lat' dir='ltr'><strong>eorda</strong></span> <span class='ocrx_word' id='word_1_367' title='bbox 2989 2519 3290 2576; x_wconf 86' lang='lat' dir='ltr'><strong>illuminare</strong></span> <span class='ocrx_word' id='word_1_368' title='bbox 3316 2519 3588 2589; x_wconf 86' lang='lat' dir='ltr'><strong>dignetur,</strong></span> <span class='ocrx_word' id='word_1_369' title='bbox 3621 2525 3726 2573; x_wconf 82' lang='lat' dir='ltr'><strong>etc.</strong></span> 
     </span>
    </p>
   </div>
   <div class='ocr_carea' id='block_1_50' title="bbox 1975 2622 2382 2688">
    <p class='ocr_par' dir='ltr' id='par_1_50' title="bbox 1975 2622 2382 2688">
     <span class='ocr_line' id='line_1_50' title="bbox 1975 2622 2382 2688; baseline 0.017 -7"><span class='ocrx_word' id='word_1_370' title='bbox 1975 2622 2239 2687; x_wconf 76' lang='lat' dir='ltr'><strong>SERMO</strong></span> <span class='ocrx_word' id='word_1_371' title='bbox 2284 2627 2382 2688; x_wconf 83' lang='lat' dir='ltr'><strong>LI.</strong></span> 
     </span>
    </p>
   </div>
   <div class='ocr_carea' id='block_1_51' title="bbox 1896 2717 2455 2777">
    <p class='ocr_par' dir='ltr' id='par_1_51' title="bbox 1896 2717 2455 2777">
     <span class='ocr_line' id='line_1_51' title="bbox 1896 2717 2455 2777; baseline 0.011 -6"><span class='ocrx_word' id='word_1_372' title='bbox 1896 2717 1973 2772; x_wconf 87' lang='lat' dir='ltr'><strong>De</strong></span> <span class='ocrx_word' id='word_1_373' title='bbox 2010 2718 2314 2777; x_wconf 70' lang='lat' dir='ltr'><strong>Pentecoste</strong></span> <span class='ocrx_word' id='word_1_374' title='bbox 2351 2722 2455 2777; x_wconf 83' lang='lat' dir='ltr'><strong>IV.</strong></span> 
     </span>
    </p>
   </div>
   <div class='ocr_carea' id='block_1_52' title="bbox 1986 2807 2377 2866">
    <p class='ocr_par' dir='ltr' id='par_1_52' title="bbox 1986 2807 2377 2866">
     <span class='ocr_line' id='line_1_52' title="bbox 1986 2807 2377 2866; baseline 0.008 -3"><span class='ocrx_word' id='word_1_375' title='bbox 1986 2807 2377 2866; x_wconf 75' lang='lat' dir='ltr'><strong>ADMONITIO.</strong></span> 
     </span>
    </p>
   </div>
   <div class='ocr_carea' id='block_1_53' title="bbox 627 2899 3795 2977">
    <p class='ocr_par' dir='ltr' id='par_1_53' title="bbox 627 2899 3795 2977">
     <span class='ocr_line' id='line_1_53' title="bbox 627 2899 3795 2977; baseline 0 -20"><span class='ocrx_word' id='word_1_376' title='bbox 627 2901 744 2977; x_wconf 71' lang='lat' dir='ltr'><strong>Non</strong></span> <span class='ocrx_word' id='word_1_377' title='bbox 772 2901 943 2977; x_wconf 62' lang='lat' dir='ltr'><strong>solum</strong></span> <span class='ocrx_word' id='word_1_378' title='bbox 972 2902 1025 2956; x_wconf 91' lang='lat' dir='ltr'><strong>In</strong></span> <span class='ocrx_word' id='word_1_379' title='bbox 1052 2901 1237 2977; x_wconf 80' lang='lat' dir='ltr'><strong>codice</strong></span> <span class='ocrx_word' id='word_1_380' title='bbox 1264 2899 1729 2977; x_wconf 59' lang='lat' dir='ltr'><strong>Ambmgianghlc</strong></span> <span class='ocrx_word' id='word_1_381' title='bbox 1752 2901 2067 2977; x_wconf 56' lang='lat' dir='ltr'><strong>quat-[uade</strong></span> <span class='ocrx_word' id='word_1_382' title='bbox 2099 2903 2432 2971; x_wconf 77' lang='lat' dir='ltr'><strong>Pentecoste,</strong></span> <span class='ocrx_word' id='word_1_383' title='bbox 2464 2914 2519 2962; x_wconf 92' lang='lat' dir='ltr'><strong>et</strong></span> <span class='ocrx_word' id='word_1_384' title='bbox 2545 2907 2761 2977; x_wconf 88' lang='lat' dir='ltr'><strong>quintus</strong></span> <span class='ocrx_word' id='word_1_385' title='bbox 2787 2906 2878 2976; x_wconf 91' lang='lat' dir='ltr'><strong>qui</strong></span> <span class='ocrx_word' id='word_1_386' title='bbox 2906 2905 3162 2976; x_wconf 87' lang='lat' dir='ltr'><strong>sequitur.</strong></span> <span class='ocrx_word' id='word_1_387' title='bbox 3192 2905 3286 2961; x_wconf 88' lang='lat' dir='ltr'><strong>sed</strong></span> <span class='ocrx_word' id='word_1_388' title='bbox 3327 2906 3489 2961; x_wconf 88' lang='lat' dir='ltr'><strong>etiam</strong></span> <span class='ocrx_word' id='word_1_389' title='bbox 3530 2906 3584 2960; x_wconf 90' lang='lat' dir='ltr'><strong>in</strong></span> <span class='ocrx_word' id='word_1_390' title='bbox 3614 2904 3795 2959; x_wconf 82' lang='lat' dir='ltr'><strong>Tauri-</strong></span> 
     </span>
    </p>
   </div>
   <div class='ocr_carea' id='block_1_54' title="bbox 561 2968 1718 3032">
    <p class='ocr_par' dir='ltr' id='par_1_54' title="bbox 561 2968 1718 3032">
     <span class='ocr_line' id='line_1_54' title="bbox 561 2968 1718 3032; baseline -0.001 -8"><span class='ocrx_word' id='word_1_391' title='bbox 561 2971 733 3032; x_wconf 80' lang='lat' dir='ltr'><strong>uensi,</strong></span> <span class='ocrx_word' id='word_1_392' title='bbox 765 2970 841 3024; x_wconf 90' lang='lat' dir='ltr'><strong>De</strong></span> <span class='ocrx_word' id='word_1_393' title='bbox 867 2971 1170 3025; x_wconf 83' lang='lat' dir='ltr'><strong>Pentecoste</strong></span> <span class='ocrx_word' id='word_1_394' title='bbox 1197 2970 1409 3024; x_wconf 79' lang='lat' dir='ltr'><strong>homilia</strong></span> <span class='ocrx_word' id='word_1_395' title='bbox 1434 2968 1644 3023; x_wconf 77' lang='lat' dir='ltr'><strong><em>XVIII</em></strong></span> <span class='ocrx_word' id='word_1_396' title='bbox 1670 2980 1718 3023; x_wconf 92' lang='lat' dir='ltr'><strong>et</strong></span> 
     </span>
    </p>
   </div>
   <div class='ocr_carea' id='block_1_55' title="bbox 561 3080 2129 3151">
    <p class='ocr_par' dir='ltr' id='par_1_55' title="bbox 561 3080 2129 3151">
     <span class='ocr_line' id='line_1_55' title="bbox 561 3080 2129 3151; baseline -0.001 -14"><span class='ocrx_word' id='word_1_397' title='bbox 561 3085 947 3151; x_wconf 72' lang='lat' dir='ltr'><strong>Ancuuenruu.</strong></span> <span class='ocrx_word' id='word_1_398' title='bbox 972 3114 1041 3122; x_wconf 96' lang='lat'><strong>—</strong></span> <span class='ocrx_word' id='word_1_399' title='bbox 1065 3081 1175 3135; x_wconf 74' lang='lat' dir='ltr'><strong>Etsi</strong></span> <span class='ocrx_word' id='word_1_400' title='bbox 1207 3080 1469 3151; x_wconf 87' lang='lat' dir='ltr'><strong>Unigeniti</strong></span> <span class='ocrx_word' id='word_1_401' title='bbox 1496 3080 1593 3134; x_wconf 85' lang='lat' dir='ltr'><strong>Dei</strong></span> <span class='ocrx_word' id='word_1_402' title='bbox 1619 3089 1668 3134; x_wconf 90' lang='lat' dir='ltr'><strong>et</strong></span> <span class='ocrx_word' id='word_1_403' title='bbox 1699 3081 1922 3149; x_wconf 86' lang='lat' dir='ltr'><strong>Spiritus</strong></span> <span class='ocrx_word' id='word_1_404' title='bbox 1960 3085 2129 3135; x_wconf 81' lang='lat' dir='ltr'><strong>sancti</strong></span> 
     </span>
    </p>
   </div>
   <div class='ocr_carea' id='block_1_56' title="bbox 629 3150 2129 3220">
    <p class='ocr_par' dir='ltr' id='par_1_56' title="bbox 629 3150 2129 3220">
     <span class='ocr_line' id='line_1_56' title="bbox 629 3150 2129 3220; baseline 0.001 -18"><span class='ocrx_word' id='word_1_405' title='bbox 629 3150 876 3220; x_wconf 77' lang='lat' dir='ltr'><strong>beneﬁcia</strong></span> <span class='ocrx_word' id='word_1_406' title='bbox 909 3152 1149 3204; x_wconf 83' lang='lat' dir='ltr'><strong>distincta</strong></span> <span class='ocrx_word' id='word_1_407' title='bbox 1193 3150 1585 3215; x_wconf 30' lang='lat' dir='ltr'><strong>esse’videmus,</strong></span> <span class='ocrx_word' id='word_1_408' title='bbox 1628 3151 1805 3203; x_wconf 83' lang='lat' dir='ltr'><strong>eadem</strong></span> <span class='ocrx_word' id='word_1_409' title='bbox 1846 3162 2013 3203; x_wconf 87' lang='lat' dir='ltr'><strong>tamen</strong></span> <span class='ocrx_word' id='word_1_410' title='bbox 2054 3162 2129 3205; x_wconf 82' lang='lat' dir='ltr'><strong>est</strong></span> 
     </span>
    </p>
   </div>
   <div class='ocr_carea' id='block_1_57' title="bbox 630 3220 2133 3290">
    <p class='ocr_par' dir='ltr' id='par_1_57' title="bbox 630 3220 2133 3290">
     <span class='ocr_line' id='line_1_57' title="bbox 630 3220 2133 3290; baseline 0.001 -19"><span class='ocrx_word' id='word_1_411' title='bbox 630 3222 888 3290; x_wconf 82' lang='lat' dir='ltr'><strong>utriusque</strong></span> <span class='ocrx_word' id='word_1_412' title='bbox 916 3223 1169 3290; x_wconf 75' lang='lat' dir='ltr'><strong>voluntas,</strong></span> <span class='ocrx_word' id='word_1_413' title='bbox 1197 3235 1355 3290; x_wconf 76' lang='lat' dir='ltr'><strong>unum</strong></span> <span class='ocrx_word' id='word_1_414' title='bbox 1392 3220 1706 3289; x_wconf 83' lang='lat' dir='ltr'><strong>propositum</strong></span> <span class='ocrx_word' id='word_1_415' title='bbox 1736 3236 1987 3290; x_wconf 80' lang='lat' dir='ltr'><strong>unumque</strong></span> <span class='ocrx_word' id='word_1_416' title='bbox 2009 3237 2133 3290; x_wconf 78' lang='lat' dir='ltr'><strong>con—</strong></span> 
     </span>
    </p>
   </div>
   <div class='ocr_carea' id='block_1_58' title="bbox 628 3286 2128 3357">
    <p class='ocr_par' dir='ltr' id='par_1_58' title="bbox 628 3286 2128 3357">
     <span class='ocr_line' id='line_1_58' title="bbox 628 3286 2128 3357; baseline 0.001 -16"><span class='ocrx_word' id='word_1_417' title='bbox 628 3286 819 3351; x_wconf 69' lang='lat' dir='ltr'><strong>silium,</strong></span> <span class='ocrx_word' id='word_1_418' title='bbox 851 3298 907 3340; x_wconf 88' lang='lat' dir='ltr'><strong>ut</strong></span> <span class='ocrx_word' id='word_1_419' title='bbox 935 3286 1167 3342; x_wconf 82' lang='lat' dir='ltr'><strong>Christus</strong></span> <span class='ocrx_word' id='word_1_420' title='bbox 1195 3286 1445 3357; x_wconf 69' lang='lat' dir='ltr'><strong>Spiritum</strong></span> <span class='ocrx_word' id='word_1_421' title='bbox 1474 3286 1796 3356; x_wconf 79' lang='lat' dir='ltr'><strong>repromittat</strong></span> <span class='ocrx_word' id='word_1_422' title='bbox 1822 3286 2128 3354; x_wconf 79' lang='lat' dir='ltr'><strong>hominibus,</strong></span> 
     </span>
    </p>
   </div>
   <div class='ocr_carea' id='block_1_59' title="bbox 629 3356 2131 3425">
    <p class='ocr_par' dir='ltr' id='par_1_59' title="bbox 629 3356 2131 3425">
     <span class='ocr_line' id='line_1_59' title="bbox 629 3356 2131 3425; baseline 0 -14"><span class='ocrx_word' id='word_1_423' title='bbox 629 3368 679 3411; x_wconf 83' lang='lat' dir='ltr'><strong>et</strong></span> <span class='ocrx_word' id='word_1_424' title='bbox 720 3358 945 3425; x_wconf 83' lang='lat' dir='ltr'><strong>Spiritus</strong></span> <span class='ocrx_word' id='word_1_425' title='bbox 992 3356 1261 3410; x_wconf 87' lang='lat' dir='ltr'><strong>annuntiet</strong></span> <span class='ocrx_word' id='word_1_426' title='bbox 1301 3356 1595 3418; x_wconf 81' lang='lat' dir='ltr'><strong>Christum,</strong></span> <span class='ocrx_word' id='word_1_427' title='bbox 1644 3359 1783 3424; x_wconf 89' lang='lat' dir='ltr'><strong>ipsos</strong></span> <span class='ocrx_word' id='word_1_428' title='bbox 1831 3358 2131 3412; x_wconf 87' lang='lat' dir='ltr'><strong>Paracletus</strong></span> 
     </span>
    </p>
   </div>
   <div class='ocr_carea' id='block_1_60' title="bbox 631 3425 2131 3497">
    <p class='ocr_par' dir='ltr' id='par_1_60' title="bbox 631 3425 2131 3497">
     <span class='ocr_line' id='line_1_60' title="bbox 631 3425 2131 3497; baseline 0.001 -18"><span class='ocrx_word' id='word_1_429' title='bbox 631 3428 850 3480; x_wconf 82' lang='lat' dir='ltr'><strong>illustret</strong></span> <span class='ocrx_word' id='word_1_430' title='bbox 878 3444 1001 3497; x_wconf 79' lang='lat' dir='ltr'><strong>quos</strong></span> <span class='ocrx_word' id='word_1_431' title='bbox 1030 3426 1269 3481; x_wconf 85' lang='lat' dir='ltr'><strong>Salvator</strong></span> <span class='ocrx_word' id='word_1_432' title='bbox 1295 3425 1463 3497; x_wconf 86' lang='lat' dir='ltr'><strong>elegit.</strong></span> <span class='ocrx_word' id='word_1_433' title='bbox 1496 3426 1684 3481; x_wconf 80' lang='lat' dir='ltr'><strong>Divina</strong></span> <span class='ocrx_word' id='word_1_434' title='bbox 1703 3442 1823 3497; x_wconf 87' lang='lat' dir='ltr'><strong>ergo</strong></span> <span class='ocrx_word' id='word_1_435' title='bbox 1843 3427 1981 3479; x_wconf 87' lang='lat' dir='ltr'><strong>cultu</strong></span> <span class='ocrx_word' id='word_1_436' title='bbox 2002 3428 2131 3480; x_wconf 81' lang='lat' dir='ltr'><strong>[tunc</strong></span> 
     </span>
    </p>
   </div>
   <div class='ocr_carea' id='block_1_61' title="bbox 632 3497 1226 3567">
    <p class='ocr_par' dir='ltr' id='par_1_61' title="bbox 632 3497 1226 3567">
     <span class='ocr_line' id='line_1_61' title="bbox 632 3497 1226 3567; baseline -0.005 -17"><span class='ocrx_word' id='word_1_437' title='bbox 632 3497 886 3567; x_wconf 81' lang='lat' dir='ltr'><strong>Spiritum</strong></span> <span class='ocrx_word' id='word_1_438' title='bbox 914 3511 1226 3549; x_wconf 77' lang='lat' dir='ltr'><strong>veneremur.</strong></span> 
     </span>
    </p>
   </div>
   <div class='ocr_carea' id='block_1_62' title="bbox 632 3627 2131 3697">
    <p class='ocr_par' dir='ltr' id='par_1_62' title="bbox 632 3627 2131 3697">
     <span class='ocr_line' id='line_1_62' title="bbox 632 3627 2131 3697; baseline 0.001 -16"><span class='ocrx_word' id='word_1_439' title='bbox 632 3628 840 3694; x_wconf 87' lang='lat' dir='ltr'><strong>Quanta</strong></span> <span class='ocrx_word' id='word_1_440' title='bbox 885 3643 984 3697; x_wconf 90' lang='lat' dir='ltr'><strong>pro</strong></span> <span class='ocrx_word' id='word_1_441' title='bbox 1027 3628 1200 3682; x_wconf 83' lang='lat' dir='ltr'><strong>salute</strong></span> <span class='ocrx_word' id='word_1_442' title='bbox 1245 3627 1572 3691; x_wconf 88' lang='lat' dir='ltr'><strong>mortalium,</strong></span> <span class='ocrx_word' id='word_1_443' title='bbox 1618 3627 1809 3681; x_wconf 89' lang='lat' dir='ltr'><strong>fratres</strong></span> <span class='ocrx_word' id='word_1_444' title='bbox 1853 3628 2131 3695; x_wconf 87' lang='lat' dir='ltr'><strong>carissimi,</strong></span> 
     </span>
    </p>
   </div>
   <div class='ocr_carea' id='block_1_63' title="bbox 565 3720 2137 3791">
    <p class='ocr_par' dir='ltr' id='par_1_63' title="bbox 565 3720 2137 3791">
     <span class='ocr_line' id='line_1_63' title="bbox 565 3720 2137 3791; baseline -0.001 -14"><span class='ocrx_word' id='word_1_445' title='bbox 565 3720 917 3790; x_wconf 85' lang='lat' dir='ltr'><strong>omnipotenti</strong></span> <span class='ocrx_word' id='word_1_446' title='bbox 946 3736 1072 3775; x_wconf 88' lang='lat' dir='ltr'><strong>cura</strong></span> <span class='ocrx_word' id='word_1_447' title='bbox 1116 3720 1187 3775; x_wconf 89' lang='lat' dir='ltr'><strong>sit</strong></span> <span class='ocrx_word' id='word_1_448' title='bbox 1226 3721 1360 3789; x_wconf 91' lang='lat' dir='ltr'><strong>Deo,</strong></span> <span class='ocrx_word' id='word_1_449' title='bbox 1388 3736 1564 3791; x_wconf 90' lang='lat' dir='ltr'><strong>quove</strong></span> <span class='ocrx_word' id='word_1_450' title='bbox 1591 3721 1917 3789; x_wconf 80' lang='lat' dir='ltr'><strong>dignationis</strong></span> <span class='ocrx_word' id='word_1_451' title='bbox 1944 3722 2137 3777; x_wconf 75' lang='lat' dir='ltr'><strong>atlcctu</strong></span> 
     </span>
    </p>
   </div>
   <div class='ocr_carea' id='block_1_64' title="bbox 566 3808 2137 3879">
    <p class='ocr_par' dir='ltr' id='par_1_64' title="bbox 566 3808 2137 3879">
     <span class='ocr_line' id='line_1_64' title="bbox 566 3808 2137 3879; baseline 0 -16"><span class='ocrx_word' id='word_1_452' title='bbox 566 3809 799 3879; x_wconf 87' lang='lat' dir='ltr'><strong>pericula</strong></span> <span class='ocrx_word' id='word_1_453' title='bbox 841 3809 1121 3863; x_wconf 87' lang='lat' dir='ltr'><strong>miseratus</strong></span> <span class='ocrx_word' id='word_1_454' title='bbox 1166 3809 1433 3876; x_wconf 90' lang='lat' dir='ltr'><strong>humana,</strong></span> <span class='ocrx_word' id='word_1_455' title='bbox 1472 3809 1789 3865; x_wconf 87' lang='lat' dir='ltr'><strong>diabolicam</strong></span> <span class='ocrx_word' id='word_1_456' title='bbox 1832 3808 2137 3865; x_wconf 73' lang='lat' dir='ltr'><strong>vacuaverit</strong></span> 
     </span>
    </p>
   </div>
   <div class='ocr_carea' id='block_1_65' title="bbox 567 3898 2138 3971">
    <p class='ocr_par' dir='ltr' id='par_1_65' title="bbox 567 3898 2138 3971">
     <span class='ocr_line' id='line_1_65' title="bbox 567 3898 2138 3971; baseline 0.001 -18"><span class='ocrx_word' id='word_1_457' title='bbox 567 3906 905 3971; x_wconf 88' lang='lat' dir='ltr'><strong>potestatem,</strong></span> <span class='ocrx_word' id='word_1_458' title='bbox 936 3898 1060 3954; x_wconf 90' lang='lat' dir='ltr'><strong>hinc</strong></span> <span class='ocrx_word' id='word_1_459' title='bbox 1102 3899 1408 3967; x_wconf 84' lang='lat' dir='ltr'><strong>plenissime</strong></span> <span class='ocrx_word' id='word_1_460' title='bbox 1431 3906 1488 3953; x_wconf 92' lang='lat' dir='ltr'><strong>et</strong></span> <span class='ocrx_word' id='word_1_461' title='bbox 1513 3900 1629 3955; x_wconf 87' lang='lat' dir='ltr'><strong>sine</strong></span> <span class='ocrx_word' id='word_1_462' title='bbox 1655 3900 1816 3956; x_wconf 90' lang='lat' dir='ltr'><strong>dubio</strong></span> <span class='ocrx_word' id='word_1_463' title='bbox 1858 3916 2138 3970; x_wconf 88' lang='lat' dir='ltr'><strong>possumus</strong></span> 
     </span>
    </p>
   </div>
   <div class='ocr_carea' id='block_1_66' title="bbox 566 3989 2136 4060">
    <p class='ocr_par' dir='ltr' id='par_1_66' title="bbox 566 3989 2136 4060">
     <span class='ocr_line' id='line_1_66' title="bbox 566 3989 2136 4060; baseline -0.001 -16"><span class='ocrx_word' id='word_1_464' title='bbox 566 3992 848 4053; x_wconf 73' lang='lat' dir='ltr'><strong>testimarc,</strong></span> <span class='ocrx_word' id='word_1_465' title='bbox 868 3989 1011 4057; x_wconf 90' lang='lat' dir='ltr'><strong>quod</strong></span> <span class='ocrx_word' id='word_1_466' title='bbox 1029 3998 1084 4043; x_wconf 91' lang='lat' dir='ltr'><strong>et</strong></span> <span class='ocrx_word' id='word_1_467' title='bbox 1103 3989 1221 4043; x_wconf 88' lang='lat' dir='ltr'><strong>Filii</strong></span> <span class='ocrx_word' id='word_1_468' title='bbox 1240 3990 1319 4043; x_wconf 91' lang='lat' dir='ltr'><strong>sui</strong></span> <span class='ocrx_word' id='word_1_469' title='bbox 1342 3991 1597 4060; x_wconf 88' lang='lat' dir='ltr'><strong>sanguine</strong></span> <span class='ocrx_word' id='word_1_470' title='bbox 1618 3991 1683 4043; x_wconf 89' lang='lat' dir='ltr'><strong>ad</strong></span> <span class='ocrx_word' id='word_1_471' title='bbox 1705 3991 1861 4045; x_wconf 81' lang='lat' dir='ltr'><strong>ﬁdem</strong></span> <span class='ocrx_word' id='word_1_472' title='bbox 1881 4006 1979 4045; x_wconf 91' lang='lat' dir='ltr'><strong>nos</strong></span> <span class='ocrx_word' id='word_1_473' title='bbox 1997 3990 2136 4045; x_wconf 85' lang='lat' dir='ltr'><strong>veri—</strong></span> 
     </span>
    </p>
   </div>
   <div class='ocr_carea' id='block_1_67' title="bbox 569 4077 2135 4147">
    <p class='ocr_par' dir='ltr' id='par_1_67' title="bbox 569 4077 2135 4147">
     <span class='ocr_line' id='line_1_67' title="bbox 569 4077 2135 4147; baseline 0.002 -16"><span class='ocrx_word' id='word_1_474' title='bbox 569 4080 690 4132; x_wconf 85' lang='lat' dir='ltr'><strong>tatis</strong></span> <span class='ocrx_word' id='word_1_475' title='bbox 732 4078 971 4145; x_wconf 82' lang='lat' dir='ltr'><strong>attraxit,</strong></span> <span class='ocrx_word' id='word_1_476' title='bbox 998 4085 1053 4131; x_wconf 91' lang='lat' dir='ltr'><strong>et</strong></span> <span class='ocrx_word' id='word_1_477' title='bbox 1080 4077 1308 4147; x_wconf 88' lang='lat' dir='ltr'><strong>Spiritus</strong></span> <span class='ocrx_word' id='word_1_478' title='bbox 1334 4078 1506 4133; x_wconf 87' lang='lat' dir='ltr'><strong>sancti</strong></span> <span class='ocrx_word' id='word_1_479' title='bbox 1532 4080 1836 4135; x_wconf 91' lang='lat' dir='ltr'><strong>visitatione</strong></span> <span class='ocrx_word' id='word_1_480' title='bbox 1862 4094 2135 4143; x_wconf 89' lang='lat' dir='ltr'><strong>concessa,</strong></span> 
     </span>
    </p>
   </div>
   <div class='ocr_carea' id='block_1_68' title="bbox 570 4165 2139 4225">
    <p class='ocr_par' dir='ltr' id='par_1_68' title="bbox 570 4165 2139 4225">
     <span class='ocr_line' id='line_1_68' title="bbox 570 4165 2139 4225; baseline 0.002 -4"><span class='ocrx_word' id='word_1_481' title='bbox 570 4166 900 4221; x_wconf 85' lang='lat' dir='ltr'><strong>credentium</strong></span> <span class='ocrx_word' id='word_1_482' title='bbox 937 4167 1094 4221; x_wconf 84' lang='lat' dir='ltr'><strong>corda</strong></span> <span class='ocrx_word' id='word_1_483' title='bbox 1140 4165 1445 4222; x_wconf 81' lang='lat' dir='ltr'><strong>ﬁrmaverit.</strong></span> <span class='ocrx_word' id='word_1_484' title='bbox 1491 4168 1731 4224; x_wconf 87' lang='lat' dir='ltr'><strong>Christus</strong></span> <span class='ocrx_word' id='word_1_485' title='bbox 1767 4171 1907 4224; x_wconf 88' lang='lat' dir='ltr'><strong>enim</strong></span> <span class='ocrx_word' id='word_1_486' title='bbox 1946 4186 2043 4225; x_wconf 90' lang='lat' dir='ltr'><strong>nos</strong></span> <span class='ocrx_word' id='word_1_487' title='bbox 2071 4171 2139 4224; x_wconf 89' lang='lat' dir='ltr'><strong>ad</strong></span> 
     </span>
    </p>
   </div>
   <div class='ocr_carea' id='block_1_69' title="bbox 568 4256 2137 4329">
    <p class='ocr_par' dir='ltr' id='par_1_69' title="bbox 568 4256 2137 4329">
     <span class='ocr_line' id='line_1_69' title="bbox 568 4256 2137 4329; baseline 0.003 -19"><span class='ocrx_word' id='word_1_488' title='bbox 568 4258 731 4310; x_wconf 83' lang='lat' dir='ltr'><strong>vitam</strong></span> <span class='ocrx_word' id='word_1_489' title='bbox 760 4256 1003 4322; x_wconf 90' lang='lat' dir='ltr'><strong>redemit,</strong></span> <span class='ocrx_word' id='word_1_490' title='bbox 1035 4257 1191 4326; x_wconf 88' lang='lat' dir='ltr'><strong>erigit</strong></span> <span class='ocrx_word' id='word_1_491' title='bbox 1217 4258 1284 4311; x_wconf 90' lang='lat' dir='ltr'><strong>ad</strong></span> <span class='ocrx_word' id='word_1_492' title='bbox 1310 4259 1584 4325; x_wconf 87' lang='lat' dir='ltr'><strong>virtutem,</strong></span> <span class='ocrx_word' id='word_1_493' title='bbox 1624 4269 1685 4314; x_wconf 90' lang='lat' dir='ltr'><strong>ut</strong></span> <span class='ocrx_word' id='word_1_494' title='bbox 1722 4262 1948 4328; x_wconf 85' lang='lat' dir='ltr'><strong>gratiam</strong></span> <span class='ocrx_word' id='word_1_495' title='bbox 1977 4276 2137 4329; x_wconf 89' lang='lat' dir='ltr'><strong>quam</strong></span> 
     </span>
    </p>
   </div>
   <div class='ocr_carea' id='block_1_70' title="bbox 567 4346 2140 4417">
    <p class='ocr_par' dir='ltr' id='par_1_70' title="bbox 567 4346 2140 4417">
     <span class='ocr_line' id='line_1_70' title="bbox 567 4346 2140 4417; baseline 0.001 -15"><span class='ocrx_word' id='word_1_496' title='bbox 567 4346 705 4403; x_wconf 81' lang='lat' dir='ltr'><strong>Filio</strong></span> <span class='ocrx_word' id='word_1_497' title='bbox 735 4346 982 4401; x_wconf 81' lang='lat' dir='ltr'><strong>tradente</strong></span> <span class='ocrx_word' id='word_1_498' title='bbox 1010 4347 1358 4416; x_wconf 90' lang='lat' dir='ltr'><strong>suscepimus,</strong></span> <span class='ocrx_word' id='word_1_499' title='bbox 1387 4346 1587 4417; x_wconf 90' lang='lat' dir='ltr'><strong>Spiritu</strong></span> <span class='ocrx_word' id='word_1_500' title='bbox 1609 4350 1939 4404; x_wconf 90' lang='lat' dir='ltr'><strong>custodiente</strong></span> <span class='ocrx_word' id='word_1_501' title='bbox 1956 4364 2140 4404; x_wconf 90' lang='lat' dir='ltr'><strong>serve-</strong></span> 
     </span>
    </p>
   </div>
   <div class='ocr_carea' id='block_1_71' title="bbox 573 4435 2140 4505">
    <p class='ocr_par' dir='ltr' id='par_1_71' title="bbox 573 4435 2140 4505">
     <span class='ocr_line' id='line_1_71' title="bbox 573 4435 2140 4505; baseline 0.002 -16"><span class='ocrx_word' id='word_1_502' title='bbox 573 4452 708 4491; x_wconf 89' lang='lat' dir='ltr'><strong>mus.</strong></span> <span class='ocrx_word' id='word_1_503' title='bbox 743 4435 997 4491; x_wconf 78' lang='lat' dir='ltr'><strong>Videmus</strong></span> <span class='ocrx_word' id='word_1_504' title='bbox 1033 4436 1267 4505; x_wconf 90' lang='lat' dir='ltr'><strong>quidem,</strong></span> <span class='ocrx_word' id='word_1_505' title='bbox 1308 4438 1589 4505; x_wconf 88' lang='lat' dir='ltr'><strong>carissimi,</strong></span> <span class='ocrx_word' id='word_1_506' title='bbox 1640 4436 1903 4505; x_wconf 87' lang='lat' dir='ltr'><strong>Unigeniti</strong></span> <span class='ocrx_word' id='word_1_507' title='bbox 1946 4439 2042 4493; x_wconf 89' lang='lat' dir='ltr'><strong>Dei</strong></span> <span class='ocrx_word' id='word_1_508' title='bbox 2085 4447 2140 4493; x_wconf 91' lang='lat' dir='ltr'><strong>et</strong></span> 
     </span>
    </p>
   </div>
   <div class='ocr_carea' id='block_1_72' title="bbox 571 4525 2139 4599">
    <p class='ocr_par' dir='ltr' id='par_1_72' title="bbox 571 4525 2139 4599">
     <span class='ocr_line' id='line_1_72' title="bbox 571 4525 2139 4599; baseline 0.002 -20"><span class='ocrx_word' id='word_1_509' title='bbox 571 4526 797 4595; x_wconf 83' lang='lat' dir='ltr'><strong>Spiritus</strong></span> <span class='ocrx_word' id='word_1_510' title='bbox 824 4525 995 4580; x_wconf 88' lang='lat' dir='ltr'><strong>sancti</strong></span> <span class='ocrx_word' id='word_1_511' title='bbox 1032 4526 1131 4580; x_wconf 90' lang='lat' dir='ltr'><strong>sub</strong></span> <span class='ocrx_word' id='word_1_512' title='bbox 1163 4525 1561 4595; x_wconf 80' lang='lat' dir='ltr'><strong>dispensatione</strong></span> <span class='ocrx_word' id='word_1_513' title='bbox 1606 4529 1843 4599; x_wconf 81' lang='lat' dir='ltr'><strong>mysterii</strong></span> <span class='ocrx_word' id='word_1_514' title='bbox 1880 4528 2139 4583; x_wconf 85' lang='lat' dir='ltr'><strong>beneﬁcia</strong></span> 
     </span>
    </p>
   </div>
   <div class='ocr_carea' id='block_1_73' title="bbox 572 4615 2137 4686">
    <p class='ocr_par' dir='ltr' id='par_1_73' title="bbox 572 4615 2137 4686">
     <span class='ocr_line' id='line_1_73' title="bbox 572 4615 2137 4686; baseline 0.001 -16"><span class='ocrx_word' id='word_1_515' title='bbox 572 4631 690 4671; x_wconf 89' lang='lat' dir='ltr'><strong>esse</strong></span> <span class='ocrx_word' id='word_1_516' title='bbox 734 4616 1002 4681; x_wconf 89' lang='lat' dir='ltr'><strong>distincta,</strong></span> <span class='ocrx_word' id='word_1_517' title='bbox 1050 4615 1147 4671; x_wconf 92' lang='lat' dir='ltr'><strong>sed</strong></span> <span class='ocrx_word' id='word_1_518' title='bbox 1190 4616 1432 4671; x_wconf 91' lang='lat' dir='ltr'><strong>eamdem</strong></span> <span class='ocrx_word' id='word_1_519' title='bbox 1474 4618 1526 4671; x_wconf 89' lang='lat' dir='ltr'><strong>in</strong></span> <span class='ocrx_word' id='word_1_520' title='bbox 1559 4626 1785 4686; x_wconf 88' lang='lat' dir='ltr'><strong>utroque</strong></span> <span class='ocrx_word' id='word_1_521' title='bbox 1809 4618 2137 4673; x_wconf 87' lang='lat' dir='ltr'><strong>voluntatem</strong></span> 
     </span>
    </p>
   </div>
   <div class='ocr_carea' id='block_1_74' title="bbox 1802 2968 2237 3040">
    <p class='ocr_par' dir='ltr' id='par_1_74' title="bbox 1802 2968 2237 3040">
     <span class='ocr_line' id='line_1_74' title="bbox 1802 2968 2237 3040; baseline 0.018 -20"><span class='ocrx_word' id='word_1_522' title='bbox 1802 2968 1951 3023; x_wconf 79' lang='lat' dir='ltr'><strong>XIII</strong></span> <span class='ocrx_word' id='word_1_523' title='bbox 1978 2971 2237 3040; x_wconf 87' lang='lat' dir='ltr'><strong>leguntur.</strong></span> 
     </span>
    </p>
   </div>
   <div class='ocr_carea' id='block_1_75' title="bbox 2233 3083 3796 3157">
    <p class='ocr_par' dir='ltr' id='par_1_75' title="bbox 2233 3083 3796 3157">
     <span class='ocr_line' id='line_1_75' title="bbox 2233 3083 3796 3157; baseline -0.002 -18"><span class='ocrx_word' id='word_1_524' title='bbox 2233 3086 2477 3151; x_wconf 79' lang='lat' dir='ltr'><strong>veritatis,</strong></span> <span class='ocrx_word' id='word_1_525' title='bbox 2508 3088 2655 3157; x_wconf 81' lang='lat' dir='ltr'><strong>quia</strong></span> <span class='ocrx_word' id='word_1_526' title='bbox 2682 3086 2844 3142; x_wconf 83' lang='lat' dir='ltr'><strong>Patre</strong></span> <span class='ocrx_word' id='word_1_527' title='bbox 2880 3102 2993 3140; x_wconf 86' lang='lat' dir='ltr'><strong>meo</strong></span> <span class='ocrx_word' id='word_1_528' title='bbox 3030 3086 3279 3155; x_wconf 83' lang='lat' dir='ltr'><strong>procedit,</strong></span> <span class='ocrx_word' id='word_1_529' title='bbox 3318 3087 3407 3140; x_wconf 72' lang='lat' dir='ltr'><strong>ille</strong></span> <span class='ocrx_word' id='word_1_530' title='bbox 3448 3083 3715 3139; x_wconf 74' lang='lat' dir='ltr'><strong>testabitur</strong></span> <span class='ocrx_word' id='word_1_531' title='bbox 3741 3085 3796 3136; x_wconf 76' lang='lat' dir='ltr'><strong>de</strong></span> 
     </span>
    </p>
   </div>
   <div class='ocr_carea' id='block_1_76' title="bbox 2233 3175 3796 3247">
    <p class='ocr_par' dir='ltr' id='par_1_76' title="bbox 2233 3175 3796 3247">
     <span class='ocr_line' id='line_1_76' title="bbox 2233 3175 3796 3247; baseline -0.001 -20"><span class='ocrx_word' id='word_1_532' title='bbox 2233 3192 2312 3228; x_wconf 90' lang='lat' dir='ltr'><strong>me</strong></span> <span class='ocrx_word' id='word_1_533' title='bbox 2344 3176 2522 3241; x_wconf 83' lang='lat' dir='ltr'><strong>(Joan.</strong></span> <span class='ocrx_word' id='word_1_534' title='bbox 2553 3178 2663 3247; x_wconf 84' lang='lat' dir='ltr'><strong>xv).</strong></span> <span class='ocrx_word' id='word_1_535' title='bbox 2692 3177 2924 3231; x_wconf 80' lang='lat' dir='ltr'><strong>Alternis</strong></span> <span class='ocrx_word' id='word_1_536' title='bbox 2954 3176 3201 3229; x_wconf 90' lang='lat' dir='ltr'><strong>nimirum</strong></span> <span class='ocrx_word' id='word_1_537' title='bbox 3227 3190 3287 3231; x_wconf 90' lang='lat' dir='ltr'><strong>se</strong></span> <span class='ocrx_word' id='word_1_538' title='bbox 3313 3176 3540 3230; x_wconf 88' lang='lat' dir='ltr'><strong>invicem</strong></span> <span class='ocrx_word' id='word_1_539' title='bbox 3562 3175 3796 3229; x_wconf 85' lang='lat' dir='ltr'><strong>testimo-</strong></span> 
     </span>
    </p>
   </div>
   <div class='ocr_carea' id='block_1_77' title="bbox 2236 3265 3796 3335">
    <p class='ocr_par' dir='ltr' id='par_1_77' title="bbox 2236 3265 3796 3335">
     <span class='ocr_line' id='line_1_77' title="bbox 2236 3265 3796 3335; baseline -0.001 -16"><span class='ocrx_word' id='word_1_540' title='bbox 2236 3266 2337 3319; x_wconf 88' lang='lat' dir='ltr'><strong>niis</strong></span> <span class='ocrx_word' id='word_1_541' title='bbox 2365 3266 2673 3335; x_wconf 73' lang='lat' dir='ltr'><strong>prtedicant,</strong></span> <span class='ocrx_word' id='word_1_542' title='bbox 2701 3268 2792 3335; x_wconf 92' lang='lat' dir='ltr'><strong>qui</strong></span> <span class='ocrx_word' id='word_1_543' title='bbox 2821 3267 3103 3322; x_wconf 89' lang='lat' dir='ltr'><strong>indiscreta</strong></span> <span class='ocrx_word' id='word_1_544' title='bbox 3136 3282 3195 3320; x_wconf 89' lang='lat' dir='ltr'><strong>se</strong></span> <span class='ocrx_word' id='word_1_545' title='bbox 3232 3273 3496 3320; x_wconf 90' lang='lat' dir='ltr'><strong>noverunt</strong></span> <span class='ocrx_word' id='word_1_546' title='bbox 3522 3265 3796 3332; x_wconf 80' lang='lat' dir='ltr'><strong>majestate</strong></span> 
     </span>
    </p>
   </div>
   <div class='ocr_carea' id='block_1_78' title="bbox 2158 3355 3797 3455">
    <p class='ocr_par' dir='ltr' id='par_1_78' title="bbox 2158 3355 3797 3455">
     <span class='ocr_line' id='line_1_78' title="bbox 2158 3355 3797 3455; baseline -0.001 -46"><span class='ocrx_word' id='word_1_547' title='bbox 2158 3393 2203 3455; x_wconf 63' lang='grc' dir='ltr'>Ω</span> <span class='ocrx_word' id='word_1_548' title='bbox 2234 3370 2476 3425; x_wconf 88' lang='lat' dir='ltr'><strong>regnare.</strong></span> <span class='ocrx_word' id='word_1_549' title='bbox 2510 3358 2769 3427; x_wconf 88' lang='lat' dir='ltr'><strong>Denique,</strong></span> <span class='ocrx_word' id='word_1_550' title='bbox 2798 3366 2859 3413; x_wconf 91' lang='lat' dir='ltr'><strong>ut</strong></span> <span class='ocrx_word' id='word_1_551' title='bbox 2883 3356 3214 3414; x_wconf 87' lang='lat' dir='ltr'><strong>manifestius</strong></span> <span class='ocrx_word' id='word_1_552' title='bbox 3246 3370 3633 3425; x_wconf 83' lang='lat' dir='ltr'><strong>cognoscamus</strong></span> <span class='ocrx_word' id='word_1_553' title='bbox 3664 3355 3797 3409; x_wconf 85' lang='lat' dir='ltr'><strong>nulla</strong></span> 
     </span>
    </p>
   </div>
   <div class='ocr_carea' id='block_1_79' title="bbox 2235 3444 3797 3517">
    <p class='ocr_par' dir='ltr' id='par_1_79' title="bbox 2235 3444 3797 3517">
     <span class='ocr_line' id='line_1_79' title="bbox 2235 3444 3797 3517; baseline -0.004 -15"><span class='ocrx_word' id='word_1_554' title='bbox 2235 3464 2329 3503; x_wconf 90' lang='lat' dir='ltr'><strong>eos</strong></span> <span class='ocrx_word' id='word_1_555' title='bbox 2358 3449 2568 3517; x_wconf 88' lang='lat' dir='ltr'><strong>penitus</strong></span> <span class='ocrx_word' id='word_1_556' title='bbox 2595 3449 2855 3504; x_wconf 89' lang='lat' dir='ltr'><strong>divisione</strong></span> <span class='ocrx_word' id='word_1_557' title='bbox 2890 3448 3179 3517; x_wconf 82' lang='lat' dir='ltr'><strong>sejunctas,</strong></span> <span class='ocrx_word' id='word_1_558' title='bbox 3211 3449 3355 3515; x_wconf 85' lang='lat' dir='ltr'><strong>ipsos</strong></span> <span class='ocrx_word' id='word_1_559' title='bbox 3389 3444 3697 3502; x_wconf 84' lang='lat' dir='ltr'><strong>Paracletus</strong></span> <span class='ocrx_word' id='word_1_560' title='bbox 3728 3447 3797 3497; x_wconf 81' lang='lat' dir='ltr'><strong>vi-</strong></span> 
     </span>
    </p>
   </div>
   <div class='ocr_carea' id='block_1_80' title="bbox 2233 3537 3797 3610">
    <p class='ocr_par' dir='ltr' id='par_1_80' title="bbox 2233 3537 3797 3610">
     <span class='ocr_line' id='line_1_80' title="bbox 2233 3537 3797 3610; baseline -0.003 -16"><span class='ocrx_word' id='word_1_561' title='bbox 2233 3541 2361 3594; x_wconf 86' lang='lat' dir='ltr'><strong>sitat</strong></span> <span class='ocrx_word' id='word_1_562' title='bbox 2396 3548 2452 3595; x_wconf 90' lang='lat' dir='ltr'><strong>et</strong></span> <span class='ocrx_word' id='word_1_563' title='bbox 2490 3540 2737 3605; x_wconf 85' lang='lat' dir='ltr'><strong>illustrat,</strong></span> <span class='ocrx_word' id='word_1_564' title='bbox 2769 3555 2905 3608; x_wconf 87' lang='lat' dir='ltr'><strong>quos</strong></span> <span class='ocrx_word' id='word_1_565' title='bbox 2945 3539 3212 3610; x_wconf 88' lang='lat' dir='ltr'><strong>mysteriis</strong></span> <span class='ocrx_word' id='word_1_566' title='bbox 3231 3539 3356 3593; x_wconf 73' lang='lat' dir='ltr'><strong>suis</strong></span> <span class='ocrx_word' id='word_1_567' title='bbox 3385 3538 3543 3609; x_wconf 74' lang='lat'><strong>531</strong></span> <span class='ocrx_word' id='word_1_568' title='bbox 3583 3537 3797 3591; x_wconf 80' lang='lat' dir='ltr'><strong>idoneos</strong></span> 
     </span>
    </p>
   </div>
   <div class='ocr_carea' id='block_1_81' title="bbox 2235 3627 3797 3698">
    <p class='ocr_par' dir='ltr' id='par_1_81' title="bbox 2235 3627 3797 3698">
     <span class='ocr_line' id='line_1_81' title="bbox 2235 3627 3797 3698; baseline -0.003 -14"><span class='ocrx_word' id='word_1_569' title='bbox 2235 3629 2480 3685; x_wconf 85' lang='lat' dir='ltr'><strong>Salvator</strong></span> <span class='ocrx_word' id='word_1_570' title='bbox 2506 3630 2685 3697; x_wconf 88' lang='lat' dir='ltr'><strong>elegit.</strong></span> <span class='ocrx_word' id='word_1_571' title='bbox 2725 3628 2828 3684; x_wconf 89' lang='lat' dir='ltr'><strong>Pro</strong></span> <span class='ocrx_word' id='word_1_572' title='bbox 2868 3628 3015 3684; x_wconf 88' lang='lat' dir='ltr'><strong>omni</strong></span> <span class='ocrx_word' id='word_1_573' title='bbox 3054 3628 3268 3698; x_wconf 85' lang='lat' dir='ltr'><strong>quidem</strong></span> <span class='ocrx_word' id='word_1_574' title='bbox 3299 3627 3578 3682; x_wconf 85' lang='lat' dir='ltr'><strong>hominum</strong></span> <span class='ocrx_word' id='word_1_575' title='bbox 3610 3639 3797 3694; x_wconf 82' lang='lat' dir='ltr'><strong>genere</strong></span> 
     </span>
    </p>
   </div>
   <div class='ocr_carea' id='block_1_82' title="bbox 2236 3715 3795 3788">
    <p class='ocr_par' dir='ltr' id='par_1_82' title="bbox 2236 3715 3795 3788">
     <span class='ocr_line' id='line_1_82' title="bbox 2236 3715 3795 3788; baseline -0.003 -16"><span class='ocrx_word' id='word_1_576' title='bbox 2236 3719 2491 3775; x_wconf 88' lang='lat' dir='ltr'><strong>Dominus</strong></span> <span class='ocrx_word' id='word_1_577' title='bbox 2530 3718 2684 3774; x_wconf 84' lang='lat' dir='ltr'><strong>Jesus</strong></span> <span class='ocrx_word' id='word_1_578' title='bbox 2718 3718 2975 3788; x_wconf 89' lang='lat' dir='ltr'><strong>pependit</strong></span> <span class='ocrx_word' id='word_1_579' title='bbox 3010 3718 3063 3772; x_wconf 92' lang='lat' dir='ltr'><strong>in</strong></span> <span class='ocrx_word' id='word_1_580' title='bbox 3097 3732 3273 3781; x_wconf 88' lang='lat' dir='ltr'><strong>cruce,</strong></span> <span class='ocrx_word' id='word_1_581' title='bbox 3304 3716 3398 3771; x_wconf 88' lang='lat' dir='ltr'><strong>sed</strong></span> <span class='ocrx_word' id='word_1_582' title='bbox 3421 3732 3531 3771; x_wconf 88' lang='lat' dir='ltr'><strong>non</strong></span> <span class='ocrx_word' id='word_1_583' title='bbox 3559 3715 3795 3769; x_wconf 83' lang='lat' dir='ltr'><strong>omnibus</strong></span> 
     </span>
    </p>
   </div>
   <div class='ocr_carea' id='block_1_83' title="bbox 2237 3804 3792 3879">
    <p class='ocr_par' dir='ltr' id='par_1_83' title="bbox 2237 3804 3792 3879">
     <span class='ocr_line' id='line_1_83' title="bbox 2237 3804 3792 3879; baseline -0.005 -15"><span class='ocrx_word' id='word_1_584' title='bbox 2237 3811 2351 3879; x_wconf 88' lang='lat' dir='ltr'><strong>ejus</strong></span> <span class='ocrx_word' id='word_1_585' title='bbox 2379 3810 2639 3864; x_wconf 83' lang='lat' dir='ltr'><strong>illuxisset</strong></span> <span class='ocrx_word' id='word_1_586' title='bbox 2668 3808 3029 3877; x_wconf 80' lang='lat' dir='ltr'><strong>Evangelium,</strong></span> <span class='ocrx_word' id='word_1_587' title='bbox 3054 3807 3153 3861; x_wconf 90' lang='lat' dir='ltr'><strong>nisi</strong></span> <span class='ocrx_word' id='word_1_588' title='bbox 3184 3806 3416 3876; x_wconf 87' lang='lat' dir='ltr'><strong>Spiritus</strong></span> <span class='ocrx_word' id='word_1_589' title='bbox 3443 3804 3613 3860; x_wconf 69' lang='grc' dir='ltr'><strong>δεηαί</strong></span> <span class='ocrx_word' id='word_1_590' title='bbox 3640 3804 3792 3869; x_wconf 89' lang='lat' dir='ltr'><strong>dono,</strong></span> 
     </span>
    </p>
   </div>
   <div class='ocr_carea' id='block_1_84' title="bbox 2236 3894 3793 3971">
    <p class='ocr_par' dir='ltr' id='par_1_84' title="bbox 2236 3894 3793 3971">
     <span class='ocr_line' id='line_1_84' title="bbox 2236 3894 3793 3971; baseline -0.006 -16"><span class='ocrx_word' id='word_1_591' title='bbox 2236 3903 2360 3956; x_wconf 89' lang='lat' dir='ltr'><strong>dum</strong></span> <span class='ocrx_word' id='word_1_592' title='bbox 2396 3901 2653 3971; x_wconf 86' lang='lat' dir='ltr'><strong>apostolis</strong></span> <span class='ocrx_word' id='word_1_593' title='bbox 2679 3900 2944 3955; x_wconf 88' lang='lat' dir='ltr'><strong>variarum</strong></span> <span class='ocrx_word' id='word_1_594' title='bbox 2973 3899 3271 3967; x_wconf 88' lang='lat' dir='ltr'><strong>linguarum</strong></span> <span class='ocrx_word' id='word_1_595' title='bbox 3298 3897 3575 3952; x_wconf 83' lang='lat' dir='ltr'><strong>scientiam</strong></span> <span class='ocrx_word' id='word_1_596' title='bbox 3603 3894 3793 3959; x_wconf 89' lang='lat' dir='ltr'><strong>tribuit,</strong></span> 
     </span>
    </p>
   </div>
   <div class='ocr_carea' id='block_1_85' title="bbox 2239 3984 3792 4061">
    <p class='ocr_par' dir='ltr' id='par_1_85' title="bbox 2239 3984 3792 4061">
     <span class='ocr_line' id='line_1_85' title="bbox 2239 3984 3792 4061; baseline -0.006 -15"><span class='ocrx_word' id='word_1_597' title='bbox 2239 3992 2513 4046; x_wconf 86' lang='lat' dir='ltr'><strong>Dominiea</strong></span> <span class='ocrx_word' id='word_1_598' title='bbox 2548 3991 2725 4061; x_wconf 90' lang='lat' dir='ltr'><strong>passio</strong></span> <span class='ocrx_word' id='word_1_599' title='bbox 2766 3989 2833 4043; x_wconf 92' lang='lat' dir='ltr'><strong>ad</strong></span> <span class='ocrx_word' id='word_1_600' title='bbox 2879 3990 3244 4042; x_wconf 86' lang='lat' dir='ltr'><strong>universarum</strong></span> <span class='ocrx_word' id='word_1_601' title='bbox 3284 3986 3522 4055; x_wconf 88' lang='lat' dir='ltr'><strong>gentium</strong></span> <span class='ocrx_word' id='word_1_602' title='bbox 3563 3984 3792 4039; x_wconf 84' lang='lat' dir='ltr'><strong>notitiam</strong></span> 
     </span>
    </p>
   </div>
   <div class='ocr_carea' id='block_1_86' title="bbox 2238 4072 3791 4151">
    <p class='ocr_par' dir='ltr' id='par_1_86' title="bbox 2238 4072 3791 4151">
     <span class='ocr_line' id='line_1_86' title="bbox 2238 4072 3791 4151; baseline -0.006 -18"><span class='ocrx_word' id='word_1_603' title='bbox 2238 4080 2583 4151; x_wconf 85' lang='lat' dir='ltr'><strong>pervenisset.</strong></span> <span class='ocrx_word' id='word_1_604' title='bbox 2638 4078 2819 4132; x_wconf 81' lang='lat' dir='ltr'><strong>Parthi</strong></span> <span class='ocrx_word' id='word_1_605' title='bbox 2862 4076 3006 4132; x_wconf 89' lang='lat' dir='ltr'><strong>enim</strong></span> <span class='ocrx_word' id='word_1_606' title='bbox 3050 4082 3107 4131; x_wconf 91' lang='lat' dir='ltr'><strong>et</strong></span> <span class='ocrx_word' id='word_1_607' title='bbox 3149 4075 3306 4139; x_wconf 76' lang='lat' dir='ltr'><strong>Medi,</strong></span> <span class='ocrx_word' id='word_1_608' title='bbox 3337 4074 3423 4129; x_wconf 89' lang='lat' dir='ltr'><strong>vel</strong></span> <span class='ocrx_word' id='word_1_609' title='bbox 3466 4072 3721 4139; x_wconf 63' lang='lat' dir='ltr'><strong>Elamitz,</strong></span> <span class='ocrx_word' id='word_1_610' title='bbox 3743 4078 3791 4124; x_wconf 85' lang='lat' dir='ltr'><strong>et</strong></span> 
     </span>
    </p>
   </div>
   <div class='ocr_carea' id='block_1_87' title="bbox 2239 4161 3789 4234">
    <p class='ocr_par' dir='ltr' id='par_1_87' title="bbox 2239 4161 3789 4234">
     <span class='ocr_line' id='line_1_87' title="bbox 2239 4161 3789 4234; baseline -0.006 -8"><span class='ocrx_word' id='word_1_611' title='bbox 2239 4179 2466 4231; x_wconf 70' lang='lat' dir='ltr'><strong>czeterm,</strong></span> <span class='ocrx_word' id='word_1_612' title='bbox 2494 4170 2633 4223; x_wconf 91' lang='lat' dir='ltr'><strong>sicut</strong></span> <span class='ocrx_word' id='word_1_613' title='bbox 2659 4169 2855 4223; x_wconf 89' lang='lat' dir='ltr'><strong>lectum</strong></span> <span class='ocrx_word' id='word_1_614' title='bbox 2883 4174 2983 4232; x_wconf 90' lang='lat' dir='ltr'><strong>est,</strong></span> <span class='ocrx_word' id='word_1_615' title='bbox 3012 4167 3260 4221; x_wconf 89' lang='lat' dir='ltr'><strong>nationes</strong></span> <span class='ocrx_word' id='word_1_616' title='bbox 3283 4164 3516 4234; x_wconf 85' lang='lat' dir='ltr'><strong>propriis</strong></span> <span class='ocrx_word' id='word_1_617' title='bbox 3551 4162 3685 4232; x_wconf 81' lang='lat' dir='ltr'><strong>apud</strong></span> <span class='ocrx_word' id='word_1_618' title='bbox 3711 4161 3789 4216; x_wconf 80' lang='lat' dir='ltr'><strong>Ju-</strong></span> 
     </span>
    </p>
   </div>
   <div class='ocr_carea' id='block_1_88' title="bbox 2238 4254 3788 4327">
    <p class='ocr_par' dir='ltr' id='par_1_88' title="bbox 2238 4254 3788 4327">
     <span class='ocr_line' id='line_1_88' title="bbox 2238 4254 3788 4327; baseline -0.005 -12"><span class='ocrx_word' id='word_1_619' title='bbox 2238 4262 2404 4316; x_wconf 64' lang='lat' dir='ltr'><strong>dazam</strong></span> <span class='ocrx_word' id='word_1_620' title='bbox 2456 4260 2676 4314; x_wconf 86' lang='lat' dir='ltr'><strong>audiunt</strong></span> <span class='ocrx_word' id='word_1_621' title='bbox 2712 4258 2907 4327; x_wconf 90' lang='lat' dir='ltr'><strong>linguis</strong></span> <span class='ocrx_word' id='word_1_622' title='bbox 2948 4256 3044 4312; x_wconf 83' lang='lat' dir='ltr'><strong>Dei</strong></span> <span class='ocrx_word' id='word_1_623' title='bbox 3092 4255 3386 4324; x_wconf 90' lang='lat' dir='ltr'><strong>magnalia,</strong></span> <span class='ocrx_word' id='word_1_624' title='bbox 3436 4263 3492 4309; x_wconf 91' lang='lat' dir='ltr'><strong>et</strong></span> <span class='ocrx_word' id='word_1_625' title='bbox 3537 4254 3655 4308; x_wconf 68' lang='lat' dir='ltr'><strong>vitm</strong></span> <span class='ocrx_word' id='word_1_626' title='bbox 3692 4267 3788 4307; x_wconf 62' lang='lat' dir='ltr'><strong>sum</strong></span> 
     </span>
    </p>
   </div>
   <div class='ocr_carea' id='block_1_89' title="bbox 2239 4344 3788 4419">
    <p class='ocr_par' dir='ltr' id='par_1_89' title="bbox 2239 4344 3788 4419">
     <span class='ocr_line' id='line_1_89' title="bbox 2239 4344 3788 4419; baseline -0.006 -14"><span class='ocrx_word' id='word_1_627' title='bbox 2239 4350 2471 4405; x_wconf 86' lang='lat' dir='ltr'><strong>remedia</strong></span> <span class='ocrx_word' id='word_1_628' title='bbox 2500 4350 2794 4419; x_wconf 64' lang='lat' dir='ltr'><strong>praedicari.</strong></span> <span class='ocrx_word' id='word_1_629' title='bbox 2836 4347 2966 4414; x_wconf 86' lang='lat' dir='ltr'><strong>Quis</strong></span> <span class='ocrx_word' id='word_1_630' title='bbox 2996 4347 3152 4414; x_wconf 88' lang='lat' dir='ltr'><strong>igitur</strong></span> <span class='ocrx_word' id='word_1_631' title='bbox 3176 4347 3311 4411; x_wconf 56' lang='lat' dir='ltr'><strong>hare,</strong></span> <span class='ocrx_word' id='word_1_632' title='bbox 3352 4346 3452 4400; x_wconf 91' lang='lat' dir='ltr'><strong>nisi</strong></span> <span class='ocrx_word' id='word_1_633' title='bbox 3481 4359 3604 4398; x_wconf 88' lang='lat' dir='ltr'><strong>vere</strong></span> <span class='ocrx_word' id='word_1_634' title='bbox 3628 4344 3788 4398; x_wconf 78' lang='lat' dir='ltr'><strong>omni-</strong></span> 
     </span>
    </p>
   </div>
   <div class='ocr_carea' id='block_1_90' title="bbox 2240 4433 3786 4509">
    <p class='ocr_par' dir='ltr' id='par_1_90' title="bbox 2240 4433 3786 4509">
     <span class='ocr_line' id='line_1_90' title="bbox 2240 4433 3786 4509; baseline -0.005 -16"><span class='ocrx_word' id='word_1_635' title='bbox 2240 4448 2428 4509; x_wconf 89' lang='lat' dir='ltr'><strong>potens</strong></span> <span class='ocrx_word' id='word_1_636' title='bbox 2447 4438 2608 4504; x_wconf 90' lang='lat' dir='ltr'><strong>Deus,</strong></span> <span class='ocrx_word' id='word_1_637' title='bbox 2633 4438 2855 4506; x_wconf 88' lang='lat' dir='ltr'><strong>implere</strong></span> <span class='ocrx_word' id='word_1_638' title='bbox 2882 4437 3163 4506; x_wconf 84' lang='lat' dir='ltr'><strong>potuisset,</strong></span> <span class='ocrx_word' id='word_1_639' title='bbox 3197 4442 3256 4487; x_wconf 90' lang='lat' dir='ltr'><strong>ut</strong></span> <span class='ocrx_word' id='word_1_640' title='bbox 3289 4434 3414 4488; x_wconf 79' lang='lat' dir='ltr'><strong>ferae</strong></span> <span class='ocrx_word' id='word_1_641' title='bbox 3452 4442 3654 4488; x_wconf 87' lang='lat' dir='ltr'><strong>mentes</strong></span> <span class='ocrx_word' id='word_1_642' title='bbox 3674 4433 3786 4486; x_wconf 82' lang='lat' dir='ltr'><strong>reli-</strong></span> 
     </span>
    </p>
   </div>
   <div class='ocr_carea' id='block_1_91' title="bbox 2239 4522 3786 4597">
    <p class='ocr_par' dir='ltr' id='par_1_91' title="bbox 2239 4522 3786 4597">
     <span class='ocr_line' id='line_1_91' title="bbox 2239 4522 3786 4597; baseline -0.003 -15"><span class='ocrx_word' id='word_1_643' title='bbox 2239 4530 2440 4597; x_wconf 82' lang='lat' dir='ltr'><strong>giosam</strong></span> <span class='ocrx_word' id='word_1_644' title='bbox 2462 4528 2730 4583; x_wconf 87' lang='lat' dir='ltr'><strong>discerent</strong></span> <span class='ocrx_word' id='word_1_645' title='bbox 2756 4527 3115 4589; x_wconf 83' lang='lat' dir='ltr'><strong>sanctitatem,</strong></span> <span class='ocrx_word' id='word_1_646' title='bbox 3135 4532 3190 4579; x_wconf 89' lang='lat' dir='ltr'><strong>et</strong></span> <span class='ocrx_word' id='word_1_647' title='bbox 3215 4522 3490 4578; x_wconf 77' lang='lat' dir='ltr'><strong>emiestem</strong></span> <span class='ocrx_word' id='word_1_648' title='bbox 3518 4523 3786 4590; x_wconf 79' lang='lat' dir='ltr'><strong>susciperet</strong></span> 
     </span>
    </p>
   </div>
   <div class='ocr_carea' id='block_1_92' title="bbox 2240 4613 3785 4689">
    <p class='ocr_par' dir='ltr' id='par_1_92' title="bbox 2240 4613 3785 4689">
     <span class='ocr_line' id='line_1_92' title="bbox 2240 4613 3785 4689; baseline -0.005 -16"><span class='ocrx_word' id='word_1_649' title='bbox 2240 4620 2496 4675; x_wconf 89' lang='lat' dir='ltr'><strong>barbarus</strong></span> <span class='ocrx_word' id='word_1_650' title='bbox 2522 4634 2697 4674; x_wconf 91' lang='lat' dir='ltr'><strong>sermo</strong></span> <span class='ocrx_word' id='word_1_651' title='bbox 2724 4618 3057 4674; x_wconf 78' lang='lat' dir='ltr'><strong>doctrinam?</strong></span> <span class='ocrx_word' id='word_1_652' title='bbox 3089 4618 3249 4689; x_wconf 54' lang='grc' dir='ltr'><strong>ὅθί</strong></span> <span class='ocrx_word' id='word_1_653' title='bbox 3294 4616 3486 4670; x_wconf 83' lang='lat' dir='ltr'><strong>Divino</strong></span> <span class='ocrx_word' id='word_1_654' title='bbox 3529 4629 3669 4684; x_wconf 85' lang='lat' dir='ltr'><strong>ergo,</strong></span> <span class='ocrx_word' id='word_1_655' title='bbox 3697 4613 3785 4666; x_wconf 80' lang='lat' dir='ltr'><strong>fn-</strong></span> 
     </span>
    </p>
   </div>
   <div class='ocr_carea' id='block_1_93' title="bbox 569 4704 3782 4801">
    <p class='ocr_par' dir='ltr' id='par_1_93' title="bbox 569 4704 3782 4801">
     <span class='ocr_line' id='line_1_93' title="bbox 569 4704 3782 4801; baseline -0.001 -42"><span class='ocrx_word' id='word_1_656' title='bbox 569 4714 733 4774; x_wconf 84' lang='lat' dir='ltr'><strong>atque</strong></span> <span class='ocrx_word' id='word_1_657' title='bbox 760 4721 923 4759; x_wconf 85' lang='lat' dir='ltr'><strong>unum</strong></span> <span class='ocrx_word' id='word_1_658' title='bbox 951 4704 1164 4771; x_wconf 86' lang='lat' dir='ltr'><strong>pietatis</strong></span> <span class='ocrx_word' id='word_1_659' title='bbox 1196 4706 1519 4763; x_wconf 85' lang='lat' dir='ltr'><strong>advertimus</strong></span> <span class='ocrx_word' id='word_1_660' title='bbox 1545 4717 1956 4763; x_wconf 89' lang='lat' dir='ltr'><strong>sacramentum.</strong></span> <span class='ocrx_word' id='word_1_661' title='bbox 1984 4707 2141 4762; x_wconf 91' lang='lat' dir='ltr'><strong>Chri-</strong></span> <span class='ocrx_word' id='word_1_662' title='bbox 2166 4740 2216 4801; x_wconf 68' lang='grc' dir='ltr'><strong>ι)</strong></span> <span class='ocrx_word' id='word_1_663' title='bbox 2242 4717 2370 4773; x_wconf 88' lang='lat' dir='ltr'><strong>tres,</strong></span> <span class='ocrx_word' id='word_1_664' title='bbox 2400 4710 2545 4764; x_wconf 90' lang='lat' dir='ltr'><strong>cultu</strong></span> <span class='ocrx_word' id='word_1_665' title='bbox 2570 4722 2887 4764; x_wconf 89' lang='lat' dir='ltr'><strong>veneremur</strong></span> <span class='ocrx_word' id='word_1_666' title='bbox 2922 4708 3065 4763; x_wconf 89' lang='lat' dir='ltr'><strong>hunc</strong></span> <span class='ocrx_word' id='word_1_667' title='bbox 3096 4706 3376 4777; x_wconf 83' lang='lat' dir='ltr'><strong>Spiritum,</strong></span> <span class='ocrx_word' id='word_1_668' title='bbox 3408 4705 3498 4760; x_wconf 88' lang='lat' dir='ltr'><strong>cui</strong></span> <span class='ocrx_word' id='word_1_669' title='bbox 3538 4704 3681 4774; x_wconf 87' lang='lat' dir='ltr'><strong>plena</strong></span> <span class='ocrx_word' id='word_1_670' title='bbox 3708 4717 3782 4756; x_wconf 86' lang='lat' dir='ltr'><strong>re-</strong></span> 
     </span>
    </p>
   </div>
   <div class='ocr_carea' id='block_1_94' title="bbox 568 4795 2133 4864">
    <p class='ocr_par' dir='ltr' id='par_1_94' title="bbox 568 4795 2133 4864">
     <span class='ocr_line' id='line_1_94' title="bbox 568 4795 2133 4864; baseline 0 -14"><span class='ocrx_word' id='word_1_671' title='bbox 568 4803 687 4851; x_wconf 89' lang='lat' dir='ltr'><strong>stus</strong></span> <span class='ocrx_word' id='word_1_672' title='bbox 727 4809 956 4862; x_wconf 85' lang='lat' dir='ltr'><strong>namque</strong></span> <span class='ocrx_word' id='word_1_673' title='bbox 995 4810 1094 4864; x_wconf 90' lang='lat' dir='ltr'><strong>pro</strong></span> <span class='ocrx_word' id='word_1_674' title='bbox 1134 4795 1306 4850; x_wconf 87' lang='lat' dir='ltr'><strong>salute</strong></span> <span class='ocrx_word' id='word_1_675' title='bbox 1339 4805 1522 4852; x_wconf 89' lang='lat' dir='ltr'><strong>nostra</strong></span> <span class='ocrx_word' id='word_1_676' title='bbox 1559 4797 1628 4853; x_wconf 91' lang='lat' dir='ltr'><strong>de</strong></span> <span class='ocrx_word' id='word_1_677' title='bbox 1658 4796 1853 4852; x_wconf 85' lang='lat' dir='ltr'><strong>femina</strong></span> <span class='ocrx_word' id='word_1_678' title='bbox 1882 4798 2133 4863; x_wconf 87' lang='lat' dir='ltr'><strong>nascitur,</strong></span> 
     </span>
    </p>
   </div>
   <div class='ocr_carea' id='block_1_95' title="bbox 573 4885 2135 4958">
    <p class='ocr_par' dir='ltr' id='par_1_95' title="bbox 573 4885 2135 4958">
     <span class='ocr_line' id='line_1_95' title="bbox 573 4885 2135 4958; baseline -0.001 -16"><span class='ocrx_word' id='word_1_679' title='bbox 573 4887 667 4942; x_wconf 89' lang='lat' dir='ltr'><strong>sed</strong></span> <span class='ocrx_word' id='word_1_680' title='bbox 697 4886 969 4941; x_wconf 87' lang='lat' dir='ltr'><strong>hominem</strong></span> <span class='ocrx_word' id='word_1_681' title='bbox 995 4885 1168 4955; x_wconf 88' lang='lat' dir='ltr'><strong>ipsum</strong></span> <span class='ocrx_word' id='word_1_682' title='bbox 1211 4885 1441 4955; x_wconf 87' lang='lat' dir='ltr'><strong>Spiritus</strong></span> <span class='ocrx_word' id='word_1_683' title='bbox 1463 4896 1782 4958; x_wconf 88' lang='lat' dir='ltr'><strong>cooperatur</strong></span> <span class='ocrx_word' id='word_1_684' title='bbox 1818 4888 1868 4941; x_wconf 91' lang='lat' dir='ltr'><strong>in</strong></span> <span class='ocrx_word' id='word_1_685' title='bbox 1899 4888 2135 4955; x_wconf 77' lang='lat' dir='ltr'><strong>Virgine,</strong></span> 
     </span>
    </p>
   </div>
   <div class='ocr_carea' id='block_1_96' title="bbox 571 4975 2139 5048">
    <p class='ocr_par' dir='ltr' id='par_1_96' title="bbox 571 4975 2139 5048">
     <span class='ocr_line' id='line_1_96' title="bbox 571 4975 2139 5048; baseline -0.001 -16"><span class='ocrx_word' id='word_1_686' title='bbox 571 4978 712 5032; x_wconf 86' lang='lat' dir='ltr'><strong>sicut</strong></span> <span class='ocrx_word' id='word_1_687' title='bbox 731 4976 932 5029; x_wconf 78' lang='lat' dir='ltr'><strong>dictum</strong></span> <span class='ocrx_word' id='word_1_688' title='bbox 958 4984 1041 5031; x_wconf 89' lang='lat' dir='ltr'><strong>est</strong></span> <span class='ocrx_word' id='word_1_689' title='bbox 1064 4975 1133 5030; x_wconf 90' lang='lat' dir='ltr'><strong>ad</strong></span> <span class='ocrx_word' id='word_1_690' title='bbox 1156 4975 1371 5030; x_wconf 88' lang='lat' dir='ltr'><strong>beatam</strong></span> <span class='ocrx_word' id='word_1_691' title='bbox 1393 4976 1611 5031; x_wconf 73' lang='lat' dir='ltr'><strong>Mariam</strong></span> <span class='ocrx_word' id='word_1_692' title='bbox 1644 4996 1657 5031; x_wconf 90' lang='lat'><strong>:</strong></span> <span class='ocrx_word' id='word_1_693' title='bbox 1689 4978 1911 5048; x_wconf 84' lang='lat' dir='ltr'><strong>Spiritus</strong></span> <span class='ocrx_word' id='word_1_694' title='bbox 1933 4986 2139 5031; x_wconf 87' lang='lat' dir='ltr'><strong>sanctus</strong></span> 
     </span>
    </p>
   </div>
   <div class='ocr_carea' id='block_1_97' title="bbox 568 5066 2141 5135">
    <p class='ocr_par' dir='ltr' id='par_1_97' title="bbox 568 5066 2141 5135">
     <span class='ocr_line' id='line_1_97' title="bbox 568 5066 2141 5135; baseline 0.001 -15"><span class='ocrx_word' id='word_1_695' title='bbox 568 5067 887 5135; x_wconf 77' lang='lat' dir='ltr'><strong>superveniet</strong></span> <span class='ocrx_word' id='word_1_696' title='bbox 920 5066 974 5119; x_wconf 86' lang='lat' dir='ltr'><strong>in</strong></span> <span class='ocrx_word' id='word_1_697' title='bbox 1002 5072 1071 5133; x_wconf 88' lang='lat' dir='ltr'><strong>te,</strong></span> <span class='ocrx_word' id='word_1_698' title='bbox 1105 5074 1155 5118; x_wconf 86' lang='lat' dir='ltr'><strong>et</strong></span> <span class='ocrx_word' id='word_1_699' title='bbox 1196 5066 1357 5120; x_wconf 82' lang='lat' dir='ltr'><strong>virtus</strong></span> <span class='ocrx_word' id='word_1_700' title='bbox 1397 5066 1645 5121; x_wconf 81' lang='lat' dir='ltr'><strong>Altissimi</strong></span> <span class='ocrx_word' id='word_1_701' title='bbox 1690 5066 2009 5121; x_wconf 84' lang='lat' dir='ltr'><strong>obumbrabit</strong></span> <span class='ocrx_word' id='word_1_702' title='bbox 2052 5067 2141 5121; x_wconf 81' lang='lat' dir='ltr'><strong>tibi</strong></span> 
     </span>
    </p>
   </div>
   <div class='ocr_carea' id='block_1_98' title="bbox 575 5154 2143 5225">
    <p class='ocr_par' dir='ltr' id='par_1_98' title="bbox 575 5154 2143 5225">
     <span class='ocr_line' id='line_1_98' title="bbox 575 5154 2143 5225; baseline 0.001 -14"><span class='ocrx_word' id='word_1_703' title='bbox 575 5156 725 5225; x_wconf 85' lang='lat' dir='ltr'><strong>(Luc.</strong></span> <span class='ocrx_word' id='word_1_704' title='bbox 754 5156 813 5225; x_wconf 83' lang='grc' dir='ltr'><strong>ι).</strong></span> <span class='ocrx_word' id='word_1_705' title='bbox 838 5154 1146 5223; x_wconf 82' lang='lat' dir='ltr'><strong>Baptizatur</strong></span> <span class='ocrx_word' id='word_1_706' title='bbox 1172 5156 1333 5209; x_wconf 87' lang='lat' dir='ltr'><strong>etiam</strong></span> <span class='ocrx_word' id='word_1_707' title='bbox 1356 5172 1453 5225; x_wconf 79' lang='lat' dir='ltr'><strong>pro</strong></span> <span class='ocrx_word' id='word_1_708' title='bbox 1478 5158 1631 5212; x_wconf 87' lang='lat' dir='ltr'><strong>nobis</strong></span> <span class='ocrx_word' id='word_1_709' title='bbox 1654 5158 1707 5211; x_wconf 86' lang='lat' dir='ltr'><strong>in</strong></span> <span class='ocrx_word' id='word_1_710' title='bbox 1729 5157 1959 5213; x_wconf 71' lang='lat' dir='ltr'><strong>Iordane</strong></span> <span class='ocrx_word' id='word_1_711' title='bbox 1978 5158 2143 5213; x_wconf 87' lang='lat' dir='ltr'><strong>Filius</strong></span> 
     </span>
    </p>
   </div>
   <div class='ocr_carea' id='block_1_99' title="bbox 570 5243 2143 5317">
    <p class='ocr_par' dir='ltr' id='par_1_99' title="bbox 570 5243 2143 5317">
     <span class='ocr_line' id='line_1_99' title="bbox 570 5243 2143 5317; baseline 0 -14"><span class='ocrx_word' id='word_1_712' title='bbox 570 5248 698 5312; x_wconf 87' lang='lat' dir='ltr'><strong>Dei,</strong></span> <span class='ocrx_word' id='word_1_713' title='bbox 730 5246 823 5301; x_wconf 89' lang='lat' dir='ltr'><strong>sed</strong></span> <span class='ocrx_word' id='word_1_714' title='bbox 854 5245 921 5299; x_wconf 90' lang='lat' dir='ltr'><strong>ad</strong></span> <span class='ocrx_word' id='word_1_715' title='bbox 950 5243 1349 5315; x_wconf 80' lang='lat' dir='ltr'><strong>gloriﬁcandum</strong></span> <span class='ocrx_word' id='word_1_716' title='bbox 1378 5247 1493 5316; x_wconf 89' lang='lat' dir='ltr'><strong>ejus</strong></span> <span class='ocrx_word' id='word_1_717' title='bbox 1527 5248 1865 5317; x_wconf 89' lang='lat' dir='ltr'><strong>baptismum,</strong></span> <span class='ocrx_word' id='word_1_718' title='bbox 1896 5248 2050 5304; x_wconf 89' lang='lat' dir='ltr'><strong>adest</strong></span> <span class='ocrx_word' id='word_1_719' title='bbox 2074 5251 2143 5303; x_wconf 86' lang='lat' dir='ltr'><strong>de</strong></span> 
     </span>
    </p>
   </div>
   <div class='ocr_carea' id='block_1_100' title="bbox 568 5334 2141 5407">
    <p class='ocr_par' dir='ltr' id='par_1_100' title="bbox 568 5334 2141 5407">
     <span class='ocr_line' id='line_1_100' title="bbox 568 5334 2141 5407; baseline 0 -16"><span class='ocrx_word' id='word_1_720' title='bbox 568 5338 727 5391; x_wconf 74' lang='lat' dir='ltr'><strong>emlis</strong></span> <span class='ocrx_word' id='word_1_721' title='bbox 752 5334 981 5404; x_wconf 80' lang='lat' dir='ltr'><strong>Spiritus</strong></span> <span class='ocrx_word' id='word_1_722' title='bbox 1004 5345 1219 5391; x_wconf 89' lang='lat' dir='ltr'><strong>sanctus</strong></span> <span class='ocrx_word' id='word_1_723' title='bbox 1240 5338 1292 5391; x_wconf 89' lang='lat' dir='ltr'><strong>in</strong></span> <span class='ocrx_word' id='word_1_724' title='bbox 1320 5338 1582 5393; x_wconf 86' lang='lat' dir='ltr'><strong>columba.</strong></span> <span class='ocrx_word' id='word_1_725' title='bbox 1607 5336 1784 5407; x_wconf 86' lang='lat' dir='ltr'><strong>Usque</strong></span> <span class='ocrx_word' id='word_1_726' title='bbox 1810 5339 1944 5392; x_wconf 88' lang='lat' dir='ltr'><strong>adeo</strong></span> <span class='ocrx_word' id='word_1_727' title='bbox 1964 5346 2141 5392; x_wconf 90' lang='lat' dir='ltr'><strong>autem</strong></span> 
     </span>
    </p>
   </div>
   <div class='ocr_carea' id='block_1_101' title="bbox 574 5427 2143 5503">
    <p class='ocr_par' dir='ltr' id='par_1_101' title="bbox 574 5427 2143 5503">
     <span class='ocr_line' id='line_1_101' title="bbox 574 5427 2143 5503; baseline -0.004 -15"><span class='ocrx_word' id='word_1_728' title='bbox 574 5444 739 5481; x_wconf 75' lang='lat' dir='ltr'><strong>unum</strong></span> <span class='ocrx_word' id='word_1_729' title='bbox 774 5434 853 5480; x_wconf 66' lang='lat' dir='ltr'><strong>est</strong></span> <span class='ocrx_word' id='word_1_730' title='bbox 888 5427 992 5482; x_wconf 73' lang='lat' dir='ltr'><strong>illis</strong></span> <span class='ocrx_word' id='word_1_731' title='bbox 1018 5432 1352 5503; x_wconf 83' lang='lat' dir='ltr'><strong>propositum</strong></span> <span class='ocrx_word' id='word_1_732' title='bbox 1374 5444 1645 5497; x_wconf 84' lang='lat' dir='ltr'><strong>unumque</strong></span> <span class='ocrx_word' id='word_1_733' title='bbox 1681 5428 1979 5490; x_wconf 87' lang='lat' dir='ltr'><strong>consilium,</strong></span> <span class='ocrx_word' id='word_1_734' title='bbox 2003 5436 2061 5481; x_wconf 91' lang='lat' dir='ltr'><strong>ut</strong></span> <span class='ocrx_word' id='word_1_735' title='bbox 2088 5435 2143 5481; x_wconf 90' lang='lat' dir='ltr'><strong>et</strong></span> 
     </span>
    </p>
   </div>
   <div class='ocr_carea' id='block_1_102' title="bbox 574 5514 2141 5589">
    <p class='ocr_par' dir='ltr' id='par_1_102' title="bbox 574 5514 2141 5589">
     <span class='ocr_line' id='line_1_102' title="bbox 574 5514 2141 5589; baseline 0 -19"><span class='ocrx_word' id='word_1_736' title='bbox 574 5514 820 5573; x_wconf 89' lang='lat' dir='ltr'><strong>Christus</strong></span> <span class='ocrx_word' id='word_1_737' title='bbox 844 5517 1102 5589; x_wconf 82' lang='lat' dir='ltr'><strong>Spiritum</strong></span> <span class='ocrx_word' id='word_1_738' title='bbox 1133 5517 1467 5585; x_wconf 84' lang='lat' dir='ltr'><strong>repromittat</strong></span> <span class='ocrx_word' id='word_1_739' title='bbox 1487 5519 1807 5581; x_wconf 88' lang='lat' dir='ltr'><strong>hominibus,</strong></span> <span class='ocrx_word' id='word_1_740' title='bbox 1831 5526 1886 5572; x_wconf 92' lang='lat' dir='ltr'><strong>et</strong></span> <span class='ocrx_word' id='word_1_741' title='bbox 1912 5517 2141 5585; x_wconf 88' lang='lat' dir='ltr'><strong>Spiritus</strong></span> 
     </span>
    </p>
   </div>
   <div class='ocr_carea' id='block_1_103' title="bbox 576 5606 2140 5675">
    <p class='ocr_par' dir='ltr' id='par_1_103' title="bbox 576 5606 2140 5675">
     <span class='ocr_line' id='line_1_103' title="bbox 576 5606 2140 5675; baseline -0.003 -12"><span class='ocrx_word' id='word_1_742' title='bbox 576 5610 858 5663; x_wconf 85' lang='lat' dir='ltr'><strong>annuntict</strong></span> <span class='ocrx_word' id='word_1_743' title='bbox 892 5607 1197 5675; x_wconf 85' lang='lat' dir='ltr'><strong>Christum,</strong></span> <span class='ocrx_word' id='word_1_744' title='bbox 1235 5607 1447 5662; x_wconf 89' lang='lat' dir='ltr'><strong>dicente</strong></span> <span class='ocrx_word' id='word_1_745' title='bbox 1493 5608 1718 5662; x_wconf 89' lang='lat' dir='ltr'><strong>Domino</strong></span> <span class='ocrx_word' id='word_1_746' title='bbox 1750 5606 1911 5661; x_wconf 89' lang='lat' dir='ltr'><strong>:Cum</strong></span> <span class='ocrx_word' id='word_1_747' title='bbox 1952 5608 2140 5659; x_wconf 81' lang='lat' dir='ltr'><strong>venerit</strong></span> 
     </span>
    </p>
   </div>
   <div class='ocr_carea' id='block_1_104' title="bbox 583 5694 2135 5771">
    <p class='ocr_par' dir='ltr' id='par_1_104' title="bbox 583 5694 2135 5771">
     <span class='ocr_line' id='line_1_104' title="bbox 583 5694 2135 5771; baseline 0.001 -21"><span class='ocrx_word' id='word_1_748' title='bbox 583 5694 895 5765; x_wconf 74' lang='lat' dir='ltr'><strong>l’araditus,</strong></span> <span class='ocrx_word' id='word_1_749' title='bbox 938 5715 1083 5771; x_wconf 84' lang='lat' dir='ltr'><strong>quem</strong></span> <span class='ocrx_word' id='word_1_750' title='bbox 1119 5714 1210 5769; x_wconf 82' lang='lat' dir='ltr'><strong>ego</strong></span> <span class='ocrx_word' id='word_1_751' title='bbox 1250 5699 1393 5753; x_wconf 76' lang='lat' dir='ltr'><strong>mitto</strong></span> <span class='ocrx_word' id='word_1_752' title='bbox 1428 5699 1572 5752; x_wconf 79' lang='lat' dir='ltr'><strong>robis</strong></span> <span class='ocrx_word' id='word_1_753' title='bbox 1616 5714 1647 5749; x_wconf 84' lang='grc' dir='ltr'><em>α</em></span> <span class='ocrx_word' id='word_1_754' title='bbox 1692 5698 1847 5751; x_wconf 86' lang='lat' dir='ltr'><strong>Patre</strong></span> <span class='ocrx_word' id='word_1_755' title='bbox 1887 5697 2135 5769; x_wconf 79' lang='lat' dir='ltr'><strong>Spiritum</strong></span> 
     </span>
    </p>
   </div>
   <div class='ocr_carea' id='block_1_105' title="bbox 2243 4796 3779 4869">
    <p class='ocr_par' dir='ltr' id='par_1_105' title="bbox 2243 4796 3779 4869">
     <span class='ocr_line' id='line_1_105' title="bbox 2243 4796 3779 4869; baseline 0 -15"><span class='ocrx_word' id='word_1_756' title='bbox 2243 4800 2528 4869; x_wconf 78' lang='lat' dir='ltr'><strong>generandi</strong></span> <span class='ocrx_word' id='word_1_757' title='bbox 2555 4801 2741 4864; x_wconf 87' lang='lat' dir='ltr'><strong>virtus,</strong></span> <span class='ocrx_word' id='word_1_758' title='bbox 2771 4808 2825 4854; x_wconf 90' lang='lat' dir='ltr'><strong>et</strong></span> <span class='ocrx_word' id='word_1_759' title='bbox 2854 4808 3070 4868; x_wconf 88' lang='lat' dir='ltr'><strong>peccata</strong></span> <span class='ocrx_word' id='word_1_760' title='bbox 3110 4796 3416 4853; x_wconf 83' lang='lat' dir='ltr'><strong>remittendl</strong></span> <span class='ocrx_word' id='word_1_761' title='bbox 3442 4803 3670 4867; x_wconf 79' lang='lat' dir='ltr'><strong>potestas</strong></span> <span class='ocrx_word' id='word_1_762' title='bbox 3693 4801 3779 4854; x_wconf 72' lang='grc' dir='ltr'><strong>εει,</strong></span> 
     </span>
    </p>
   </div>
   <div class='ocr_carea' id='block_1_106' title="bbox 2240 4881 3780 4957">
    <p class='ocr_par' dir='ltr' id='par_1_106' title="bbox 2240 4881 3780 4957">
     <span class='ocr_line' id='line_1_106' title="bbox 2240 4881 3780 4957; baseline -0.001 -11"><span class='ocrx_word' id='word_1_763' title='bbox 2240 4892 2379 4946; x_wconf 86' lang='lat' dir='ltr'><strong>sicut</strong></span> <span class='ocrx_word' id='word_1_764' title='bbox 2406 4890 2617 4945; x_wconf 90' lang='lat' dir='ltr'><strong>instruit</strong></span> <span class='ocrx_word' id='word_1_765' title='bbox 2644 4890 2900 4945; x_wconf 90' lang='lat' dir='ltr'><strong>Dominus</strong></span> <span class='ocrx_word' id='word_1_766' title='bbox 2941 4887 3229 4957; x_wconf 84' lang='lat' dir='ltr'><strong>discipulos</strong></span> <span class='ocrx_word' id='word_1_767' title='bbox 3272 4902 3419 4951; x_wconf 84' lang='lat' dir='ltr'><strong>suos,</strong></span> <span class='ocrx_word' id='word_1_768' title='bbox 3450 4884 3663 4940; x_wconf 80' lang='lat' dir='ltr'><strong>dicem:</strong></span> <span class='ocrx_word' id='word_1_769' title='bbox 3693 4881 3780 4945; x_wconf 68' lang='lat' dir='ltr'><strong>Ite.</strong></span> 
     </span>
    </p>
   </div>
   <div class='ocr_carea' id='block_1_107' title="bbox 2244 4971 3780 5049">
    <p class='ocr_par' dir='ltr' id='par_1_107' title="bbox 2244 4971 3780 5049">
     <span class='ocr_line' id='line_1_107' title="bbox 2244 4971 3780 5049; baseline -0.005 -17"><span class='ocrx_word' id='word_1_770' title='bbox 2244 4982 2420 5033; x_wconf 86' lang='lat' dir='ltr'><strong>docete</strong></span> <span class='ocrx_word' id='word_1_771' title='bbox 2441 4996 2614 5033; x_wconf 87' lang='lat' dir='ltr'><strong>omnes</strong></span> <span class='ocrx_word' id='word_1_772' title='bbox 2635 4989 2829 5049; x_wconf 77' lang='lat' dir='ltr'><strong>gentes,</strong></span> <span class='ocrx_word' id='word_1_773' title='bbox 2853 4977 3174 5049; x_wconf 72' lang='lat' dir='ltr'><strong>baptizantes</strong></span> <span class='ocrx_word' id='word_1_774' title='bbox 3196 4992 3286 5031; x_wconf 85' lang='lat' dir='ltr'><strong>eas</strong></span> <span class='ocrx_word' id='word_1_775' title='bbox 3314 4976 3370 5029; x_wconf 86' lang='lat' dir='ltr'><strong>in</strong></span> <span class='ocrx_word' id='word_1_776' title='bbox 3400 4976 3602 5029; x_wconf 80' lang='lat' dir='ltr'><strong>nomine</strong></span> <span class='ocrx_word' id='word_1_777' title='bbox 3626 4971 3780 5026; x_wconf 80' lang='lat' dir='ltr'><strong>Patris</strong></span> 
     </span>
    </p>
   </div>
   <div class='ocr_carea' id='block_1_108' title="bbox 2245 5061 3775 5140">
    <p class='ocr_par' dir='ltr' id='par_1_108' title="bbox 2245 5061 3775 5140">
     <span class='ocr_line' id='line_1_108' title="bbox 2245 5061 3775 5140; baseline -0.008 -15"><span class='ocrx_word' id='word_1_778' title='bbox 2245 5082 2293 5125; x_wconf 91' lang='lat' dir='ltr'><strong>et</strong></span> <span class='ocrx_word' id='word_1_779' title='bbox 2329 5070 2475 5136; x_wconf 81' lang='lat' dir='ltr'><strong>Filii,</strong></span> <span class='ocrx_word' id='word_1_780' title='bbox 2516 5080 2562 5124; x_wconf 87' lang='lat' dir='ltr'><strong>et</strong></span> <span class='ocrx_word' id='word_1_781' title='bbox 2603 5070 2829 5140; x_wconf 87' lang='lat' dir='ltr'><strong>Spiritus</strong></span> <span class='ocrx_word' id='word_1_782' title='bbox 2874 5070 3040 5123; x_wconf 86' lang='lat' dir='ltr'><strong>sancti</strong></span> <span class='ocrx_word' id='word_1_783' title='bbox 3089 5066 3303 5139; x_wconf 69' lang='lat' dir='ltr'><strong>(Matth.</strong></span> <span class='ocrx_word' id='word_1_784' title='bbox 3348 5065 3530 5135; x_wconf 80' lang='lat' dir='ltr'><strong>xvm);</strong></span> <span class='ocrx_word' id='word_1_785' title='bbox 3558 5071 3611 5119; x_wconf 89' lang='lat' dir='ltr'><strong>et</strong></span> <span class='ocrx_word' id='word_1_786' title='bbox 3636 5061 3775 5117; x_wconf 84' lang='lat' dir='ltr'><strong>alibi:</strong></span> 
     </span>
    </p>
   </div>
   <div class='ocr_carea' id='block_1_109' title="bbox 2243 5155 3775 5231">
    <p class='ocr_par' dir='ltr' id='par_1_109' title="bbox 2243 5155 3775 5231">
     <span class='ocr_line' id='line_1_109' title="bbox 2243 5155 3775 5231; baseline -0.005 -18"><span class='ocrx_word' id='word_1_787' title='bbox 2243 5161 2469 5231; x_wconf 81' lang='lat' dir='ltr'><strong>Accipite</strong></span> <span class='ocrx_word' id='word_1_788' title='bbox 2512 5160 2765 5231; x_wconf 85' lang='lat' dir='ltr'><strong>Spiritum</strong></span> <span class='ocrx_word' id='word_1_789' title='bbox 2802 5167 3072 5213; x_wconf 82' lang='lat' dir='ltr'><strong>sanctum:</strong></span> <span class='ocrx_word' id='word_1_790' title='bbox 3103 5173 3317 5228; x_wconf 82' lang='lat' dir='ltr'><strong>quorum</strong></span> <span class='ocrx_word' id='word_1_791' title='bbox 3355 5155 3646 5210; x_wconf 82' lang='lat' dir='ltr'><strong>remiseritis</strong></span> <span class='ocrx_word' id='word_1_792' title='bbox 3677 5169 3775 5221; x_wconf 66' lang='lat' dir='ltr'><strong>pu-</strong></span> 
     </span>
    </p>
   </div>
   <div class='ocr_carea' id='block_1_110' title="bbox 2243 5246 3778 5319">
    <p class='ocr_par' dir='ltr' id='par_1_110' title="bbox 2243 5246 3778 5319">
     <span class='ocr_line' id='line_1_110' title="bbox 2243 5246 3778 5319; baseline -0.006 -17"><span class='ocrx_word' id='word_1_793' title='bbox 2243 5260 2379 5315; x_wconf 88' lang='lat' dir='ltr'><strong>cata,</strong></span> <span class='ocrx_word' id='word_1_794' title='bbox 2403 5250 2616 5304; x_wconf 80' lang='lat' dir='ltr'><strong>remissa</strong></span> <span class='ocrx_word' id='word_1_795' title='bbox 2639 5258 2773 5314; x_wconf 84' lang='lat' dir='ltr'><strong>sunt,</strong></span> <span class='ocrx_word' id='word_1_796' title='bbox 2799 5257 2847 5302; x_wconf 85' lang='lat' dir='ltr'><strong>et</strong></span> <span class='ocrx_word' id='word_1_797' title='bbox 2868 5263 3083 5319; x_wconf 86' lang='lat' dir='ltr'><strong>quorum</strong></span> <span class='ocrx_word' id='word_1_798' title='bbox 3106 5246 3437 5311; x_wconf 79' lang='lat' dir='ltr'><strong>retinueritis,</strong></span> <span class='ocrx_word' id='word_1_799' title='bbox 3466 5246 3658 5297; x_wconf 76' lang='lat' dir='ltr'><strong>detenta</strong></span> <span class='ocrx_word' id='word_1_800' title='bbox 3680 5250 3778 5295; x_wconf 70' lang='lat' dir='ltr'><strong>sunt</strong></span> 
     </span>
    </p>
   </div>
   <div class='ocr_carea' id='block_1_111' title="bbox 2246 5331 3778 5411">
    <p class='ocr_par' dir='ltr' id='par_1_111' title="bbox 2246 5331 3778 5411">
     <span class='ocr_line' id='line_1_111' title="bbox 2246 5331 3778 5411; baseline -0.007 -18"><span class='ocrx_word' id='word_1_801' title='bbox 2246 5340 2423 5411; x_wconf 78' lang='lat' dir='ltr'><strong>(Joan.</strong></span> <span class='ocrx_word' id='word_1_802' title='bbox 2466 5342 2577 5411; x_wconf 83' lang='lat' dir='ltr'><strong>xx).</strong></span> <span class='ocrx_word' id='word_1_803' title='bbox 2620 5338 2750 5406; x_wconf 88' lang='lat' dir='ltr'><strong>Quis</strong></span> <span class='ocrx_word' id='word_1_804' title='bbox 2798 5339 2957 5409; x_wconf 84' lang='lat' dir='ltr'><strong>igitur</strong></span> <span class='ocrx_word' id='word_1_805' title='bbox 2990 5344 3097 5391; x_wconf 91' lang='lat' dir='ltr'><strong>tam</strong></span> <span class='ocrx_word' id='word_1_806' title='bbox 3140 5335 3362 5390; x_wconf 90' lang='lat' dir='ltr'><strong>demens</strong></span> <span class='ocrx_word' id='word_1_807' title='bbox 3400 5335 3545 5389; x_wconf 89' lang='lat' dir='ltr'><strong>hunc</strong></span> <span class='ocrx_word' id='word_1_808' title='bbox 3578 5331 3778 5400; x_wconf 79' lang='lat' dir='ltr'><strong>ambigat</strong></span> 
     </span>
    </p>
   </div>
   <div class='ocr_carea' id='block_1_112' title="bbox 2246 5422 3777 5496">
    <p class='ocr_par' dir='ltr' id='par_1_112' title="bbox 2246 5422 3777 5496">
     <span class='ocr_line' id='line_1_112' title="bbox 2246 5422 3777 5496; baseline -0.008 -11"><span class='ocrx_word' id='word_1_809' title='bbox 2246 5446 2363 5487; x_wconf 82' lang='lat' dir='ltr'><strong>esse</strong></span> <span class='ocrx_word' id='word_1_810' title='bbox 2392 5431 2578 5496; x_wconf 90' lang='lat' dir='ltr'><strong>Deum,</strong></span> <span class='ocrx_word' id='word_1_811' title='bbox 2609 5430 2694 5485; x_wconf 92' lang='lat' dir='ltr'><strong>cui</strong></span> <span class='ocrx_word' id='word_1_812' title='bbox 2726 5446 2847 5485; x_wconf 89' lang='lat' dir='ltr'><strong>cum</strong></span> <span class='ocrx_word' id='word_1_813' title='bbox 2874 5427 3031 5482; x_wconf 87' lang='lat' dir='ltr'><strong>Patre</strong></span> <span class='ocrx_word' id='word_1_814' title='bbox 3058 5434 3113 5482; x_wconf 86' lang='lat' dir='ltr'><strong>et</strong></span> <span class='ocrx_word' id='word_1_815' title='bbox 3145 5424 3280 5480; x_wconf 86' lang='lat' dir='ltr'><strong>Filio</strong></span> <span class='ocrx_word' id='word_1_816' title='bbox 3307 5423 3660 5495; x_wconf 86' lang='lat' dir='ltr'><strong>inseparabilis</strong></span> <span class='ocrx_word' id='word_1_817' title='bbox 3684 5422 3777 5491; x_wconf 79' lang='lat' dir='ltr'><strong>glo-</strong></span> 
     </span>
    </p>
   </div>
   <div class='ocr_carea' id='block_1_113' title="bbox 2245 5514 3776 5585">
    <p class='ocr_par' dir='ltr' id='par_1_113' title="bbox 2245 5514 3776 5585">
     <span class='ocr_line' id='line_1_113' title="bbox 2245 5514 3776 5585; baseline -0.006 -11"><span class='ocrx_word' id='word_1_818' title='bbox 2245 5520 2324 5573; x_wconf 86' lang='lat' dir='ltr'><strong>ria</strong></span> <span class='ocrx_word' id='word_1_819' title='bbox 2368 5528 2424 5574; x_wconf 90' lang='lat' dir='ltr'><strong>et</strong></span> <span class='ocrx_word' id='word_1_820' title='bbox 2467 5533 2664 5574; x_wconf 91' lang='lat' dir='ltr'><strong>nomen</strong></span> <span class='ocrx_word' id='word_1_821' title='bbox 2706 5526 2790 5574; x_wconf 92' lang='lat' dir='ltr'><strong>est</strong></span> <span class='ocrx_word' id='word_1_822' title='bbox 2826 5517 3128 5584; x_wconf 88' lang='lat' dir='ltr'><strong>indivisum,</strong></span> <span class='ocrx_word' id='word_1_823' title='bbox 3156 5516 3248 5585; x_wconf 91' lang='lat' dir='ltr'><strong>qui</strong></span> <span class='ocrx_word' id='word_1_824' title='bbox 3275 5514 3632 5570; x_wconf 87' lang='lat' dir='ltr'><strong>dominatione</strong></span> <span class='ocrx_word' id='word_1_825' title='bbox 3652 5527 3776 5567; x_wconf 82' lang='lat' dir='ltr'><strong>com-</strong></span> 
     </span>
    </p>
   </div>
   <div class='ocr_carea' id='block_1_114' title="bbox 2244 5602 3774 5678">
    <p class='ocr_par' dir='ltr' id='par_1_114' title="bbox 2244 5602 3774 5678">
     <span class='ocr_line' id='line_1_114' title="bbox 2244 5602 3774 5678; baseline -0.005 -17"><span class='ocrx_word' id='word_1_826' title='bbox 2244 5609 2391 5662; x_wconf 88' lang='lat' dir='ltr'><strong>muni</strong></span> <span class='ocrx_word' id='word_1_827' title='bbox 2429 5618 2483 5663; x_wconf 82' lang='lat' dir='ltr'><strong>et</strong></span> <span class='ocrx_word' id='word_1_828' title='bbox 2521 5608 2791 5678; x_wconf 85' lang='lat' dir='ltr'><strong>peccantis</strong></span> <span class='ocrx_word' id='word_1_829' title='bbox 2832 5606 3135 5677; x_wconf 86' lang='lat' dir='ltr'><strong>superbiam</strong></span> <span class='ocrx_word' id='word_1_830' title='bbox 3162 5606 3334 5676; x_wconf 86' lang='lat' dir='ltr'><strong>punit,</strong></span> <span class='ocrx_word' id='word_1_831' title='bbox 3369 5612 3428 5660; x_wconf 86' lang='lat' dir='ltr'><strong>ct</strong></span> <span class='ocrx_word' id='word_1_832' title='bbox 3465 5602 3774 5659; x_wconf 82' lang='lat' dir='ltr'><strong>humilitatem</strong></span> 
     </span>
    </p>
   </div>
   <div class='ocr_carea' id='block_1_115' title="bbox 2244 5696 2949 5765">
    <p class='ocr_par' dir='ltr' id='par_1_115' title="bbox 2244 5696 2949 5765">
     <span class='ocr_line' id='line_1_115' title="bbox 2244 5696 2949 5765; baseline -0.004 -12"><span class='ocrx_word' id='word_1_833' title='bbox 2244 5696 2541 5755; x_wconf 80' lang='lat' dir='ltr'><strong>confitentis</strong></span> <span class='ocrx_word' id='word_1_834' title='bbox 2571 5698 2815 5765; x_wconf 84' lang='lat' dir='ltr'><strong>absolvit,</strong></span> <span class='ocrx_word' id='word_1_835' title='bbox 2847 5705 2949 5752; x_wconf 86' lang='lat' dir='ltr'><strong>etc.</strong></span> 
     </span>
    </p>
   </div>
  </div>
