3896 6250
43 377 137 433 637

1471 369 1702 430 δεηῃο
1738 369 1867 427 LIII.

3204 361 3312 421 638

1450 484 1717 545 SERMO
1761 483 1889 543 LII.

1412 582 1490 637 De
1528 583 1829 636 Pentecoste
1874 580 1935 634 γ.

50 703 431 749 Aacuusnruu.
456 723 535 734 —
557 691 809 763 Spiritum
830 689 1173 753 Paracletum,
1196 690 1284 752 qui
1309 688 1504 763 Filium
1522 687 1626 763 _Dei
1653 694 1699 749 Α
1730 690 1963 753 dilectus,
1992 689 2046 742 in
2077 704 2176 759 quo
2208 686 2334 743 bene
2364 688 2653 759 (σωριαωὶ
2694 687 2904 759 (Matth.
2950 688 3103 759 xvu).
3134 688 3312 758 Atque

108 784 196 834 pro
237 758 611 834 redeatptione'
643 761 815 834 mundi
850 768 1118 834 venturum
1161 759 1469 834 repromisit,
1515 758 1625 828 ipse

111 826 496 901 Redemptor}
529 826 691 883 Patre
726 826 1027 901 mittendum
1066 826 1345 901 discipulis
1371 829 1475 880 suis
1522 826 1622 901 an.

110 894 383 955 nuntiauit.
432 900 787 953 Personarum
814 905 887 950 est
919 894 1205 949 indiscreta
1238 895 1499 963 majestas,
1533 894 1625 947 sed

109 972 353 1024 distincta
384 969 700 1037 proprietas.
723 964 880 1037 Quis,
917 964 1023 1037 nisi
1060 965 1402 1037 forteimpius
1430 963 1627 1017 haereti-

108 1057 191 1092 cus
226 1046 318 1161 agt
354 1031 593 1107 perﬁdus
628 1035 857 1102 Judteus,
893 1031 1086 1086 dubitet
1116 1031 1367 1104 Spiritum
1392 1040 1627 1087 sanctum

113 1125 221 1161 esse
296 1123 441 1161 eum.

113 1125 221 1163 εδει
244 1123 441 1161 Deum.

110 1223 186 1275 Ab
208 1222 365 1275 initio
387 1218 730 1283 saeculorum,
760 1216 952 1273 fratres
980 1215 1259 1279 carissimi,
1284 1229 1383 1284 per
1400 1212 1626 1283 patriar-

44 1310 163 1364 chas
189 1324 253 1363 ac
279 1308 579 1378 prophetas
605 1307 794 1360 Filium
817 1307 913 1360 Dei
934 1322 1034 1375 pro
1056 1304 1238 1359 mundi
1258 1304 1628 1373 redemptione

46 1409 322 1452 venturum
372 1405 591 1453 sanctus
637 1396 792 1451 nobis
840 1396 1071 1465 Spiritus
1114 1393 1422 1463 repromisit
1460 1412 1472 1444 :
1515 1394 1630 1462 ipse

48 1490 182 1541 enim
212 1488 363 1541 illum
408 1494 657 1556 suscepta
696 1487 821 1541 novi
863 1486 1094 1540 hominis
1133 1498 1295 1539 carne
1317 1483 1384 1537 de
1410 1483 1630 1553 Virgine

50 1578 397 1641 nasciturum,
444 1576 662 1643 injurias
706 1575 773 1630 ab
821 1576 1029 1644 impiis,
1067 1574 1264 1647 probra
1309 1588 1630 1641 crucemque

49 1682 358 1733 passurum,
413 1665 861 1720 resurrectionem
915 1678 1131 1733 quoque
1174 1662 1291 1731 ejus
1332 1664 1400 1716 ab
1446 1661 1629 1716 inferis

48 1766 166 1810 ante
211 1757 381 1810 multa
430 1771 692 1811 annorum
738 1756 903 1809 millia
947 1755 1309 1825 prophetavit.
1336 1752 1454 1818 Quo
1482 1767 1631 1807 com-

48 1849 203 1913 pleto,
235 1862 335 1916 per
364 1847 654 1900 Dominum
687 1854 932 1902 nostrum
970 1844 1151 1900 Iesum
1179 1844 1468 1909 Christum,
1501 1858 1627 1912 per-

48 1937 287 2007 fettoque
329 1938 611 2007 mysterio,
650 1937 1017 2007 apostolorum
1056 1935 1173 2004 ejus
1211 1936 1375 1991 corda
1404 1934 1628 1990 mirifico

47 2026 335 2092 majestatis
364 2041 479 2080 suae
508 2027 824 2080 illuminavit
850 2026 1102 2089 adventu,
1134 2038 1192 2079 ut
1229 2024 1378 2093 cujus
1405 2024 1623 2078 humili-

1726 778 1839 833 haec
1865 777 2061 833 idcirco
2083 784 2387 831 sanctarum
2416 775 2816 847 Scripturarum
2838 777 3159 831 testimoniis
3177 777 3313 833 edo-

1724 882 1927 933 cemur,
1960 875 2015 922 et
2040 882 2393 937 personarum
2414 866 2570 922 nobis
2598 867 2883 924 indiscreta
2905 867 3120 936 quidem
3146 868 3310 937 maje-

1723 968 1856 1026 stas,
1882 959 1975 1014 sed
1997 958 2246 1025 distincta
2264 959 2564 1029 proprietas
2583 958 2869 1014 reveletur.
2894 958 3026 1013 Nam
3047 967 3309 1027 quantum

1727 1048 1797 1103 ad
1828 1049 2051 1104 Deitatis
2080 1049 2315 1118 pertinet
2350 1048 2633 1111 unitatem,
2676 1049 2730 1102 in
2757 1046 2935 1103 Verbo
2965 1046 3139 1103 Patris
3174 1064 3310 1102 con-

1725 1155 1915 1195 sensus
1945 1148 2027 1194 est
2054 1139 2299 1209 Spiritus,
2332 1146 2388 1194 et
2429 1140 2484 1194 in
2521 1155 2770 1195 sermone
2802 1139 3032 1216 Spiritus
3058 1138 3310 1193 voluntas

1725 1236 1810 1283 est
1829 1227 1905 1311 Pa
1914 1230 2025 1283 tris.
2049 1227 2178 1294 Quis
2198 1223 2342 1303 enim
2361 1228 2618 1299 Spiritum
2645 1235 2907 1293 sanctum,
2931 1227 3033 1281 nisi
3059 1226 3198 1282 forte
3218 1235 3311 1281 aut

1727 1317 1919 1387 impius
1961 1318 2261 1383 haereticus,
2293 1325 2386 1372 aut
2413 1318 2647 1385 perﬁdus
2690 1316 2923 1381 Iudaeus,
2954 1316 3162 1372 dubitet
3189 1330 3310 1371 esse

1726 1406 1914 1469 Deum,
1946 1407 2062 1461 sine
2087 1421 2195 1474 quo
2223 1422 2323 1461 nec
2345 1406 2683 1475 baptismatis
2704 1407 2981 1477 perﬁcitur
3001 1422 3310 1461 sacramen-

1727 1503 1862 1561 tum,
1892 1511 1993 1550 nec
2020 1497 2265 1550 remissio
2291 1497 2541 1551 tribuitur
2567 1496 2950 1566 peccatorum?
2986 1495 3117 1561 Quis
3160 1494 3307 1549 illum

1728 1584 1799 1637 ita
1839 1589 2061 1639 demens
2101 1586 2330 1653 abnegat
2372 1585 2563 1650 Deum,
2611 1586 2664 1639 in
2703 1601 2863 1655 quem
2908 1584 3310 1653 blasphemasse

1727 1674 1801 1727 ita
1830 1681 1912 1728 est
1956 1674 2175 1743 impium
2208 1684 2368 1743 atque
2402 1674 2758 1738 mortiferum,
2790 1683 2850 1729 ut
2888 1674 3311 1744 blasphemantis

1724 1772 2005 1834 peccatum
2033 1765 2175 1819 nulla
2206 1766 2358 1819 venia
2388 1766 2764 1834 subsequatur,
2790 1764 3171 1835 pronuntiante
3192 1762 3311 1817 Sal~

1725 1861 1913 1909 vatore
1944 1861 2126 1908 nostro
2154 1868 2218 1908 ac
2253 1854 2464 1908 dicente
2491 1871 2502 1906 :
2530 1853 2632 1918 Qui
2662 1854 2852 1907 dixerit
2879 1852 3084 1907 verbum
3124 1854 3177 1905 in
3216 1850 3311 1904 Fi-

1730 1944 1855 1997 lium
1896 1944 2135 2006 hominis,
2178 1946 2460 1997 remittetur
2500 1945 2576 2007 ei;
2618 1945 2703 2009 qui
2742 1949 2912 1995 autem
2951 1943 3005 1993 in
3056 1940 3310 2010 Spiritum

1732 2042 1982 2093 sanctum,
2016 2048 2117 2085 non
2146 2034 2427 2086 remittetur
2454 2034 2501 2086 ei
2530 2048 2689 2102 neque
2715 2032 2770 2083 in
2796 2031 2891 2085 hoc
2918 2030 3125 2093 sarculo,
3152 2045 3312 2099 neque

48 2124 202 2169 tatem
224 2117 375 2184 prius
397 2116 809 2185 passionemque
828 2116 1119 2183 cecinerat,
1141 2131 1285 2171 nunc
1302 2115 1627 2183 triumphato
1663 2101 1705 2159 Β
1731 2123 1785 2175 in
1811 2124 1983 2192 futuro
2008 2120 2218 2192 (Matth.
2252 2122 2368 2189 x‘n).
2409 2120 2527 2187 Hic,
2560 2101 2795 2189 inquam,
2825 2119 3054 2188 Spiritus
3092 2126 3312 2173 sanctus

47 2206 253 2261 diabolo
276 2214 333 2261 et
354 2215 535 2262 morte
562 2206 789 2273 devicta,
820 2213 1077 2261 aeternam
1096 2207 1247 2275 regni
1268 2206 1383 2274 ejus
1406 2206 1627 2276 gloriam

47 2296 376 2363 praedicaret.
406 2296 578 2364 Quem
608 2305 782 2352 tamen
807 2297 1144 2352 Paracletum
1171 2298 1284 2368 ipse
1307 2297 1631 2368 Redemptor

48 2394 222 2438 noster
247 2394 379 2439 ante
409 2402 519 2438 non
548 2386 740 2440 multos
766 2386 881 2441 dies
904 2394 1187 2442 venturum
1217 2400 1336 2441 esse
1361 2387 1427 2441 de.
1455 2388 1625 2453 caelis,

48 2481 98 2525 et
124 2488 153 2525 a
182 2471 343 2527 Patre
373 2473 692 2528 mittendum
722 2476 1057 2529 annuntiavit
1076 2476 1348 2545 discipulis
1374 2476 1502 2530 suis.
1534 2476 1630 2530 At-

48 2578 145 2631 que
174 2564 245 2617 ita
274 2566 353 2627 tit,
384 2571 445 2617 ut
471 2563 595 2618 dum
625 2564 853 2634 Spiritus
879 2566 1145 2619 Christum
1171 2565 1503 2635 unigenitum
1532 2565 1629 2621 Dei

50 2648 214 2705 Patris
248 2652 564 2722 prophetat,
593 2660 649 2706 et
674 2653 800 2705 dum
827 2651 1070 2707 Christus
1097 2667 1128 2707 a
1158 2651 1319 2707 Patre
1346 2660 1630 2707 venturum

51 2740 299 2809 Spiritum
343 2741 694 2811 repromittit,
731 2748 1023 2811 mutuaque
1052 2742 1281 2798 invicem
1318 2750 1627 2799 seattesta-

50 2830 188 2884 tione
226 2831 592 2900 praenuntiant
633 2846 800 2885 unum
829 2846 965 2896 esse,
998 2846 1163 2885 unum
1192 2830 1351 2895 velle,
1382 2840 1439 2887 et
1464 2848 1627 2887 unum

53 2934 258 2988 semper
284 2934 449 2990 posse
476 2920 783 2975 credantur.
832 2919 929 2975 llic
956 2927 1057 2985 est,
1089 2920 1370 2985 carissimi,
1403 2920 1632 2991 Spiritus

52 3019 260 3064 sanctus
299 3011 397 3078 qui
441 3010 745 3065 secretioris
791 3011 1106 3079 operatione
1150 3012 1393 3081 mysterii
1423 3020 1631 3067 uterum

56 3098 277 3168 Virginis
304 3102 512 3156 caelesti
555 3100 877 3156 fecunditate
905 3102 1111 3157 ditavit.
1157 3102 1256 3158 Hic
1284 3112 1367 3157 est
1404 3102 1633 3172 Spiritus

55 3190 137 3254 qui
161 3191 425 3258 baptisma
453 3190 650 3245 Christi
679 3192 889 3247 Domini
916 3193 1105 3260 nostri,
1138 3194 1192 3247 in
1223 3194 1401 3263 specie
1429 3195 1633 3249 colum-

59 3278 131 3333 ba:
165 3282 308 3337 visus
337 3284 555 3351 quidem
584 3299 613 3337 a
642 3283 865 3351 Joanne,
896 3285 991 3341 sed
1027 3286 1219 3341 tacitus
1251 3286 1505 3353 visitavit,
1534 3301 1635 3341 nec

56 3383 198 3423 suam
245 3372 477 3427 credidit
524 3374 883 3429 necessariam
909 3390 1118 3441 vocem,
1152 3384 1279 3431 tunc
1317 3391 1436 3430 cum
1475 3374 1635 3430 Pater

1728 2209 2024 2282 procedens
2062 2225 2094 2267 a
2134 2208 2309 2272 Patre,
2341 2210 2636 2278 promissus
2682 2225 2713 2262 a
2757 2208 2909 2273 Filio,
2941 2207 3083 2261 dona
3126 2206 3311 2274 gloria:

1730 2316 1837 2356 suae
1864 2302 1917 2353 in
1946 2298 2219 2369 apostolos
2258 2298 2455 2353 Christi
2498 2310 2581 2353 est
2625 2298 2873 2369 dignatus
2906 2294 3206 2363 infundere,
3238 2295 3311 2351 ita

1730 2398 1791 2445 ut
1816 2390 2093 2459 passiones
2120 2403 2450 2458 regnumque
2492 2387 2608 2456 ejus
2645 2388 2882 2443 omnium
2926 2386 3162 2455 gentium
3191 2399 3310 2439 ser—

1729 2496 1890 2535 mone
1920 2481 2282 2547 loquerentur.
2332 2477 2444 2531 Hac
2472 2476 2714 2547 profecto
2746 2475 3074 2543 dignatione,
3098 2481 3157 2528 ut
3186 2474 3309 2541 quia

1732 2582 1892 2623 omne
1919 2567 2192 2620 hominum
2215 2581 2385 2635 genus
2414 2566 2706 2620 vocabatur
2732 2564 2799 2618 ad
2820 2566 3003 2629 vitam,
3036 2563 3311 2633 dispensa-

1730 2657 1932 2711 tionem
1963 2655 2335 2726 mysteriorum
2365 2655 2459 2710 Dei
2485 2662 2630 2709 totus
2664 2654 2861 2721 ubique
2888 2652 3120 2707 mundus
3156 2652 3312 2705 audi~

1730 2755 1834 2803 ret.
1866 2746 2059 2813 Quanti
2082 2746 2230 2813 illud,
2252 2747 2461 2811 lratres,
2489 2746 2729 2801 miraculi
2751 2744 2867 2810 fuit,
2892 2744 3037 2812 quod
3056 2743 3315 2799 Hebraeus

1731 2836 1894 2891 homo
1922 2819 2099 2892 subito
2128 2850 2415 2905 erumpens
2443 2837 2495 2889 in
2526 2836 2688 2891 verba
2722 2851 2829 2889 non
2862 2849 2959 2888 sua
2992 2833 3059 2887 de
3086 2848 3313 2901 magna~

1733 2926 1871 2981 libus
1913 2926 2009 2980 Dei
2055 2926 2351 2981 instruebat
2396 2926 2661 2995 Graecum,
2711 2926 2937 2982 docebat
2990 2924 3312 2989 Romanum,

1738 3021 1892 3092 533
1916 3020 2287 3088 alloquebatur
2314 3020 2644 3091 Egyptium,
2672 3028 2831 3088 atque
2852 3033 3039 3074 omnes
3058 3018 3316 3072 barbaras

1736 3110 1979 3164 nationes
2008 3110 2237 3179 propriis
2256 3126 2437 3164 earum
2468 3110 2662 3179 linguis
2690 3108 3013 3164 informabat
3036 3107 3104 3161 ad
3125 3105 3312 3161 fidem!

1738 3199 1804 3253 Et
1850 3199 1988 3263 ideo,
2040 3199 2321 3265 carissimi,
2362 3199 2743 3269 omnipotentis
2787 3197 2883 3251 Dei
2922 3195 3317 3251 misericordias

1739 3291 2103 3359 imploremus,
2135 3290 2294 3361 534
2320 3298 2379 3344 ut
2408 3298 2462 3345 et
2490 3305 2590 3345 nos
2617 3290 2684 3344 de
2714 3288 2824 3343 Deo
2855 3287 3176 3341 annuntiare
3199 3298 3317 3354 qum

1738 3380 1898 3449 digna
1931 3388 2055 3436 sunt
2087 3379 2376 3447 valeamus,
2400 3388 2456 3435 ct
2485 3394 2585 3436 vos
2608 3396 2670 3434 ea
2698 3394 2817 3448 quae
2844 3378 3092 3432 dicuntur
3132 3373 3317 3429 audire

59 3458 163 3527 ipse
209 3462 522 3531 loqueretur
560 3480 591 3523 e
635 3466 790 3532 ctelo,
823 3465 1008 3523 dicens
1038 3485 1052 3521 :
1088 3467 1162 3522 Tu
1190 3484 1245 3523 es
1279 3466 1452 3522 Filius
1492 3484 1632 3522 meus
1660 3458 1705 3519 C
1737 3477 1791 3524 et
1819 3470 2115 3539 intelligere
2141 3470 2319 3525 debita
2348 3468 2694 3524 veneratione
2721 3466 2961 3538 possitis,
2992 3471 3101 3520 etc.

1446 3577 1715 3639 SERMO
1757 3578 1920 3639 LIII.

1406 3676 1485 3731 De
1521 3677 1825 3733 Pentecoste
1868 3677 1966 3733 VI.

124 3834 215 3891 llic
241 3851 424 3892 sermo
450 3844 753 3906 postremus
781 3845 864 3892 est
891 3836 945 3891 in
973 3835 1160 3891 codice
1188 3764 1995 3906 Taurinens??%2_¥gtlgcoste
2029 3834 2239 3906 homitia
2264 3832 2512 3906 XXVI].
2542 3831 2619 3906 lbi
2648 3832 2937 3906 adnotatur
2962 3827 3145 3906 24,25
3165 3835 3221 3906 et
3246 3825 3318 3883 Ξϐ

61 3903 297 3961 bomilias
326 3898 539 3961 deesse.
567 3906 731 3962 Nobis
749 3906 1194 3978 jucundissimum
1223 3904 1342 3971 fuit,
1372 3912 1638 3972 quotquot
1666 3904 1988 3960 Muratorius
2014 3920 2081 3959 ex
2110 3905 2296 3959 codice
2324 3903 2675 3958 Ambrosiano
2704 3902 2883 3959 hausit
2921 3898 3316 4022 publicavittgie

61 3976 217 4022 sancti
264 3975 482 4022 Maximi
524 3990 829 4022 sermones-
860 3975 1086 4022 aliorum
1131 3989 1345 4022 aliudue
1381 3972 1628 4022 codicum
1671 3975 1991 4022 auctoritate
2030 3974 2202 4022 eidem
2248 3983 2437 4022 sancto
2468 3972 2729 4022 eniscono
2760 3970 3077 4022 Taurinensi
3104 3983 3136 4022 a
3160 3983 3230 4021 no
3272 3978 3316 4021 IS

60 3976 218 4044 sancti
262 3975 484 4029 Maximi
524 3970 830 4042 sermones,
860 3975 1087 4030 aliorum
1131 3970 1345 4044 quoque
1381 3970 1629 4028 codiCum
1671 3975 1991 4030 auctoritate
2030 3974 2203 4028 eidem
2248 3983 2437 4031 sancto
2468 3972 2729 4041 episcopo
2760 3970 3077 4025 Tauriuensi
3104 3983 3136 4022 a
3160 3970 3317 4022 nobis

63 4041 390 4110 adjudicatos
428 4044 608 4099 fuisse.

65 4150 444 4224 Auernum].
468 4185 539 4195 --
566 4152 646 4207 De
668 4154 839 4224 gratia
867 4151 1128 4224 bonitatis,
1152 4168 1305 4223 quam
1327 4150 1477 4224 nobis
1494 4150 1635 4205 Deus

124 4214 343 4303 creando
367 4214 1045 4305 velnreqeneraMo_tﬁauit.
1074 4221 1150 4274 De
1164 4214 1502 4305 conceptione
1534 4238 1635 4301 na-

126 4294 415 4363 tivitateque
442 4287 651 4363 Christi.
688 4290 766 4363 D_e
784 4291 998 4363 Arirgine
1024 4300 1191 4363 matre
1216 4287 1408 4353 Maria,
1439 4290 1501 4363 d_e
1522 4290 1634 4359 ejus
1712 4323 1716 4326 ‹

123 4378 305 4429 sponso
326 4357 581 4431 ζῐοδερΙιοἒ
602 4359 677 4414 De
688 4357 897 4431 ‘Spirittj
922 4359 1297 4431 sanctoLHunc
1317 4376 1428 4412 esse
1448 4357 1632 4425 Deum,

126 4427 375 4502 unaque
409 4427 521 4485 esse
547 4427 821 4502 Patris,'_et
850 4427 997 4502 itii,
1024 4427 1329 4502 et‘Spiritus
1359 4431 1524 4502 sancti
1547 4445 1634 4481 vo-

125 4498 408 4621 luntatiem,
464 4508 672 4553 sanctus
732 4499 996 4553 Maximus
1051 4498 1273 4551 dilucide
1337 4500 1635 4569 copioseque

125 4579 261 4623 osten
302 4580 363 4623 tt.

126 4701 460 4757 Inmstimatm
498 4700 754 4755 bonitatis
782 4707 866 4754 est
902 4699 1092 4767 gratia,
1123 4698 1315 4753 fratres
1350 4694 1629 4761 carissimi,

65 4806 209 4859 quam
236 4794 397 4849 nobis
426 4792 764 4861 omnipotens
789 4792 875 4847 vel
894 4794 1128 4846 creando
1153 4798 1405 4860 potenter
1427 4790 1629 4856 tribuit,

1740 4154 1990 4209 nativitas
2018 4160 2234 4225 peccata
2263 4154 2503 4225 suscipit,
2534 4154 2635 4210 ista
2663 4153 2905 4225 deponit.
2934 4151 3013 4209 Ibi
3044 4150 3316 4207 nascendo

1737 4248 2018 4313 morimur,
2064 4247 2150 4304 hic
2187 4248 2414 4303 vivimus
2455 4246 2755 4301 moriendo.
2798 4245 3057 4315 Denique,
3088 4251 3149 4297 ut
3176 4244 3317 4297 hanc

1737 4336 1981 4395 Christus
2009 4340 2340 4395 nobilitatem
2368 4338 2551 4407 generi
2594 4344 2876 4408 praestaret
2912 4338 3167 4400 humano,
3198 4350 3315 4389 ser-

1738 4430 1858 4483 vilis
1893 4446 1992 4499 pro
2037 4430 2189 4484 nobis
2228 4438 2410 4499 partus
2440 4428 2653 4497 indigna
2684 4428 2937 4497 suscepit,
2962 4434 3018 4481 et
3044 4426 3089 4479 si
3117 4424 3315 4480 conce-

1738 4524 1921 4593 ptione
1946 4522 2237 4585 dissimilis,
2266 4521 2426 4576 simili
2466 4528 2642 4576 tamen
2688 4520 2900 4574 ratione
2939 4515 3210 4571 nascendi.
3257 4514 3317 4569 In

1737 4630 1845 4684 quo
1874 4614 2086 4685 quidem
2110 4596 2653 4683 conceptu,quamvis
2683 4609 2841 4665 Pater
2866 4618 3099 4663 aeternus
3125 4604 3315 4659 adfue-

1738 4706 1827 4770 rit,
1859 4713 2041 4761 tamen
2068 4720 2240 4773 neque
2268 4703 2423 4758 Matri
2442 4702 2552 4757 .lex
2582 4709 2785 4757 mutata
2813 4708 2893 4755 est
2920 4697 3184 4768 pariendi,
3218 4711 3314 4751 ne-

1739 4812 1844 4866 que
1882 4790 2121 4853 nascenti
2157 4812 2327 4865 puero
2353 4794 2534 4851 defuit
2568 4794 2773 4863 vagitus
2813 4791 3071 4847 infantiae.
3121 4788 3318 4843 Tenuit

66 4884 142 4935 τοι
162 4884 529 4953 regenerando
557 4884 849 4938 clementer
877 4883 1113 4937 indulsit.
1136 4882 1383 4953 Creando
1407 4896 1637 4950 namque
1664 4886 1715 4947 Ι)
1741 4890 1990 4945 nimirum
2018 4904 2116 4944 suo
2146 4887 2305 4943 Pater
2331 4888 2386 4941 in
2415 4886 2549 4940 ﬁlio
2586 4884 2812 4953 gemina;
2853 4880 3165 4936 substantia
3203 4879 3317 4932 vir-

68 4978 297 5042 prmstitit
327 4985 408 5043 ut,
440 4977 706 5033 viviﬁcato
740 4979 793 5033 in
830 4980 1047 5035 homine
1072 4980 1293 5049 pulvere
1323 4978 1637 5047 operatione

71 5058 309 5135 mirabili,
330 5085 441 5125 nos
459 5085 667 5135 omnes,
684 5070 775 5139 Qui
800 5086 905 5125 non
926 5086 1159 5134 eramus,
1184 5085 1453 5133 essemus;
1479 5084 1635 5137 rege-

70 5158 297 5213 nerando
327 5169 509 5213 autem
540 5160 767 5215 contth
807 5168 865 5214 ut
908 5175 970 5215 ea
1007 5176 1127 5229 quae
1158 5161 1327 5229 prima
1356 5158 1509 5213 nobis
1537 5174 1634 5212 na—

74 5256 178 5301 tura
218 5267 325 5305 non
361 5250 605 5315 dederat,
635 5254 883 5308 nativitas
919 5253 1152 5307 secunda
1180 5252 1449 5308 conferret
1480 5271 1493 5304 :
1520 5267 1637 5320 quae

73 5337 239 5407 utique
266 5340 508 5398 secunda
537 5342 783 5397 nativitas
820 5358 917 5412 per
942 5342 1276 5411 baptismatis
1302 5347 1632 5395 sacramenta

72 5440 245 5484 servos
272 5431 445 5499 gignit
472 5431 525 5484 in
562 5430 713 5496 ﬁlios,
742 5442 796 5487 et
823 5432 1016 5488 cmlum
1046 5432 1290 5487 ﬁdelibus
1330 5432 1631 5500 pollicetur.

76 5512 260 5573 Nobilis
277 5521 499 5589 quidem
522 5522 688 5590 prima
701 5524 788 5577 illa
802 5524 1080 5578 hominum
1096 5532 1359 5587 creatura;
1380 5523 1493 5577 hzec
1508 5536 1635 5576 vero

77 5607 387 5678 subsequens
413 5627 519 5665 non
542 5611 712 5665 solum
733 5613 1106 5683 mysteriorum
1130 5613 1359 5682 puritate
1383 5610 1632 5674 nobilior,

80 5695 162 5749 sed
186 5708 238 5753 et
262 5699 404 5756 beati
446 5699 676 5768 Spiritus
709 5703 1113 5760 consecratione
1152 5701 1381 5758 caelestis
1407 5710 1507 5757 cst.
1542 5698 1636 5752 llla

1740 4990 1928 5047 tutem,
1970 4989 2233 5049 quatenus
2275 4977 2556 5045 majestate
2600 4973 2811 5029 virtutis
2855 4972 2970 5040 ejus
3011 4966 3320 5026 veneranda

1743 5070 2014 5140 Puerpera
2054 5084 2216 5123 unum
2258 5066 2611 5133 eamdemque
2646 5062 2935 5127 Christum,
2963 5066 3018 5115 et
3056 5068 3115 5115 ut
3143 5056 3323 5113 Deum

1740 5161 2071 5229 conciperet,
2101 5166 2157 5212 et
2192 5165 2251 5210 ut
2295 5155 2566 5210 hominem
2594 5159 2824 5223 pareret.
2857 5150 2937 5205 An
2967 5165 3073 5205 non
3102 5147 3191 5202 ille
3219 5143 3317 5201 Dei

1741 5254 1903 5307 Filius
1942 5250 2154 5305 videtur
2197 5264 2317 5302 esse
2363 5255 2673 5315 conceptus,
2713 5245 2805 5299 ubi
2843 5242 3043 5299 carnali
3071 5245 3319 5297 cessante

1739 5342 1997 5413 germine,
2028 5349 2082 5394 et
2107 5340 2268 5393 homo
2296 5336 2528 5391 creditur
2554 5336 2793 5405 virgineo
2821 5333 3081 5388 formatus
3109 5332 3163 5384 in
3194 5338 3315 5383 ute~

1740 5448 1823 5497 ro,
1854 5440 1909 5486 et
1936 5431 2076 5484 Deus
2104 5444 2208 5481 non
2241 5426 2514 5480 dubitetur
2540 5440 2682 5488 esse,
2710 5423 2801 5493 qui
2830 5430 2986 5475 natus
3010 5420 3123 5475 est?
3152 5418 3315 5471 Mira-

1742 5520 1862 5572 bilis
1877 5526 2057 5587 partus
2074 5516 2254 5570 Matris
2269 5516 2499 5580 intactae,
2516 5513 2608 5583 sed
2629 5513 2797 5567 multo
2810 5518 2893 5567 est
2907 5509 3198 5565 mirabilius
3210 5502 3318 5559 vir~

1742 5604 2017 5675 ginitatem
2046 5605 2275 5674 parienti
2304 5603 2563 5659 mansisse
2588 5611 2711 5674 post
2736 5611 2966 5673 partum.
2992 5600 3141 5662 Nam,
3172 5596 3321 5664 quod

1743 5698 1935 5753 mirum
1964 5698 2030 5752 sit
2057 5696 2278 5761 dictum,
2308 5709 2432 5749 caro
2461 5703 2586 5748 nata
2624 5695 2691 5750 de
2735 5708 2897 5750 carne
2942 5689 3191 5747 inviolata
3223 5703 3321 5744 ntr-
