3896 6250
582 368 683 424 639
1805 356 1860 411 S.
1903 349 2144 408 MAXIM]
2182 346 2630 409 TAURINENSIS
3770 355 3855 410 au)

586 486 765 538 turalis
797 483 1015 553 pudoris
1043 481 1274 535 claustra
1307 478 1558 531 servavit.
1595 478 1716 530 Ilmc
1748 492 1876 530 vero
1907 486 2016 529 tum
2043 490 2170 529 san-
2203 468 2247 525 Α
2274 466 2545 537 distantia,
2576 475 2669 528 sed
2707 475 2758 527 iu
2801 475 3114 543 operatione
3147 475 3435 530 distinctio.
3486 476 3583 529 Ait
3636 492 3845 547 nanith

582 585 665 627 cta
697 585 912 643 tamque
940 572 1218 641 magniﬁca
1264 570 1388 623 fecit
1418 570 1504 624 ille
1538 571 1694 630 Deus,
1727 570 1811 623 cui
1838 570 2015 623 omnia
2045 573 2167 625 εαξιί
2272 564 2339 619 dc
2367 580 2433 619 eo
2460 564 2705 620 Christus
2740 565 3009 635 diSCipulis
3050 566 3161 620 suis
3206 566 3390 621 dicens
3434 584 3445 617 :
3488 566 3629 619 Cum
3680 574 3844 619 reneri:

583 673 844 733 terraeque
872 676 1036 730 opera
1066 676 1162 729 pro
1189 660 1464 713 voluntate
1503 662 1786 728 potestatis
1813 676 1921 714 sua:
1944 676 2171 728 respon-
2269 656 2576 709 Paracletus
2610 674 2755 726 quem
2793 674 2886 728 ego
2928 659 3126 710 mittam
3155 658 3293 710 vobis
3324 674 3356 710 a
3389 656 3578 719 Patre,
3635 657 3841 723 Spiritu

582 753 727 817 dient,
759 753 845 806 cui
883 751 1325 820 inccmprehcnsa
1375 750 1567 810 facere,
1614 766 1720 804 non
1765 753 1817 805 in
1856 751 2038 805 labore
2082 753 2167 805 vel

582 858 767 912 opere,
799 844 893 898 sed
924 845 974 897 in
1002 844 1243 911 jussione
1272 844 1536 897 consistit.
1570 843 1670 907 Qui
1701 851 1760 896 ut
1788 858 1981 897 novum
2012 843 2167 897 daret

582 934 773 1002 virgini
803 943 1031 1002 partum,
1066 934 1153 986 illa
1185 934 1293 1001 egit
1333 934 1547 996 virtute,
1580 948 1682 1001 qua
1711 943 1903 989 cuncta
1947 934 2068 989 fecit
2098 950 2165 988 cx

583 1024 779 1086 nihilo,
813 1023 975 1076 divini
1005 1038 1236 1090 namque
1265 1024 1383 1076 esse
1409 1023 1608 1091 operis,
1640 1023 1786 1091 quod
1816 1023 2011 1077 mundo
2043 1024 2163 1079 huic

585 1102 879 1166 fecunditas
923 1113 1193 1179 virginalis
1232 1113 1421 1177 illuxit,
1453 1112 1668 1166 Gabriel
1709 1114 1928 1181 angelus
1974 1114 2164 1169 missus

582 1202 649 1255 ad
680 1202 901 1256 Mariam
944 1203 1217 1268 revelavit,
1260 1203 1445 1257 dicens
1479 1204 1547 1257 ad
1586 1219 1706 1257 eam
1740 1221 1752 1255 :
1786 1203 2013 1273 Spiritus
2041 1220 2164 1256 san-

582 1301 692 1345 ctus
721 1294 1041 1361 superveniet
1082 1294 1135 1345 in
1174 1303 1239 1357 te,
1284 1303 1331 1345 et
1374 1294 1545 1363 virtus“
1571 1293 1817 1346 Altissimi
1847 1292 2164 1346 obumbrabit

583 1380 691 1444 tibi,
716 1382 927 1453 ideoque
950 1392 997 1434 et
1025 1382 1159 1453 quod
1198 1390 1437 1434 nascetur
1466 1398 1530 1434 ea:
1558 1391 1607 1434 te
1634 1392 1866 1434 sanctum
1905 1381 2164 1435 vocabitur

584 1470 750 1524 Filius
782 1472 878 1525 Dei
920 1471 1068 1540 (Luc.
1103 1473 1161 1540 ι).
1195 1472 1301 1525 Sed
1331 1478 1384 1524 et
1408 1471 1713 1525 venerando
1747 1470 1818 1523 illi
1854 1466 2053 1539 Juseph
2078 1471 2161 1525 di-

580 1562 921 1630 spensatione
968 1563 1176 1616 caelesti
1232 1576 1445 1629 semper
1488 1576 1727 1629 sponso,
1779 1574 1882 1614 nec
1930 1575 2161 1627 unquam

581 1655 793 1716 marito,
840 1654 997 1707 beata
1040 1653 1221 1707 Maria
1247 1653 1548 1707 intaminati
1583 1653 1784 1705 ventris
1824 1652 1904 1705 sui
1943 1667 2162 1705 servans

582 1746 889 1814 incorrupta
926 1746 1218 1814 signacula,
1253 1761 1357 1815 non
1387 1743 1570 1809 ﬁlium,
1598 1742 1691 1798 sed
1723 1742 2000 1796 Dominum
2033 1758 2159 1811 par-

582 1835 783 1887 tui-ivit.
824 1834 920 1886 Cui
959 1833 1157 1902 Ioseph
1186 1833 1385 1886 dictum
1428 1840 1509 1886 est
1549 1832 1616 1885 ab
1659 1831 1848 1900 angelo
1881 1848 1893 1882 :
1928 1830 2077 1894 Quod
2103 1834 2156 1884 in

580 1910 897 1978 utero'habet
927 1923 980 1976 Μ
986 1926 1101 1977 aria
1124 1924 1185 1977 de
1218 1923 1417 1991 Spiritu
1452 1932 1629 1976 sancto
1657 1933 1731 1976 est
1758 1921 1968 1988 (Matth.
1998 1923 2059 1992 ι).
2092 1922 2158 1977 Et

2266 750 2495 801 veritatis
2516 751 2601 813 qui
2630 766 2661 801 a
2690 748 2851 803 Patre
2873 766 2983 803 meo
3005 749 3251 819 procedit,
3280 748 3367 801 ille
3389 748 3677 801 testabitur
3700 750 3761 798 de
3784 766 3839 799 ut

2270 838 2448 907 (Joan.
2494 841 2605 907 xv).
2644 839 2773 893 Item
2809 840 2876 894 de
2919 854 2979 893 se
3020 840 3137 907 ipso
3165 839 3239 891 ait
3265 838 3514 892 Salvator
3548 857 3561 891 :
3601 838 3722 907 Ego
3747 855 3840 890 sn

2265 931 2368 994 via,
2398 933 2584 983 veritas
2612 940 2660 983 et
2684 932 2785 984 vita
2816 929 2991 999 (Joan.
3025 929 3156 998 xiv).
3205 927 3317 995 Ego
3357 944 3500 993 sum,
3534 929 3735 997 inquit,
3766 944 3839 981 ve-

2266 1022 2420 1086 ritas;
2452 1022 2495 1075 si
2525 1036 2653 1091 ergo
2680 1021 2865 1086 Fit-ius,
2893 1022 2985 1087 qui
3014 1020 3209 1074 veritas
3231 1028 3333 1083 est,
3362 1020 3633 1088 Spiritum
3664 1024 3841 1076 asserit

2265 1126 2383 1164 esse
2421 1111 2681 1176 veritatis,
2723 1111 2841 1178 quis
2876 1110 3022 1163 illum
3063 1123 3259 1176 negare
3296 1110 3495 1178 poterit
3524 1110 3724 1175 Deum,
3755 1112 3839 1164 nisi

2264 1204 2353 1271 qui
2381 1205 2589 1259 veritati
2628 1204 2695 1259 de
2731 1205 2957 1259 veritate
3000 1218 3107 1256 non
3156 1202 3363 1257 credit?
3400 1202 3589 1271 Itaque
3622 1202 3835 1271 Spiritus

2266 1310 2420 1348 verus
2447 1303 2530 1349 est
2560 1294 2718 1360 Deus,
2749 1309 2909 1361 quem
2940 1292 3180 1348 Christus
3208 1301 3260 1347 et
3282 1309 3310 1345 a
3342 1290 3501 1346 Patre
3528 1292 3833 1362 procedere,

2262 1395 2317 1439 et
2360 1401 2393 1438 a
2429 1401 2488 1439 se
2528 1386 2846 1440 mittendum
2886 1384 3004 1453 pari
3033 1383 3363 1452 professione
3394 1392 3650 1437 testatur.
3694 1382 3834 1435 Mittit

2261 1483 2441 1527 autem
2482 1474 2576 1527 Dei
2618 1474 2783 1527 Filius
2829 1472 3083 1541 Spiritum
3132 1470 3305 1525 Patris
3343 1472 3456 1535 sui;
3502 1472 3697 1537 mittit,
3745 1485 3834 1524 tum

2261 1564 2412 1632 quasi
2456 1563 2796 1617 obedientem
2845 1570 3136 1632 praecepto,
3175 1561 3267 1615 sed
3306 1560 3570 1630 mysterio
3616 1576 3833 1615 concor-

2261 1655 2493 1708 dantem.
2529 1653 2596 1706 Et
2637 1653 2707 1707 ob
2736 1652 2843 1707 hoc
2888 1654 3003 1722 ipse
3040 1650 3267 1720 Spiritus
3304 1649 3607 1718 procedens
3635 1664 3669 1703 a
3696 1648 3834 1702 Patre

2262 1748 2457 1813 legitur
2483 1746 2675 1799 missus
2703 1760 2733 1799 a
2761 1744 2920 1812 Filio,
2950 1758 3019 1799 ne
3051 1751 3144 1797 aut
3175 1741 3318 1796 aliud
3345 1756 3467 1795 esse
3493 1756 3663 1809 quam
3696 1738 3832 1794 Pater

2263 1844 2363 1900 cst,
2392 1844 2484 1890 aut
2510 1836 2798 1905 quidquam
2846 1834 3006 1904 536
3048 1832 3317 1887 diversum
3356 1830 3497 1885 velle
3538 1846 3705 1899 quam
3738 1830 3831 1882 vult

2262 1928 2426 1982 Filius
2446 1926 2776 1983 crederetur.
2804 1924 3031 1995 Propter
3054 1922 3218 1992 quod,
3245 1922 3457 1988 fratres,
3480 1922 3604 1976 sine
3630 1930 3831 1975 cuncta-

581 2014 702 2067 itleo
728 2014 832 2068 hoc
862 2015 1034 2081 ipsum
1064 2014 1115 2065 in
1146 2027 1300 2066 aures
1328 2012 1642 2080 patriarcha:
1670 2028 1773 2065 vox
1802 2012 2051 2078 angelicae
2076 2020 2159 2065 at-
2192 2017 2231 2074 Β
2263 2021 2409 2074 tione
2437 2018 2683 2073 clarescit
2706 2031 2867 2071 unam
2894 2031 3013 2071 esse
3045 2014 3240 2079 Patris,
3270 2018 3328 2068 et
3359 2012 3501 2075 Filii,
3534 2021 3593 2066 et
3619 2013 3831 2082 Spiritus

581 2104 884 2157 testationis
904 2102 1155 2165 intonuit,
1179 2116 1247 2154 ne.
1276 2100 1413 2155 forte
1442 2108 1594 2155 tanto
1617 2101 1874 2156 miraculo
1894 2102 2160 2171 stupentis

580 2192 790 2260 juvenis
819 2194 1052 2247 animum
1081 2192 1307 2247 sinistrae
1334 2192 1651 2260 suspicionis
1678 2194 1885 2248 macula
1912 2194 2160 2249 vulnera-

581 2292 683 2348 ret,
717 2291 771 2336 et
799 2283 1084 2336 tetnineam
1120 2288 1334 2351 putaret
1360 2281 1571 2350 culpam
1608 2281 1697 2335 ubi
1735 2282 1967 2336 salutare
2005 2281 2161 2337 nobis

580 2373 896 2444 mysterium
939 2373 1277 2427 nascebatur.
1325 2372 1433 2428 Nec
1472 2380 1705 2441 poterat,
1753 2372 1964 2437 fratres,
2004 2373 2162 2427 aliter

580 2477 809 2532 sponsus
840 2462 927 2517 ille
958 2463 1213 2517 innocens
1241 2469 1401 2532 atque
1428 2462 1685 2519 sollicitus
1708 2468 1912 2517 tantam
1938 2460 2160 2515 fructiﬁ-

580 2554 752 2607 cantis
783 2553 919 2606 uteri
947 2553 1169 2607 credere
1196 2553 1511 2620 novitatem,
1543 2553 1644 2607 nisi
1690 2554 1861 2608 eidem
1893 2550 2158 2622 pariturae

579 2660 790 2713 sponsm
818 2644 1129 2713 pudicitiam
1158 2644 1470 2712 virginalem
1510 2646 1705 2699 missus
1733 2646 1800 2699 ab
1828 2646 1936 2701 alto
1962 2650 2157 2717 praedi-

579 2744 754 2789 casset
774 2745 1023 2789 assertor.
1049 2734 1274 2789 Sanctus
1302 2735 1481 2802 itaque
1509 2735 1756 2803 Spiritus,
1779 2737 1914 2790 sicut
1941 2738 2157 2807 legitur,

581 2826 632 2878 in
686 2833 839 2880 utero
884 2825 1113 2891 Virginis
1162 2823 1445 2894 Unigenito
1494 2824 1666 2881 Patris
1713 2828 1883 2881 nnivit
1927 2828 2159 2885 hominis

579 2930 817 2978 carnem,
850 2914 1041 2979 univit,
1082 2930 1189 2969 non
1228 2914 1445 2969 artilicis
1482 2915 1754 2993 tigurantis
1800 2917 2032 2984 ingenio,
2064 2919 2159 2974 sed

578 3004 859 3071 majestate
887 3004 1185 3068 formantis,
1214 3019 1371 3072 quem
1401 3004 1656 3073 Spiritum
1690 3022 1818 3061 vere
1844 3022 1961 3061 esse
1991 3009 2156 3062 Deum

568 3092 747 3145 .virtus
774 3102 827 3146 et
856 3094 1056 3148 veritas
1086 3095 1243 3166 535
1280 3095 1405 3148 novi
1447 3097 1626 3163 operis
1672 3103 1975 3151 attestatur.
2022 3097 2156 3151 Nam

576 3182 847 3249 quomodo
878 3184 928 3236 in
960 3183 1047 3236 illa
1076 3185 1262 3238 salutis
1299 3191 1495 3240 nostra:
1523 3184 1721 3239 fabrica
1754 3186 1893 3240 idem
1930 3186 1982 3239 in
2022 3203 2155 3242 con-

576 3272 826 3338 ceptione
853 3272 1069 3335 Christi,
1112 3274 1199 3328 ubi
1246 3273 1405 3328 Pater
1452 3289 1559 3329 non
1600 3274 1802 3340 deerat,
1851 3277 1941 3330 ubi
1986 3278 2160 3332 inerat

576 3358 761 3423 Filius,
795 3362 883 3414 ubi
913 3378 1040 3417 caro
1067 3372 1250 3417 nostra
1287 3364 1471 3418 divino
1507 3366 1779 3419 consortio
1810 3366 2153 3433 iungebatur,

577 3451 716 3504 idem
764 3451 994 3520 Spiritus
1040 3454 1187 3508 velut
1226 3462 1415 3508 auctor
1451 3455 1727 3525 asseritur,
1758 3456 1858 3510 nisi
1896 3469 2037 3512 esset
2078 3459 2152 3513 illi

2261 2111 2434 2165 sancti
2476 2109 2830 2181 voluntatem.
2881 2105 3322 2175 Quandoquidem
3364 2112 3421 2159 et
3454 2103 3626 2159 Filius
3663 2104 3829 2161 mittit.

2260 2199 2405 2269 quod
2439 2200 2613 2253 Patris
2642 2208 2754 2265 est;
2784 2204 2839 2253 et
2866 2196 3047 2262 Pater,
3076 2194 3221 2263 quod
3247 2208 3401 2248 suum
3440 2201 3545 2258 est,
3590 2194 3827 2262 impertit,

2260 2300 2320 2346 ut
2360 2307 2389 2345 a
2431 2290 2564 2345 Filio
2608 2289 2887 2357 dirigatur.
2928 2287 3025 2342 Iiic
3062 2287 3223 2355 igitur
3266 2284 3498 2355 Spiritus
3530 2300 3698 2338 unum
3727 2297 3829 2338 cmn

2261 2379 2421 2435 Patre
2450 2396 2516 2434 ac
2542 2379 2679 2433 Filio
2713 2377 3099 2447 redemptionis
3142 2387 3405 2445 peragens
3442 2383 3827 2429 sacramentum

2261 2473 2625 2527 universarum
2654 2469 2892 2537 gentium
2921 2468 3112 2535 linguis
3134 2466 3469 2535 maiestatem
3500 2463 3704 2519 Christi
3725 2464 3827 2517 mit-

2258 2562 2422 2620 tentis
2450 2560 2755 2630 annuntiat,
2786 2574 2891 2617 non
2920 2568 2981 2617 ut
3008 2555 3270 2630 superiori
3300 2554 3540 2613 cilicium
3575 2555 3824 2617 deferens,

2260 2655 2354 2709 sed
2404 2654 2684 2723 imperium
2732 2650 3108 2721 conregnantis
3159 2650 3452 2703 insinuans.
3495 2643 3605 2713 Qui
3648 2644 3825 2700 idcirco

2260 2745 2519 2815 apostolis
2545 2744 2691 2798 dedit
2714 2743 3026 2797 varietatem
3055 2740 3374 2808 linguarum,
3404 2745 3465 2792 ut
3493 2752 3597 2806 per
3622 2751 3717 2791 eos
3742 2736 3825 2789 do-

2258 2836 2430 2891 ctrina
2467 2834 2717 2888 salutaris
2758 2832 2879 2886 ﬁdei
2918 2830 3238 2900 populorum
3264 2828 3504 2882 omnium
3536 2833 3827 2896 penetraret

2260 2926 2519 2981 auditum.
2564 2923 2694 2977 Erat
2740 2937 2926 2977 revera
2975 2922 3088 2990 ipse
3134 2918 3440 2973 Paracletus
3485 2918 3542 2971 in
3592 2930 3826 2971 sennoue

2259 3000 2567 3084 multiplex,
2586 3014 2925 3082 omnipotens
2954 3012 3008 3065 in
3035 3010 3252 3074 virtute,
3276 3008 3520 3062 diversus
3548 3007 3602 3060 in
3627 3006 3826 3075 linguis,

2258 3114 2313 3161 et
2342 3120 2478 3159 unus
2507 3106 2560 3159 in
2591 3104 2855 3159 omnibus.
2882 3102 3103 3156 Miratur
3135 3100 3315 3155 omnis
3343 3098 3558 3153 auditor
3580 3113 3643 3153 os
3672 3098 3827 3167 gentis

2258 3208 2527 3254 extraneae
2552 3212 2658 3251 non
2681 3202 2996 3250 extraneum
3024 3192 3269 3261 proferre
3292 3204 3621 3245 sermonem.
3653 3189 3827 3257 Stupet

2259 3300 2315 3346 et
2345 3291 2458 3359 ipse
2495 3288 2585 3357 qui
2616 3287 2873 3355 loquitur,
2904 3286 2972 3339 ab
3000 3299 3096 3338 ore
3129 3297 3227 3337 suo
3256 3298 3364 3337 non
3392 3295 3490 3335 sua
3518 3280 3687 3334 verba
3714 3294 3827 3349 pro-

2261 3380 2473 3437 cedere.
2503 3379 2570 3432 Et
2596 3376 2822 3448 perinde
2848 3376 3044 3430 factum
3077 3382 3179 3439 est,
3203 3380 3261 3427 ut
3286 3372 3414 3427 dum
3452 3384 3635 3425 sermo
3666 3371 3827 3425 varius

2261 3487 2420 3525 unam
2448 3486 2546 3540 per
2573 3470 2772 3523 multos
2807 3467 3042 3536 loquitur
3090 3465 3267 3529 ﬁdem,
3310 3463 3377 3518 ad
3415 3463 3573 3517 unius
3600 3462 3727 3516 tidei
3752 3476 3829 3516 so-

575 3540 767 3593 cadent
796 3557 915 3594 cum
948 3541 1107 3597 Patre
1127 3549 1183 3596 et
1213 3542 1344 3597 Filio
1376 3550 1427 3597 et
1450 3544 1501 3596 in
1524 3552 1712 3599 natura
1740 3555 1997 3615 potestas,
2024 3559 2079 3602 et
2101 3550 2153 3603 in
2181 3568 2224 3629 ε
2258 3563 2507 3616 cientem
2523 3568 2708 3628 gentes
2729 3558 2957 3612 dissona:
2980 3554 3352 3611 convenirent.
3376 3552 3443 3607 Et
3464 3552 3608 3614 ideo.
3628 3551 3824 3611 fratres.

577 3630 852 3685 voluntate
897 3636 1238 3693 communio?
1287 3634 1491 3689 Videtis
1534 3636 1734 3704 itaque,
1779 3636 1984 3705 fratres,
2029 3642 2154 3709 quia

576 3729 897 3787 cooperator
944 3722 1070 3785 Dei,
1121 3723 1221 3775 nisi
1271 3723 1409 3777 Dens
1450 3740 1570 3777 esse
1613 3742 1716 3779 non
1759 3736 1988 3794 poterat.
2026 3728 2155 3784 Erat

576 3810 739 3873 enim,
771 3818 827 3863 ut
856 3820 941 3865 est
979 3812 1207 3881 Spiritus
1244 3825 1483 3879 sanctus,
1527 3823 1581 3869 et
1628 3818 1886 3873 indivisus
1914 3836 1943 3873 a
1974 3820 2149 3887 Patre,

575 3908 627 3950 et
660 3899 993 3968 inseparalus
1043 3918 1071 3955 a
1120 3902 1276 3965 Filio,
1320 3905 1512 3971 quibus
1555 3907 1758 3976 utique,
1807 3910 1946 3963 sicut
1989 3926 2153 3967 sacra:

577 3989 820 4045 let-tionis
850 3990 1016 4046 fidelis
1046 4008 1223 4047 sermo
1252 4009 1353 4048 nos
1380 3995 1590 4062 edocet,
1622 4013 1728 4051 non
1760 4010 1841 4052 est
1870 4000 1923 4053 in
1956 4001 2152 4057 virtute

2256 3650 2587 3704 declinantes
2626 3661 2765 3701 vana
2805 3646 3006 3709 mundi,
3051 3650 3106 3699 et
3145 3642 3477 3697 brevissima:
3515 3640 3681 3709 hujus
3725 3641 3826 3691 vita

2257 3740 2650 3795 oblectamenta
2671 3736 2959 3801 calcantes,
2985 3734 3129 3788 illum
3148 3732 3347 3800 jugiter
3366 3731 3663 3800 sapiamus,
3685 3737 3825 3796 atque

2257 3829 2428 3897 ipsum
2457 3840 2673 3895 semper
2700 3824 3000 3893 loquamur,
3030 3823 3121 3891 qui
3150 3821 3466 3876 mortalibus
3493 3818 3736 3876 caelestia
3757 3832 3824 3871 sa.

2254 3933 2384 3987 pere
2411 3925 2466 3971 et
2494 3915 2723 3971 terrenis
2750 3913 2897 3981 loqui
2923 3913 3101 3967 divina
3130 3911 3417 3965 concessit.
3450 3906 3550 3964 Cui
3587 3909 3761 3964 honor
3783 3912 3824 3960 ei

2256 4006 2423 4074 gloria
2454 4005 2506 4059 in
2536 4004 2729 4059 saacula
2756 4002 3089 4058 saeculorum.
3123 4000 3309 4055 Amen.

1968 4112 2237 4177 SERMO
2280 4117 2436 4178 LIV.

1915 4230 1992 4286 De
2025 4232 2329 4292 Pentecoste
2362 4239 2492 4294 VII.

576 4355 963 4410 Ancuuumuu.
992 4386 1049 4395 ——
1089 4352 1343 4409 Eamdem
1372 4372 1477 4409 rem
1506 4358 1611 4426 agit
1645 4368 1854 4413 sanctus
1884 4359 2148 4416 Maximus

640 4426 691 4477 in
721 4431 935 4493 utraque
960 4426 1229 4487 concione;
1253 4442 1434 4492 nempe
1457 4427 1763 4480 credendum
1793 4446 1901 4483 esse
1936 4431 2003 4481 ad
2033 4430 2149 4484 Pa-

641 4502 769 4546 trem
796 4510 967 4545 revera
994 4495 1280 4561 pervenisse
1308 4493 1523 4559 Filium,
1555 4513 1668 4548 cum
1690 4498 1915 4551 videmus
1936 4499 1991 4550 in
2022 4516 2150 4553 sart-

641 4563 1043 4649 ctoslapostotos
1070 4564 1401 4649 descendisse
1440 4563 1776 4645 Paractitum.
1801 4568 1999 4649 ltitique
2029 4570 2149 4622 des-

640 4632 810 4708 cendit
837 4632 890 4683 in
916 4632 1033 4684 illos
1064 4632 1289 4708 Spiritus
1332 4644 1556 4698 sanctus,
1599 4634 1755 4708 juxta
1796 4632 1987 4691 Christi
2031 4655 2148 4708 pro-

643 4701 950 4765 missionem,
986 4709 1038 4753 ut
1066 4719 1152 4756 eos
1180 4702 1380 4756 doceret
1410 4701 1610 4756 omnem
1637 4707 1916 4759 veritatem.

642 4882 836 4937 Notum
863 4882 1013 4937 vobis
1056 4884 1306 4939 omnibus
1349 4891 1451 4949 est,
1483 4885 1693 4952 fratres,
1727 4894 1927 4955 quanta
1956 4887 2025 4941 sit
2052 4888 2152 4943 hu-

572 4979 721 5047 jusce
760 4976 864 5031 diei
906 4979 1207 5033 veneranda
1256 4979 1582 5045 solemnitas,
1610 4982 1909 5049 quibusque
1948 4983 2152 5050 gaudiis

2256 4348 2499 4403 cendisse
2520 4347 2861 4405 Paraclitum.
2886 4347 3038 4401 Illum
3059 4346 3241 4415 utique
3269 4345 3322 4400 in
3352 4346 3501 4401 cretis
3528 4355 3823 4414 regnantem

2256 4454 2374 4495 esse
2406 4457 2513 4496 non
2538 4441 2861 4503 dubitamus,
2892 4438 3108 4507 quando
3135 4453 3257 4491 eum
3286 4438 3646 4492 sacratissima
3674 4437 3820 4506 Spiri~

2257 4540 2341 4585 tus
2386 4531 2558 4586 sancti
2605 4544 2825 4583 munera
2855 4527 3057 4582 donare
3104 4526 3345 4580 videmus
3374 4526 3426 4579 in
3457 4524 3635 4578 terris.
3657 4524 3820 4578 Victor

2255 4630 2401 4677 certe
2430 4620 2495 4675 ad
2523 4621 2799 4675 dexteram
2826 4616 3003 4672 Patris
3027 4617 3137 4685 jam
3186 4614 3367 4680 sedet,
3398 4614 3525 4668 dum
3558 4615 3633 4667 uti
3672 4614 3821 4668 victor

2254 4712 2398 4767 dona
2418 4711 2662 4779 largitur.
2710 4708 2865 4763 Unde
2908 4715 2966 4762 et
3017 4706 3267 4761 Salvator
3291 4703 3491 4758 diaboli
3517 4703 3692 4757 victor
3718 4708 3820 4770 post

2258 4802 2583 4872 triumphum
2612 4798 2920 4868 discipulos,
2944 4811 3080 4867 quos
3108 4794 3175 4849 ab
3201 4794 3341 4847 illius
3371 4792 3681 4862 captivitate
3706 4790 3818 4844 libe-

2258 4892 2415 4957 ravit,
2445 4891 2618 4945 etiam
2641 4888 2875 4958 Spiritus
2908 4885 3081 4941 sancti
3110 4882 3485 4939 benedictione
3518 4881 3721 4936 ditavit.
3746 4878 3817 4933 Li-

2256 4979 2465 5035 beravit
2490 4984 2669 5033 autem
2696 4992 2811 5041 nos,
2835 4991 2959 5031 cum
2984 4973 3051 5028 ad
3065 4970 3449 5041 resurgendum
3473 4984 3573 5040 per
3589 4984 3649 5024 se
3666 4969 3816 5038 ipsum

576 5044 723 5119 tanta
755 5082 785 5119 a
815 5068 1019 5121 cunctis
1045 5068 1111 5121 sit
1135 5070 1452 5125 celebranda
1490 5044 1768 5127 festivitas.
1796 5044 1975 5129 Iiodie
2009 5075 2152 5129 enim
2180 5044 2233 5105 D
2260 5079 2459 5125 tartara
2490 5069 2645 5124 nobis
2673 5066 2938 5132 occludit;
2986 5064 3175 5119 ditavit
3201 5077 3320 5127 nos,
3350 5075 3475 5116 cum
3518 5059 3587 5114 ad
3613 5071 3815 5127 regnas.

575 5156 871 5212 Salvatoris
900 5160 1070 5212 nostri
1102 5159 1191 5213 illa
1240 5169 1325 5234 est
1370 5161 1587 5231 impleta
1629 5165 1934 5233 promissio,
1961 5180 2065 5235 qua
2099 5167 2151 5220 in

576 5248 852 5315 apostolos
890 5248 1145 5319 Spiritum
1177 5260 1439 5316 sanctum,
1469 5253 1597 5308 dum
1626 5254 1741 5323 ipse
1767 5255 1819 5309 in
1872 5256 2037 5311 C(BIOS
2069 5272 2155 5313 as-

576 5338 849 5402 cenderet,
876 5354 933 5394 se
953 5340 1162 5395 dixerat
1189 5356 1309 5397 esse
1328 5344 1633 5399 missurum.
1648 5343 1971 5401 Promiserat
1989 5348 2150 5402 enim:

575 5426 706 5486 Cum
726 5441 896 5486 autem
923 5434 1198 5489 ascendere
1218 5435 1286 5488 ad
1312 5433 1547 5502 Patrem,
1579 5438 1781 5491 mittam
1809 5438 1950 5492 vobis
1979 5439 2152 5492 Para-

577 5527 753 5577 clitum
782 5522 1035 5593 Spiritum
1074 5527 1330 5590 veritatis,
1373 5534 1424 5579 et
1467 5528 1577 5595 ipse
1621 5544 1707 5581 vos
1744 5528 1941 5583 docebit
1981 5529 2153 5583 omnia

579 5612 757 5683 (Joan.
793 5615 922 5685 xvn).
942 5614 1219 5671 Credimus
1246 5616 1387 5671 enim
1417 5617 1485 5671 ad
1515 5617 1729 5673 Patrem
1755 5634 1942 5674 revera
1964 5634 2156 5689 perve-

581 5706 719 5763 nisse
748 5705 958 5775 Filium,
982 5722 1102 5762 cum
1129 5706 1367 5762 videmus
1396 5707 1447 5761 in
1483 5715 1697 5764 sanctos
1726 5711 1999 5779 apostolos
2021 5710 2153 5767 des-

2258 5163 2405 5229 dum,
2433 5176 2531 5231 per
2560 5158 2886 5213 Paraclitum
2915 5155 3069 5211 nobis
3096 5152 3336 5209 caelestia
3374 5150 3652 5205 reseravit.
3689 5147 3817 5203 Tunc

2260 5253 2400 5308 enim
2423 5268 2454 5306 a
2484 5258 2658 5306 morte
2682 5249 2750 5304 ad
2763 5249 2931 5304 vitam
2958 5256 3202 5301 remeare
3216 5243 3529 5307 didicimus;
3560 5239 3715 5295 modo
3738 5254 3816 5292 an.

2259 5352 2368 5399 tem
2422 5356 2455 5397 e
2509 5341 2667 5396 terris
2696 5340 2764 5394 ad
2815 5337 2981 5393 cmlos
3032 5334 3292 5389 docemur
3345 5329 3669 5394 ascendere,
3698 5328 3816 5382 sicut

2258 5435 2518 5504 scriptum
2543 5440 2654 5487 est:
2685 5430 2784 5485 Ille
2810 5445 2895 5484 vos
2918 5425 3119 5481 docebit
3137 5422 3313 5478 omnia
3337 5421 3519 5492 (Joan.
3551 5418 3683 5488 xvi).
3704 5416 3815 5483 Quid

2261 5538 2393 5579 vero
2422 5522 2583 5577 docet
2611 5521 2701 5575 ille
2727 5518 2961 5589 Spiritus
2983 5513 3245 5570 sanctus?
3266 5510 3467 5579 Utique
3506 5510 3611 5564 hoc
3635 5516 3814 5563 tantum

2261 5615 2409 5669 novit
2436 5613 2655 5675 docere,
2688 5609 2833 5679 quod
2854 5614 3095 5663 sanctum
3129 5611 3231 5658 est.
3263 5598 3400 5667 Quid
3430 5600 3588 5655 nobis
3616 5596 3815 5653 Paracli-

2265 5717 2349 5763 tus
2378 5704 2648 5763 insinuat?
2670 5700 2803 5758 Illud
2832 5700 3033 5768 utique,
3063 5694 3209 5765 quod
3228 5692 3357 5749 dicit
3377 5690 3629 5748 Salvator
3647 5707 3658 5744 :
3676 5687 3815 5745 Iutis
