3896 6250
59 344 156 397 GM

1501 331 1730 389 SERMO
1767 332 1898 389 LVI.

3224 327 3330 387 61-!

46 452 216 508 habeo
236 449 382 503 nobis
404 448 596 513 dicere,
620 445 711 499 sed
736 461 837 498 non
867 441 1308 512 potestis‘portare
1328 440 1496 494 modo.
1518 440 1645 494 Cum
1675 433 2012 509 A'accipcrc.
2045 438 2101 492 Si
2131 453 2271 493 nunc
2297 453 2417 494 cum
2450 440 2564 494 suis
2604 440 2965 509 voluptatibus
3000 448 3161 508 atque
3190 455 3326 496 cou-

38 542 242 593 merit
269 539 360 590 ille
403 536 631 604 Spiritus
660 534 884 588 veritatis
902 572 917 596 ,
948 533 1059 599 ipse
1102 547 1189 584 vos
1219 530 1418 584 docebit
1445 534 1640 585 omnia.

41 629 233 699 (Joan.
260 627 394 696 xvi).
426 626 606 679 Bonus
632 638 761 692 ergo
789 624 1045 691 magister
1070 628 1152 676 est
1177 620 1489 687 Paraclitus,
1520 623 1643 691 quia

38 718 214 769 docet
241 728 365 781 quae
392 712 636 767 Christus
655 711 883 767 dicenda
904 712 1152 764 servavit.
1178 710 1294 765 Hoc
1320 711 1461 766 enim
1484 711 1641 765 docet

41 802 289 870 Spiritus
335 809 576 864 sanctus,
625 800 769 869 quod
808 799 1063 853 Dominus
1100 799 1402 853 docendum
1442 800 1642 873 habere

37 907 113 945 se
137 891 287 945 dicit.
304 888 551 960 Optimus
568 889 726 958 plane
753 889 1007 955 magister
1025 895 1126 953 est,
1144 889 1235 956 qui
1249 887 1636 957 praceptorum

40 988 345 1035 exsecutor
376 987 459 1034 est
499 979 810 1033 Salvatoris.
853 978 1082 1032 Necesse
1117 985 1201 1031 est
1241 979 1431 1045 igitur,
1464 986 1522 1032 ut
1562 979 1638 1032 illi

44 1069 217 1123 unius
242 1070 314 1125 sit
331 1069 640 1124 substantia:
660 1079 851 1122 natura
878 1083 999 1122 cum
1027 1067 1257 1132 Christo,
1293 1083 1452 1136 quem
1486 1070 1636 1123 vide-

42 1175 179 1213 mus
201 1161 361 1215 unius
405 1174 526 1214 cum
554 1159 767 1213 Christo
810 1172 929 1212 esse
954 1157 1232 1211 doctrinae.
1279 1158 1453 1225 Atque
1494 1160 1636 1224 ideo,

44 1250 352 1313 carissimi,
394 1249 463 1303 ab
510 1249 656 1303 omni
699 1263 799 1301 nos
846 1247 1195 1307 emundemus
1238 1248 1644 1316 inquinamento

45 1338 257 1403 carnis,
292 1346 353 1392 ut
381 1336 636 1407 Spiritum
664 1344 912 1392 sanctum
941 1345 997 1391 et
1024 1352 1125 1392 nos
1154 1338 1316 1393 etiam
1344 1352 1647 1392 mereamur

1749 531 2092 602 cupiscentiis
2137 531 2391 588 mundum
2434 530 2779 592 dimittimus,
2828 530 3055 584 similem
3114 544 3329 597 quoque

1747 621 2094 686 Paraclitum,
2116 621 2270 675 sicuti
2300 622 2554 690 apostoli,
2586 620 2829 676 veritatis
2856 634 3052 689 nempe
3072 618 3327 688 Spiritum

1744 711 2083 777 habebimus,
2112 726 2268 779 quem
2302 710 2479 764 mittet
2525 710 2680 765 nobis
2710 709 2888 773 Pater,
2920 709 3170 778 quoniam
3218 724 3327 762 non

1744 811 1826 857 est
1862 802 2103 870 acceptio
2131 815 2483 870 personarum
2511 797 2652 867 apud
2683 799 2846 852 Deum
2872 815 2884 849 :
2918 812 3046 866 ergo
3075 798 3121 852 si
3154 797 3324 864 legem

1744 889 1973 955 Domini,
2004 904 2123 963 quae
2166 895 2249 943 est
2303 888 2640 942 immaculata
2669 896 2723 941 et
2750 894 3071 941 convertens
3097 886 3325 950 animas,

1742 978 1992 1048 implere;
2009 979 2054 1032 si
2077 974 2324 1031 mandata
2350 992 2512 1045 super
2532 977 2636 1031 mel
2664 985 2721 1030 et
2748 975 2924 1029 favum
2946 975 3182 1029 dulciora
3207 990 3328 1043 per-

1744 1068 1903 1123 licere
1928 1067 2308 1132 studuerimus,
2339 1065 2405 1119 ad
2432 1074 2689 1119 (sternam
2730 1064 2872 1117 illam
2903 1063 3132 1131 patriam
3162 1077 3324 1130 quam

1746 1157 1900 1211 nobis
1930 1158 2042 1226 ipse
2074 1157 2212 1210 Deus
2242 1155 2578 1225 prmparavit,
2598 1154 3010 1224 perveniemus;
3038 1154 3182 1221 quod
3212 1154 3325 1221 ipse

1747 1256 1999 1317 praistare
2025 1246 2290 1315 dignetur.
2313 1244 2560 1317 Explicit.

1463 1443 1729 1503 SERMO
1772 1444 1901 1504 LV.

1367 1540 1445 1595 De
1484 1541 1790 1597 Pentecoste
1834 1541 2003 1599 VIII.

128 1656 547 1712 Festivissimam
569 1656 711 1710 illam
736 1654 995 1711 hodierna
1022 1653 1127 1719 die,
1152 1654 1365 1717 fratres,
1393 1655 1639 1709 celebra-

52 1762 182 1802 mus
207 1748 629 1810 SOIemnitatem,
658 1760 763 1814 qua
798 1744 1057 1799 Dominus
1084 1752 1271 1798 noster
1300 1743 1455 1798 Jesus
1480 1744 1641 1798 Chri-

50 1844 181 1890 stus
201 1851 323 1889 cum
352 1835 421 1888 ad
447 1832 660 1888 Patrem
699 1842 874 1889 morte
895 1834 1107 1887 devicta
1145 1834 1430 1900 gloriosius
1456 1833 1643 1887 rediis-

46 1932 172 1987 set,
201 1937 363 1990 quem
392 1931 549 1977 antea
589 1922 844 1991 apostolis
880 1923 990 1977 suis
1029 1932 1273 1977 sanctum
1320 1923 1642 1992 promiserat

48 2013 322 2080 Spiritum
352 1997 583 2080 paterna!
600 2027 782 2066 secum
803 2012 974 2079 gratia
1002 2011 1056 2065 id
1083 2012 1344 2079 largiente
1365 2013 1493 2081 ipsis
1520 2029 1646 2067 con-

50 2102 238 2165 cessit,
261 2109 323 2154 ut
350 2101 526 2164 fidem,
556 2116 716 2170 quam
745 2108 924 2166 antea,
956 2100 1082 2155 dum
1111 2101 1224 2169 ipse
1254 2102 1307 2154 in
1331 2102 1493 2156 terris
1520 2117 1642 2157 ver—

51 2198 292 2254 saretur,
324 2188 721 2258 przedicaverat,
752 2190 1009 2244 solidaret
1053 2189 1143 2243 ille
1180 2199 1342 2260 atque
1386 2192 1637 2246 muniret.

53 2278 351 2334 Descendit
378 2291 507 2346 ergo
535 2278 791 2333 hodierna
818 2279 905 2333 die
943 2279 996 2332 in
1018 2280 1292 2348 apostolos
1314 2281 1523 2335 divinus
1553 2282 1641 2336 ille

54 2368 380 2431 Paraclitus,
408 2366 534 2420 dum
579 2366 1011 2435 complerentur,
1044 2374 1103 2420 ut
1130 2373 1289 2421 antea
1318 2367 1517 2422 lectum
1536 2376 1637 2433 est,

51 2456 171 2510 dics
216 2454 584 2530 Pentecostes,
634 2463 795 2523 atque
826 2470 1014 2510 omnes
1040 2464 1222 2509 essent
1250 2456 1529 2511 unanimes
1564 2458 1641 2511 si-

53 2546 168 2599 mul
200 2546 256 2598 in
282 2544 474 2599 eodem
494 2544 639 2600 loco.
669 2544 841 2599 Simul
876 2545 1038 2613 igitur
1075 2552 1228 2599 erant
1248 2546 1497 2613 apostoli,
1522 2561 1643 2600 cum

54 2634 343 2690 descendit
376 2636 431 2688 in
459 2636 579 2689 illos
603 2635 832 2704 Spiritus
858 2644 1071 2690 sanctus
1096 2652 1254 2705 supra
1286 2653 1642 2706 unumquem-

56 2741 163 2795 que
189 2740 400 2781 eorum.
418 2726 580 2781 Venit
595 2740 725 2794 ergo
751 2726 961 2783 divinus
989 2727 1077 2781 ille
1104 2726 1334 2796 Spiritus
1362 2728 1418 2781 in
1455 2730 1645 2783 unani-

55 2830 206 2879 mes;
241 2813 519 2869 descendit
567 2814 622 2869 in
649 2815 947 2871 concordes
1002 2825 1196 2886 atque,
1228 2827 1288 2871 ut
1315 2818 1513 2872 lectum
1540 2826 1642 2881 est,

55 2907 239 2974 repleti
269 2914 388 2958 sunt
417 2906 639 2975 apostoli
669 2905 870 2977 Spiritu
899 2916 1076 2961 sancto
1094 2947 1109 2972 ,
1150 2916 1201 2960 et
1225 2916 1480 2977 eruperunt
1507 2908 1645 2976 loqui

56 2998 214 3050 variis
238 2997 451 3067 linguis,
476 3004 627 3065 prout
655 2996 881 3066 Spiritus
910 2997 1066 3050 dabat
1092 2997 1264 3066 eloqui
1289 2998 1393 3051 illis
1421 2998 1557 3068 (Act.
1580 2997 1641 3068 ι).

56 3082 295 3153 Spiritus
324 3083 414 3137 ille
460 3084 551 3153 qui
587 3084 967 3153 discipulorum
995 3084 1159 3139 corda
1200 3094 1513 3154 mentesque
1558 3100 1645 3140 re—

1738 1658 1941 1720 bantur
1983 1658 2233 1727 apostoli.
2264 1665 2424 1728 prout
2472 1666 2687 1713 sanctus
2734 1659 2848 1728 ipse
2890 1658 3120 1728 Spiritus
3163 1662 3323 1716 dabat

1745 1747 1926 1815 eloqui
1958 1744 2175 1811 illis;'ut
2204 1749 2257 1801 in
2280 1763 2458 1811 unam,
2503 1748 2853 1817 eamdemque
2896 1749 3053 1804 fidem
3085 1751 3322 1807 omnium

1674 1863 1717 1923 Β
1745 1835 1981 1901 gentium
2007 1836 2401 1889 coadunaretur
2430 1837 2767 1890 universitas.
2794 1838 2975 1891 Parthi
2996 1840 3163 1903 enim,
3184 1840 3321 1895 Medi

1743 1930 1799 1975 et
1826 1921 2081 1988 Elamitaz,
2114 1931 2168 1977 et
2211 1924 2448 1992 reliqua),
2498 1925 2635 1978 sicut
2673 1926 2867 1979 lectum
2910 1934 3023 1991 est,
3075 1928 3323 1982 nationes

1750 2011 1981 2079 propriis
2010 2012 2284 2079 apostolos
2314 2013 2538 2066 audiunt
2576 2013 2943 2080 colloquentes
2984 2017 3322 2070 sermonibus

1744 2100 1839 2153 Dei
1869 2101 2154 2167 magnalia.
2190 2100 2419 2171 (Desunt
2445 2104 2500 2154 in
2544 2103 2789 2172 originali
2816 2102 3106 2173 quindecim
3138 2106 3319 2171 linere,

1742 2190 2038 2243 charactere
2066 2191 2271 2243 omnino
2302 2190 2511 2259 deleto.)

1813 2279 1926 2334 Etsi
1954 2283 2095 2335 enim
2133 2282 2293 2335 etiam
2338 2282 2436 2351 ipsi
2478 2283 2529 2336 in
2557 2282 2659 2336 hac
2689 2283 3021 2339 sanctissima
3053 2282 3143 2337 die
3188 2299 3318 2338 con-

1742 2379 2030 2439 gregemur
2055 2371 2109 2425 in
2139 2387 2333 2436 unum;
2365 2372 2463 2425 etsi
2513 2387 2575 2425 ea
2604 2387 2722 2441 quae
2748 2372 2972 2427 dicimus
3006 2379 3061 2425 et
3102 2373 3200 2441 ipsi
3223 2388 3319 2426 au-

1744 2464 1910 2527 diant,
1939 2462 2005 2515 ad
2030 2462 2284 2531 judicium
2330 2469 2509 2514 tamen
2551 2461 2792 2525 audiunt,
2831 2463 2931 2515 nisi
2980 2462 3316 2529 resipiscam.

1743 2549 1946 2618 Ecquid
1974 2551 2117 2603 enim
2148 2550 2277 2617 ipsis
2317 2549 2556 2616 proderit
2584 2550 2806 2603 arrectis
2851 2550 3033 2609 audire
3080 2550 3319 2613 auribus,

1744 2638 1889 2705 quod
1917 2637 2079 2691 corde
2100 2644 2377 2706 respuunt,
2401 2634 2747 2704 ejusdemque
2767 2637 2938 2690 sancti
2966 2636 3195 2705 Spiritus
3217 2654 3314 2691 no-

1742 2727 1944 2780 hiscum
1961 2710 2113 2785 diem
2138 2726 2429 2788 celebrare,
2461 2724 2613 2791 cujus
2638 2725 2815 2778 lumen
2844 2734 3177 2780 aversantur.
3210 2727 3318 2781 Vos

1743 2821 1943 2877 autem,
1971 2813 2181 2880 fratres,
2204 2814 2440 2866 membra
2466 2814 2707 2882 corporis
2726 2813 3079 2878 Cbristi,viva
3098 2817 3319 2872 sincerzu

1746 2902 1963 2955 unitatis
1990 2902 2249 2969 germina,
2281 2901 2425 2956 hunc
2454 2903 2594 2956 diem
2624 2918 2835 2972 semper
2856 2905 3317 2961 celebrate........

1743 2992 1858 3047 Hoc
1884 2986 2027 3046 enim
2056 2993 2217 3046 etiam
2248 3008 2389 3047 nunc
2418 2992 2471 3045 in
2514 2994 2665 3047 vobis
2710 2995 2981 3063 impletur,
3027 2997 3169 3065 quod
3220 2997 3325 3053 illis

1742 3081 1948 3146 diebus,
1977 3081 2190 3148 quando
2220 3081 2269 3134 in
2301 3082 2572 3151 apostolos
2599 3090 2816 3138 sanctus
2853 3084 3126 3138 descendit
3150 3084 3320 3155 Spiri-

58 3174 242 3241 plevit,
284 3187 316 3227 a
345 3173 577 3227 terrenis
623 3173 890 3227 illecebris
940 3173 1031 3227 illa
1082 3173 1303 3229 omnino
1349 3174 1639 3228 mundavit.
1669 3170 1714 3232 C
1746 3179 1852 3233 tus,
1880 3173 2316 3242 praasignabatur.
2360 3172 2492 3227 Nam
2542 3173 2698 3228 sicuti
2747 3182 2871 3229 tunc
2903 3176 3143 3244 quisquis
3182 3178 3235 3230 in
3264 3194 3323 3233 se

57 3262 195 3330 ignis
216 3264 309 3318 ille
331 3264 569 3317 caelestis
590 3264 788 3318 veteris
798 3264 1244 3332 concupiscentia:
1269 3278 1432 3334 prava
1449 3272 1641 3319 cuncta

60 3352 415 3421 consumpsit.
442 3350 656 3418 Lingua:
676 3351 797 3416 illae,
820 3353 1013 3420 quibus
1032 3360 1220 3407 sancto
1232 3353 1422 3423 repleti
1442 3352 1642 3422 Spiritu

58 3439 419 3507 loquebantur
446 3441 696 3508 apostoli,
725 3439 957 3496 futuram
1008 3442 1064 3495 in
1105 3443 1352 3510 gentibus
1396 3442 1642 3511 designa-

58 3527 515 3583 bantEcclesiam.
540 3528 606 3582 Et
624 3538 900 3599 omperunt
917 3531 1063 3600 loqui
1076 3532 1236 3585 variis
1256 3531 1466 3599 linguis,
1480 3540 1641 3601 prout

56 3617 286 3687 Spiritus
314 3619 483 3675 dabat
507 3620 685 3689 eloqui
716 3621 838 3676 illis.
867 3620 1039 3676 Variis
1063 3635 1193 3691 ergo
1212 3623 1407 3691 linguis
1447 3624 1635 3691 loque-

1744 3262 2155 3318 descendentem
2197 3262 2343 3316 illum
2385 3262 2615 3317 obtinuit
2642 3262 2932 3331 Spiritum,
2966 3272 3025 3319 ut
3067 3266 3227 3319 etiam
3273 3270 3320 3322 si

1746 3352 1933 3407 unicus
1954 3352 2114 3405 homo
2144 3352 2379 3406 omnium
2408 3352 2716 3420 loqueretur
2742 3353 2965 3421 linguis;
2993 3354 3065 3407 ita
3094 3362 3149 3409 et
3178 3372 3320 3412 nunc

1744 3455 1843 3510 per
1861 3457 2048 3496 omnes
2076 3450 2260 3508 gentes
2288 3441 2482 3509 linguis
2518 3442 2757 3496 omnium
2782 3442 2895 3512 ipsa
2924 3442 3157 3512 loquitur
3176 3447 3319 3501 veri-

1745 3538 1847 3587 tas.
1878 3530 2130 3601 Explicit.

961 3845 1574 3952 CLASSIS
1694 3848 1877 3953 SE
1891 3846 2439 3956 CUNDA.

1088 4058 1608 4137 SERMONES
1662 4060 1793 4137 DE
1847 4060 2288 4138 SANCTIS.

1454 4356 1721 4419 SERMO
1763 4356 1920 4419 LVI.

1385 4453 1448 4507 In
1472 4456 1636 4509 natali
1662 4456 1723 4511 S.
1752 4458 1985 4527 Agnetis.

1506 4544 1896 4601 ADMONITIO.

138 4645 289 4715 537
334 4636 741 4715 Tillemcntius,
770 4644 902 4715 to_m_.
933 4636 997 4715 V_,
1023 4650 1143 4706 pag.
1168 4637 1298 4702 541,
1324 4637 1554 4715 Μειξὶφο
1592 4648 1775 4695 nostro
1790 4641 1942 4715 hanc
1988 4638 2379 4715 panegyricamﬁ
2408 4638 2705 4715 orationem
2747 4636 3083 4715 adimendam
3108 4651 3312 4715 censet,

70 4707 322 4832 Elui-{que
348 4708 595 4776 congerit
619 4721 725 4760 sua:
752 4707 1018 4775 opinionis
1038 4716 1367 4774 argumenta.
1399 4708 1636 4763 Primum
1664 4726 1730 4764 ex
1760 4710 1971 4763 silentio
1990 4707 2217 4763 Baro'nii
2260 4716 2314 4761 et
2342 4708 2807 4771 Bollandistarum,
2840 4708 2930 4828 (ὲυί
2959 4708 3026 4761 de
3044 4712 3315 4781 martyrio

90 4782 119 4829 '.
148 4781 368 4832 Aanetis
395 4784 617 4832 agentes
640 4776 857 4832 huiusce
879 4778 1140 4831 sermonis
1160 4793 1267 4831 non
1293 4778 1676 4832 meminerunt:
1704 4779 1896 4832 deinde
1912 4780 2218 4832 testimonio
2247 4778 2411 4831 utitur
2430 4777 2815 4831 monachorum
2889 4777 3314 4832 enedictinorum

148 4776 369 4848 Agnetis
395 4784 617 4848 agentes
640 4776 857 4848 hujusce
879 4778 1140 4831 sermonis
1160 4778 1676 4848 non~meminerunt;
1704 4779 1896 4833 deinde
1912 4780 2218 4832 testimonio
2247 4777 2815 4848 utiturrmouachorum

73 4847 317 4926 congrcg.
350 4847 411 4902 S.
444 4847 575 4926 Mati}

74 4924 173 4979 tur,
204 4927 259 4973 et
280 4928 539 4985 tanquam
562 4924 614 4985 in

2889 4777 3314 4833 enedictinorum

497 4845 631 4909 auri,
694 4843 744 4898 ui
766 4846 907 4899 hunc
934 4860 1237 4900 sermonem
1258 4843 1313 4900 S.
1346 4846 1626 4901 Ambrosio
1647 4849 1959 4901 attributum
1988 4848 2039 4900 in
2062 4848 2229 4901 tribus
2256 4846 2531 4901 codicibus
2557 4860 2685 4897 mss.
2710 4860 2768 4898 se
2792 4846 3077 4913 reperiisse
3102 4856 3312 4901 testan-

497 4929 539 4967 rn
562 4860 815 4968 inegitum
840 4914 938 4967 sub
954 4914 1069 4968 eius
1093 4916 1309 4968 nomine
1351 4915 1650 4968 vulgarunt.
1684 4916 1866 4968 Tertio
1903 4916 2023 4968 loco
2051 4912 2244 4968 stvlum
2280 4930 2309 4968 a
2330 4910 2650 4967 Matimiana
2676 4915 2912 4968 puritate
2940 4923 2994 4968 et
3040 4915 3308 4968 eleaantia

687 4915 815 4985 itum
840 4914 938 4967 sub
954 4914 1069 4985 ejus
1093 4916 1309 4985 nomine
1351 4915 1650 4983 vulgarunt.
1684 4916 1866 4971 Tertio
1903 4916 2023 4971 loco
2051 4912 2244 4985 stylum
2280 4930 2309 4968 a
2330 4910 2650 4985 Mattimiana
2676 4910 2912 4981 puritate
2940 4923 3017 4985 et,
3040 4915 3308 4984 elegantia

73 4981 463 5056 discrepantem
489 4984 633 5056 dicit.
667 4981 945 5056 Postremo
967 4981 1034 5037 de
1073 4984 1369 5056 aliquarum
1392 4981 1585 5056 vocum
1622 4986 1869 5056 barbarie
1895 4981 2251 5056 queritur,_de
2278 4998 2380 5051 qua
2411 4983 2670 5056 orationis
2691 4990 2965 5056 auctorem
3007 4981 3309 5056 insimulat;

76 5050 551 5119 quare-concludit
592 5052 818 5121 opellam
845 5052 991 5105 illam
1026 5050 1359 5120 sequioribus
1399 5054 1606 5107 saeculis
1650 5050 1928 5109 conditam'
1944 5053 2283 5109 verisimilius
2300 5050 2448 5105 esse.
2482 5050 2581 5121 His
2611 5051 2845 5121 breviter
2888 5053 3211 5120 respondeo.
3244 5053 3311 5106 Et

78 5123 284 5189 quidem
314 5124 383 5178 ad
400 5120 641 5192 primum
658 5121 850 5192 dicam,
873 5130 1240 5192 argumentum
1268 5123 1587 5192 negativumi
1602 5124 1755 5191 juxta
1783 5123 1965 5176 critice
2000 5137 2236 5192 canones
2268 5121 2396 5192 nihil
2434 5120 2791 5192 concludere;
2837 5122 3011 5189 potuit
3038 5121 3181 5192 enim
3210 5122 3312 5192 Ba-

79 5192 277 5258 tonius,
347 5188 638 5246 ui'nonnisi
677 5190 818 5244 circa
868 5204 1064 5243 annum
1110 5188 1247 5243 1560
1295 5188 1526 5245 Annales
1553 5188 1803 5247 Ecclesia:
1846 5192 2077 5245 scribere
2105 5190 2285 5259 cmpit,
2308 5190 2447 5242 hunc
2490 5188 2706 5243 Maximi
2744 5188 3048 5243 sermonem
3074 5189 3312 5244 Colonia:

85 5269 166 5311 an.
196 5209 344 5314 153ἑ1
356 5276 477 5314 cum
504 5258 723 5314 reliquis
751 5257 954 5311 editum
1000 5259 1275 5314 ignorare:
1305 5261 1755 5314 quemadmodum
1793 5260 2119 5314 Benedictini
2162 5260 2409 5312 monachi
2437 5257 2493 5314 S.
2520 5258 2784 5312 Ambrosii
2827 5257 3095 5314 editores.
3141 5259 3311 5312 multo

85 5269 166 5311 an.
196 5260 263 5313 15

356 5276 477 5315 cum
504 5258 723 5327 reliquis
751 5257 954 5327 editum
1000 5259 1275 5325 ignorare;
1305 5261 1755 5327 quemadmodum
1793 5260 2119 5315 Benedictini
2162 5257 2409 5312 monachi
2437 5257 2493 5317 S.
2520 5258 2784 5312 Ambrosii
2827 5257 3095 5323 editores,
3141 5259 3311 5312 multo

85 5324 306 5399 Damnio
333 5324 675 5399 posteriores,
701 5326 815 5399 ejus
821 5324 1113 5399 editionem
1133 5324 1463 5399 ignorarunt.
1494 5329 1690 5384 Eadem
1714 5330 1991 5398 impressio
2017 5328 2348 5399 coloniensis
2370 5328 2511 5399 ipsos
2534 5327 2922 5399 Bollandistas,
2940 5329 3194 5399 quamvis
3222 5328 3310 5399 illa

88 5392 136 5444 in
162 5392 433 5464 provincia
459 5396 656 5450 versati
702 5392 917 5459 fuerint,
948 5395 1106 5465 fugit;
1137 5392 1200 5451 ac
1226 5398 1448 5465 proinde
1474 5400 1668 5452 mirum
1716 5392 1821 5453 non
1848 5407 1947 5461 est,
1978 5400 2020 5452 si
2064 5397 2119 5452 S.
2153 5392 2441 5450 Maximum
2481 5396 2620 5465 inter
2649 5395 2834 5449 Patres
2861 5396 2951 5463 qui
2970 5392 3065 5450 'de
3093 5396 3311 5463 Agnetis

89 5462 333 5547 martyrio
351 5462 1099 5547 _egerunt,._siluerint.“9u;od
1122 5462 1325 5535 spectat
1349 5468 1415 5547 ad
1435 5468 1817 5547 tresmcodices,
1862 5468 2056 5547 quibus
2084 5462 2666 5547 fidenteslien-eg‘igtini
2714 5462 2995 5547 monachi“
3014 5462 3316 5547 sermopeni

88 5525 533 5603 Ituuc'Ameosiq
561 5525 876 5603 tribuerunt,
906 5525 1031 5587 illud
1054 5535 1139 5588 aio
1151 5525 1175 5587 ἐ
1202 5550 1295 5589 sex
1320 5537 1449 5589 mihi
1476 5535 1751 5603 suffragari
1780 5525 2009 5599 codices,
2052 5548 2243 5603 nempe

90 5604 143 5650 et
165 5598 261 5653 1Ἷ4
282 5619 407 5673 pag.
440 5601 544 5656 159
566 5601 694 5656 bibl.
723 5602 848 5656 olim
874 5603 1011 5657 tedil.
1043 5603 1173 5657 eccl.
1198 5612 1425 5674 metrop.
1455 5604 1622 5664 Flor..
1644 5598 1706 5659 iv
1738 5604 1878 5660 Plut.
1911 5606 1978 5661 55
2005 5598 2194 5675 partis'
2212 5602 2437 5657 sinistra:
2460 5598 2605 5657 biblf
2624 5598 2751 5657 olim
2800 5602 2989 5660 Minor.

2280 5533 2401 5603 Vat.
2592 5548 2710 5603 pag.
2745 5533 2864 5603 152,
2894 5532 2997 5585 169
3036 5548 3154 5603 pag.
3190 5532 3313 5593 115,

3074 5609 3313 5665 υιινειιι,
