  <div class='ocr_page' id='page_1' title='image "/cluster/home/n/w/nwhite01/storage/ocr_20150623/57/uva.x000827099/325.png"; bbox 0 0 3896 6250; ppageno 0'>
   <div class='ocr_carea' id='block_1_1' title="bbox 603 308 3799 369">
    <p class='ocr_par' dir='ltr' id='par_1_1' title="bbox 603 308 3799 369">
     <span class='ocr_line' id='line_1_1' title="bbox 603 308 3799 369; baseline -0.001 -2"><span class='ocrx_word' id='word_1_1' title='bbox 603 316 703 369; x_wconf 62' lang='grc'><strong>(345</strong></span> <span class='ocrx_word' id='word_1_2' title='bbox 1807 311 1862 366; x_wconf 89' lang='lat' dir='ltr'><strong>S.</strong></span> <span class='ocrx_word' id='word_1_3' title='bbox 1905 309 2144 363; x_wconf 73' lang='lat' dir='ltr'><strong>MAXIMI</strong></span> <span class='ocrx_word' id='word_1_4' title='bbox 2185 308 2626 367; x_wconf 73' lang='lat' dir='ltr'><strong>TAURINENSIS</strong></span> <span class='ocrx_word' id='word_1_5' title='bbox 3738 314 3799 366; x_wconf 69' lang='grc' dir='ltr'>ω</span> 
     </span>
    </p>
   </div>
   <div class='ocr_carea' id='block_1_2' title="bbox 604 416 3800 491">
    <p class='ocr_par' dir='ltr' id='par_1_2' title="bbox 604 416 3800 491">
     <span class='ocr_line' id='line_1_2' title="bbox 604 416 3800 491; baseline 0.001 -17"><span class='ocrx_word' id='word_1_6' title='bbox 604 439 742 477; x_wconf 88' lang='lat' dir='ltr'><strong>nunc</strong></span> <span class='ocrx_word' id='word_1_7' title='bbox 773 424 823 475; x_wconf 93' lang='lat' dir='ltr'><strong>in</strong></span> <span class='ocrx_word' id='word_1_8' title='bbox 857 421 1234 486; x_wconf 71' lang='lat' dir='ltr'><strong>Laurentiano,</strong></span> <span class='ocrx_word' id='word_1_9' title='bbox 1264 420 1433 474; x_wconf 88' lang='lat' dir='ltr'><strong>codex</strong></span> <span class='ocrx_word' id='word_1_10' title='bbox 1454 418 1717 491; x_wconf 75' lang='lat' dir='ltr'><strong>Lucensis</strong></span> <span class='ocrx_word' id='word_1_11' title='bbox 1748 428 2005 486; x_wconf 67' lang='lat' dir='ltr'><strong>praeterea</strong></span> <span class='ocrx_word' id='word_1_12' title='bbox 2041 416 2226 491; x_wconf 77' lang='lat' dir='ltr'><strong>85,_et</strong></span> <span class='ocrx_word' id='word_1_13' title='bbox 2254 416 2557 491; x_wconf 81' lang='lat' dir='ltr'><strong>Casinensis</strong></span> <span class='ocrx_word' id='word_1_14' title='bbox 2589 421 2688 474; x_wconf 70' lang='grc'><strong>144</strong></span> <span class='ocrx_word' id='word_1_15' title='bbox 2719 437 2837 489; x_wconf 86' lang='lat' dir='ltr'><strong>pag.</strong></span> <span class='ocrx_word' id='word_1_16' title='bbox 2868 421 2990 487; x_wconf 66' lang='lat'><strong>285,</strong></span> <span class='ocrx_word' id='word_1_17' title='bbox 3022 423 3111 491; x_wconf 85' lang='lat' dir='ltr'><strong>qui</strong></span> <span class='ocrx_word' id='word_1_18' title='bbox 3143 439 3334 476; x_wconf 88' lang='lat' dir='ltr'><strong>omnes</strong></span> <span class='ocrx_word' id='word_1_19' title='bbox 3359 425 3632 491; x_wconf 72' lang='lat' dir='ltr'><strong>conceptis</strong></span> <span class='ocrx_word' id='word_1_20' title='bbox 3672 429 3800 478; x_wconf 58' lang='lat' dir='ltr'><strong>veri-rs</strong></span> 
     </span>
    </p>
   </div>
   <div class='ocr_carea' id='block_1_3' title="bbox 599 487 3800 547">
    <p class='ocr_par' dir='ltr' id='par_1_3' title="bbox 599 487 3800 547">
     <span class='ocr_line' id='line_1_3' title="bbox 599 487 3800 547; baseline 0 -1"><span class='ocrx_word' id='word_1_21' title='bbox 599 492 657 546; x_wconf 90' lang='lat' dir='ltr'><strong>S.</strong></span> <span class='ocrx_word' id='word_1_22' title='bbox 692 493 974 543; x_wconf 78' lang='lat' dir='ltr'><strong>Maximum</strong></span> <span class='ocrx_word' id='word_1_23' title='bbox 1003 499 1275 544; x_wconf 78' lang='lat' dir='ltr'><strong>auctorem</strong></span> <span class='ocrx_word' id='word_1_24' title='bbox 1308 489 1616 543; x_wconf 83' lang='lat' dir='ltr'><strong>inscribunt.</strong></span> <span class='ocrx_word' id='word_1_25' title='bbox 1645 487 1792 540; x_wconf 84' lang='lat' dir='ltr'><strong>Hanc</strong></span> <span class='ocrx_word' id='word_1_26' title='bbox 1821 497 1997 539; x_wconf 84' lang='lat' dir='ltr'><strong>autem</strong></span> <span class='ocrx_word' id='word_1_27' title='bbox 2021 487 2320 540; x_wconf 87' lang='lat' dir='ltr'><strong>orationem</strong></span> <span class='ocrx_word' id='word_1_28' title='bbox 2351 489 2665 543; x_wconf 87' lang='lat' dir='ltr'><strong>collectorcs</strong></span> <span class='ocrx_word' id='word_1_29' title='bbox 2702 487 2888 544; x_wconf 83' lang='lat' dir='ltr'><strong>omnes</strong></span> <span class='ocrx_word' id='word_1_30' title='bbox 2929 487 3267 546; x_wconf 75' lang='lat' dir='ltr'><strong>honiiliarum</strong></span> <span class='ocrx_word' id='word_1_31' title='bbox 3311 501 3366 546; x_wconf 90' lang='lat' dir='ltr'><strong>et</strong></span> <span class='ocrx_word' id='word_1_32' title='bbox 3422 487 3709 546; x_wconf 69' lang='lat' dir='ltr'><strong>serrironum</strong></span> <span class='ocrx_word' id='word_1_33' title='bbox 3731 495 3800 547; x_wconf 69' lang='grc' dir='ltr'>ιιυι.</span> 
     </span>
    </p>
   </div>
   <div class='ocr_carea' id='block_1_4' title="bbox 601 555 3795 629">
    <p class='ocr_par' dir='ltr' id='par_1_4' title="bbox 601 555 3795 629">
     <span class='ocr_line' id='line_1_4' title="bbox 601 555 3795 629; baseline -0 -16"><span class='ocrx_word' id='word_1_34' title='bbox 601 576 767 629; x_wconf 88' lang='lat' dir='ltr'><strong>usque</strong></span> <span class='ocrx_word' id='word_1_35' title='bbox 795 562 848 613; x_wconf 86' lang='lat' dir='ltr'><strong>S.</strong></span> <span class='ocrx_word' id='word_1_36' title='bbox 880 561 1101 629; x_wconf 81' lang='lat' dir='ltr'><strong>antistiti</strong></span> <span class='ocrx_word' id='word_1_37' title='bbox 1131 568 1314 613; x_wconf 81' lang='lat' dir='ltr'><strong>nostro</strong></span> <span class='ocrx_word' id='word_1_38' title='bbox 1336 559 1613 629; x_wconf 74' lang='lat' dir='ltr'><strong>dederunt,</strong></span> <span class='ocrx_word' id='word_1_39' title='bbox 1640 566 1692 610; x_wconf 92' lang='lat' dir='ltr'><strong>et</strong></span> <span class='ocrx_word' id='word_1_40' title='bbox 1722 556 2010 629; x_wconf 66' lang='lat' dir='ltr'><strong>liuinartus</strong></span> <span class='ocrx_word' id='word_1_41' title='bbox 2040 556 2102 629; x_wconf 88' lang='lat' dir='ltr'><strong>_in</strong></span> <span class='ocrx_word' id='word_1_42' title='bbox 2134 555 2497 629; x_wconf 71' lang='lat' dir='ltr'><strong>admonitione</strong></span> <span class='ocrx_word' id='word_1_43' title='bbox 2511 558 2591 629; x_wconf 87' lang='lat' dir='ltr'><strong>_ad</strong></span> <span class='ocrx_word' id='word_1_44' title='bbox 2622 559 2751 612; x_wconf 90' lang='lat' dir='ltr'><strong>Acta</strong></span> <span class='ocrx_word' id='word_1_45' title='bbox 2767 561 3014 629; x_wconf 57' lang='lat' dir='ltr'><strong>inartyrii</strong></span> <span class='ocrx_word' id='word_1_46' title='bbox 3044 559 3100 614; x_wconf 90' lang='lat' dir='ltr'><strong>S.</strong></span> <span class='ocrx_word' id='word_1_47' title='bbox 3148 561 3396 627; x_wconf 75' lang='lat' dir='ltr'><strong>Agnetis,</strong></span> <span class='ocrx_word' id='word_1_48' title='bbox 3450 575 3570 628; x_wconf 81' lang='lat' dir='ltr'><strong>pag.</strong></span> <span class='ocrx_word' id='word_1_49' title='bbox 3600 560 3690 612; x_wconf 71' lang='grc'><strong>409.</strong></span> <span class='ocrx_word' id='word_1_50' title='bbox 3709 564 3795 613; x_wconf 77' lang='lat' dir='ltr'><strong>edit.</strong></span> 
     </span>
    </p>
   </div>
   <div class='ocr_carea' id='block_1_5' title="bbox 603 623 3796 699">
    <p class='ocr_par' dir='ltr' id='par_1_5' title="bbox 603 623 3796 699">
     <span class='ocr_line' id='line_1_5' title="bbox 603 623 3796 699; baseline -0.001 -17"><span class='ocrx_word' id='word_1_51' title='bbox 603 623 796 699; x_wconf 66' lang='lat' dir='ltr'><strong>Veron.</strong></span> <span class='ocrx_word' id='word_1_52' title='bbox 823 645 907 680; x_wconf 89' lang='lat' dir='ltr'><strong>an.</strong></span> <span class='ocrx_word' id='word_1_53' title='bbox 944 627 1096 699; x_wconf 15' lang='lat'><strong>17371,</strong></span> <span class='ocrx_word' id='word_1_54' title='bbox 1127 629 1238 681; x_wconf 75' lang='lat' dir='ltr'><strong>haec</strong></span> <span class='ocrx_word' id='word_1_55' title='bbox 1267 630 1332 699; x_wconf 67' lang='lat' dir='ltr'><strong>de</strong></span> <span class='ocrx_word' id='word_1_56' title='bbox 1363 626 1576 699; x_wconf 77' lang='lat' dir='ltr'><strong>Maximi</strong></span> <span class='ocrx_word' id='word_1_57' title='bbox 1604 625 1900 699; x_wconf 37' lang='lat' dir='ltr'><strong>homiliauin</strong></span> <span class='ocrx_word' id='word_1_58' title='bbox 1933 623 2148 699; x_wconf 79' lang='lat' dir='ltr'><strong>laudem</strong></span> <span class='ocrx_word' id='word_1_59' title='bbox 2174 623 2485 699; x_wconf 74' lang='lat' dir='ltr'><strong>S._Agneti_s_</strong></span> <span class='ocrx_word' id='word_1_60' title='bbox 2497 626 2672 699; x_wconf 79' lang='lat' dir='ltr'><strong>habet</strong></span> <span class='ocrx_word' id='word_1_61' title='bbox 2697 648 2715 699; x_wconf 15' lang='grc' dir='ltr'><strong>γε</strong></span> <span class='ocrx_word' id='word_1_62' title='bbox 2757 623 2948 699; x_wconf 60' lang='lat' dir='ltr'><strong>Fusius</strong></span> <span class='ocrx_word' id='word_1_63' title='bbox 2981 631 3134 682; x_wconf 84' lang='lat' dir='ltr'><strong>etiam</strong></span> <span class='ocrx_word' id='word_1_64' title='bbox 3173 623 3282 699; x_wconf 59' lang='lat' dir='ltr'><strong>ejus</strong></span> <span class='ocrx_word' id='word_1_65' title='bbox 3312 623 3618 697; x_wconf 62' lang='lat' dir='ltr'><strong>martyrium</strong></span> <span class='ocrx_word' id='word_1_66' title='bbox 3643 646 3796 697; x_wconf 50' lang='lat' dir='ltr'><strong>exponi:</strong></span> 
     </span>
    </p>
   </div>
   <div class='ocr_carea' id='block_1_6' title="bbox 599 692 3794 765">
    <p class='ocr_par' dir='ltr' id='par_1_6' title="bbox 599 692 3794 765">
     <span class='ocr_line' id='line_1_6' title="bbox 599 692 3794 765; baseline -0.001 -14"><span class='ocrx_word' id='word_1_67' title='bbox 599 698 659 751; x_wconf 83' lang='lat' dir='ltr'><strong>S.</strong></span> <span class='ocrx_word' id='word_1_68' title='bbox 689 697 948 750; x_wconf 75' lang='lat' dir='ltr'><strong>Maximus</strong></span> <span class='ocrx_word' id='word_1_69' title='bbox 979 698 1240 765; x_wconf 80' lang='lat' dir='ltr'><strong>episcopus</strong></span> <span class='ocrx_word' id='word_1_70' title='bbox 1265 695 1598 748; x_wconf 78' lang='lat' dir='ltr'><strong>Taurinensis</strong></span> <span class='ocrx_word' id='word_1_71' title='bbox 1625 695 1680 746; x_wconf 85' lang='lat' dir='ltr'><strong>in</strong></span> <span class='ocrx_word' id='word_1_72' title='bbox 1701 695 1912 765; x_wconf 79' lang='lat' dir='ltr'><strong>homitia</strong></span> <span class='ocrx_word' id='word_1_73' title='bbox 1940 709 2090 765; x_wconf 74' lang='lat' dir='ltr'><strong>quam</strong></span> <span class='ocrx_word' id='word_1_74' title='bbox 2115 692 2177 744; x_wconf 85' lang='lat' dir='ltr'><strong>de</strong></span> <span class='ocrx_word' id='word_1_75' title='bbox 2203 695 2576 765; x_wconf 67' lang='lat' dir='ltr'><strong>ejustaudibus</strong></span> <span class='ocrx_word' id='word_1_76' title='bbox 2603 698 2826 765; x_wconf 74' lang='lat' dir='ltr'><strong>scripsit.</strong></span> <span class='ocrx_word' id='word_1_77' title='bbox 2875 696 3119 751; x_wconf 87' lang='lat' dir='ltr'><strong>Secunda</strong></span> <span class='ocrx_word' id='word_1_78' title='bbox 3149 692 3312 764; x_wconf 74' lang='lat' dir='ltr'><strong>igitur</strong></span> <span class='ocrx_word' id='word_1_79' title='bbox 3346 692 3663 751; x_wconf 80' lang='lat' dir='ltr'><strong>Tillérnontii</strong></span> <span class='ocrx_word' id='word_1_80' title='bbox 3689 692 3794 764; x_wconf 55' lang='lat' dir='ltr'><strong>obje-</strong></span> 
     </span>
    </p>
   </div>
   <div class='ocr_carea' id='block_1_7' title="bbox 597 761 3794 835">
    <p class='ocr_par' dir='ltr' id='par_1_7' title="bbox 597 761 3794 835">
     <span class='ocr_line' id='line_1_7' title="bbox 597 761 3794 835; baseline -0 -17"><span class='ocrx_word' id='word_1_81' title='bbox 597 769 706 819; x_wconf 88' lang='lat' dir='ltr'><strong>ctio</strong></span> <span class='ocrx_word' id='word_1_82' title='bbox 732 765 966 819; x_wconf 87' lang='lat' dir='ltr'><strong>concidit</strong></span> <span class='ocrx_word' id='word_1_83' title='bbox 994 761 1233 835; x_wconf 88' lang='lat' dir='ltr'><strong>omnino.</strong></span> <span class='ocrx_word' id='word_1_84' title='bbox 1266 765 1445 832; x_wconf 83' lang='lat' dir='ltr'><strong>Neque</strong></span> <span class='ocrx_word' id='word_1_85' title='bbox 1473 765 1651 835; x_wconf 86' lang='lat' dir='ltr'><strong>potior</strong></span> <span class='ocrx_word' id='word_1_86' title='bbox 1682 771 1766 835; x_wconf 82' lang='lat' dir='ltr'><strong>est</strong></span> <span class='ocrx_word' id='word_1_87' title='bbox 1795 761 1970 835; x_wconf 71' lang='lat' dir='ltr'><strong>tertia.</strong></span> <span class='ocrx_word' id='word_1_88' title='bbox 1988 761 2257 835; x_wconf 27' lang='lat' dir='ltr'><strong>_ANam_ea</strong></span> <span class='ocrx_word' id='word_1_89' title='bbox 2285 761 2658 835; x_wconf 83' lang='lat' dir='ltr'><strong>dissimilitudo</strong></span> <span class='ocrx_word' id='word_1_90' title='bbox 2685 761 2805 835; x_wconf 85' lang='lat' dir='ltr'><strong>styli</strong></span> <span class='ocrx_word' id='word_1_91' title='bbox 2833 780 2992 835; x_wconf 88' lang='lat' dir='ltr'><strong>quam</strong></span> <span class='ocrx_word' id='word_1_92' title='bbox 3025 761 3394 820; x_wconf 80' lang='lat' dir='ltr'><strong>Tillemontius</strong></span> <span class='ocrx_word' id='word_1_93' title='bbox 3424 783 3486 821; x_wconf 88' lang='lat' dir='ltr'><strong>se</strong></span> <span class='ocrx_word' id='word_1_94' title='bbox 3517 761 3794 819; x_wconf 60' lang='lat' dir='ltr'><strong>animaduer-</strong></span> 
     </span>
    </p>
   </div>
   <div class='ocr_carea' id='block_1_8' title="bbox 598 829 3797 904">
    <p class='ocr_par' dir='ltr' id='par_1_8' title="bbox 598 829 3797 904">
     <span class='ocr_line' id='line_1_8' title="bbox 598 829 3797 904; baseline 0 -18"><span class='ocrx_word' id='word_1_95' title='bbox 598 836 724 888; x_wconf 86' lang='lat' dir='ltr'><strong>tisse</strong></span> <span class='ocrx_word' id='word_1_96' title='bbox 751 835 956 904; x_wconf 88' lang='lat' dir='ltr'><strong>scribit,</strong></span> <span class='ocrx_word' id='word_1_97' title='bbox 983 834 1124 886; x_wconf 90' lang='lat' dir='ltr'><strong>nulla</strong></span> <span class='ocrx_word' id='word_1_98' title='bbox 1144 843 1243 896; x_wconf 91' lang='lat' dir='ltr'><strong>est,</strong></span> <span class='ocrx_word' id='word_1_99' title='bbox 1273 829 1698 904; x_wconf 54' lang='lat' dir='ltr'><strong>nostro&#39;quidern</strong></span> <span class='ocrx_word' id='word_1_100' title='bbox 1718 832 1937 904; x_wconf 83' lang='lat' dir='ltr'><strong>judicio.</strong></span> <span class='ocrx_word' id='word_1_101' title='bbox 1988 829 2054 904; x_wconf 78' lang='lat' dir='ltr'><strong>lis</strong></span> <span class='ocrx_word' id='word_1_102' title='bbox 2095 830 2237 904; x_wconf 85' lang='lat' dir='ltr'><strong>enim</strong></span> <span class='ocrx_word' id='word_1_103' title='bbox 2265 832 2452 884; x_wconf 82' lang='lat' dir='ltr'><strong>eadem</strong></span> <span class='ocrx_word' id='word_1_104' title='bbox 2484 841 2563 884; x_wconf 80' lang='lat' dir='ltr'><strong>est</strong></span> <span class='ocrx_word' id='word_1_105' title='bbox 2592 829 2780 887; x_wconf 63' lang='lat' dir='ltr'><strong>ornat&#39;a</strong></span> <span class='ocrx_word' id='word_1_106' title='bbox 2820 829 3168 904; x_wconf 51' lang='lat' dir='ltr'><strong>splendetque</strong></span> <span class='ocrx_word' id='word_1_107' title='bbox 3197 837 3372 888; x_wconf 88' lang='lat' dir='ltr'><strong>oratio</strong></span> <span class='ocrx_word' id='word_1_108' title='bbox 3403 850 3525 904; x_wconf 77' lang='lat' dir='ltr'><strong>qua:</strong></span> <span class='ocrx_word' id='word_1_109' title='bbox 3555 836 3604 887; x_wconf 89' lang='lat' dir='ltr'><strong>in</strong></span> <span class='ocrx_word' id='word_1_110' title='bbox 3642 838 3797 904; x_wconf 60' lang='lat' dir='ltr'><strong>ceteris</strong></span> 
     </span>
    </p>
   </div>
   <div class='ocr_carea' id='block_1_9' title="bbox 596 899 3792 972">
    <p class='ocr_par' dir='ltr' id='par_1_9' title="bbox 596 899 3792 972">
     <span class='ocr_line' id='line_1_9' title="bbox 596 899 3792 972; baseline 0 -18"><span class='ocrx_word' id='word_1_111' title='bbox 596 905 820 972; x_wconf 84' lang='lat' dir='ltr'><strong>quisque</strong></span> <span class='ocrx_word' id='word_1_112' title='bbox 838 902 1158 972; x_wconf 64' lang='lat' dir='ltr'><strong>frequenter</strong></span> <span class='ocrx_word' id='word_1_113' title='bbox 1183 916 1404 972; x_wconf 88' lang='lat' dir='ltr'><strong>cernere</strong></span> <span class='ocrx_word' id='word_1_114' title='bbox 1427 901 1642 972; x_wconf 84' lang='lat' dir='ltr'><strong>poterit.</strong></span> <span class='ocrx_word' id='word_1_115' title='bbox 1670 900 1742 972; x_wconf 82' lang='lat' dir='ltr'><strong>De</strong></span> <span class='ocrx_word' id='word_1_116' title='bbox 1770 899 2254 972; x_wconf 50' lang='lat' dir='ltr'><strong>vocibugbarbaris</strong></span> <span class='ocrx_word' id='word_1_117' title='bbox 2280 913 2413 966; x_wconf 89' lang='lat' dir='ltr'><strong>quas</strong></span> <span class='ocrx_word' id='word_1_118' title='bbox 2434 910 2702 972; x_wconf 81' lang='lat' dir='ltr'><strong>postremo</strong></span> <span class='ocrx_word' id='word_1_119' title='bbox 2725 899 3229 957; x_wconf 26' lang='lat' dir='ltr'><strong>loco’Tillemo&#39;ntius</strong></span> <span class='ocrx_word' id='word_1_120' title='bbox 3259 899 3506 972; x_wconf 78' lang='lat' dir='ltr'><strong>opponit.</strong></span> <span class='ocrx_word' id='word_1_121' title='bbox 3551 905 3647 956; x_wconf 88' lang='lat' dir='ltr'><strong>hoc</strong></span> <span class='ocrx_word' id='word_1_122' title='bbox 3667 903 3792 955; x_wconf 77' lang='lat' dir='ltr'><strong>dicam</strong></span> 
     </span>
    </p>
   </div>
   <div class='ocr_carea' id='block_1_10' title="bbox 596 966 3795 1040">
    <p class='ocr_par' dir='ltr' id='par_1_10' title="bbox 596 966 3795 1040">
     <span class='ocr_line' id='line_1_10' title="bbox 596 966 3795 1040; baseline -0 -17"><span class='ocrx_word' id='word_1_123' title='bbox 596 966 757 1040; x_wconf 73' lang='lat' dir='ltr'><strong>breve</strong></span> <span class='ocrx_word' id='word_1_124' title='bbox 790 989 802 1022; x_wconf 92' lang='lat'><strong>:</strong></span> <span class='ocrx_word' id='word_1_125' title='bbox 836 966 1363 1040; x_wconf 56' lang='lat' dir='ltr'><strong>Maximumponnisi</strong></span> <span class='ocrx_word' id='word_1_126' title='bbox 1393 966 1614 1040; x_wconf 71' lang='lat' dir='ltr'><strong>verbum</strong></span> <span class='ocrx_word' id='word_1_127' title='bbox 1644 968 1855 1021; x_wconf 82' lang='lat' dir='ltr'><strong>subarro</strong></span> <span class='ocrx_word' id='word_1_128' title='bbox 1876 969 1942 1020; x_wconf 88' lang='lat' dir='ltr'><strong>ab</strong></span> <span class='ocrx_word' id='word_1_129' title='bbox 1966 966 2293 1040; x_wconf 81' lang='lat' dir='ltr'><strong>Hieronymo</strong></span> <span class='ocrx_word' id='word_1_130' title='bbox 2319 966 2448 1040; x_wconf 73' lang='lat' dir='ltr'><strong>ante</strong></span> <span class='ocrx_word' id='word_1_131' title='bbox 2472 970 2721 1023; x_wconf 90' lang='lat' dir='ltr'><strong>usitatum</strong></span> <span class='ocrx_word' id='word_1_132' title='bbox 2757 987 3068 1038; x_wconf 85' lang='lat' dir='ltr'><strong>usurpasse;</strong></span> <span class='ocrx_word' id='word_1_133' title='bbox 3103 973 3154 1025; x_wconf 91' lang='lat' dir='ltr'><strong>in</strong></span> <span class='ocrx_word' id='word_1_134' title='bbox 3201 966 3421 1040; x_wconf 60' lang='lat' dir='ltr'><strong>reli&#39;q&#39;uis</strong></span> <span class='ocrx_word' id='word_1_135' title='bbox 3453 986 3585 1040; x_wconf 88' lang='lat' dir='ltr'><strong>puro</strong></span> <span class='ocrx_word' id='word_1_136' title='bbox 3612 987 3718 1024; x_wconf 89' lang='lat' dir='ltr'><strong>usus</strong></span> <span class='ocrx_word' id='word_1_137' title='bbox 3741 985 3795 1024; x_wconf 62' lang='lat'><strong>(’51</strong></span> 
     </span>
    </p>
   </div>
   <div class='ocr_carea' id='block_1_11' title="bbox 596 1036 3795 1118">
    <p class='ocr_par' dir='ltr' id='par_1_11' title="bbox 596 1036 3795 1118">
     <span class='ocr_line' id='line_1_11' title="bbox 596 1036 3795 1118; baseline -0.001 -26"><span class='ocrx_word' id='word_1_138' title='bbox 596 1037 786 1118; x_wconf 61' lang='grc' dir='ltr'>μιξηο</span> <span class='ocrx_word' id='word_1_139' title='bbox 807 1055 1077 1094; x_wconf 87' lang='lat' dir='ltr'><strong>sermone.</strong></span> <span class='ocrx_word' id='word_1_140' title='bbox 1120 1038 1296 1118; x_wconf 75' lang='lat' dir='ltr'><strong>Quare</strong></span> <span class='ocrx_word' id='word_1_141' title='bbox 1320 1038 1381 1118; x_wconf 56' lang='lat' dir='ltr'><strong>si</strong></span> <span class='ocrx_word' id='word_1_142' title='bbox 1413 1038 1981 1118; x_wconf 49' lang='lat' dir='ltr'><strong>liieronymum‘nemo</strong></span> <span class='ocrx_word' id='word_1_143' title='bbox 2009 1036 2236 1118; x_wconf 66' lang='lat' dir='ltr'><strong>barbare</strong></span> <span class='ocrx_word' id='word_1_144' title='bbox 2260 1038 2538 1118; x_wconf 77' lang='lat' dir='ltr'><strong>scripsisse</strong></span> <span class='ocrx_word' id='word_1_145' title='bbox 2565 1040 2853 1118; x_wconf 74' lang='lat' dir='ltr'><strong>accusabit,</strong></span> <span class='ocrx_word' id='word_1_146' title='bbox 2887 1036 2952 1092; x_wconf 79' lang='lat' dir='ltr'><strong>eo</strong></span> <span class='ocrx_word' id='word_1_147' title='bbox 2998 1036 3334 1118; x_wconf 55' lang='lat' dir='ltr'><strong>quodvoces</strong></span> <span class='ocrx_word' id='word_1_148' title='bbox 3352 1036 3637 1118; x_wconf 70' lang='lat' dir='ltr'><strong>aliquando</strong></span> <span class='ocrx_word' id='word_1_149' title='bbox 3663 1042 3795 1093; x_wconf 68' lang='lat' dir='ltr'><strong>Inill&#39;la</strong></span> 
     </span>
    </p>
   </div>
   <div class='ocr_carea' id='block_1_12' title="bbox 594 1103 3793 1178">
    <p class='ocr_par' dir='ltr' id='par_1_12' title="bbox 594 1103 3793 1178">
     <span class='ocr_line' id='line_1_12' title="bbox 594 1103 3793 1178; baseline 0.001 -18"><span class='ocrx_word' id='word_1_150' title='bbox 594 1105 810 1162; x_wconf 83' lang='lat' dir='ltr'><strong>Latinas</strong></span> <span class='ocrx_word' id='word_1_151' title='bbox 833 1109 1199 1176; x_wconf 84' lang='lat' dir='ltr'><strong>usurpaverit;</strong></span> <span class='ocrx_word' id='word_1_152' title='bbox 1228 1123 1326 1162; x_wconf 92' lang='lat' dir='ltr'><strong>nec</strong></span> <span class='ocrx_word' id='word_1_153' title='bbox 1349 1107 1406 1161; x_wconf 89' lang='lat' dir='ltr'><strong>S.</strong></span> <span class='ocrx_word' id='word_1_154' title='bbox 1438 1103 1698 1178; x_wconf 82' lang='lat' dir='ltr'><strong>Maximus</strong></span> <span class='ocrx_word' id='word_1_155' title='bbox 1721 1107 1911 1178; x_wconf 75' lang='lat' dir='ltr'><strong>eodem</strong></span> <span class='ocrx_word' id='word_1_156' title='bbox 1940 1104 2015 1178; x_wconf 88' lang='lat' dir='ltr'><strong>de_</strong></span> <span class='ocrx_word' id='word_1_157' title='bbox 2032 1104 2164 1157; x_wconf 92' lang='lat' dir='ltr'><strong>vitio</strong></span> <span class='ocrx_word' id='word_1_158' title='bbox 2186 1103 2572 1178; x_wconf 39' lang='lat' dir='ltr'><strong>ins-imulandus</strong></span> <span class='ocrx_word' id='word_1_159' title='bbox 2592 1109 2711 1178; x_wconf 86' lang='lat' dir='ltr'><strong>erit.</strong></span> <span class='ocrx_word' id='word_1_160' title='bbox 2741 1103 3075 1175; x_wconf 75' lang='lat' dir='ltr'><strong>Argumentis</strong></span> <span class='ocrx_word' id='word_1_161' title='bbox 3095 1109 3419 1163; x_wconf 89' lang='lat' dir='ltr'><strong>Tillemontii</strong></span> <span class='ocrx_word' id='word_1_162' title='bbox 3444 1103 3560 1178; x_wconf 77' lang='lat' dir='ltr'><strong>jam</strong></span> <span class='ocrx_word' id='word_1_163' title='bbox 3588 1111 3793 1172; x_wconf 74' lang='lat' dir='ltr'><strong>excussis,</strong></span> 
     </span>
    </p>
   </div>
   <div class='ocr_carea' id='block_1_13' title="bbox 595 1171 2782 1241">
    <p class='ocr_par' dir='ltr' id='par_1_13' title="bbox 595 1171 2782 1241">
     <span class='ocr_line' id='line_1_13' title="bbox 595 1171 2782 1241; baseline 0 -13"><span class='ocrx_word' id='word_1_164' title='bbox 595 1178 726 1230; x_wconf 90' lang='lat' dir='ltr'><strong>nihil</strong></span> <span class='ocrx_word' id='word_1_165' title='bbox 755 1187 854 1240; x_wconf 88' lang='lat' dir='ltr'><strong>est,</strong></span> <span class='ocrx_word' id='word_1_166' title='bbox 887 1171 1135 1241; x_wconf 81' lang='lat' dir='ltr'><strong>arbitror,</strong></span> <span class='ocrx_word' id='word_1_167' title='bbox 1167 1191 1357 1241; x_wconf 63' lang='lat' dir='ltr'><strong>causae,</strong></span> <span class='ocrx_word' id='word_1_168' title='bbox 1390 1192 1485 1230; x_wconf 91' lang='lat' dir='ltr'><strong>cur</strong></span> <span class='ocrx_word' id='word_1_169' title='bbox 1505 1175 1549 1228; x_wconf 90' lang='lat' dir='ltr'><strong>is</strong></span> <span class='ocrx_word' id='word_1_170' title='bbox 1569 1188 1746 1228; x_wconf 89' lang='lat' dir='ltr'><strong>sermo</strong></span> <span class='ocrx_word' id='word_1_171' title='bbox 1772 1171 2086 1226; x_wconf 83' lang='lat' dir='ltr'><strong>adimendus</strong></span> <span class='ocrx_word' id='word_1_172' title='bbox 2113 1187 2231 1225; x_wconf 90' lang='lat' dir='ltr'><strong>esse</strong></span> <span class='ocrx_word' id='word_1_173' title='bbox 2258 1172 2491 1227; x_wconf 80' lang='lat' dir='ltr'><strong>Maximo</strong></span> <span class='ocrx_word' id='word_1_174' title='bbox 2520 1175 2782 1229; x_wconf 89' lang='lat' dir='ltr'><strong>videatur.</strong></span> 
     </span>
    </p>
   </div>
   <div class='ocr_carea' id='block_1_14' title="bbox 593 1279 3790 1357">
    <p class='ocr_par' dir='ltr' id='par_1_14' title="bbox 593 1279 3790 1357">
     <span class='ocr_line' id='line_1_14' title="bbox 593 1279 3790 1357; baseline 0.001 -18"><span class='ocrx_word' id='word_1_175' title='bbox 593 1286 983 1357; x_wconf 72' lang='lat' dir='ltr'><strong>ARCUI_E_NTUI.</strong></span> <span class='ocrx_word' id='word_1_176' title='bbox 1007 1284 1266 1357; x_wconf 78' lang='lat' dir='ltr'><strong>—_Beata</strong></span> <span class='ocrx_word' id='word_1_177' title='bbox 1286 1283 1455 1357; x_wconf 77' lang='lat' dir='ltr'><strong>Agnes</strong></span> <span class='ocrx_word' id='word_1_178' title='bbox 1481 1283 1698 1357; x_wconf 74' lang='lat' dir='ltr'><strong>miriﬁce</strong></span> <span class='ocrx_word' id='word_1_179' title='bbox 1726 1279 1960 1357; x_wconf 56' lang='lat' dir='ltr'><strong>{uadibus</strong></span> <span class='ocrx_word' id='word_1_180' title='bbox 1989 1295 2020 1330; x_wconf 90' lang='lat' dir='ltr'><strong>a</strong></span> <span class='ocrx_word' id='word_1_181' title='bbox 2044 1295 2166 1357; x_wconf 53' lang='lat' dir='ltr'><strong>san;</strong></span> <span class='ocrx_word' id='word_1_182' title='bbox 2194 1287 2244 1341; x_wconf 76' lang='grc' dir='ltr'><strong>Α</strong></span> <span class='ocrx_word' id='word_1_183' title='bbox 2271 1280 2465 1334; x_wconf 85' lang='lat' dir='ltr'><strong>divinis</strong></span> <span class='ocrx_word' id='word_1_184' title='bbox 2486 1284 2647 1354; x_wconf 76' lang='lat'><strong>539</strong></span> <span class='ocrx_word' id='word_1_185' title='bbox 2676 1284 2890 1340; x_wconf 87' lang='lat' dir='ltr'><strong>Litteris</strong></span> <span class='ocrx_word' id='word_1_186' title='bbox 2926 1285 3238 1352; x_wconf 56' lang='lat' dir='ltr'><strong>informatur,</strong></span> <span class='ocrx_word' id='word_1_187' title='bbox 3268 1286 3478 1351; x_wconf 84' lang='lat' dir='ltr'><strong>Saram,</strong></span> <span class='ocrx_word' id='word_1_188' title='bbox 3511 1287 3790 1348; x_wconf 69' lang='lat' dir='ltr'><strong>Rebeazam.</strong></span> 
     </span>
    </p>
   </div>
   <div class='ocr_carea' id='block_1_15' title="bbox 660 1348 2198 1446">
    <p class='ocr_par' dir='ltr' id='par_1_15' title="bbox 660 1348 2169 1446">
     <span class='ocr_line' id='line_1_15' title="bbox 660 1348 2169 1446; baseline -0.006 -40"><span class='ocrx_word' id='word_1_189' title='bbox 660 1365 740 1434; x_wconf 64' lang='lat' dir='ltr'><strong>cto</strong></span> <span class='ocrx_word' id='word_1_190' title='bbox 771 1353 1002 1446; x_wconf 48' lang='grc' dir='ltr'><strong>Δί</strong></span> <span class='ocrx_word' id='word_1_191' title='bbox 1023 1354 1253 1446; x_wconf 55' lang='lat' dir='ltr'><strong>effertur,</strong></span> <span class='ocrx_word' id='word_1_192' title='bbox 1274 1348 1418 1446; x_wconf 49' lang='lat' dir='ltr'><strong>[quod</strong></span> <span class='ocrx_word' id='word_1_193' title='bbox 1445 1368 1535 1421; x_wconf 87' lang='lat' dir='ltr'><strong>per</strong></span> <span class='ocrx_word' id='word_1_194' title='bbox 1563 1348 1773 1446; x_wconf 57' lang='lat' dir='ltr'><strong>vestigia</strong></span> <span class='ocrx_word' id='word_1_195' title='bbox 1803 1348 1989 1446; x_wconf 65' lang='lat' dir='ltr'><strong>Matris</strong></span> <span class='ocrx_word' id='word_1_196' title='bbox 2017 1348 2169 1446; x_wconf 54' lang='lat' dir='ltr'><strong>rirgi-</strong></span> 
     </span>
    </p>
   </div>
   <div class='ocr_carea' id='block_1_16' title="bbox 2253 1348 3791 1446">
    <p class='ocr_par' dir='ltr' id='par_1_16' title="bbox 2271 1367 3791 1446">
     <span class='ocr_line' id='line_1_16' title="bbox 2271 1367 3791 1446; baseline 0.005 -24"><span class='ocrx_word' id='word_1_197' title='bbox 2271 1367 2582 1436; x_wconf 83' lang='lat' dir='ltr'><strong>Rachelem,</strong></span> <span class='ocrx_word' id='word_1_198' title='bbox 2613 1373 2840 1439; x_wconf 81' lang='lat' dir='ltr'><strong>Annam,</strong></span> <span class='ocrx_word' id='word_1_199' title='bbox 2871 1373 3187 1442; x_wconf 88' lang='lat' dir='ltr'><strong>Susannam,</strong></span> <span class='ocrx_word' id='word_1_200' title='bbox 3217 1375 3553 1446; x_wconf 86' lang='lat' dir='ltr'><strong>Sephoram,</strong></span> <span class='ocrx_word' id='word_1_201' title='bbox 3577 1379 3791 1431; x_wconf 80' lang='lat' dir='ltr'><strong>imitentur</strong></span> 
     </span>
    </p>
   </div>
   <div class='ocr_carea' id='block_1_17' title="bbox 660 1415 3558 1488">
    <p class='ocr_par' dir='ltr' id='par_1_17' title="bbox 660 1415 3558 1488">
     <span class='ocr_line' id='line_1_17' title="bbox 660 1415 3558 1488; baseline -0.003 -12"><span class='ocrx_word' id='word_1_202' title='bbox 660 1424 747 1488; x_wconf 67' lang='lat' dir='ltr'><strong>nis</strong></span> <span class='ocrx_word' id='word_1_203' title='bbox 770 1423 839 1475; x_wconf 90' lang='lat' dir='ltr'><strong>ad</strong></span> <span class='ocrx_word' id='word_1_204' title='bbox 883 1415 1131 1476; x_wconf 60' lang='lat' dir='ltr'><strong>caeleste»!</strong></span> <span class='ocrx_word' id='word_1_205' title='bbox 1178 1415 1463 1474; x_wconf 74' lang='lat' dir='ltr'><strong>thalamum</strong></span> <span class='ocrx_word' id='word_1_206' title='bbox 1510 1415 1751 1488; x_wconf 72' lang='lat' dir='ltr'><strong>pervenit,</strong></span> <span class='ocrx_word' id='word_1_207' title='bbox 1795 1415 2165 1488; x_wconf 74' lang='lat' dir='ltr'><strong>contemnendo</strong></span> 
     </span>
    </p>
   </div>
   <div class='ocr_carea' id='block_1_18' title="bbox 659 1461 3790 1554">
    <p class='ocr_par' dir='ltr' id='par_1_18' title="bbox 659 1461 3790 1554">
     <span class='ocr_line' id='line_1_18' title="bbox 659 1461 3790 1554; baseline -0.008 -11"><span class='ocrx_word' id='word_1_208' title='bbox 1497 1461 2164 1554; x_wconf 44' lang='lat' dir='ltr'><strong>crti&#39;rnisuc’oncitpisceutias,</strong></span> <span class='ocrx_word' id='word_1_209' title='bbox 2270 1475 2465 1554; x_wconf 51' lang='lat' dir='ltr'><strong>more?</strong></span> <span class='ocrx_word' id='word_1_210' title='bbox 2498 1461 2736 1554; x_wconf 14' lang='grc' dir='ltr'><strong>ενῧιξΐίδῑί</strong></span> <span class='ocrx_word' id='word_1_211' title='bbox 2771 1479 2897 1519; x_wconf 66' lang='grc' dir='ltr'><strong>νεενο</strong></span> <span class='ocrx_word' id='word_1_212' title='bbox 2926 1466 3157 1533; x_wconf 74' lang='lat' dir='ltr'><strong>virgines</strong></span> <span class='ocrx_word' id='word_1_213' title='bbox 3200 1467 3370 1521; x_wconf 86' lang='lat' dir='ltr'><strong>solam</strong></span> <span class='ocrx_word' id='word_1_214' title='bbox 3413 1468 3676 1535; x_wconf 76' lang='lat' dir='ltr'><strong>Virginem</strong></span> <span class='ocrx_word' id='word_1_215' title='bbox 3714 1467 3790 1518; x_wconf 74' lang='lat' dir='ltr'><strong>ila-</strong></span> 
     </span>
    </p>
   </div>
   <div class='ocr_carea' id='block_1_19' title="bbox 659 1551 3792 1644">
    <p class='ocr_par' dir='ltr' id='par_1_19' title="bbox 659 1551 3792 1644">
     <span class='ocr_line' id='line_1_19' title="bbox 659 1551 3792 1644; baseline -0.001 -31"><span class='ocrx_word' id='word_1_216' title='bbox 659 1572 708 1613; x_wconf 84' lang='lat' dir='ltr'><strong>et</strong></span> <span class='ocrx_word' id='word_1_217' title='bbox 730 1561 898 1644; x_wconf 31' lang='lat' dir='ltr'><strong>{solam</strong></span> <span class='ocrx_word' id='word_1_218' title='bbox 925 1551 1113 1612; x_wconf 81' lang='lat' dir='ltr'><strong>Christi</strong></span> <span class='ocrx_word' id='word_1_219' title='bbox 1135 1558 1558 1629; x_wconf 77' lang='lat' dir='ltr'><strong>pulchritudinem</strong></span> <span class='ocrx_word' id='word_1_220' title='bbox 1578 1551 1886 1609; x_wconf 71' lang='lat' dir='ltr'><strong>adornanda.</strong></span> <span class='ocrx_word' id='word_1_221' title='bbox 2269 1557 2407 1605; x_wconf 84' lang='lat' dir='ltr'><strong>trem</strong></span> <span class='ocrx_word' id='word_1_222' title='bbox 2442 1551 2460 1590; x_wconf 70' lang='grc' dir='ltr'>ί</span> <span class='ocrx_word' id='word_1_223' title='bbox 2493 1553 2710 1621; x_wconf 74' lang='lat' dir='ltr'><strong>virginis</strong></span> <span class='ocrx_word' id='word_1_224' title='bbox 2731 1554 2943 1609; x_wconf 89' lang='lat' dir='ltr'><strong>luminis</strong></span> <span class='ocrx_word' id='word_1_225' title='bbox 2971 1558 3381 1627; x_wconf 83' lang='lat' dir='ltr'><strong>subsequantur.</strong></span> <span class='ocrx_word' id='word_1_226' title='bbox 3409 1557 3580 1628; x_wconf 84' lang='lat' dir='ltr'><strong>Hujus</strong></span> <span class='ocrx_word' id='word_1_227' title='bbox 3605 1558 3792 1626; x_wconf 60' lang='lat' dir='ltr'><strong>petiisse</strong></span> 
     </span>
    </p>
   </div>
   <div class='ocr_carea' id='block_1_20' title="bbox 660 1642 3792 1716">
    <p class='ocr_par' dir='ltr' id='par_1_20' title="bbox 660 1642 3792 1716">
     <span class='ocr_line' id='line_1_20' title="bbox 660 1642 3792 1716; baseline -0.003 -11"><span class='ocrx_word' id='word_1_228' title='bbox 660 1642 794 1705; x_wconf 92' lang='lat' dir='ltr'><strong>Cum</strong></span> <span class='ocrx_word' id='word_1_229' title='bbox 818 1650 871 1703; x_wconf 93' lang='lat' dir='ltr'><strong>in</strong></span> <span class='ocrx_word' id='word_1_230' title='bbox 899 1657 1013 1704; x_wconf 89' lang='lat' dir='ltr'><strong>toto</strong></span> <span class='ocrx_word' id='word_1_231' title='bbox 1036 1648 1236 1702; x_wconf 91' lang='lat' dir='ltr'><strong>mundo</strong></span> <span class='ocrx_word' id='word_1_232' title='bbox 1258 1649 1523 1715; x_wconf 87' lang='lat' dir='ltr'><strong>virgineus</strong></span> <span class='ocrx_word' id='word_1_233' title='bbox 1549 1644 1646 1700; x_wconf 86' lang='lat' dir='ltr'><strong>llos</strong></span> <span class='ocrx_word' id='word_1_234' title='bbox 1667 1644 1843 1698; x_wconf 77' lang='lat' dir='ltr'><strong>Mariae</strong></span> <span class='ocrx_word' id='word_1_235' title='bbox 1868 1644 2172 1696; x_wconf 80' lang='lat' dir='ltr'><strong>immarces-</strong></span> <span class='ocrx_word' id='word_1_236' title='bbox 2269 1654 2374 1708; x_wconf 80' lang='lat' dir='ltr'><strong>qua</strong></span> <span class='ocrx_word' id='word_1_237' title='bbox 2403 1642 2582 1710; x_wconf 87' lang='lat' dir='ltr'><strong>Agnes</strong></span> <span class='ocrx_word' id='word_1_238' title='bbox 2610 1644 2920 1699; x_wconf 88' lang='lat' dir='ltr'><strong>beatissima</strong></span> <span class='ocrx_word' id='word_1_239' title='bbox 2948 1646 3014 1700; x_wconf 93' lang='lat' dir='ltr'><strong>de</strong></span> <span class='ocrx_word' id='word_1_240' title='bbox 3038 1661 3097 1701; x_wconf 88' lang='lat' dir='ltr'><strong>se</strong></span> <span class='ocrx_word' id='word_1_241' title='bbox 3124 1660 3372 1714; x_wconf 88' lang='lat' dir='ltr'><strong>magnum</strong></span> <span class='ocrx_word' id='word_1_242' title='bbox 3402 1647 3665 1716; x_wconf 64' lang='lat' dir='ltr'><strong>pudicitia:</strong></span> <span class='ocrx_word' id='word_1_243' title='bbox 3686 1646 3792 1698; x_wconf 80' lang='lat' dir='ltr'><strong>exci-</strong></span> 
     </span>
    </p>
   </div>
   <div class='ocr_carea' id='block_1_21' title="bbox 591 1731 3792 1807">
    <p class='ocr_par' dir='ltr' id='par_1_21' title="bbox 591 1731 3792 1807">
     <span class='ocr_line' id='line_1_21' title="bbox 591 1731 3792 1807; baseline -0.002 -12"><span class='ocrx_word' id='word_1_244' title='bbox 591 1740 772 1795; x_wconf 87' lang='lat' dir='ltr'><strong>cibiles</strong></span> <span class='ocrx_word' id='word_1_245' title='bbox 800 1753 1036 1794; x_wconf 79' lang='lat' dir='ltr'><strong>coronas</strong></span> <span class='ocrx_word' id='word_1_246' title='bbox 1067 1738 1320 1802; x_wconf 89' lang='lat' dir='ltr'><strong>innectat,</strong></span> <span class='ocrx_word' id='word_1_247' title='bbox 1352 1743 1408 1791; x_wconf 91' lang='lat' dir='ltr'><strong>et</strong></span> <span class='ocrx_word' id='word_1_248' title='bbox 1434 1735 1812 1804; x_wconf 87' lang='lat' dir='ltr'><strong>sceptrigeram</strong></span> <span class='ocrx_word' id='word_1_249' title='bbox 1835 1731 2050 1803; x_wconf 91' lang='lat' dir='ltr'><strong>pudoris</strong></span> <span class='ocrx_word' id='word_1_250' title='bbox 2071 1746 2168 1784; x_wconf 76' lang='lat' dir='ltr'><strong>au-</strong></span> <span class='ocrx_word' id='word_1_251' title='bbox 2268 1734 2400 1787; x_wconf 88' lang='lat' dir='ltr'><strong>tavit</strong></span> <span class='ocrx_word' id='word_1_252' title='bbox 2428 1736 2750 1805; x_wconf 89' lang='lat' dir='ltr'><strong>exemplum,</strong></span> <span class='ocrx_word' id='word_1_253' title='bbox 2777 1753 2875 1791; x_wconf 92' lang='lat' dir='ltr'><strong>cur</strong></span> <span class='ocrx_word' id='word_1_254' title='bbox 2897 1738 3255 1806; x_wconf 84' lang='lat' dir='ltr'><strong>virginitatem</strong></span> <span class='ocrx_word' id='word_1_255' title='bbox 3285 1739 3521 1807; x_wconf 73' lang='lat' dir='ltr'><strong>prretulit</strong></span> <span class='ocrx_word' id='word_1_256' title='bbox 3547 1739 3687 1800; x_wconf 70' lang='lat' dir='ltr'><strong>vitae,</strong></span> <span class='ocrx_word' id='word_1_257' title='bbox 3712 1752 3792 1789; x_wconf 83' lang='lat' dir='ltr'><strong>om-</strong></span> 
     </span>
    </p>
   </div>
   <div class='ocr_carea' id='block_1_22' title="bbox 591 1820 3792 1897">
    <p class='ocr_par' dir='ltr' id='par_1_22' title="bbox 591 1820 3792 1897">
     <span class='ocr_line' id='line_1_22' title="bbox 591 1820 3792 1897; baseline -0.002 -13"><span class='ocrx_word' id='word_1_258' title='bbox 591 1828 692 1884; x_wconf 84' lang='lat' dir='ltr'><strong>larn</strong></span> <span class='ocrx_word' id='word_1_259' title='bbox 724 1830 1067 1884; x_wconf 91' lang='lat' dir='ltr'><strong>immaculato</strong></span> <span class='ocrx_word' id='word_1_260' title='bbox 1089 1835 1372 1882; x_wconf 84' lang='lat' dir='ltr'><strong>conservet</strong></span> <span class='ocrx_word' id='word_1_261' title='bbox 1398 1825 1626 1890; x_wconf 81' lang='lat' dir='ltr'><strong>allecto;</strong></span> <span class='ocrx_word' id='word_1_262' title='bbox 1651 1838 1718 1878; x_wconf 90' lang='lat' dir='ltr'><strong>eo</strong></span> <span class='ocrx_word' id='word_1_263' title='bbox 1748 1837 1914 1890; x_wconf 89' lang='lat' dir='ltr'><strong>usque</strong></span> <span class='ocrx_word' id='word_1_264' title='bbox 1943 1820 2168 1887; x_wconf 78' lang='lat' dir='ltr'><strong>integri~</strong></span> <span class='ocrx_word' id='word_1_265' title='bbox 2267 1838 2498 1893; x_wconf 90' lang='lat' dir='ltr'><strong>nemque</strong></span> <span class='ocrx_word' id='word_1_266' title='bbox 2525 1840 2584 1880; x_wconf 91' lang='lat' dir='ltr'><strong>se</strong></span> <span class='ocrx_word' id='word_1_267' title='bbox 2612 1841 2852 1881; x_wconf 88' lang='lat' dir='ltr'><strong>amorem</strong></span> <span class='ocrx_word' id='word_1_268' title='bbox 2879 1834 3146 1882; x_wconf 89' lang='lat' dir='ltr'><strong>terrenum</strong></span> <span class='ocrx_word' id='word_1_269' title='bbox 3183 1843 3277 1897; x_wconf 91' lang='lat' dir='ltr'><strong>per</strong></span> <span class='ocrx_word' id='word_1_270' title='bbox 3297 1843 3544 1882; x_wconf 88' lang='lat' dir='ltr'><strong>amorem</strong></span> <span class='ocrx_word' id='word_1_271' title='bbox 3571 1828 3792 1882; x_wconf 64' lang='lat' dir='ltr'><strong>calestem</strong></span> 
     </span>
    </p>
   </div>
   <div class='ocr_carea' id='block_1_23' title="bbox 595 1913 3791 1990">
    <p class='ocr_par' dir='ltr' id='par_1_23' title="bbox 595 1913 3791 1990">
     <span class='ocr_line' id='line_1_23' title="bbox 595 1913 3791 1990; baseline -0.003 -14"><span class='ocrx_word' id='word_1_272' title='bbox 595 1931 680 1975; x_wconf 89' lang='lat' dir='ltr'><strong>tas</strong></span> <span class='ocrx_word' id='word_1_273' title='bbox 723 1920 1084 1990; x_wconf 85' lang='lat' dir='ltr'><strong>perseveravit</strong></span> <span class='ocrx_word' id='word_1_274' title='bbox 1113 1918 1178 1971; x_wconf 90' lang='lat' dir='ltr'><strong>ad</strong></span> <span class='ocrx_word' id='word_1_275' title='bbox 1207 1917 1473 1986; x_wconf 86' lang='lat' dir='ltr'><strong>palmam,</strong></span> <span class='ocrx_word' id='word_1_276' title='bbox 1506 1921 1563 1969; x_wconf 91' lang='lat' dir='ltr'><strong>ut</strong></span> <span class='ocrx_word' id='word_1_277' title='bbox 1592 1914 1644 1967; x_wconf 94' lang='lat' dir='ltr'><strong>in</strong></span> <span class='ocrx_word' id='word_1_278' title='bbox 1679 1913 1869 1983; x_wconf 84' lang='lat' dir='ltr'><strong>puellis</strong></span> <span class='ocrx_word' id='word_1_279' title='bbox 1908 1922 2167 1980; x_wconf 63' lang='lat' dir='ltr'><strong>tropaeum</strong></span> <span class='ocrx_word' id='word_1_280' title='bbox 2267 1914 2563 1982; x_wconf 80' lang='lat' dir='ltr'><strong>expellens,</strong></span> <span class='ocrx_word' id='word_1_281' title='bbox 2605 1923 2864 1985; x_wconf 69' lang='lat' dir='ltr'><strong>tropazum</strong></span> <span class='ocrx_word' id='word_1_282' title='bbox 2907 1916 3080 1970; x_wconf 91' lang='lat' dir='ltr'><strong>crucis</strong></span> <span class='ocrx_word' id='word_1_283' title='bbox 3108 1915 3305 1970; x_wconf 87' lang='lat' dir='ltr'><strong>Christi</strong></span> <span class='ocrx_word' id='word_1_284' title='bbox 3345 1917 3604 1986; x_wconf 81' lang='lat' dir='ltr'><strong>arripuit;</strong></span> <span class='ocrx_word' id='word_1_285' title='bbox 3647 1925 3693 1970; x_wconf 86' lang='lat' dir='ltr'><strong>et</strong></span> <span class='ocrx_word' id='word_1_286' title='bbox 3719 1925 3791 1967; x_wconf 85' lang='lat' dir='ltr'><strong>tam</strong></span> 
     </span>
    </p>
   </div>
   <div class='ocr_carea' id='block_1_24' title="bbox 588 1999 3792 2078">
    <p class='ocr_par' dir='ltr' id='par_1_24' title="bbox 588 1999 3792 2078">
     <span class='ocr_line' id='line_1_24' title="bbox 588 1999 3792 2078; baseline -0.003 -14"><span class='ocrx_word' id='word_1_287' title='bbox 588 2009 889 2064; x_wconf 82' lang='lat' dir='ltr'><strong>sanctitatis</strong></span> <span class='ocrx_word' id='word_1_288' title='bbox 917 2008 1194 2078; x_wconf 72' lang='lat' dir='ltr'><strong>arriperet,</strong></span> <span class='ocrx_word' id='word_1_289' title='bbox 1243 2012 1298 2060; x_wconf 89' lang='lat' dir='ltr'><strong>et</strong></span> <span class='ocrx_word' id='word_1_290' title='bbox 1345 2020 1440 2074; x_wconf 90' lang='lat' dir='ltr'><strong>per</strong></span> <span class='ocrx_word' id='word_1_291' title='bbox 1469 2001 1691 2071; x_wconf 89' lang='lat' dir='ltr'><strong>vestigia</strong></span> <span class='ocrx_word' id='word_1_292' title='bbox 1735 2001 1920 2056; x_wconf 76' lang='lat' dir='ltr'><strong>Matris</strong></span> <span class='ocrx_word' id='word_1_293' title='bbox 1945 1999 2166 2069; x_wconf 86' lang='lat' dir='ltr'><strong>virginis</strong></span> <span class='ocrx_word' id='word_1_294' title='bbox 2265 2015 2455 2056; x_wconf 89' lang='lat' dir='ltr'><strong>contra</strong></span> <span class='ocrx_word' id='word_1_295' title='bbox 2481 2003 2727 2060; x_wconf 82' lang='lat' dir='ltr'><strong>libidines</strong></span> <span class='ocrx_word' id='word_1_296' title='bbox 2753 2020 2915 2075; x_wconf 86' lang='lat' dir='ltr'><strong>quam</strong></span> <span class='ocrx_word' id='word_1_297' title='bbox 2942 2006 3103 2061; x_wconf 89' lang='lat' dir='ltr'><strong>etiam</strong></span> <span class='ocrx_word' id='word_1_298' title='bbox 3132 2014 3318 2060; x_wconf 86' lang='lat' dir='ltr'><strong>contra</strong></span> <span class='ocrx_word' id='word_1_299' title='bbox 3347 2008 3599 2062; x_wconf 83' lang='lat' dir='ltr'><strong>universa</strong></span> <span class='ocrx_word' id='word_1_300' title='bbox 3639 2007 3792 2075; x_wconf 82' lang='lat' dir='ltr'><strong>suppli-</strong></span> 
     </span>
    </p>
   </div>
   <div class='ocr_carea' id='block_1_25' title="bbox 587 2089 3789 2166">
    <p class='ocr_par' dir='ltr' id='par_1_25' title="bbox 587 2089 3789 2166">
     <span class='ocr_line' id='line_1_25' title="bbox 587 2089 3789 2166; baseline -0.003 -12"><span class='ocrx_word' id='word_1_301' title='bbox 587 2101 652 2154; x_wconf 92' lang='lat' dir='ltr'><strong>d</strong></span> <span class='ocrx_word' id='word_1_302' title='bbox 681 2100 954 2154; x_wconf 74' lang='lat' dir='ltr'><strong>cmlestem</strong></span> <span class='ocrx_word' id='word_1_303' title='bbox 987 2099 1274 2152; x_wconf 89' lang='lat' dir='ltr'><strong>thalamum</strong></span> <span class='ocrx_word' id='word_1_304' title='bbox 1319 2095 1644 2166; x_wconf 89' lang='lat' dir='ltr'><strong>perveniret.</strong></span> <span class='ocrx_word' id='word_1_305' title='bbox 1699 2093 1837 2148; x_wconf 89' lang='lat' dir='ltr'><strong>llinc</strong></span> <span class='ocrx_word' id='word_1_306' title='bbox 1885 2099 1988 2159; x_wconf 83' lang='lat' dir='ltr'><strong>est,</strong></span> <span class='ocrx_word' id='word_1_307' title='bbox 2019 2089 2164 2160; x_wconf 88' lang='lat' dir='ltr'><strong>quod</strong></span> <span class='ocrx_word' id='word_1_308' title='bbox 2265 2092 2346 2146; x_wconf 90' lang='lat' dir='ltr'><strong>cia</strong></span> <span class='ocrx_word' id='word_1_309' title='bbox 2379 2091 2481 2148; x_wconf 80' lang='lat' dir='ltr'><strong>[ide</strong></span> <span class='ocrx_word' id='word_1_310' title='bbox 2506 2094 2684 2162; x_wconf 88' lang='lat' dir='ltr'><strong>potius</strong></span> <span class='ocrx_word' id='word_1_311' title='bbox 2711 2103 2917 2148; x_wconf 86' lang='lat' dir='ltr'><strong>armata</strong></span> <span class='ocrx_word' id='word_1_312' title='bbox 2943 2110 3102 2164; x_wconf 88' lang='lat' dir='ltr'><strong>quam</strong></span> <span class='ocrx_word' id='word_1_313' title='bbox 3132 2096 3292 2159; x_wconf 80' lang='lat' dir='ltr'><strong>ferro,</strong></span> <span class='ocrx_word' id='word_1_314' title='bbox 3326 2095 3543 2151; x_wconf 80' lang='lat' dir='ltr'><strong>lortiter</strong></span> <span class='ocrx_word' id='word_1_315' title='bbox 3567 2096 3789 2149; x_wconf 63' lang='lat' dir='ltr'><strong>dimicat-ir</strong></span> 
     </span>
    </p>
   </div>
   <div class='ocr_carea' id='block_1_26' title="bbox 586 2181 3790 2254">
    <p class='ocr_par' dir='ltr' id='par_1_26' title="bbox 586 2181 3790 2254">
     <span class='ocr_line' id='line_1_26' title="bbox 586 2181 3790 2254; baseline -0.003 -13"><span class='ocrx_word' id='word_1_316' title='bbox 586 2188 788 2242; x_wconf 86' lang='lat' dir='ltr'><strong>annulo</strong></span> <span class='ocrx_word' id='word_1_317' title='bbox 818 2187 940 2242; x_wconf 79' lang='lat' dir='ltr'><strong>ﬁdei</strong></span> <span class='ocrx_word' id='word_1_318' title='bbox 967 2186 1144 2254; x_wconf 80' lang='lat' dir='ltr'><strong>Agnes</strong></span> <span class='ocrx_word' id='word_1_319' title='bbox 1170 2200 1228 2240; x_wconf 88' lang='lat' dir='ltr'><strong>se</strong></span> <span class='ocrx_word' id='word_1_320' title='bbox 1266 2184 1458 2239; x_wconf 86' lang='lat' dir='ltr'><strong>asserit</strong></span> <span class='ocrx_word' id='word_1_321' title='bbox 1485 2184 1819 2238; x_wconf 84' lang='lat' dir='ltr'><strong>subamtam</strong></span> <span class='ocrx_word' id='word_1_322' title='bbox 1837 2221 1854 2246; x_wconf 93' lang='lat'><strong>,</strong></span> <span class='ocrx_word' id='word_1_323' title='bbox 1885 2189 1939 2236; x_wconf 92' lang='lat' dir='ltr'><strong>et</strong></span> <span class='ocrx_word' id='word_1_324' title='bbox 1966 2181 2167 2235; x_wconf 90' lang='lat' dir='ltr'><strong>clamat</strong></span> <span class='ocrx_word' id='word_1_325' title='bbox 2266 2188 2321 2234; x_wconf 93' lang='lat' dir='ltr'><strong>et</strong></span> <span class='ocrx_word' id='word_1_326' title='bbox 2343 2181 2486 2236; x_wconf 84' lang='lat' dir='ltr'><strong>vicit.</strong></span> <span class='ocrx_word' id='word_1_327' title='bbox 2507 2181 2714 2252; x_wconf 85' lang='lat' dir='ltr'><strong>Aspicit</strong></span> <span class='ocrx_word' id='word_1_328' title='bbox 2739 2183 2970 2252; x_wconf 89' lang='lat' dir='ltr'><strong>denique</strong></span> <span class='ocrx_word' id='word_1_329' title='bbox 2998 2183 3386 2249; x_wconf 85' lang='lat' dir='ltr'><strong>blandientem,</strong></span> <span class='ocrx_word' id='word_1_330' title='bbox 3410 2194 3471 2238; x_wconf 91' lang='lat' dir='ltr'><strong>et</strong></span> <span class='ocrx_word' id='word_1_331' title='bbox 3497 2184 3697 2237; x_wconf 87' lang='lat' dir='ltr'><strong>renuit:</strong></span> <span class='ocrx_word' id='word_1_332' title='bbox 3725 2182 3790 2232; x_wconf 84' lang='lat' dir='ltr'><strong>mi-</strong></span> 
     </span>
    </p>
   </div>
   <div class='ocr_carea' id='block_1_27' title="bbox 587 2270 3787 2344">
    <p class='ocr_par' dir='ltr' id='par_1_27' title="bbox 587 2270 3787 2344">
     <span class='ocr_line' id='line_1_27' title="bbox 587 2270 3787 2344; baseline -0.003 -14"><span class='ocrx_word' id='word_1_333' title='bbox 587 2285 614 2313; x_wconf 77' lang='grc' dir='ltr'>ι</span> <span class='ocrx_word' id='word_1_334' title='bbox 643 2291 703 2330; x_wconf 91' lang='lat' dir='ltr'><strong>se</strong></span> <span class='ocrx_word' id='word_1_335' title='bbox 731 2290 915 2331; x_wconf 89' lang='lat' dir='ltr'><strong>amore</strong></span> <span class='ocrx_word' id='word_1_336' title='bbox 953 2275 1316 2331; x_wconf 89' lang='lat' dir='ltr'><strong>constrictam.</strong></span> <span class='ocrx_word' id='word_1_337' title='bbox 1361 2271 1405 2327; x_wconf 92' lang='grc' dir='ltr'><strong>Ο</strong></span> <span class='ocrx_word' id='word_1_338' title='bbox 1435 2287 1596 2342; x_wconf 90' lang='lat' dir='ltr'><strong>quam</strong></span> <span class='ocrx_word' id='word_1_339' title='bbox 1637 2271 1905 2325; x_wconf 84' lang='lat' dir='ltr'><strong>imitabilis</strong></span> <span class='ocrx_word' id='word_1_340' title='bbox 1941 2270 2165 2339; x_wconf 86' lang='lat' dir='ltr'><strong>virgini-</strong></span> <span class='ocrx_word' id='word_1_341' title='bbox 2267 2280 2504 2337; x_wconf 86' lang='lat' dir='ltr'><strong>nantem,</strong></span> <span class='ocrx_word' id='word_1_342' title='bbox 2545 2281 2601 2327; x_wconf 92' lang='lat' dir='ltr'><strong>et</strong></span> <span class='ocrx_word' id='word_1_343' title='bbox 2625 2273 2852 2344; x_wconf 87' lang='lat' dir='ltr'><strong>despicit</strong></span> <span class='ocrx_word' id='word_1_344' title='bbox 2883 2291 2897 2327; x_wconf 89' lang='lat'>:</span> <span class='ocrx_word' id='word_1_345' title='bbox 2931 2283 2956 2322; x_wconf 74' lang='grc' dir='ltr'><strong><em>ε</em></strong></span> <span class='ocrx_word' id='word_1_346' title='bbox 2995 2274 3292 2329; x_wconf 87' lang='lat' dir='ltr'><strong>incendium</strong></span> <span class='ocrx_word' id='word_1_347' title='bbox 3316 2274 3569 2340; x_wconf 89' lang='lat' dir='ltr'><strong>attendit,</strong></span> <span class='ocrx_word' id='word_1_348' title='bbox 3599 2281 3648 2326; x_wconf 89' lang='lat' dir='ltr'><strong>et</strong></span> <span class='ocrx_word' id='word_1_349' title='bbox 3673 2271 3787 2324; x_wconf 83' lang='lat' dir='ltr'><strong>ridet.</strong></span> 
     </span>
    </p>
   </div>
   <div class='ocr_carea' id='block_1_28' title="bbox 585 2357 3787 2432">
    <p class='ocr_par' dir='ltr' id='par_1_28' title="bbox 585 2357 3787 2432">
     <span class='ocr_line' id='line_1_28' title="bbox 585 2357 3787 2432; baseline -0.002 -13"><span class='ocrx_word' id='word_1_350' title='bbox 585 2364 685 2419; x_wconf 91' lang='lat' dir='ltr'><strong>bus</strong></span> <span class='ocrx_word' id='word_1_351' title='bbox 705 2366 876 2432; x_wconf 89' lang='lat' dir='ltr'><strong>virgo,</strong></span> <span class='ocrx_word' id='word_1_352' title='bbox 901 2365 926 2402; x_wconf 73' lang='grc' dir='ltr'>δ</span> <span class='ocrx_word' id='word_1_353' title='bbox 956 2366 1041 2420; x_wconf 92' lang='lat' dir='ltr'><strong>cui</strong></span> <span class='ocrx_word' id='word_1_354' title='bbox 1073 2363 1333 2419; x_wconf 84' lang='lat' dir='ltr'><strong>tradidisti</strong></span> <span class='ocrx_word' id='word_1_355' title='bbox 1351 2362 1549 2416; x_wconf 87' lang='lat' dir='ltr'><strong>amoris</strong></span> <span class='ocrx_word' id='word_1_356' title='bbox 1575 2359 1908 2430; x_wconf 87' lang='lat' dir='ltr'><strong>exemplum!</strong></span> <span class='ocrx_word' id='word_1_357' title='bbox 1932 2357 1976 2413; x_wconf 91' lang='grc'>0</span> <span class='ocrx_word' id='word_1_358' title='bbox 2003 2373 2164 2427; x_wconf 90' lang='lat' dir='ltr'><strong>quam</strong></span> <span class='ocrx_word' id='word_1_359' title='bbox 2265 2360 2446 2415; x_wconf 84' lang='lat' dir='ltr'><strong>Nescit</strong></span> <span class='ocrx_word' id='word_1_360' title='bbox 2474 2359 2674 2430; x_wconf 90' lang='lat' dir='ltr'><strong>aliquid</strong></span> <span class='ocrx_word' id='word_1_361' title='bbox 2695 2378 2898 2429; x_wconf 90' lang='lat' dir='ltr'><strong>amare,</strong></span> <span class='ocrx_word' id='word_1_362' title='bbox 2927 2363 3069 2431; x_wconf 91' lang='lat' dir='ltr'><strong>quod</strong></span> <span class='ocrx_word' id='word_1_363' title='bbox 3090 2363 3306 2429; x_wconf 90' lang='lat' dir='ltr'><strong>transit;</strong></span> <span class='ocrx_word' id='word_1_364' title='bbox 3339 2372 3393 2416; x_wconf 91' lang='lat' dir='ltr'><strong>ct</strong></span> <span class='ocrx_word' id='word_1_365' title='bbox 3414 2363 3543 2417; x_wconf 90' lang='lat' dir='ltr'><strong>dum</strong></span> <span class='ocrx_word' id='word_1_366' title='bbox 3565 2362 3704 2415; x_wconf 87' lang='lat' dir='ltr'><strong>nimis</strong></span> <span class='ocrx_word' id='word_1_367' title='bbox 3724 2365 3787 2410; x_wconf 67' lang='lat' dir='ltr'><strong>vir</strong></span> 
     </span>
    </p>
   </div>
   <div class='ocr_carea' id='block_1_29' title="bbox 583 2450 3787 2522">
    <p class='ocr_par' dir='ltr' id='par_1_29' title="bbox 583 2450 3787 2522">
     <span class='ocr_line' id='line_1_29' title="bbox 583 2450 3787 2522; baseline -0.002 -14"><span class='ocrx_word' id='word_1_368' title='bbox 583 2462 827 2508; x_wconf 84' lang='lat' dir='ltr'><strong>sanctum</strong></span> <span class='ocrx_word' id='word_1_369' title='bbox 873 2454 1179 2522; x_wconf 87' lang='lat' dir='ltr'><strong>pectoribus</strong></span> <span class='ocrx_word' id='word_1_370' title='bbox 1237 2451 1488 2519; x_wconf 86' lang='lat' dir='ltr'><strong>virgineis</strong></span> <span class='ocrx_word' id='word_1_371' title='bbox 1537 2450 1766 2504; x_wconf 86' lang='lat' dir='ltr'><strong>tribuisti</strong></span> <span class='ocrx_word' id='word_1_372' title='bbox 1824 2463 2162 2518; x_wconf 86' lang='lat' dir='ltr'><strong>responsum,</strong></span> <span class='ocrx_word' id='word_1_373' title='bbox 2263 2451 2541 2518; x_wconf 89' lang='lat' dir='ltr'><strong>ginitatcm</strong></span> <span class='ocrx_word' id='word_1_374' title='bbox 2560 2451 2749 2520; x_wconf 89' lang='lat' dir='ltr'><strong>diligit,</strong></span> <span class='ocrx_word' id='word_1_375' title='bbox 2775 2468 2876 2508; x_wconf 91' lang='lat' dir='ltr'><strong>nec</strong></span> <span class='ocrx_word' id='word_1_376' title='bbox 2902 2454 3145 2518; x_wconf 89' lang='lat' dir='ltr'><strong>ludibria,</strong></span> <span class='ocrx_word' id='word_1_377' title='bbox 3176 2468 3275 2506; x_wconf 89' lang='lat' dir='ltr'><strong>nec</strong></span> <span class='ocrx_word' id='word_1_378' title='bbox 3296 2452 3562 2520; x_wconf 84' lang='lat' dir='ltr'><strong>ﬂammas,</strong></span> <span class='ocrx_word' id='word_1_379' title='bbox 3591 2466 3681 2504; x_wconf 85' lang='lat' dir='ltr'><strong>nec</strong></span> <span class='ocrx_word' id='word_1_380' title='bbox 3701 2463 3787 2515; x_wconf 85' lang='lat' dir='ltr'><strong>sup-</strong></span> 
     </span>
    </p>
   </div>
   <div class='ocr_carea' id='block_1_30' title="bbox 586 2537 3786 2612">
    <p class='ocr_par' dir='ltr' id='par_1_30' title="bbox 586 2537 3786 2612">
     <span class='ocr_line' id='line_1_30' title="bbox 586 2537 3786 2612; baseline -0.002 -17"><span class='ocrx_word' id='word_1_381' title='bbox 586 2541 981 2595; x_wconf 85' lang='lat' dir='ltr'><strong>contemnendo</strong></span> <span class='ocrx_word' id='word_1_382' title='bbox 1009 2540 1194 2593; x_wconf 91' lang='lat' dir='ltr'><strong>mundi</strong></span> <span class='ocrx_word' id='word_1_383' title='bbox 1222 2539 1455 2603; x_wconf 87' lang='lat' dir='ltr'><strong>divitias,</strong></span> <span class='ocrx_word' id='word_1_384' title='bbox 1485 2537 1814 2594; x_wconf 83' lang='lat' dir='ltr'><strong>exsecrando</strong></span> <span class='ocrx_word' id='word_1_385' title='bbox 1842 2537 2019 2591; x_wconf 88' lang='lat' dir='ltr'><strong>carnis</strong></span> <span class='ocrx_word' id='word_1_386' title='bbox 2043 2551 2168 2591; x_wconf 88' lang='lat' dir='ltr'><strong>con-</strong></span> <span class='ocrx_word' id='word_1_387' title='bbox 2268 2543 2446 2610; x_wconf 86' lang='lat' dir='ltr'><strong>plicia,</strong></span> <span class='ocrx_word' id='word_1_388' title='bbox 2476 2557 2577 2598; x_wconf 92' lang='lat' dir='ltr'><strong>nec</strong></span> <span class='ocrx_word' id='word_1_389' title='bbox 2604 2543 2883 2598; x_wconf 79' lang='lat' dir='ltr'><strong>carniﬁces</strong></span> <span class='ocrx_word' id='word_1_390' title='bbox 2912 2545 3099 2598; x_wconf 90' lang='lat' dir='ltr'><strong>metuit</strong></span> <span class='ocrx_word' id='word_1_391' title='bbox 3131 2561 3145 2595; x_wconf 89' lang='lat'><strong>:</strong></span> <span class='ocrx_word' id='word_1_392' title='bbox 3175 2551 3451 2612; x_wconf 86' lang='lat' dir='ltr'><strong>postremo</strong></span> <span class='ocrx_word' id='word_1_393' title='bbox 3482 2557 3581 2596; x_wconf 88' lang='lat' dir='ltr'><strong>nec</strong></span> <span class='ocrx_word' id='word_1_394' title='bbox 3608 2539 3786 2608; x_wconf 80' lang='lat' dir='ltr'><strong>gladium</strong></span> 
     </span>
    </p>
   </div>
   <div class='ocr_carea' id='block_1_31' title="bbox 583 2625 3787 2701">
    <p class='ocr_par' dir='ltr' id='par_1_31' title="bbox 583 2625 3787 2701">
     <span class='ocr_line' id='line_1_31' title="bbox 583 2625 3787 2701; baseline -0.002 -19"><span class='ocrx_word' id='word_1_395' title='bbox 583 2629 958 2698; x_wconf 86' lang='lat' dir='ltr'><strong>cupiscentias,</strong></span> <span class='ocrx_word' id='word_1_396' title='bbox 980 2635 1034 2682; x_wconf 90' lang='lat' dir='ltr'><strong>et</strong></span> <span class='ocrx_word' id='word_1_397' title='bbox 1080 2627 1248 2681; x_wconf 89' lang='lat' dir='ltr'><strong>solam</strong></span> <span class='ocrx_word' id='word_1_398' title='bbox 1292 2625 1490 2681; x_wconf 87' lang='lat' dir='ltr'><strong>Christi</strong></span> <span class='ocrx_word' id='word_1_399' title='bbox 1539 2626 1989 2695; x_wconf 86' lang='lat' dir='ltr'><strong>pulchritudinem</strong></span> <span class='ocrx_word' id='word_1_400' title='bbox 2031 2625 2162 2678; x_wconf 82' lang='lat' dir='ltr'><strong>ada-</strong></span> <span class='ocrx_word' id='word_1_401' title='bbox 2193 2625 2239 2682; x_wconf 88' lang='lat' dir='ltr'><strong>B</strong></span> <span class='ocrx_word' id='word_1_402' title='bbox 2272 2629 2296 2665; x_wconf 80' lang='grc' dir='ltr'>ἰ</span> <span class='ocrx_word' id='word_1_403' title='bbox 2326 2629 2550 2684; x_wconf 77' lang='lat' dir='ltr'><strong>furentis</strong></span> <span class='ocrx_word' id='word_1_404' title='bbox 2596 2633 2954 2700; x_wconf 88' lang='lat' dir='ltr'><strong>persecutoris</strong></span> <span class='ocrx_word' id='word_1_405' title='bbox 3003 2632 3235 2701; x_wconf 80' lang='lat' dir='ltr'><strong>expavit.</strong></span> <span class='ocrx_word' id='word_1_406' title='bbox 3284 2631 3634 2700; x_wconf 87' lang='lat' dir='ltr'><strong>Compellitur</strong></span> <span class='ocrx_word' id='word_1_407' title='bbox 3683 2629 3787 2692; x_wconf 70' lang='lat' dir='ltr'><strong>virgo</strong></span> 
     </span>
    </p>
   </div>
   <div class='ocr_carea' id='block_1_32' title="bbox 583 2713 3786 2790">
    <p class='ocr_par' dir='ltr' id='par_1_32' title="bbox 583 2713 3786 2790">
     <span class='ocr_line' id='line_1_32' title="bbox 583 2713 3786 2790; baseline -0.002 -18"><span class='ocrx_word' id='word_1_408' title='bbox 583 2717 811 2772; x_wconf 86' lang='lat' dir='ltr'><strong>mando!</strong></span> <span class='ocrx_word' id='word_1_409' title='bbox 845 2716 1098 2771; x_wconf 88' lang='lat' dir='ltr'><strong>Accedite</strong></span> <span class='ocrx_word' id='word_1_410' title='bbox 1131 2714 1197 2770; x_wconf 88' lang='lat' dir='ltr'><strong>ad</strong></span> <span class='ocrx_word' id='word_1_411' title='bbox 1223 2716 1452 2785; x_wconf 91' lang='lat' dir='ltr'><strong>puellam</strong></span> <span class='ocrx_word' id='word_1_412' title='bbox 1475 2755 1490 2780; x_wconf 93' lang='lat'><strong>,</strong></span> <span class='ocrx_word' id='word_1_413' title='bbox 1520 2714 1743 2785; x_wconf 62' lang='lat' dir='ltr'><strong>puellae,</strong></span> <span class='ocrx_word' id='word_1_414' title='bbox 1775 2722 1830 2768; x_wconf 92' lang='lat' dir='ltr'><strong>et</strong></span> <span class='ocrx_word' id='word_1_415' title='bbox 1874 2713 2060 2766; x_wconf 87' lang='lat' dir='ltr'><strong>discite</strong></span> <span class='ocrx_word' id='word_1_416' title='bbox 2108 2715 2164 2768; x_wconf 87' lang='lat' dir='ltr'><strong>in</strong></span> <span class='ocrx_word' id='word_1_417' title='bbox 2265 2728 2580 2775; x_wconf 82' lang='lat' dir='ltr'><strong>ornamenta</strong></span> <span class='ocrx_word' id='word_1_418' title='bbox 2608 2722 2878 2789; x_wconf 84' lang='lat' dir='ltr'><strong>suscipere</strong></span> <span class='ocrx_word' id='word_1_419' title='bbox 2921 2723 3181 2790; x_wconf 89' lang='lat' dir='ltr'><strong>corporis,</strong></span> <span class='ocrx_word' id='word_1_420' title='bbox 3211 2721 3304 2776; x_wconf 88' lang='lat' dir='ltr'><strong>sed</strong></span> <span class='ocrx_word' id='word_1_421' title='bbox 3333 2721 3543 2788; x_wconf 89' lang='lat' dir='ltr'><strong>renuit;</strong></span> <span class='ocrx_word' id='word_1_422' title='bbox 3587 2719 3786 2789; x_wconf 82' lang='lat' dir='ltr'><strong>quoniam</strong></span> 
     </span>
    </p>
   </div>
   <div class='ocr_carea' id='block_1_33' title="bbox 583 2803 3787 2879">
    <p class='ocr_par' dir='ltr' id='par_1_33' title="bbox 583 2803 3787 2879">
     <span class='ocr_line' id='line_1_33' title="bbox 583 2803 3787 2879; baseline -0.002 -17"><span class='ocrx_word' id='word_1_423' title='bbox 583 2809 735 2863; x_wconf 89' lang='lat' dir='ltr'><strong>annis</strong></span> <span class='ocrx_word' id='word_1_424' title='bbox 763 2809 996 2862; x_wconf 72' lang='lat' dir='ltr'><strong>infantia:</strong></span> <span class='ocrx_word' id='word_1_425' title='bbox 1017 2807 1178 2878; x_wconf 77' lang='lat'><strong>538</strong></span> <span class='ocrx_word' id='word_1_426' title='bbox 1195 2805 1379 2876; x_wconf 87' lang='lat' dir='ltr'><strong>quales</strong></span> <span class='ocrx_word' id='word_1_427' title='bbox 1400 2806 1452 2858; x_wconf 92' lang='lat' dir='ltr'><strong>in</strong></span> <span class='ocrx_word' id='word_1_428' title='bbox 1481 2811 1702 2875; x_wconf 89' lang='lat' dir='ltr'><strong>pectore</strong></span> <span class='ocrx_word' id='word_1_429' title='bbox 1721 2818 1819 2858; x_wconf 90' lang='lat' dir='ltr'><strong>suo</strong></span> <span class='ocrx_word' id='word_1_430' title='bbox 1848 2803 1989 2856; x_wconf 88' lang='lat' dir='ltr'><strong>circa</strong></span> <span class='ocrx_word' id='word_1_431' title='bbox 2019 2817 2164 2857; x_wconf 88' lang='lat' dir='ltr'><strong>amo-</strong></span> <span class='ocrx_word' id='word_1_432' title='bbox 2259 2807 2371 2876; x_wconf 83' lang='lat' dir='ltr'><strong>jam</strong></span> <span class='ocrx_word' id='word_1_433' title='bbox 2399 2821 2706 2878; x_wconf 89' lang='lat' dir='ltr'><strong>susceperat</strong></span> <span class='ocrx_word' id='word_1_434' title='bbox 2734 2811 2966 2877; x_wconf 86' lang='lat' dir='ltr'><strong>mentis;</strong></span> <span class='ocrx_word' id='word_1_435' title='bbox 3003 2809 3019 2848; x_wconf 78' lang='grc' dir='ltr'>ί</span> <span class='ocrx_word' id='word_1_436' title='bbox 3059 2818 3114 2864; x_wconf 90' lang='lat' dir='ltr'><strong>et</strong></span> <span class='ocrx_word' id='word_1_437' title='bbox 3140 2811 3266 2879; x_wconf 86' lang='lat' dir='ltr'><strong>quia</strong></span> <span class='ocrx_word' id='word_1_438' title='bbox 3303 2826 3413 2865; x_wconf 86' lang='lat' dir='ltr'><strong>non</strong></span> <span class='ocrx_word' id='word_1_439' title='bbox 3469 2812 3538 2865; x_wconf 83' lang='lat' dir='ltr'><strong>de</strong></span> <span class='ocrx_word' id='word_1_440' title='bbox 3577 2807 3787 2874; x_wconf 73' lang='lat' dir='ltr'><strong>elegantia</strong></span> 
     </span>
    </p>
   </div>
   <div class='ocr_carea' id='block_1_34' title="bbox 583 2893 3786 2968">
    <p class='ocr_par' dir='ltr' id='par_1_34' title="bbox 583 2893 3786 2968">
     <span class='ocr_line' id='line_1_34' title="bbox 583 2893 3786 2968; baseline -0.003 -13"><span class='ocrx_word' id='word_1_441' title='bbox 583 2917 698 2955; x_wconf 89' lang='lat' dir='ltr'><strong>rem</strong></span> <span class='ocrx_word' id='word_1_442' title='bbox 727 2899 924 2954; x_wconf 85' lang='lat' dir='ltr'><strong>Christi</strong></span> <span class='ocrx_word' id='word_1_443' title='bbox 953 2910 975 2936; x_wconf 79' lang='grc' dir='ltr'><strong>α</strong></span> <span class='ocrx_word' id='word_1_444' title='bbox 1007 2899 1248 2953; x_wconf 81' lang='lat' dir='ltr'><strong>ﬂammas</strong></span> <span class='ocrx_word' id='word_1_445' title='bbox 1277 2897 1593 2952; x_wconf 87' lang='lat' dir='ltr'><strong>incenderit.</strong></span> <span class='ocrx_word' id='word_1_446' title='bbox 1641 2895 1779 2950; x_wconf 90' lang='lat' dir='ltr'><strong>Dicit</strong></span> <span class='ocrx_word' id='word_1_447' title='bbox 1824 2908 1882 2948; x_wconf 89' lang='lat' dir='ltr'><strong>se</strong></span> <span class='ocrx_word' id='word_1_448' title='bbox 1929 2893 2162 2948; x_wconf 86' lang='lat' dir='ltr'><strong>amatori</strong></span> <span class='ocrx_word' id='word_1_449' title='bbox 2263 2899 2506 2966; x_wconf 87' lang='lat' dir='ltr'><strong>corporis</strong></span> <span class='ocrx_word' id='word_1_450' title='bbox 2535 2899 2752 2952; x_wconf 89' lang='lat' dir='ltr'><strong>humani</strong></span> <span class='ocrx_word' id='word_1_451' title='bbox 2779 2899 2992 2968; x_wconf 88' lang='lat' dir='ltr'><strong>placere</strong></span> <span class='ocrx_word' id='word_1_452' title='bbox 3033 2900 3306 2966; x_wconf 88' lang='lat' dir='ltr'><strong>studebat,</strong></span> <span class='ocrx_word' id='word_1_453' title='bbox 3335 2900 3465 2968; x_wconf 87' lang='lat' dir='ltr'><strong>quia</strong></span> <span class='ocrx_word' id='word_1_454' title='bbox 3503 2899 3708 2953; x_wconf 84' lang='lat' dir='ltr'><strong>timebat</strong></span> <span class='ocrx_word' id='word_1_455' title='bbox 3744 2897 3786 2946; x_wconf 79' lang='lat' dir='ltr'><strong>de</strong></span> 
     </span>
    </p>
   </div>
   <div class='ocr_carea' id='block_1_35' title="bbox 583 2984 3787 3057">
    <p class='ocr_par' dir='ltr' id='par_1_35' title="bbox 583 2984 3787 3057">
     <span class='ocr_line' id='line_1_35' title="bbox 583 2984 3787 3057; baseline -0.004 -10"><span class='ocrx_word' id='word_1_456' title='bbox 583 3008 680 3047; x_wconf 87' lang='lat' dir='ltr'><strong>suo</strong></span> <span class='ocrx_word' id='word_1_457' title='bbox 703 3006 917 3045; x_wconf 88' lang='lat' dir='ltr'><strong>servare</strong></span> <span class='ocrx_word' id='word_1_458' title='bbox 948 2989 1126 3053; x_wconf 82' lang='lat' dir='ltr'><strong>ﬁdem,</strong></span> <span class='ocrx_word' id='word_1_459' title='bbox 1159 2998 1213 3044; x_wconf 90' lang='lat' dir='ltr'><strong>et</strong></span> <span class='ocrx_word' id='word_1_460' title='bbox 1241 2989 1354 3057; x_wconf 87' lang='lat' dir='ltr'><strong>ejus</strong></span> <span class='ocrx_word' id='word_1_461' title='bbox 1397 3002 1593 3057; x_wconf 90' lang='lat' dir='ltr'><strong>corpus</strong></span> <span class='ocrx_word' id='word_1_462' title='bbox 1645 2985 2028 3056; x_wconf 87' lang='lat' dir='ltr'><strong>concupiscere</strong></span> <span class='ocrx_word' id='word_1_463' title='bbox 2075 2999 2163 3039; x_wconf 84' lang='lat' dir='ltr'><strong>so-</strong></span> <span class='ocrx_word' id='word_1_464' title='bbox 2263 2986 2503 3042; x_wconf 72' lang='lat' dir='ltr'><strong>fmditate</strong></span> <span class='ocrx_word' id='word_1_465' title='bbox 2531 2988 2721 3042; x_wconf 73' lang='lat' dir='ltr'><strong>anima:</strong></span> <span class='ocrx_word' id='word_1_466' title='bbox 2749 2988 2975 3042; x_wconf 92' lang='lat' dir='ltr'><strong>Domino</strong></span> <span class='ocrx_word' id='word_1_467' title='bbox 3022 2988 3321 3057; x_wconf 88' lang='lat' dir='ltr'><strong>displicere,</strong></span> <span class='ocrx_word' id='word_1_468' title='bbox 3356 2990 3372 3038; x_wconf 79' lang='grc' dir='ltr'><strong><em>ι</em></strong></span> <span class='ocrx_word' id='word_1_469' title='bbox 3414 2989 3579 3042; x_wconf 86' lang='lat' dir='ltr'><strong>dabat</strong></span> <span class='ocrx_word' id='word_1_470' title='bbox 3612 2984 3787 3039; x_wconf 79' lang='lat' dir='ltr'><strong>interius</strong></span> 
     </span>
    </p>
   </div>
   <div class='ocr_carea' id='block_1_36' title="bbox 584 3067 3786 3151">
    <p class='ocr_par' dir='ltr' id='par_1_36' title="bbox 584 3067 3786 3151">
     <span class='ocr_line' id='line_1_36' title="bbox 584 3067 3786 3151; baseline -0.003 -15"><span class='ocrx_word' id='word_1_471' title='bbox 584 3083 714 3146; x_wconf 90' lang='lat' dir='ltr'><strong>lum,</strong></span> <span class='ocrx_word' id='word_1_472' title='bbox 738 3081 828 3151; x_wconf 87' lang='lat' dir='ltr'><strong>qui</strong></span> <span class='ocrx_word' id='word_1_473' title='bbox 858 3097 955 3151; x_wconf 90' lang='lat' dir='ltr'><strong>pro</strong></span> <span class='ocrx_word' id='word_1_474' title='bbox 986 3094 1169 3135; x_wconf 85' lang='lat' dir='ltr'><strong>arnore</strong></span> <span class='ocrx_word' id='word_1_475' title='bbox 1197 3076 1224 3116; x_wconf 71' lang='grc' dir='ltr'><strong><em>ἀ</em></strong></span> <span class='ocrx_word' id='word_1_476' title='bbox 1253 3067 1489 3133; x_wconf 87' lang='lat' dir='ltr'><strong>omnium</strong></span> <span class='ocrx_word' id='word_1_477' title='bbox 1535 3077 1725 3130; x_wconf 91' lang='lat' dir='ltr'><strong>mortis</strong></span> <span class='ocrx_word' id='word_1_478' title='bbox 1753 3091 1861 3130; x_wconf 90' lang='lat' dir='ltr'><strong>non</strong></span> <span class='ocrx_word' id='word_1_479' title='bbox 1887 3073 2159 3128; x_wconf 88' lang='lat' dir='ltr'><strong>recusavit</strong></span> <span class='ocrx_word' id='word_1_480' title='bbox 2261 3092 2359 3147; x_wconf 90' lang='lat' dir='ltr'><strong>per</strong></span> <span class='ocrx_word' id='word_1_481' title='bbox 2383 3077 2540 3132; x_wconf 82' lang='lat' dir='ltr'><strong>ﬁdem</strong></span> <span class='ocrx_word' id='word_1_482' title='bbox 2566 3093 2675 3134; x_wconf 70' lang='lat' dir='ltr'><strong>sua:</strong></span> <span class='ocrx_word' id='word_1_483' title='bbox 2714 3080 2904 3133; x_wconf 89' lang='lat' dir='ltr'><strong>mentis</strong></span> <span class='ocrx_word' id='word_1_484' title='bbox 2951 3077 3237 3133; x_wconf 86' lang='lat' dir='ltr'><strong>candorem</strong></span> <span class='ocrx_word' id='word_1_485' title='bbox 3277 3087 3439 3147; x_wconf 87' lang='lat' dir='ltr'><strong>atque</strong></span> <span class='ocrx_word' id='word_1_486' title='bbox 3484 3074 3786 3148; x_wconf 69' lang='lat' dir='ltr'><strong>pulchritudi</strong></span> 
     </span>
    </p>
   </div>
   <div class='ocr_carea' id='block_1_37' title="bbox 583 3163 3786 3238">
    <p class='ocr_par' dir='ltr' id='par_1_37' title="bbox 583 3163 3786 3238">
     <span class='ocr_line' id='line_1_37' title="bbox 583 3163 3786 3238; baseline -0.004 -11"><span class='ocrx_word' id='word_1_487' title='bbox 583 3173 878 3228; x_wconf 88' lang='lat' dir='ltr'><strong>interitum.</strong></span> <span class='ocrx_word' id='word_1_488' title='bbox 899 3171 1114 3234; x_wconf 89' lang='lat' dir='ltr'><strong>Discite,</strong></span> <span class='ocrx_word' id='word_1_489' title='bbox 1137 3169 1368 3237; x_wconf 87' lang='lat' dir='ltr'><strong>virgines</strong></span> <span class='ocrx_word' id='word_1_490' title='bbox 1395 3166 1614 3229; x_wconf 87' lang='lat' dir='ltr'><strong>Christi,</strong></span> <span class='ocrx_word' id='word_1_491' title='bbox 1643 3179 1880 3219; x_wconf 89' lang='lat' dir='ltr'><strong>amorem</strong></span> <span class='ocrx_word' id='word_1_492' title='bbox 1908 3164 1964 3217; x_wconf 91' lang='lat' dir='ltr'><strong>in</strong></span> <span class='ocrx_word' id='word_1_493' title='bbox 1983 3163 2162 3233; x_wconf 89' lang='lat' dir='ltr'><strong>puella</strong></span> <span class='ocrx_word' id='word_1_494' title='bbox 2261 3183 2385 3222; x_wconf 91' lang='lat' dir='ltr'><strong>nem</strong></span> <span class='ocrx_word' id='word_1_495' title='bbox 2431 3169 2641 3234; x_wconf 73' lang='lat' dir='ltr'><strong>animre,</strong></span> <span class='ocrx_word' id='word_1_496' title='bbox 2670 3183 2832 3238; x_wconf 89' lang='lat' dir='ltr'><strong>quam</strong></span> <span class='ocrx_word' id='word_1_497' title='bbox 2871 3168 3181 3235; x_wconf 85' lang='lat' dir='ltr'><strong>excolebat;</strong></span> <span class='ocrx_word' id='word_1_498' title='bbox 3227 3176 3283 3223; x_wconf 91' lang='lat' dir='ltr'><strong>et</strong></span> <span class='ocrx_word' id='word_1_499' title='bbox 3309 3177 3571 3237; x_wconf 87' lang='lat' dir='ltr'><strong>quantum</strong></span> <span class='ocrx_word' id='word_1_500' title='bbox 3609 3167 3786 3224; x_wconf 79' lang='lat' dir='ltr'><strong>sciebat,</strong></span> 
     </span>
    </p>
   </div>
   <div class='ocr_carea' id='block_1_38' title="bbox 582 3253 3785 3328">
    <p class='ocr_par' dir='ltr' id='par_1_38' title="bbox 582 3253 3785 3328">
     <span class='ocr_line' id='line_1_38' title="bbox 582 3253 3785 3328; baseline -0.004 -12"><span class='ocrx_word' id='word_1_501' title='bbox 582 3264 897 3326; x_wconf 71' lang='lat' dir='ltr'><strong>ferventem,</strong></span> <span class='ocrx_word' id='word_1_502' title='bbox 929 3268 984 3314; x_wconf 91' lang='lat' dir='ltr'><strong>et</strong></span> <span class='ocrx_word' id='word_1_503' title='bbox 1029 3274 1214 3314; x_wconf 90' lang='lat' dir='ltr'><strong>omnes</strong></span> <span class='ocrx_word' id='word_1_504' title='bbox 1243 3257 1427 3312; x_wconf 90' lang='lat' dir='ltr'><strong>mundi</strong></span> <span class='ocrx_word' id='word_1_505' title='bbox 1471 3255 1680 3310; x_wconf 89' lang='lat' dir='ltr'><strong>divitias</strong></span> <span class='ocrx_word' id='word_1_506' title='bbox 1723 3253 1865 3308; x_wconf 86' lang='lat' dir='ltr'><strong>velut</strong></span> <span class='ocrx_word' id='word_1_507' title='bbox 1919 3260 2161 3308; x_wconf 88' lang='lat' dir='ltr'><strong>stercora</strong></span> <span class='ocrx_word' id='word_1_508' title='bbox 2260 3258 2402 3327; x_wconf 84' lang='lat' dir='ltr'><strong>quod</strong></span> <span class='ocrx_word' id='word_1_509' title='bbox 2450 3259 2683 3312; x_wconf 82' lang='lat' dir='ltr'><strong>animam</strong></span> <span class='ocrx_word' id='word_1_510' title='bbox 2711 3274 2862 3312; x_wconf 80' lang='lat' dir='ltr'><strong>suam</strong></span> <span class='ocrx_word' id='word_1_511' title='bbox 2890 3259 3165 3328; x_wconf 80' lang='lat' dir='ltr'><strong>pulchram</strong></span> <span class='ocrx_word' id='word_1_512' title='bbox 3196 3259 3416 3323; x_wconf 67' lang='lat' dir='ltr'><strong>faceret,</strong></span> <span class='ocrx_word' id='word_1_513' title='bbox 3471 3259 3491 3296; x_wconf 76' lang='grc' dir='ltr'>ι</span> <span class='ocrx_word' id='word_1_514' title='bbox 3536 3267 3721 3312; x_wconf 63' lang='lat' dir='ltr'><strong>tantum</strong></span> <span class='ocrx_word' id='word_1_515' title='bbox 3753 3256 3785 3306; x_wconf 83' lang='lat' dir='ltr'><strong>in</strong></span> 
     </span>
    </p>
   </div>
   <div class='ocr_carea' id='block_1_39' title="bbox 583 3344 3785 3415">
    <p class='ocr_par' dir='ltr' id='par_1_39' title="bbox 583 3344 3785 3415">
     <span class='ocr_line' id='line_1_39' title="bbox 583 3344 3785 3415; baseline -0.005 -8"><span class='ocrx_word' id='word_1_516' title='bbox 583 3360 938 3407; x_wconf 89' lang='lat' dir='ltr'><strong>recusantem.</strong></span> <span class='ocrx_word' id='word_1_517' title='bbox 980 3351 1105 3405; x_wconf 85' lang='lat' dir='ltr'><strong>ideo</strong></span> <span class='ocrx_word' id='word_1_518' title='bbox 1150 3351 1293 3405; x_wconf 89' lang='lat' dir='ltr'><strong>enim</strong></span> <span class='ocrx_word' id='word_1_519' title='bbox 1333 3356 1640 3404; x_wconf 89' lang='lat' dir='ltr'><strong>sanctorum</strong></span> <span class='ocrx_word' id='word_1_520' title='bbox 1684 3360 1782 3415; x_wconf 88' lang='lat' dir='ltr'><strong>per</strong></span> <span class='ocrx_word' id='word_1_521' title='bbox 1810 3344 2018 3398; x_wconf 87' lang='lat' dir='ltr'><strong>litteras</strong></span> <span class='ocrx_word' id='word_1_522' title='bbox 2060 3350 2164 3396; x_wconf 84' lang='lat' dir='ltr'><strong>tra-</strong></span> <span class='ocrx_word' id='word_1_523' title='bbox 2259 3362 2352 3400; x_wconf 87' lang='lat' dir='ltr'><strong>sua</strong></span> <span class='ocrx_word' id='word_1_524' title='bbox 2374 3362 2532 3401; x_wconf 89' lang='lat' dir='ltr'><strong>carne</strong></span> <span class='ocrx_word' id='word_1_525' title='bbox 2559 3347 2906 3402; x_wconf 86' lang='lat' dir='ltr'><strong>erubescebat</strong></span> <span class='ocrx_word' id='word_1_526' title='bbox 2933 3363 2990 3402; x_wconf 91' lang='lat' dir='ltr'><strong>se</strong></span> <span class='ocrx_word' id='word_1_527' title='bbox 3019 3362 3134 3402; x_wconf 89' lang='lat' dir='ltr'><strong>esse</strong></span> <span class='ocrx_word' id='word_1_528' title='bbox 3161 3345 3450 3402; x_wconf 78' lang='lat' dir='ltr'><strong>formosam</strong></span> <span class='ocrx_word' id='word_1_529' title='bbox 3479 3367 3491 3400; x_wconf 92' lang='lat'><strong>:</strong></span> <span class='ocrx_word' id='word_1_530' title='bbox 3525 3356 3785 3410; x_wconf 78' lang='lat' dir='ltr'><strong>tantumque</strong></span> 
     </span>
    </p>
   </div>
   <div class='ocr_carea' id='block_1_40' title="bbox 581 3434 3784 3511">
    <p class='ocr_par' dir='ltr' id='par_1_40' title="bbox 581 3434 3784 3511">
     <span class='ocr_line' id='line_1_40' title="bbox 581 3434 3784 3511; baseline -0.005 -13"><span class='ocrx_word' id='word_1_531' title='bbox 581 3444 782 3498; x_wconf 90' lang='lat' dir='ltr'><strong>duntur</strong></span> <span class='ocrx_word' id='word_1_532' title='bbox 801 3441 1066 3511; x_wconf 81' lang='lat' dir='ltr'><strong>exempla,</strong></span> <span class='ocrx_word' id='word_1_533' title='bbox 1100 3449 1157 3495; x_wconf 93' lang='lat' dir='ltr'><strong>ut</strong></span> <span class='ocrx_word' id='word_1_534' title='bbox 1185 3439 1545 3508; x_wconf 82' lang='lat' dir='ltr'><strong>unusquisque</strong></span> <span class='ocrx_word' id='word_1_535' title='bbox 1574 3452 1672 3508; x_wconf 92' lang='lat' dir='ltr'><strong>pro</strong></span> <span class='ocrx_word' id='word_1_536' title='bbox 1693 3434 1950 3504; x_wconf 88' lang='lat' dir='ltr'><strong>qualitate</strong></span> <span class='ocrx_word' id='word_1_537' title='bbox 1975 3447 2159 3500; x_wconf 85' lang='lat' dir='ltr'><strong>sexus,</strong></span> <span class='ocrx_word' id='word_1_538' title='bbox 2258 3436 2459 3490; x_wconf 88' lang='lat' dir='ltr'><strong>studuit</strong></span> <span class='ocrx_word' id='word_1_539' title='bbox 2473 3436 2753 3504; x_wconf 89' lang='lat' dir='ltr'><strong>displicere</strong></span> <span class='ocrx_word' id='word_1_540' title='bbox 2781 3436 3080 3491; x_wconf 89' lang='lat' dir='ltr'><strong>carnalibus</strong></span> <span class='ocrx_word' id='word_1_541' title='bbox 3108 3437 3161 3490; x_wconf 92' lang='lat' dir='ltr'><strong>in</strong></span> <span class='ocrx_word' id='word_1_542' title='bbox 3182 3438 3358 3491; x_wconf 87' lang='lat' dir='ltr'><strong>carnis</strong></span> <span class='ocrx_word' id='word_1_543' title='bbox 3375 3446 3613 3506; x_wconf 88' lang='lat' dir='ltr'><strong>aspectu,</strong></span> <span class='ocrx_word' id='word_1_544' title='bbox 3630 3442 3784 3503; x_wconf 53' lang='lat' dir='ltr'><strong>quanti“</strong></span> 
     </span>
    </p>
   </div>
   <div class='ocr_carea' id='block_1_41' title="bbox 581 3523 3784 3606">
    <p class='ocr_par' dir='ltr' id='par_1_41' title="bbox 581 3523 3784 3606">
     <span class='ocr_line' id='line_1_41' title="bbox 581 3523 3784 3606; baseline -0.007 -14"><span class='ocrx_word' id='word_1_545' title='bbox 581 3546 636 3592; x_wconf 90' lang='lat' dir='ltr'><strong>et</strong></span> <span class='ocrx_word' id='word_1_546' title='bbox 663 3548 682 3571; x_wconf 70' lang='grc' dir='ltr'><strong><em>ο</em></strong></span> <span class='ocrx_word' id='word_1_547' title='bbox 717 3552 814 3606; x_wconf 91' lang='lat' dir='ltr'><strong>pro</strong></span> <span class='ocrx_word' id='word_1_548' title='bbox 842 3543 1000 3588; x_wconf 67' lang='lat' dir='ltr'><strong>aetate</strong></span> <span class='ocrx_word' id='word_1_549' title='bbox 1028 3547 1291 3587; x_wconf 88' lang='lat' dir='ltr'><strong>annorum</strong></span> <span class='ocrx_word' id='word_1_550' title='bbox 1319 3529 1537 3585; x_wconf 90' lang='lat' dir='ltr'><strong>modum</strong></span> <span class='ocrx_word' id='word_1_551' title='bbox 1563 3528 1644 3582; x_wconf 90' lang='lat' dir='ltr'><strong>sui</strong></span> <span class='ocrx_word' id='word_1_552' title='bbox 1672 3525 1932 3597; x_wconf 84' lang='lat' dir='ltr'><strong>propositi</strong></span> <span class='ocrx_word' id='word_1_553' title='bbox 1956 3530 2156 3585; x_wconf 82' lang='lat' dir='ltr'><strong>teneat,</strong></span> <span class='ocrx_word' id='word_1_554' title='bbox 2260 3527 2475 3581; x_wconf 84' lang='lat' dir='ltr'><strong>Christo</strong></span> <span class='ocrx_word' id='word_1_555' title='bbox 2507 3523 2522 3563; x_wconf 74' lang='grc' dir='ltr'><strong><em>ι</em></strong></span> <span class='ocrx_word' id='word_1_556' title='bbox 2551 3527 2761 3590; x_wconf 87' lang='lat' dir='ltr'><strong>institit,</strong></span> <span class='ocrx_word' id='word_1_557' title='bbox 2791 3534 2846 3580; x_wconf 90' lang='lat' dir='ltr'><strong>et</strong></span> <span class='ocrx_word' id='word_1_558' title='bbox 2873 3525 2988 3594; x_wconf 90' lang='lat' dir='ltr'><strong>ejus</strong></span> <span class='ocrx_word' id='word_1_559' title='bbox 3015 3527 3214 3594; x_wconf 89' lang='lat' dir='ltr'><strong>angelis</strong></span> <span class='ocrx_word' id='word_1_560' title='bbox 3241 3528 3598 3596; x_wconf 75' lang='lat' dir='ltr'><strong>complacare.</strong></span> <span class='ocrx_word' id='word_1_561' title='bbox 3623 3524 3784 3578; x_wconf 76' lang='lat' dir='ltr'><strong>Turba-</strong></span> 
     </span>
    </p>
   </div>
   <div class='ocr_carea' id='block_1_42' title="bbox 582 3612 3784 3694">
    <p class='ocr_par' dir='ltr' id='par_1_42' title="bbox 582 3612 3784 3694">
     <span class='ocr_line' id='line_1_42' title="bbox 582 3612 3784 3694; baseline -0.007 -13"><span class='ocrx_word' id='word_1_562' title='bbox 582 3637 638 3682; x_wconf 91' lang='lat' dir='ltr'><strong>et</strong></span> <span class='ocrx_word' id='word_1_563' title='bbox 657 3628 794 3680; x_wconf 92' lang='lat' dir='ltr'><strong>sicut</strong></span> <span class='ocrx_word' id='word_1_564' title='bbox 821 3641 919 3694; x_wconf 88' lang='lat' dir='ltr'><strong>per</strong></span> <span class='ocrx_word' id='word_1_565' title='bbox 945 3625 1202 3692; x_wconf 90' lang='lat' dir='ltr'><strong>virginem</strong></span> <span class='ocrx_word' id='word_1_566' title='bbox 1250 3621 1501 3690; x_wconf 86' lang='lat' dir='ltr'><strong>virgines,</strong></span> <span class='ocrx_word' id='word_1_567' title='bbox 1553 3620 1624 3673; x_wconf 88' lang='lat' dir='ltr'><strong>ita</strong></span> <span class='ocrx_word' id='word_1_568' title='bbox 1664 3627 1718 3672; x_wconf 92' lang='lat' dir='ltr'><strong>et</strong></span> <span class='ocrx_word' id='word_1_569' title='bbox 1758 3619 1853 3687; x_wconf 77' lang='lat' dir='ltr'><strong>per</strong></span> <span class='ocrx_word' id='word_1_570' title='bbox 1879 3614 2159 3683; x_wconf 91' lang='lat' dir='ltr'><strong>conjugem</strong></span> <span class='ocrx_word' id='word_1_571' title='bbox 2260 3623 2348 3669; x_wconf 92' lang='lat' dir='ltr'><strong>tur</strong></span> <span class='ocrx_word' id='word_1_572' title='bbox 2367 3615 2581 3685; x_wconf 90' lang='lat' dir='ltr'><strong>juvenis</strong></span> <span class='ocrx_word' id='word_1_573' title='bbox 2625 3630 2654 3668; x_wconf 91' lang='lat' dir='ltr'><strong>a</strong></span> <span class='ocrx_word' id='word_1_574' title='bbox 2706 3615 2877 3683; x_wconf 83' lang='lat' dir='ltr'><strong>puella</strong></span> <span class='ocrx_word' id='word_1_575' title='bbox 2904 3623 3262 3685; x_wconf 89' lang='lat' dir='ltr'><strong>contemptus,</strong></span> <span class='ocrx_word' id='word_1_576' title='bbox 3308 3625 3363 3669; x_wconf 89' lang='lat' dir='ltr'><strong>et</strong></span> <span class='ocrx_word' id='word_1_577' title='bbox 3417 3631 3477 3670; x_wconf 91' lang='lat' dir='ltr'><strong>se</strong></span> <span class='ocrx_word' id='word_1_578' title='bbox 3526 3612 3784 3668; x_wconf 72' lang='lat' dir='ltr'><strong>mouerit-ur</strong></span> 
     </span>
    </p>
   </div>
   <div class='ocr_carea' id='block_1_43' title="bbox 581 3705 3783 3782">
    <p class='ocr_par' dir='ltr' id='par_1_43' title="bbox 581 3705 3783 3782">
     <span class='ocr_line' id='line_1_43' title="bbox 581 3705 3783 3782; baseline -0.005 -13"><span class='ocrx_word' id='word_1_579' title='bbox 581 3715 832 3782; x_wconf 84' lang='lat' dir='ltr'><strong>conjuges</strong></span> <span class='ocrx_word' id='word_1_580' title='bbox 858 3714 1061 3767; x_wconf 73' lang='lat' dir='ltr'><strong>vincere</strong></span> <span class='ocrx_word' id='word_1_581' title='bbox 1076 3711 1328 3766; x_wconf 69' lang='lat' dir='ltr'><strong>smculum</strong></span> <span class='ocrx_word' id='word_1_582' title='bbox 1348 3725 1446 3780; x_wconf 90' lang='lat' dir='ltr'><strong>pro</strong></span> <span class='ocrx_word' id='word_1_583' title='bbox 1461 3708 1658 3765; x_wconf 88' lang='lat' dir='ltr'><strong>Christi</strong></span> <span class='ocrx_word' id='word_1_584' title='bbox 1679 3721 1862 3762; x_wconf 90' lang='lat' dir='ltr'><strong>amore</strong></span> <span class='ocrx_word' id='word_1_585' title='bbox 1889 3705 2158 3770; x_wconf 77' lang='lat' dir='ltr'><strong>studeant,</strong></span> <span class='ocrx_word' id='word_1_586' title='bbox 2257 3706 2591 3776; x_wconf 89' lang='lat' dir='ltr'><strong>complaccre</strong></span> <span class='ocrx_word' id='word_1_587' title='bbox 2619 3721 2778 3776; x_wconf 88' lang='lat' dir='ltr'><strong>posse</strong></span> <span class='ocrx_word' id='word_1_588' title='bbox 2824 3706 3152 3769; x_wconf 84' lang='lat' dir='ltr'><strong>existimans,</strong></span> <span class='ocrx_word' id='word_1_589' title='bbox 3185 3721 3401 3769; x_wconf 90' lang='lat' dir='ltr'><strong>aurum,</strong></span> <span class='ocrx_word' id='word_1_590' title='bbox 3431 3720 3666 3776; x_wconf 85' lang='lat' dir='ltr'><strong>geminas</strong></span> <span class='ocrx_word' id='word_1_591' title='bbox 3687 3716 3783 3755; x_wconf 83' lang='lat' dir='ltr'><strong>con-</strong></span> 
     </span>
    </p>
   </div>
   <div class='ocr_carea' id='block_1_44' title="bbox 582 3789 3783 3876">
    <p class='ocr_par' dir='ltr' id='par_1_44' title="bbox 582 3789 3783 3876">
     <span class='ocr_line' id='line_1_44' title="bbox 582 3789 3783 3876; baseline -0.007 -14"><span class='ocrx_word' id='word_1_592' title='bbox 582 3823 646 3862; x_wconf 86' lang='lat' dir='ltr'><strong>ac</strong></span> <span class='ocrx_word' id='word_1_593' title='bbox 670 3806 1059 3876; x_wconf 70' lang='lat' dir='ltr'><strong>repugnatione</strong></span> <span class='ocrx_word' id='word_1_594' title='bbox 1095 3805 1259 3859; x_wconf 86' lang='lat' dir='ltr'><strong>animi</strong></span> <span class='ocrx_word' id='word_1_595' title='bbox 1310 3803 1495 3858; x_wconf 88' lang='lat' dir='ltr'><strong>mundi</strong></span> <span class='ocrx_word' id='word_1_596' title='bbox 1534 3801 1707 3857; x_wconf 85' lang='lat' dir='ltr'><strong>dulcia</strong></span> <span class='ocrx_word' id='word_1_597' title='bbox 1748 3806 2074 3862; x_wconf 89' lang='lat' dir='ltr'><strong>recusantes,</strong></span> <span class='ocrx_word' id='word_1_598' title='bbox 2107 3805 2162 3851; x_wconf 92' lang='lat' dir='ltr'><strong>et</strong></span> <span class='ocrx_word' id='word_1_599' title='bbox 2258 3796 2553 3863; x_wconf 79' lang='lat' dir='ltr'><strong>geminans,</strong></span> <span class='ocrx_word' id='word_1_600' title='bbox 2581 3805 2780 3862; x_wconf 88' lang='lat' dir='ltr'><strong>vestes,</strong></span> <span class='ocrx_word' id='word_1_601' title='bbox 2813 3805 2850 3831; x_wconf 78' lang='grc' dir='ltr'>ω</span> <span class='ocrx_word' id='word_1_602' title='bbox 2880 3795 3072 3865; x_wconf 64' lang='lat' dir='ltr'><strong>praedia</strong></span> <span class='ocrx_word' id='word_1_603' title='bbox 3101 3796 3333 3865; x_wconf 83' lang='lat' dir='ltr'><strong>pretiosa</strong></span> <span class='ocrx_word' id='word_1_604' title='bbox 3371 3804 3666 3850; x_wconf 83' lang='lat' dir='ltr'><strong>convectat.</strong></span> <span class='ocrx_word' id='word_1_605' title='bbox 3710 3789 3783 3841; x_wconf 77' lang='lat' dir='ltr'><strong>Sed</strong></span> 
     </span>
    </p>
   </div>
   <div class='ocr_carea' id='block_1_45' title="bbox 581 3883 3781 3964">
    <p class='ocr_par' dir='ltr' id='par_1_45' title="bbox 581 3883 3781 3964">
     <span class='ocr_line' id='line_1_45' title="bbox 581 3883 3781 3964; baseline -0.004 -14"><span class='ocrx_word' id='word_1_606' title='bbox 581 3895 698 3964; x_wconf 90' lang='lat' dir='ltr'><strong>ejus</strong></span> <span class='ocrx_word' id='word_1_607' title='bbox 722 3911 831 3949; x_wconf 90' lang='lat' dir='ltr'><strong>non</strong></span> <span class='ocrx_word' id='word_1_608' title='bbox 855 3904 1164 3950; x_wconf 87' lang='lat' dir='ltr'><strong>recusantes</strong></span> <span class='ocrx_word' id='word_1_609' title='bbox 1191 3901 1426 3958; x_wconf 88' lang='lat' dir='ltr'><strong>austera,</strong></span> <span class='ocrx_word' id='word_1_610' title='bbox 1450 3892 1516 3947; x_wconf 90' lang='lat' dir='ltr'><strong>ad</strong></span> <span class='ocrx_word' id='word_1_611' title='bbox 1559 3891 1942 3946; x_wconf 87' lang='lat' dir='ltr'><strong>delectationes</strong></span> <span class='ocrx_word' id='word_1_612' title='bbox 1968 3901 2160 3957; x_wconf 89' lang='lat' dir='ltr'><strong>perpe-</strong></span> <span class='ocrx_word' id='word_1_613' title='bbox 2205 3963 2225 3964; x_wconf 19' lang='grc' dir='ltr'>ί</span> <span class='ocrx_word' id='word_1_614' title='bbox 2258 3883 2383 3952; x_wconf 91' lang='lat' dir='ltr'><strong>quia</strong></span> <span class='ocrx_word' id='word_1_615' title='bbox 2412 3883 2606 3938; x_wconf 89' lang='lat' dir='ltr'><strong>Christi</strong></span> <span class='ocrx_word' id='word_1_616' title='bbox 2629 3885 2822 3938; x_wconf 89' lang='lat' dir='ltr'><strong>caritas</strong></span> <span class='ocrx_word' id='word_1_617' title='bbox 2850 3885 3079 3955; x_wconf 89' lang='lat' dir='ltr'><strong>pretium</strong></span> <span class='ocrx_word' id='word_1_618' title='bbox 3107 3885 3452 3953; x_wconf 90' lang='lat' dir='ltr'><strong>pecuniarum</strong></span> <span class='ocrx_word' id='word_1_619' title='bbox 3483 3900 3590 3938; x_wconf 92' lang='lat' dir='ltr'><strong>non</strong></span> <span class='ocrx_word' id='word_1_620' title='bbox 3634 3883 3781 3938; x_wconf 69' lang='lat' dir='ltr'><strong>habet.</strong></span> 
     </span>
    </p>
   </div>
   <div class='ocr_carea' id='block_1_46' title="bbox 587 3963 3782 4052">
    <p class='ocr_par' dir='ltr' id='par_1_46' title="bbox 587 3963 3782 4052">
     <span class='ocr_line' id='line_1_46' title="bbox 587 3963 3782 4052; baseline -0.006 -14"><span class='ocrx_word' id='word_1_621' title='bbox 587 3963 706 4038; x_wconf 87' lang='lat' dir='ltr'><strong>tuas</strong></span> <span class='ocrx_word' id='word_1_622' title='bbox 735 3993 792 4039; x_wconf 90' lang='lat' dir='ltr'><strong>et</strong></span> <span class='ocrx_word' id='word_1_623' title='bbox 830 3983 898 4037; x_wconf 83' lang='lat' dir='ltr'><strong>ad</strong></span> <span class='ocrx_word' id='word_1_624' title='bbox 925 3983 1115 4051; x_wconf 91' lang='lat' dir='ltr'><strong>gaudia</strong></span> <span class='ocrx_word' id='word_1_625' title='bbox 1155 3991 1354 4037; x_wconf 64' lang='grc' dir='ltr'><strong>αξιοι-ηε</strong></span> <span class='ocrx_word' id='word_1_626' title='bbox 1385 3982 1712 4052; x_wconf 86' lang='lat' dir='ltr'><strong>pertingant.</strong></span> <span class='ocrx_word' id='word_1_627' title='bbox 1744 3979 1878 4039; x_wconf 55' lang='lat' dir='ltr'><strong>,Hrec</strong></span> <span class='ocrx_word' id='word_1_628' title='bbox 1922 3978 2159 4032; x_wconf 81' lang='lat' dir='ltr'><strong>dicentes</strong></span> <span class='ocrx_word' id='word_1_629' title='bbox 2186 3963 2232 4025; x_wconf 88' lang='lat' dir='ltr'><strong>C</strong></span> <span class='ocrx_word' id='word_1_630' title='bbox 2262 3974 2411 4044; x_wconf 86' lang='lat' dir='ltr'><strong>virgo</strong></span> <span class='ocrx_word' id='word_1_631' title='bbox 2438 3975 2795 4030; x_wconf 87' lang='lat' dir='ltr'><strong>sacratissima</strong></span> <span class='ocrx_word' id='word_1_632' title='bbox 2823 3977 2876 4029; x_wconf 92' lang='lat' dir='ltr'><strong>in</strong></span> <span class='ocrx_word' id='word_1_633' title='bbox 2904 3991 3002 4030; x_wconf 90' lang='lat' dir='ltr'><strong>suo</strong></span> <span class='ocrx_word' id='word_1_634' title='bbox 3025 3975 3192 4044; x_wconf 87' lang='lat' dir='ltr'><strong>gradu</strong></span> <span class='ocrx_word' id='word_1_635' title='bbox 3229 3989 3397 4043; x_wconf 89' lang='lat' dir='ltr'><strong>usque</strong></span> <span class='ocrx_word' id='word_1_636' title='bbox 3447 3975 3517 4028; x_wconf 89' lang='lat' dir='ltr'><strong>ad</strong></span> <span class='ocrx_word' id='word_1_637' title='bbox 3558 3969 3782 4039; x_wconf 76' lang='lat' dir='ltr'><strong>sanguinis</strong></span> 
     </span>
    </p>
   </div>
   <div class='ocr_carea' id='block_1_47' title="bbox 584 4060 3780 4141">
    <p class='ocr_par' dir='ltr' id='par_1_47' title="bbox 584 4060 3780 4141">
     <span class='ocr_line' id='line_1_47' title="bbox 584 4060 3780 4141; baseline -0.005 -14"><span class='ocrx_word' id='word_1_638' title='bbox 584 4089 693 4127; x_wconf 91' lang='lat' dir='ltr'><strong>non</strong></span> <span class='ocrx_word' id='word_1_639' title='bbox 747 4073 1110 4141; x_wconf 84' lang='lat' dir='ltr'><strong>vituperamus</strong></span> <span class='ocrx_word' id='word_1_640' title='bbox 1159 4071 1446 4140; x_wconf 73' lang='lat' dir='ltr'><strong>coniugum</strong></span> <span class='ocrx_word' id='word_1_641' title='bbox 1501 4077 1648 4123; x_wconf 80' lang='lat' dir='ltr'><strong>casta</strong></span> <span class='ocrx_word' id='word_1_642' title='bbox 1676 4066 2030 4130; x_wconf 90' lang='lat' dir='ltr'><strong>commercia,</strong></span> <span class='ocrx_word' id='word_1_643' title='bbox 2061 4064 2158 4119; x_wconf 86' lang='lat' dir='ltr'><strong>sed</strong></span> <span class='ocrx_word' id='word_1_644' title='bbox 2258 4063 2570 4119; x_wconf 73' lang='lat' dir='ltr'><strong>effusionem</strong></span> <span class='ocrx_word' id='word_1_645' title='bbox 2614 4066 2933 4133; x_wconf 83' lang='lat' dir='ltr'><strong>permansit;</strong></span> <span class='ocrx_word' id='word_1_646' title='bbox 2963 4066 3214 4134; x_wconf 90' lang='lat' dir='ltr'><strong>quoniam</strong></span> <span class='ocrx_word' id='word_1_647' title='bbox 3257 4080 3356 4118; x_wconf 90' lang='lat' dir='ltr'><strong>suo</strong></span> <span class='ocrx_word' id='word_1_648' title='bbox 3400 4065 3546 4117; x_wconf 88' lang='lat' dir='ltr'><strong>illam</strong></span> <span class='ocrx_word' id='word_1_649' title='bbox 3572 4060 3780 4127; x_wconf 78' lang='lat' dir='ltr'><strong>sanguine</strong></span> 
     </span>
    </p>
   </div>
   <div class='ocr_carea' id='block_1_48' title="bbox 580 4152 3780 4232">
    <p class='ocr_par' dir='ltr' id='par_1_48' title="bbox 580 4152 3780 4232">
     <span class='ocr_line' id='line_1_48' title="bbox 580 4152 3780 4232; baseline -0.005 -17"><span class='ocrx_word' id='word_1_650' title='bbox 580 4165 844 4232; x_wconf 85' lang='lat' dir='ltr'><strong>virginum</strong></span> <span class='ocrx_word' id='word_1_651' title='bbox 865 4164 1316 4232; x_wconf 87' lang='lat' dir='ltr'><strong>perseverantiam</strong></span> <span class='ocrx_word' id='word_1_652' title='bbox 1347 4161 1670 4216; x_wconf 90' lang='lat' dir='ltr'><strong>adornamus</strong></span> <span class='ocrx_word' id='word_1_653' title='bbox 1693 4175 1707 4223; x_wconf 92' lang='lat'>;</span> <span class='ocrx_word' id='word_1_654' title='bbox 1743 4175 1849 4212; x_wconf 92' lang='lat' dir='ltr'><strong>non</strong></span> <span class='ocrx_word' id='word_1_655' title='bbox 1875 4157 2016 4210; x_wconf 90' lang='lat' dir='ltr'><strong>enim</strong></span> <span class='ocrx_word' id='word_1_656' title='bbox 2049 4157 2158 4209; x_wconf 89' lang='lat' dir='ltr'><strong>vir-</strong></span> <span class='ocrx_word' id='word_1_657' title='bbox 2259 4153 2629 4207; x_wconf 88' lang='lat' dir='ltr'><strong>subarraverat</strong></span> <span class='ocrx_word' id='word_1_658' title='bbox 2653 4152 2914 4207; x_wconf 88' lang='lat' dir='ltr'><strong>Christus.</strong></span> <span class='ocrx_word' id='word_1_659' title='bbox 2939 4153 3018 4206; x_wconf 82' lang='lat' dir='ltr'><strong>Ad</strong></span> <span class='ocrx_word' id='word_1_660' title='bbox 3044 4153 3513 4223; x_wconf 87' lang='lat' dir='ltr'><strong>concupiscentem</strong></span> <span class='ocrx_word' id='word_1_661' title='bbox 3555 4153 3699 4220; x_wconf 88' lang='lat' dir='ltr'><strong>igitur</strong></span> <span class='ocrx_word' id='word_1_662' title='bbox 3721 4161 3780 4199; x_wconf 77' lang='lat' dir='ltr'><strong>re-</strong></span> 
     </span>
    </p>
   </div>
   <div class='ocr_carea' id='block_1_49' title="bbox 580 4242 3778 4321">
    <p class='ocr_par' dir='ltr' id='par_1_49' title="bbox 580 4242 3778 4321">
     <span class='ocr_line' id='line_1_49' title="bbox 580 4242 3778 4321; baseline -0.006 -15"><span class='ocrx_word' id='word_1_663' title='bbox 580 4253 776 4321; x_wconf 84' lang='lat' dir='ltr'><strong>ginitas</strong></span> <span class='ocrx_word' id='word_1_664' title='bbox 804 4252 960 4305; x_wconf 88' lang='lat' dir='ltr'><strong>malis</strong></span> <span class='ocrx_word' id='word_1_665' title='bbox 985 4253 1147 4306; x_wconf 89' lang='lat' dir='ltr'><strong>rebus</strong></span> <span class='ocrx_word' id='word_1_666' title='bbox 1182 4249 1593 4320; x_wconf 87' lang='lat' dir='ltr'><strong>superponenda</strong></span> <span class='ocrx_word' id='word_1_667' title='bbox 1621 4257 1736 4314; x_wconf 88' lang='lat' dir='ltr'><strong>est,</strong></span> <span class='ocrx_word' id='word_1_668' title='bbox 1766 4248 1860 4302; x_wconf 91' lang='lat' dir='ltr'><strong>sed</strong></span> <span class='ocrx_word' id='word_1_669' title='bbox 1887 4254 1972 4300; x_wconf 90' lang='lat' dir='ltr'><strong>est</strong></span> <span class='ocrx_word' id='word_1_670' title='bbox 1999 4247 2158 4300; x_wconf 84' lang='lat' dir='ltr'><strong>rebus</strong></span> <span class='ocrx_word' id='word_1_671' title='bbox 2258 4243 2484 4296; x_wconf 90' lang='lat' dir='ltr'><strong>vertitur</strong></span> <span class='ocrx_word' id='word_1_672' title='bbox 2511 4257 2720 4307; x_wconf 85' lang='lat' dir='ltr'><strong>census,</strong></span> <span class='ocrx_word' id='word_1_673' title='bbox 2751 4251 2805 4297; x_wconf 91' lang='lat' dir='ltr'><strong>et</strong></span> <span class='ocrx_word' id='word_1_674' title='bbox 2833 4245 3146 4299; x_wconf 90' lang='lat' dir='ltr'><strong>inconcussa</strong></span> <span class='ocrx_word' id='word_1_675' title='bbox 3176 4245 3450 4310; x_wconf 84' lang='lat' dir='ltr'><strong>virginitas</strong></span> <span class='ocrx_word' id='word_1_676' title='bbox 3483 4242 3684 4298; x_wconf 87' lang='lat' dir='ltr'><strong>Christo</strong></span> <span class='ocrx_word' id='word_1_677' title='bbox 3719 4250 3778 4288; x_wconf 72' lang='lat' dir='ltr'><strong>se-</strong></span> 
     </span>
    </p>
   </div>
   <div class='ocr_carea' id='block_1_50' title="bbox 581 4330 3778 4410">
    <p class='ocr_par' dir='ltr' id='par_1_50' title="bbox 581 4330 3778 4410">
     <span class='ocr_line' id='line_1_50' title="bbox 581 4330 3778 4410; baseline -0.004 -16"><span class='ocrx_word' id='word_1_678' title='bbox 581 4341 798 4410; x_wconf 89' lang='lat' dir='ltr'><strong>optimis</strong></span> <span class='ocrx_word' id='word_1_679' title='bbox 826 4339 1172 4409; x_wconf 75' lang='lat' dir='ltr'><strong>prmlerenda.</strong></span> <span class='ocrx_word' id='word_1_680' title='bbox 1216 4338 1344 4406; x_wconf 72' lang='lat' dir='ltr'><strong>Qua:</strong></span> <span class='ocrx_word' id='word_1_681' title='bbox 1382 4341 1524 4394; x_wconf 91' lang='lat' dir='ltr'><strong>enim</strong></span> <span class='ocrx_word' id='word_1_682' title='bbox 1569 4338 1779 4394; x_wconf 88' lang='lat' dir='ltr'><strong>mundis</strong></span> <span class='ocrx_word' id='word_1_683' title='bbox 1812 4335 2078 4397; x_wconf 90' lang='lat' dir='ltr'><strong>mundior,</strong></span> <span class='ocrx_word' id='word_1_684' title='bbox 2101 4341 2158 4387; x_wconf 90' lang='lat' dir='ltr'><strong>et</strong></span> <span class='ocrx_word' id='word_1_685' title='bbox 2259 4330 2364 4384; x_wconf 90' lang='lat' dir='ltr'><strong>mel</strong></span> <span class='ocrx_word' id='word_1_686' title='bbox 2392 4331 2570 4384; x_wconf 90' lang='lat' dir='ltr'><strong>oblata</strong></span> <span class='ocrx_word' id='word_1_687' title='bbox 2598 4331 2868 4399; x_wconf 89' lang='lat' dir='ltr'><strong>perdurat.</strong></span> <span class='ocrx_word' id='word_1_688' title='bbox 2898 4333 3110 4396; x_wconf 87' lang='lat' dir='ltr'><strong>Discite,</strong></span> <span class='ocrx_word' id='word_1_689' title='bbox 3140 4333 3371 4399; x_wconf 89' lang='lat' dir='ltr'><strong>virgines</strong></span> <span class='ocrx_word' id='word_1_690' title='bbox 3389 4331 3604 4396; x_wconf 87' lang='lat' dir='ltr'><strong>Christi,</strong></span> <span class='ocrx_word' id='word_1_691' title='bbox 3627 4339 3778 4383; x_wconf 76' lang='lat' dir='ltr'><strong>norm</strong></span> 
     </span>
    </p>
   </div>
   <div class='ocr_carea' id='block_1_51' title="bbox 581 4421 3776 4496">
    <p class='ocr_par' dir='ltr' id='par_1_51' title="bbox 581 4421 3776 4496">
     <span class='ocr_line' id='line_1_51' title="bbox 581 4421 3776 4496; baseline -0.004 -13"><span class='ocrx_word' id='word_1_692' title='bbox 581 4430 780 4483; x_wconf 84' lang='lat' dir='ltr'><strong>sanctis</strong></span> <span class='ocrx_word' id='word_1_693' title='bbox 813 4430 1046 4483; x_wconf 90' lang='lat' dir='ltr'><strong>sanctior</strong></span> <span class='ocrx_word' id='word_1_694' title='bbox 1082 4436 1183 4494; x_wconf 90' lang='lat' dir='ltr'><strong>est,</strong></span> <span class='ocrx_word' id='word_1_695' title='bbox 1216 4444 1321 4484; x_wconf 91' lang='lat' dir='ltr'><strong>non</strong></span> <span class='ocrx_word' id='word_1_696' title='bbox 1351 4429 1552 4496; x_wconf 88' lang='lat' dir='ltr'><strong>indiget</strong></span> <span class='ocrx_word' id='word_1_697' title='bbox 1579 4427 1838 4481; x_wconf 89' lang='lat' dir='ltr'><strong>malarum</strong></span> <span class='ocrx_word' id='word_1_698' title='bbox 1865 4439 2041 4479; x_wconf 92' lang='lat' dir='ltr'><strong>rerum</strong></span> <span class='ocrx_word' id='word_1_699' title='bbox 2076 4423 2158 4476; x_wconf 79' lang='lat' dir='ltr'><strong>vi-</strong></span> <span class='ocrx_word' id='word_1_700' title='bbox 2258 4421 2508 4488; x_wconf 88' lang='lat' dir='ltr'><strong>puellaris</strong></span> <span class='ocrx_word' id='word_1_701' title='bbox 2531 4423 2792 4491; x_wconf 85' lang='lat' dir='ltr'><strong>exempla,</strong></span> <span class='ocrx_word' id='word_1_702' title='bbox 2825 4431 2880 4477; x_wconf 91' lang='lat' dir='ltr'><strong>et</strong></span> <span class='ocrx_word' id='word_1_703' title='bbox 2926 4424 3100 4477; x_wconf 86' lang='lat' dir='ltr'><strong>oblata</strong></span> <span class='ocrx_word' id='word_1_704' title='bbox 3139 4425 3238 4478; x_wconf 90' lang='lat' dir='ltr'><strong>sub</strong></span> <span class='ocrx_word' id='word_1_705' title='bbox 3263 4424 3442 4494; x_wconf 89' lang='lat' dir='ltr'><strong>specie</strong></span> <span class='ocrx_word' id='word_1_706' title='bbox 3473 4421 3676 4493; x_wconf 86' lang='lat' dir='ltr'><strong>pietatis</strong></span> <span class='ocrx_word' id='word_1_707' title='bbox 3699 4432 3776 4470; x_wconf 69' lang='lat' dir='ltr'><strong>niu-</strong></span> 
     </span>
    </p>
   </div>
   <div class='ocr_carea' id='block_1_52' title="bbox 584 4505 3776 4588">
    <p class='ocr_par' dir='ltr' id='par_1_52' title="bbox 584 4505 3776 4588">
     <span class='ocr_line' id='line_1_52' title="bbox 584 4505 3776 4588; baseline 0.002 -17"><span class='ocrx_word' id='word_1_708' title='bbox 584 4519 923 4586; x_wconf 89' lang='lat' dir='ltr'><strong>tuperatione</strong></span> <span class='ocrx_word' id='word_1_709' title='bbox 950 4519 1172 4573; x_wconf 90' lang='lat' dir='ltr'><strong>laudari.</strong></span> <span class='ocrx_word' id='word_1_710' title='bbox 1206 4517 1512 4588; x_wconf 88' lang='lat' dir='ltr'><strong>Sequantur</strong></span> <span class='ocrx_word' id='word_1_711' title='bbox 1536 4520 1714 4587; x_wconf 89' lang='lat' dir='ltr'><strong>itaque</strong></span> <span class='ocrx_word' id='word_1_712' title='bbox 1751 4524 1936 4572; x_wconf 89' lang='lat' dir='ltr'><strong>sancta</strong></span> <span class='ocrx_word' id='word_1_713' title='bbox 1965 4512 2156 4582; x_wconf 88' lang='lat' dir='ltr'><strong>conju-</strong></span> <span class='ocrx_word' id='word_1_714' title='bbox 2256 4512 2477 4565; x_wconf 90' lang='lat' dir='ltr'><strong>nuscula</strong></span> <span class='ocrx_word' id='word_1_715' title='bbox 2506 4513 2741 4566; x_wconf 88' lang='lat' dir='ltr'><strong>virorum</strong></span> <span class='ocrx_word' id='word_1_716' title='bbox 2789 4520 2903 4566; x_wconf 92' lang='lat' dir='ltr'><strong>tota</strong></span> <span class='ocrx_word' id='word_1_717' title='bbox 2944 4513 3243 4568; x_wconf 88' lang='lat' dir='ltr'><strong>intentione</strong></span> <span class='ocrx_word' id='word_1_718' title='bbox 3293 4515 3560 4583; x_wconf 84' lang='lat' dir='ltr'><strong>respuite,</strong></span> <span class='ocrx_word' id='word_1_719' title='bbox 3591 4521 3642 4565; x_wconf 74' lang='grc' dir='ltr'><strong>ει</strong></span> <span class='ocrx_word' id='word_1_720' title='bbox 3665 4505 3776 4576; x_wconf 60' lang='lat' dir='ltr'><strong>qm</strong></span> 
     </span>
    </p>
   </div>
   <div class='ocr_carea' id='block_1_53' title="bbox 581 4597 3774 4679">
    <p class='ocr_par' dir='ltr' id='par_1_53' title="bbox 581 4597 3774 4679">
     <span class='ocr_line' id='line_1_53' title="bbox 581 4597 3774 4679; baseline -0.002 -20"><span class='ocrx_word' id='word_1_721' title='bbox 581 4608 667 4675; x_wconf 82' lang='lat' dir='ltr'><strong>gia</strong></span> <span class='ocrx_word' id='word_1_722' title='bbox 707 4608 1133 4676; x_wconf 88' lang='lat' dir='ltr'><strong>patriarcharum</strong></span> <span class='ocrx_word' id='word_1_723' title='bbox 1182 4608 1436 4679; x_wconf 86' lang='lat' dir='ltr'><strong>conjuges</strong></span> <span class='ocrx_word' id='word_1_724' title='bbox 1465 4610 1520 4665; x_wconf 84' lang='lat' dir='ltr'><strong>in</strong></span> <span class='ocrx_word' id='word_1_725' title='bbox 1548 4608 1810 4676; x_wconf 89' lang='lat' dir='ltr'><strong>religione</strong></span> <span class='ocrx_word' id='word_1_726' title='bbox 1838 4606 2047 4677; x_wconf 69' lang='lat' dir='ltr'><strong>positae,</strong></span> <span class='ocrx_word' id='word_1_727' title='bbox 2090 4617 2157 4658; x_wconf 88' lang='lat' dir='ltr'><strong>ac</strong></span> <span class='ocrx_word' id='word_1_728' title='bbox 2255 4602 2424 4656; x_wconf 87' lang='lat' dir='ltr'><strong>rabidi</strong></span> <span class='ocrx_word' id='word_1_729' title='bbox 2450 4605 2597 4659; x_wconf 88' lang='lat' dir='ltr'><strong>canis</strong></span> <span class='ocrx_word' id='word_1_730' title='bbox 2625 4619 2807 4659; x_wconf 90' lang='lat' dir='ltr'><strong>morsu</strong></span> <span class='ocrx_word' id='word_1_731' title='bbox 2833 4604 2981 4660; x_wconf 90' lang='lat' dir='ltr'><strong>omni</strong></span> <span class='ocrx_word' id='word_1_732' title='bbox 3025 4619 3148 4660; x_wconf 87' lang='lat' dir='ltr'><strong>cum</strong></span> <span class='ocrx_word' id='word_1_733' title='bbox 3195 4604 3389 4673; x_wconf 90' lang='lat' dir='ltr'><strong>gaudio</strong></span> <span class='ocrx_word' id='word_1_734' title='bbox 3429 4611 3678 4659; x_wconf 85' lang='lat' dir='ltr'><strong>recusate.</strong></span> <span class='ocrx_word' id='word_1_735' title='bbox 3704 4605 3726 4632; x_wconf 84' lang='grc'><strong><em>³</em></strong></span> <span class='ocrx_word' id='word_1_736' title='bbox 3748 4597 3774 4646; x_wconf 75' lang='grc' dir='ltr'><strong>Α</strong></span> 
     </span>
    </p>
   </div>
   <div class='ocr_carea' id='block_1_54' title="bbox 649 4754 3775 4828">
    <p class='ocr_par' dir='ltr' id='par_1_54' title="bbox 649 4754 3775 4828">
     <span class='ocr_line' id='line_1_54' title="bbox 649 4754 3775 4828; baseline -0.004 -12"><span class='ocrx_word' id='word_1_737' title='bbox 649 4771 681 4799; x_wconf 68' lang='grc'><strong><em>⁸</em></strong></span> <span class='ocrx_word' id='word_1_738' title='bbox 711 4761 846 4816; x_wconf 93' lang='lat' dir='ltr'><strong>Cod.</strong></span> <span class='ocrx_word' id='word_1_739' title='bbox 876 4762 994 4818; x_wconf 85' lang='lat' dir='ltr'><strong>Vat.</strong></span> <span class='ocrx_word' id='word_1_740' title='bbox 1028 4761 1164 4816; x_wconf 67' lang='lat'><strong>1%?</strong></span> <span class='ocrx_word' id='word_1_741' title='bbox 1203 4764 1300 4818; x_wconf 89' lang='lat' dir='ltr'><strong>sub</strong></span> <span class='ocrx_word' id='word_1_742' title='bbox 1346 4766 1560 4819; x_wconf 89' lang='lat' dir='ltr'><strong>nomine</strong></span> <span class='ocrx_word' id='word_1_743' title='bbox 1585 4761 1867 4825; x_wconf 87' lang='lat' dir='ltr'><strong>Ambrosii,</strong></span> <span class='ocrx_word' id='word_1_744' title='bbox 1899 4777 1953 4814; x_wconf 81' lang='lat' dir='ltr'><strong>se</strong></span> <span class='ocrx_word' id='word_1_745' title='bbox 1982 4761 2149 4813; x_wconf 89' lang='lat' dir='ltr'><strong>amori</strong></span> <span class='ocrx_word' id='word_1_746' title='bbox 2329 4754 2346 4793; x_wconf 76' lang='grc' dir='ltr'><strong>ί</strong></span> <span class='ocrx_word' id='word_1_747' title='bbox 2390 4756 2557 4813; x_wconf 89' lang='lat' dir='ltr'><strong>Codd.</strong></span> <span class='ocrx_word' id='word_1_748' title='bbox 2586 4758 2708 4824; x_wconf 69' lang='grc' dir='ltr'><strong>ιη,</strong></span> <span class='ocrx_word' id='word_1_749' title='bbox 2740 4769 2795 4814; x_wconf 92' lang='lat' dir='ltr'><strong>et</strong></span> <span class='ocrx_word' id='word_1_750' title='bbox 2824 4760 2965 4825; x_wconf 56' lang='grc' dir='ltr'><strong>γει,</strong></span> <span class='ocrx_word' id='word_1_751' title='bbox 2994 4768 3043 4813; x_wconf 85' lang='lat' dir='ltr'><strong>et</strong></span> <span class='ocrx_word' id='word_1_752' title='bbox 3069 4760 3206 4812; x_wconf 89' lang='lat' dir='ltr'><strong>idem</strong></span> <span class='ocrx_word' id='word_1_753' title='bbox 3228 4775 3328 4812; x_wconf 81' lang='lat' dir='ltr'><strong>non</strong></span> <span class='ocrx_word' id='word_1_754' title='bbox 3350 4757 3678 4828; x_wconf 82' lang='lat' dir='ltr'><strong>deelegantia</strong></span> <span class='ocrx_word' id='word_1_755' title='bbox 3700 4769 3775 4805; x_wconf 70' lang='lat' dir='ltr'><strong>ton</strong></span> 
     </span>
    </p>
   </div>
   <div class='ocr_carea' id='block_1_55' title="bbox 577 4828 3243 4902">
    <p class='ocr_par' dir='ltr' id='par_1_55' title="bbox 577 4828 3243 4902">
     <span class='ocr_line' id='line_1_55' title="bbox 577 4828 3243 4902; baseline -0.002 -18"><span class='ocrx_word' id='word_1_756' title='bbox 577 4830 774 4902; x_wconf 77' lang='lat' dir='ltr'><strong>Christi</strong></span> <span class='ocrx_word' id='word_1_757' title='bbox 820 4833 1178 4901; x_wconf 75' lang='lat' dir='ltr'><strong>conscriptam.</strong></span> <span class='ocrx_word' id='word_1_758' title='bbox 1230 4831 1381 4900; x_wconf 78' lang='lat' dir='ltr'><strong>Legit</strong></span> <span class='ocrx_word' id='word_1_759' title='bbox 1419 4832 1736 4896; x_wconf 83' lang='lat' dir='ltr'><strong>Galesinius,</strong></span> <span class='ocrx_word' id='word_1_760' title='bbox 1759 4847 1934 4884; x_wconf 87' lang='lat' dir='ltr'><strong>amore</strong></span> <span class='ocrx_word' id='word_1_761' title='bbox 1975 4829 2151 4900; x_wconf 83' lang='lat' dir='ltr'><strong>sponsi</strong></span> <span class='ocrx_word' id='word_1_762' title='bbox 2253 4828 3110 4902; x_wconf 58' lang='lat' dir='ltr'><strong>poris_homi_ni_plac_ere_studebat,</strong></span> <span class='ocrx_word' id='word_1_763' title='bbox 3139 4837 3243 4902; x_wconf 81' lang='lat' dir='ltr'><strong>etc.</strong></span> 
     </span>
    </p>
   </div>
   <div class='ocr_carea' id='block_1_56' title="bbox 576 4895 3773 4964">
    <p class='ocr_par' dir='ltr' id='par_1_56' title="bbox 576 4895 3773 4964">
     <span class='ocr_line' id='line_1_56' title="bbox 576 4895 3773 4964; baseline -0.002 -10"><span class='ocrx_word' id='word_1_764' title='bbox 576 4901 932 4954; x_wconf 67' lang='lat' dir='ltr'><strong>constrictum.</strong></span> <span class='ocrx_word' id='word_1_765' title='bbox 1017 4895 1029 4901; x_wconf 77' lang='grc'><em>’</em></span> <span class='ocrx_word' id='word_1_766' title='bbox 1310 4895 1333 4900; x_wconf 61' lang='grc'>⁷</span> <span class='ocrx_word' id='word_1_767' title='bbox 1725 4895 1728 4896; x_wconf 44' lang='grc'><strong><em>⁷</em></strong></span> <span class='ocrx_word' id='word_1_768' title='bbox 2001 4895 2012 4900; x_wconf 64' lang='grc'>⁷</span> <span class='ocrx_word' id='word_1_769' title='bbox 2328 4895 2341 4944; x_wconf 78' lang='lat' dir='ltr'><strong>i</strong></span> <span class='ocrx_word' id='word_1_770' title='bbox 2390 4895 2688 4952; x_wconf 81' lang='lat' dir='ltr'><strong>Galesinius</strong></span> <span class='ocrx_word' id='word_1_771' title='bbox 2744 4898 2915 4964; x_wconf 81' lang='lat' dir='ltr'><strong>legit-z</strong></span> <span class='ocrx_word' id='word_1_772' title='bbox 2975 4896 3132 4950; x_wconf 83' lang='lat' dir='ltr'><strong>dabat</strong></span> <span class='ocrx_word' id='word_1_773' title='bbox 3179 4899 3314 4949; x_wconf 77' lang='lat' dir='ltr'><strong>intus</strong></span> <span class='ocrx_word' id='word_1_774' title='bbox 3360 4911 3452 4964; x_wconf 81' lang='lat' dir='ltr'><strong>per</strong></span> <span class='ocrx_word' id='word_1_775' title='bbox 3503 4895 3650 4963; x_wconf 71' lang='lat' dir='ltr'><strong>ﬁdem</strong></span> <span class='ocrx_word' id='word_1_776' title='bbox 3697 4903 3773 4941; x_wconf 65' lang='grc' dir='ltr'><strong>αα</strong></span> 
     </span>
    </p>
   </div>
   <div class='ocr_carea' id='block_1_57' title="bbox 657 4963 3771 5039">
    <p class='ocr_par' dir='ltr' id='par_1_57' title="bbox 657 4963 3771 5039">
     <span class='ocr_line' id='line_1_57' title="bbox 657 4963 3771 5039; baseline -0.003 -16"><span class='ocrx_word' id='word_1_777' title='bbox 657 4972 690 5039; x_wconf 12' lang='grc' dir='ltr'><strong>δέ</strong></span> <span class='ocrx_word' id='word_1_778' title='bbox 720 4970 862 5039; x_wconf 79' lang='lat' dir='ltr'><strong>idem</strong></span> <span class='ocrx_word' id='word_1_779' title='bbox 891 4968 1147 5034; x_wconf 85' lang='lat' dir='ltr'><strong>Galesin.,</strong></span> <span class='ocrx_word' id='word_1_780' title='bbox 1179 4969 1251 5039; x_wconf 75' lang='lat' dir='ltr'><strong>tui</strong></span> <span class='ocrx_word' id='word_1_781' title='bbox 1296 4972 1487 5024; x_wconf 85' lang='lat' dir='ltr'><strong>amoris</strong></span> <span class='ocrx_word' id='word_1_782' title='bbox 1533 4971 1792 5026; x_wconf 80' lang='lat' dir='ltr'><strong>tradidisti</strong></span> <span class='ocrx_word' id='word_1_783' title='bbox 1839 4968 2146 5039; x_wconf 74' lang='lat' dir='ltr'><strong>exemptum.</strong></span> <span class='ocrx_word' id='word_1_784' title='bbox 2254 4963 3174 5039; x_wconf 54' lang='lat' dir='ltr'><strong>manticandqrqn,_ptitchritudinem</strong></span> <span class='ocrx_word' id='word_1_785' title='bbox 3193 4963 3454 5018; x_wconf 73' lang='lat' dir='ltr'><strong>malebat</strong></span> <span class='ocrx_word' id='word_1_786' title='bbox 3480 4965 3771 5039; x_wconf 50' lang='grc' dir='ltr'><strong>αηίεξιωμῖιςτ</strong></span> 
     </span>
    </p>
   </div>
   <div class='ocr_carea' id='block_1_58' title="bbox 579 5028 3770 5125">
    <p class='ocr_par' dir='ltr' id='par_1_58' title="bbox 579 5028 3770 5125">
     <span class='ocr_line' id='line_1_58' title="bbox 579 5028 3770 5125; baseline -0.003 -33"><span class='ocrx_word' id='word_1_787' title='bbox 579 5037 997 5125; x_wconf 46' lang='lat' dir='ltr'><strong>Coil.&quot;V_at.,rtui</strong></span> <span class='ocrx_word' id='word_1_788' title='bbox 1019 5028 1277 5125; x_wconf 54' lang='lat' dir='ltr'><strong>tradidisti</strong></span> <span class='ocrx_word' id='word_1_789' title='bbox 1305 5039 1493 5120; x_wconf 62' lang='lat' dir='ltr'><strong>artioris</strong></span> <span class='ocrx_word' id='word_1_790' title='bbox 1521 5041 1825 5125; x_wconf 60' lang='lat' dir='ltr'><strong>exemplum.</strong></span> <span class='ocrx_word' id='word_1_791' title='bbox 1989 5028 2000 5039; x_wconf 84' lang='grc'><em>’</em></span> <span class='ocrx_word' id='word_1_792' title='bbox 2177 5064 2230 5125; x_wconf 79' lang='lat' dir='ltr'><strong><em>D</em></strong></span> <span class='ocrx_word' id='word_1_793' title='bbox 2329 5033 2350 5070; x_wconf 77' lang='lat'><strong><em>&quot;</em></strong></span> <span class='ocrx_word' id='word_1_794' title='bbox 2389 5034 2539 5125; x_wconf 55' lang='lat' dir='ltr'><strong>idem</strong></span> <span class='ocrx_word' id='word_1_795' title='bbox 2571 5028 2857 5125; x_wconf 31' lang='lat' dir='ltr'><strong>Galeriam;</strong></span> <span class='ocrx_word' id='word_1_796' title='bbox 2883 5036 3181 5125; x_wconf 33' lang='lat' dir='ltr'><strong>tantumhin</strong></span> <span class='ocrx_word' id='word_1_797' title='bbox 3228 5049 3461 5125; x_wconf 34' lang='lat' dir='ltr'><strong>corpore:</strong></span> <span class='ocrx_word' id='word_1_798' title='bbox 3495 5028 3770 5125; x_wconf 45' lang='lat' dir='ltr'><strong>erubescit?!</strong></span> 
     </span>
    </p>
   </div>
   <div class='ocr_carea' id='block_1_59' title="bbox 658 5097 3770 5172">
    <p class='ocr_par' dir='ltr' id='par_1_59' title="bbox 658 5097 3770 5172">
     <span class='ocr_line' id='line_1_59' title="bbox 658 5097 3770 5172; baseline -0.002 -12"><span class='ocrx_word' id='word_1_799' title='bbox 658 5119 680 5146; x_wconf 72' lang='grc' dir='ltr'><em>ε</em></span> <span class='ocrx_word' id='word_1_800' title='bbox 721 5097 1161 5171; x_wconf 65' lang='grc' dir='ltr'><strong>Μειιι’ϐειιεείη.,</strong></span> <span class='ocrx_word' id='word_1_801' title='bbox 1184 5107 1406 5172; x_wconf 77' lang='lat' dir='ltr'><strong>ﬂammis</strong></span> <span class='ocrx_word' id='word_1_802' title='bbox 1433 5097 1682 5164; x_wconf 55' lang='lat' dir='ltr'><strong>accendit:</strong></span> <span class='ocrx_word' id='word_1_803' title='bbox 2177 5097 2230 5125; x_wconf 76' lang='grc' dir='ltr'><em>ν</em></span> <span class='ocrx_word' id='word_1_804' title='bbox 2253 5121 2323 5166; x_wconf 84' lang='lat' dir='ltr'><strong>se,</strong></span> <span class='ocrx_word' id='word_1_805' title='bbox 2355 5111 2457 5158; x_wconf 91' lang='lat' dir='ltr'><strong>etc.</strong></span> <span class='ocrx_word' id='word_1_806' title='bbox 2485 5104 2631 5159; x_wconf 80' lang='lat' dir='ltr'><strong>idem</strong></span> <span class='ocrx_word' id='word_1_807' title='bbox 2661 5105 2782 5160; x_wconf 90' lang='lat' dir='ltr'><strong>cod.</strong></span> <span class='ocrx_word' id='word_1_808' title='bbox 2815 5097 2960 5169; x_wconf 82' lang='lat' dir='ltr'><strong>Vat.,</strong></span> <span class='ocrx_word' id='word_1_809' title='bbox 2981 5111 3180 5157; x_wconf 77' lang='lat' dir='ltr'><strong>tantum</strong></span> <span class='ocrx_word' id='word_1_810' title='bbox 3221 5105 3274 5156; x_wconf 78' lang='lat' dir='ltr'><strong>in</strong></span> <span class='ocrx_word' id='word_1_811' title='bbox 3311 5097 3405 5156; x_wconf 74' lang='lat' dir='ltr'><strong>sua</strong></span> <span class='ocrx_word' id='word_1_812' title='bbox 3432 5103 3569 5172; x_wconf 75' lang='lat' dir='ltr'><strong>facie</strong></span> <span class='ocrx_word' id='word_1_813' title='bbox 3607 5097 3770 5154; x_wconf 63' lang='lat' dir='ltr'><strong>erubes-</strong></span> 
     </span>
    </p>
   </div>
   <div class='ocr_carea' id='block_1_60' title="bbox 655 5174 2414 5237">
    <p class='ocr_par' dir='ltr' id='par_1_60' title="bbox 655 5174 2414 5237">
     <span class='ocr_line' id='line_1_60' title="bbox 655 5174 2414 5237; baseline -0.001 -9"><span class='ocrx_word' id='word_1_814' title='bbox 655 5175 684 5213; x_wconf 70' lang='grc' dir='ltr'><strong><em>ἀ</em></strong></span> <span class='ocrx_word' id='word_1_815' title='bbox 721 5176 861 5229; x_wconf 90' lang='lat' dir='ltr'><strong>Idem</strong></span> <span class='ocrx_word' id='word_1_816' title='bbox 889 5174 1147 5237; x_wconf 84' lang='lat' dir='ltr'><strong>Galesin.,</strong></span> <span class='ocrx_word' id='word_1_817' title='bbox 1175 5174 1453 5230; x_wconf 78' lang='lat' dir='ltr'><strong>hominum.</strong></span> <span class='ocrx_word' id='word_1_818' title='bbox 2250 5174 2414 5227; x_wconf 84' lang='lat' dir='ltr'><strong>cebat.</strong></span> 
     </span>
    </p>
   </div>
   <div class='ocr_carea' id='block_1_61' title="bbox 655 5238 3397 5316">
    <p class='ocr_par' dir='ltr' id='par_1_61' title="bbox 655 5238 3397 5316">
     <span class='ocr_line' id='line_1_61' title="bbox 655 5238 3397 5316; baseline -0.003 -18"><span class='ocrx_word' id='word_1_819' title='bbox 655 5256 680 5316; x_wconf 60' lang='grc' dir='ltr'><strong>τ</strong></span> <span class='ocrx_word' id='word_1_820' title='bbox 718 5243 852 5316; x_wconf 86' lang='lat' dir='ltr'><strong>Cod.</strong></span> <span class='ocrx_word' id='word_1_821' title='bbox 873 5245 992 5316; x_wconf 87' lang='lat' dir='ltr'><strong>Vat.</strong></span> <span class='ocrx_word' id='word_1_822' title='bbox 1027 5245 1146 5307; x_wconf 73' lang='grc'><strong>174,</strong></span> <span class='ocrx_word' id='word_1_823' title='bbox 1175 5262 1268 5316; x_wconf 72' lang='lat' dir='ltr'><strong>pro</strong></span> <span class='ocrx_word' id='word_1_824' title='bbox 1295 5246 1608 5316; x_wconf 77' lang='lat' dir='ltr'><strong>proprietate</strong></span> <span class='ocrx_word' id='word_1_825' title='bbox 1628 5263 1900 5312; x_wconf 76' lang='lat' dir='ltr'><strong>annorum,</strong></span> <span class='ocrx_word' id='word_1_826' title='bbox 1932 5254 2038 5301; x_wconf 90' lang='lat' dir='ltr'><strong>etc.</strong></span> <span class='ocrx_word' id='word_1_827' title='bbox 2329 5243 2343 5280; x_wconf 78' lang='grc' dir='ltr'>ι</span> <span class='ocrx_word' id='word_1_828' title='bbox 2383 5242 2515 5316; x_wconf 81' lang='lat' dir='ltr'><strong>Cod.</strong></span> <span class='ocrx_word' id='word_1_829' title='bbox 2547 5241 2688 5316; x_wconf 68' lang='lat' dir='ltr'><strong>Vat.,</strong></span> <span class='ocrx_word' id='word_1_830' title='bbox 2721 5253 2909 5316; x_wconf 63' lang='lat' dir='ltr'><strong>quanto</strong></span> <span class='ocrx_word' id='word_1_831' title='bbox 2937 5240 3138 5316; x_wconf 78' lang='lat' dir='ltr'><strong>Christo</strong></span> <span class='ocrx_word' id='word_1_832' title='bbox 3158 5238 3397 5316; x_wconf 72' lang='lat' dir='ltr'><strong>instituit.</strong></span> 
     </span>
    </p>
   </div>
   <div class='ocr_carea' id='block_1_62' title="bbox 655 5307 3662 5389">
    <p class='ocr_par' dir='ltr' id='par_1_62' title="bbox 655 5307 3662 5389">
     <span class='ocr_line' id='line_1_62' title="bbox 655 5307 3662 5389; baseline -0.003 -23"><span class='ocrx_word' id='word_1_833' title='bbox 655 5314 676 5353; x_wconf 68' lang='grc' dir='ltr'><em>ι</em></span> <span class='ocrx_word' id='word_1_834' title='bbox 717 5315 952 5389; x_wconf 64' lang='lat' dir='ltr'><strong>Calesin.</strong></span> <span class='ocrx_word' id='word_1_835' title='bbox 984 5307 1186 5389; x_wconf 73' lang='lat' dir='ltr'><strong>omittit</strong></span> <span class='ocrx_word' id='word_1_836' title='bbox 1207 5307 1439 5389; x_wconf 52' lang='lat' dir='ltr'><strong>uirginis.</strong></span> <span class='ocrx_word' id='word_1_837' title='bbox 1523 5385 1549 5389; x_wconf 16' lang='grc' dir='ltr'><strong>,Α</strong></span> <span class='ocrx_word' id='word_1_838' title='bbox 1711 5387 1721 5389; x_wconf 13' lang='grc' dir='ltr'>μ</span> <span class='ocrx_word' id='word_1_839' title='bbox 1751 5387 1758 5389; x_wconf 89' lang='lat'>_</span> <span class='ocrx_word' id='word_1_840' title='bbox 1863 5307 1897 5389; x_wconf 40' lang='grc' dir='ltr'><em>ς</em></span> <span class='ocrx_word' id='word_1_841' title='bbox 1945 5385 1959 5389; x_wconf 83' lang='lat'>_</span> <span class='ocrx_word' id='word_1_842' title='bbox 2322 5322 2358 5347; x_wconf 73' lang='grc' dir='ltr'>ω</span> <span class='ocrx_word' id='word_1_843' title='bbox 2387 5311 2645 5389; x_wconf 34' lang='lat' dir='ltr'><strong>Calesi‘n.‘</strong></span> <span class='ocrx_word' id='word_1_844' title='bbox 2659 5307 2784 5389; x_wconf 77' lang='lat' dir='ltr'><strong>legit</strong></span> <span class='ocrx_word' id='word_1_845' title='bbox 2810 5313 3022 5389; x_wconf 70' lang='lat' dir='ltr'><strong>prsentia</strong></span> <span class='ocrx_word' id='word_1_846' title='bbox 3049 5313 3296 5389; x_wconf 77' lang='lat' dir='ltr'><strong>pretiosa,</strong></span> <span class='ocrx_word' id='word_1_847' title='bbox 3319 5307 3662 5389; x_wconf 31' lang='grc' dir='ltr'><strong>ιιοη-ρνιιεάίειἑ</strong></span> 
     </span>
    </p>
   </div>
   <div class='ocr_carea' id='block_1_63' title="bbox 659 5375 3766 5450">
    <p class='ocr_par' dir='ltr' id='par_1_63' title="bbox 659 5375 3766 5450">
     <span class='ocr_line' id='line_1_63' title="bbox 659 5375 3766 5450; baseline -0.004 -11"><span class='ocrx_word' id='word_1_848' title='bbox 659 5396 682 5432; x_wconf 75' lang='grc' dir='ltr'><strong>ι</strong></span> <span class='ocrx_word' id='word_1_849' title='bbox 717 5385 1016 5448; x_wconf 84' lang='lat' dir='ltr'><strong>Galesinus,</strong></span> <span class='ocrx_word' id='word_1_850' title='bbox 1041 5375 1331 5438; x_wconf 65' lang='lat' dir='ltr'><strong>incendium</strong></span> <span class='ocrx_word' id='word_1_851' title='bbox 1358 5385 1574 5438; x_wconf 83' lang='lat' dir='ltr'><strong>intendit</strong></span> <span class='ocrx_word' id='word_1_852' title='bbox 1601 5395 1648 5438; x_wconf 83' lang='lat' dir='ltr'><strong>et</strong></span> <span class='ocrx_word' id='word_1_853' title='bbox 1675 5387 1826 5440; x_wconf 84' lang='lat' dir='ltr'><strong>ridet.</strong></span> <span class='ocrx_word' id='word_1_854' title='bbox 1850 5385 1983 5441; x_wconf 91' lang='lat' dir='ltr'><strong>Cod.</strong></span> <span class='ocrx_word' id='word_1_855' title='bbox 2017 5399 2149 5439; x_wconf 85' lang='lat' dir='ltr'><strong>vero</strong></span> <span class='ocrx_word' id='word_1_856' title='bbox 2321 5390 2346 5416; x_wconf 76' lang='grc'><strong><em>³³</em></strong></span> <span class='ocrx_word' id='word_1_857' title='bbox 2385 5381 2530 5435; x_wconf 86' lang='lat' dir='ltr'><strong>Idem</strong></span> <span class='ocrx_word' id='word_1_858' title='bbox 2551 5375 2866 5443; x_wconf 49' lang='lat' dir='ltr'><strong>Galesinq&#39;A</strong></span> <span class='ocrx_word' id='word_1_859' title='bbox 2894 5396 2990 5450; x_wconf 79' lang='lat' dir='ltr'><strong>quo</strong></span> <span class='ocrx_word' id='word_1_860' title='bbox 3019 5375 3399 5450; x_wconf 67' lang='lat' dir='ltr'><strong>receperis,guo</strong></span> <span class='ocrx_word' id='word_1_861' title='bbox 3417 5375 3606 5450; x_wconf 73' lang='lat' dir='ltr'><strong>timeas</strong></span> <span class='ocrx_word' id='word_1_862' title='bbox 3625 5375 3766 5450; x_wconf 44' lang='lat' dir='ltr'><strong>Desisti</strong></span> 
     </span>
    </p>
   </div>
   <div class='ocr_carea' id='block_1_64' title="bbox 580 5437 3765 5520">
    <p class='ocr_par' dir='ltr' id='par_1_64' title="bbox 580 5437 3765 5520">
     <span class='ocr_line' id='line_1_64' title="bbox 580 5437 3765 5520; baseline -0.003 -12"><span class='ocrx_word' id='word_1_863' title='bbox 580 5457 615 5508; x_wconf 75' lang='grc' dir='ltr'>ι</span> <span class='ocrx_word' id='word_1_864' title='bbox 915 5437 1102 5509; x_wconf 74' lang='lat' dir='ltr'><strong>Crucis</strong></span> <span class='ocrx_word' id='word_1_865' title='bbox 1132 5437 1345 5520; x_wconf 63' lang='lat' dir='ltr'><strong>Minch,</strong></span> <span class='ocrx_word' id='word_1_866' title='bbox 2055 5437 2145 5507; x_wconf 54' lang='lat' dir='ltr'><strong>ar;</strong></span> <span class='ocrx_word' id='word_1_867' title='bbox 2249 5466 2352 5503; x_wconf 79' lang='lat' dir='ltr'><strong>non</strong></span> <span class='ocrx_word' id='word_1_868' title='bbox 2376 5452 2598 5520; x_wconf 80' lang='lat' dir='ltr'><strong>accipias</strong></span> <span class='ocrx_word' id='word_1_869' title='bbox 2614 5466 2719 5520; x_wconf 69' lang='lat' dir='ltr'><strong>quo</strong></span> <span class='ocrx_word' id='word_1_870' title='bbox 2759 5437 2944 5520; x_wconf 71' lang='lat' dir='ltr'><strong>ditigds</strong></span> <span class='ocrx_word' id='word_1_871' title='bbox 2991 5437 3453 5520; x_wconf 45' lang='lat' dir='ltr'><strong>mundum.&#39;Codd.</strong></span> <span class='ocrx_word' id='word_1_872' title='bbox 3492 5454 3674 5520; x_wconf 72' lang='lat' dir='ltr'><strong>tamen.</strong></span> <span class='ocrx_word' id='word_1_873' title='bbox 3698 5437 3765 5490; x_wconf 58' lang='grc' dir='ltr'><strong>ΠΙ</strong></span> 
     </span>
    </p>
   </div>
   <div class='ocr_carea' id='block_1_65' title="bbox 579 5515 3765 5586">
    <p class='ocr_par' dir='ltr' id='par_1_65' title="bbox 579 5515 3765 5586">
     <span class='ocr_line' id='line_1_65' title="bbox 579 5515 3765 5586; baseline -0.005 -5"><span class='ocrx_word' id='word_1_874' title='bbox 579 5527 732 5581; x_wconf 79' lang='lat' dir='ltr'><strong>ridet.</strong></span> <span class='ocrx_word' id='word_1_875' title='bbox 1331 5515 1341 5520; x_wconf 53' lang='grc'><strong><em>⁷</em></strong></span> <span class='ocrx_word' id='word_1_876' title='bbox 2253 5529 2309 5572; x_wconf 93' lang='lat' dir='ltr'><strong>et</strong></span> <span class='ocrx_word' id='word_1_877' title='bbox 2330 5519 2362 5570; x_wconf 72' lang='grc'><strong>4</strong></span> <span class='ocrx_word' id='word_1_878' title='bbox 2385 5523 2439 5574; x_wconf 82' lang='lat' dir='ltr'><strong>S.</strong></span> <span class='ocrx_word' id='word_1_879' title='bbox 2471 5515 2653 5573; x_wconf 80' lang='lat' dir='ltr'><strong>Crucis</strong></span> <span class='ocrx_word' id='word_1_880' title='bbox 2673 5517 2820 5581; x_wconf 78' lang='lat' dir='ltr'><strong>Min.,</strong></span> <span class='ocrx_word' id='word_1_881' title='bbox 2849 5515 2890 5570; x_wconf 78' lang='grc' dir='ltr'><strong><em>Ἀ</em></strong></span> <span class='ocrx_word' id='word_1_882' title='bbox 2912 5533 3007 5584; x_wconf 78' lang='lat' dir='ltr'><strong>quo</strong></span> <span class='ocrx_word' id='word_1_883' title='bbox 3037 5532 3137 5570; x_wconf 79' lang='lat' dir='ltr'><strong>non</strong></span> <span class='ocrx_word' id='word_1_884' title='bbox 3167 5516 3440 5586; x_wconf 79' lang='lat' dir='ltr'><strong>receperis,</strong></span> <span class='ocrx_word' id='word_1_885' title='bbox 3467 5517 3600 5586; x_wconf 74' lang='lat' dir='ltr'><strong>quod</strong></span> <span class='ocrx_word' id='word_1_886' title='bbox 3633 5515 3765 5566; x_wconf 62' lang='lat' dir='ltr'><strong>timent</strong></span> 
     </span>
    </p>
   </div>
   <div class='ocr_carea' id='block_1_66' title="bbox 654 5585 3384 5656">
    <p class='ocr_par' dir='ltr' id='par_1_66' title="bbox 654 5585 3384 5656">
     <span class='ocr_line' id='line_1_66' title="bbox 654 5585 3384 5656; baseline -0.005 -7"><span class='ocrx_word' id='word_1_887' title='bbox 654 5596 678 5633; x_wconf 70' lang='grc'><strong><em>⁵</em></strong></span> <span class='ocrx_word' id='word_1_888' title='bbox 716 5595 792 5649; x_wconf 88' lang='lat' dir='ltr'><strong>lta</strong></span> <span class='ocrx_word' id='word_1_889' title='bbox 813 5594 973 5650; x_wconf 88' lang='lat' dir='ltr'><strong>etiam</strong></span> <span class='ocrx_word' id='word_1_890' title='bbox 1003 5594 1120 5650; x_wconf 87' lang='lat' dir='ltr'><strong>cod.</strong></span> <span class='ocrx_word' id='word_1_891' title='bbox 1156 5591 1188 5646; x_wconf 74' lang='grc' dir='ltr'>ι</span> <span class='ocrx_word' id='word_1_892' title='bbox 1216 5591 1270 5647; x_wconf 92' lang='lat' dir='ltr'><strong>S.</strong></span> <span class='ocrx_word' id='word_1_893' title='bbox 1293 5590 1476 5648; x_wconf 88' lang='lat' dir='ltr'><strong>Crucis</strong></span> <span class='ocrx_word' id='word_1_894' title='bbox 1505 5591 1692 5648; x_wconf 78' lang='lat' dir='ltr'><strong>Minor.</strong></span> <span class='ocrx_word' id='word_1_895' title='bbox 2259 5588 2420 5642; x_wconf 83' lang='lat' dir='ltr'><strong>Deum</strong></span> <span class='ocrx_word' id='word_1_896' title='bbox 2444 5605 2546 5642; x_wconf 81' lang='lat' dir='ltr'><strong>ncn</strong></span> <span class='ocrx_word' id='word_1_897' title='bbox 2577 5589 2818 5656; x_wconf 83' lang='lat' dir='ltr'><strong>accipias,</strong></span> <span class='ocrx_word' id='word_1_898' title='bbox 2847 5587 2980 5656; x_wconf 74' lang='lat' dir='ltr'><strong>quod</strong></span> <span class='ocrx_word' id='word_1_899' title='bbox 3001 5587 3182 5654; x_wconf 77' lang='lat' dir='ltr'><strong>diligas</strong></span> <span class='ocrx_word' id='word_1_900' title='bbox 3195 5585 3384 5640; x_wconf 76' lang='lat' dir='ltr'><strong>mundi.</strong></span> 
     </span>
    </p>
   </div>
  </div>
