3896 6250
48 311 141 365 ὗῑῦ

1488 294 1719 351 SERMO
1759 294 1883 349 LVI.

3212 297 3322 352 646

46 434 266 488 quonon
285 417 452 488 550
464 415 732 484 receperis
752 412 892 482 quod
911 413 1101 468 timeas
1122 412 1245 477 Dei,
1268 426 1372 465 non
1389 409 1623 478 accipias
1655 415 1697 469 Α
1726 418 1852 463 sunt
1891 408 2089 463 Christi
2133 408 2394 473 cultores,
2443 415 2575 478 quot
2607 404 2852 464 diabolus
2890 423 3237 481 corruptores
3259 431 3321 471 se

45 509 177 578 quod
201 508 398 573 diligas
419 505 602 560 mundi
635 522 646 555 :
675 504 872 573 accipe,
900 503 1138 567 'accine,
1161 503 1334 570 virgo,
1363 501 1457 555 sed
1479 501 1625 570 quod

43 597 206 652 amori
233 605 446 649 aeterno
487 592 754 663 proficiat.
804 592 1240 660 Quotiescunque
1293 591 1359 644 ab
1406 591 1626 645 homine

46 692 326 740 consecuta
374 683 536 736 fueris
565 697 805 746 censum,
837 683 917 736 sic
955 683 1172 750 accipe,
1204 688 1263 734 ut
1291 688 1344 735 te
1371 679 1398 719 δ
1429 679 1628 735 Christi

47 787 293 840 sponsam
349 785 629 839 agnoscas.
661 770 819 823 Videt
874 770 962 824 ille
1015 771 1160 824 intus
1213 771 1269 824 in
1297 778 1476 823 mente
1501 769 1628 836 quid

49 863 221 926 facias,
248 870 306 916 et
333 876 497 929 quam
527 866 846 929 expetenter
885 860 1002 927 ejus
1043 861 1274 928 virgines
1320 860 1624 923 comiteris,

50 951 286 1005 attendit.
333 949 525 1005 Videte
570 963 700 1018 ergo
749 949 1024 1018 quomodo
1053 950 1296 1018 sequitur
1319 949 1496 1018 Agnes
1524 949 1629 1002 Ma-

49 1041 194 1104 riam,
217 1054 314 1108 per
331 1040 642 1110 opprobria.
667 1038 880 1093 Nullum
901 1039 1078 1108 potuit
1096 1039 1309 1108 penitus
1338 1038 1629 1093 formidare

50 1129 398 1198 supplicium;
427 1131 512 1184 cui
542 1130 705 1185 etiam
736 1129 961 1199 lupanar
993 1130 1340 1200 turpitudinis
1369 1131 1518 1184 locus
1547 1130 1628 1184 el-

52 1219 218 1273 ﬁcitur
241 1220 537 1279 orationis;
569 1229 623 1273 et
648 1219 738 1273 ubi
781 1219 1030 1274 diabolus
1051 1220 1099 1273 ei
1131 1219 1477 1286 ignominiam
1503 1236 1630 1274 cor-

52 1307 303 1378 ruptionis
329 1317 747 1380 praeparaverat,
778 1310 888 1364 illic
923 1325 1044 1365 eam
1069 1311 1347 1381 percipere
1377 1309 1505 1366 fecit
1526 1311 1632 1365 Do-

52 1398 216 1452 minus
234 1412 497 1453 coronam
527 1413 637 1453 sua:
664 1398 987 1468 virginitatis
1016 1408 1072 1454 et
1099 1401 1331 1470 palmam
1355 1418 1370 1465 ;
1400 1401 1494 1455 sed
1527 1400 1632 1455 hoc

53 1486 206 1540 estin
233 1487 347 1542 suis
387 1487 603 1542 sedibus
641 1487 827 1543 hostes
850 1489 1086 1553 vincere,
1131 1489 1398 1558 captivam
1417 1489 1630 1544 ductam

52 1575 304 1641 virginem
352 1587 376 1615 ε
405 1575 474 1631 ad
495 1577 794 1647 penetralia
831 1577 975 1645 regis
1002 1577 1304 1646 libidinum,
1335 1578 1510 1649 ipsum
1539 1593 1629 1634 re-

51 1675 162 1728 gem
190 1679 220 1716 a
241 1663 452 1732 virgine
472 1680 630 1734 quam
648 1666 1017 1736 captivaverat
1042 1670 1316 1735 vinctum;
1344 1677 1400 1723 et
1425 1670 1630 1724 victum

51 1766 161 1804 cum
186 1752 407 1821 virginis
431 1754 704 1824 triumpho
735 1756 905 1810 exire.
938 1755 1072 1810 Nam
1101 1758 1194 1826 qui
1219 1765 1490 1825 tenuerat,
1516 1767 1630 1812 ten-

1729 508 2013 569 putaverat
2061 499 2276 566 virginis
2316 499 2602 555 invenisse.
2654 499 2930 556 Remansit
2959 503 3137 572 itaque
3160 505 3319 573 juve-

1728 590 1852 644 nisi
1883 589 1975 657 qui
2018 589 2415 657 reprobationis
2450 588 2610 658 hujus
2632 598 2840 645 auctor
2874 591 3194 646 exstiterat:
3225 596 3317 663 qui

1728 695 1789 736 se
1817 679 2041 749 putabat
2069 677 2409 733 defensorem
2437 679 2659 747 virginis
2690 695 2982 749 superare,
3019 681 3108 736 hic
3137 683 3320 752 splen-

1728 770 1937 835 dorem,
1965 766 1991 804 ¹ί
2021 768 2146 822 dum
2176 763 2496 836 provocaret
2521 768 2589 822 ad
2623 766 2643 806 ι
2677 768 2883 837 luxum,
2913 771 3103 836 vitam,
3153 785 3316 841 quam

1728 860 2011 914 videbatur
2035 859 2235 913 habere
2253 898 2268 922 ,
2307 858 2515 912 amisit:
2547 867 2603 912 et
2630 865 2886 924 mortem,
2918 876 3077 930 quam
3105 877 3316 930 quaere-

1727 950 1841 1017 bat,
1873 950 2094 1004 invenit.
2126 947 2430 1003 Succedunt
2455 948 2752 1004 ridentibus
2775 950 3044 1020 lacrymzc,
3068 960 3122 1004 et
3151 952 3316 1007 insul—

1732 1039 1967 1095 tantibus
2012 1040 2230 1092 linemIn
2259 1038 2672 1094 lamentationes
2721 1039 3024 1109 imponunt.
3073 1041 3316 1096 Attendit

1731 1127 1879 1196 virgo
1925 1127 2195 1196 lugentem
2238 1126 2504 1196 iudicem,
2550 1134 2606 1182 et
2643 1141 2804 1196 quem
2853 1129 3149 1184 minantem
3189 1139 3317 1186 ante

1729 1226 2148 1288 contempserat,
2181 1232 2324 1272 nunc
2351 1218 2733 1288 deprecantem
2761 1220 3000 1273 exaudit.
3044 1220 3193 1277 Illico
3215 1223 3318 1290 igi-

1733 1317 1838 1372 tur,
1872 1317 1932 1363 ut
1957 1309 2121 1378 cmpit
2149 1324 2304 1363 orare
2326 1325 2424 1378 pro
2451 1317 2694 1376 mortuo,
2726 1317 2782 1365 et
2808 1325 2839 1364 a
2866 1313 3092 1366 mortuis
3118 1304 3325 1368 excitat.

1732 1398 1961 1465 salvum,
1991 1399 2083 1467 qui
2112 1399 2270 1452 morti
2300 1397 2472 1453 fuerat
2515 1399 2833 1468 deputatus;
2864 1409 2920 1454 et
2947 1401 3015 1454 ad
3060 1403 3313 1468 gaudium

1731 1494 1954 1549 evocat,
1986 1487 2078 1555 qui
2119 1486 2292 1540 fuerat
2328 1485 2692 1557 prmcipitatns
2720 1488 2774 1541 in
2802 1488 3024 1543 luctum.
3063 1489 3195 1544 Nam
3225 1493 3317 1560 qui

1731 1575 1967 1630 incestus
1994 1574 2168 1630 fuerat
2200 1582 2683 1641 mortuus,»castus
2711 1577 2980 1645 exsurgit;
3011 1585 3065 1632 et
3092 1577 3150 1632 ﬁt
3176 1594 3318 1649 pra:-

1734 1666 1944 1721 dicator
1970 1664 2330 1731 castimonia,
2376 1667 2465 1734 qui
2505 1675 2821 1735 persecqu
2848 1667 3132 1722 exstiterat
3158 1670 3320 1722 casti-

1733 1755 1876 1808 tatis.
1927 1754 2008 1807 Ad
2053 1755 2170 1808 haec
2212 1754 2456 1822 sacrilegi
2497 1755 2887 1808 conturbantur
2913 1756 2968 1808 in
2997 1757 3231 1825 templis,
3264 1768 3320 1813 et

51 1848 131 1893 tus
169 1849 289 1907 est;
339 1845 437 1912 qui
468 1852 729 1913 traxerat,
775 1853 982 1900 tractus
1007 1854 1122 1911 est;
1167 1849 1258 1914 qui
1299 1848 1548 1903 occidere
1572 1864 1630 1903 se
1664 1868 1706 1925 Β
1734 1845 2002 1898 Christum
2042 1852 2068 1878 η
2116 1843 2220 1897 ista
2260 1842 2521 1897 miracula
2567 1840 2852 1897 facientem
2887 1859 2994 1898 non
3045 1846 3317 1911 timentes,

52 1940 342 1998 potaverat,
376 1934 590 1989 occisus
618 1943 721 1990 est.
754 1935 995 2004 Denique
1033 1945 1092 1990 ut
1125 1938 1415 2005 probemus
1443 1936 1631 1991 diabo-

51 2017 146 2070 lum
166 2033 196 2072 a
223 2021 434 2089 virgine
461 2020 487 2059 ἀ
517 2031 644 2079 tunc
687 2023 854 2079 fuisse
877 2025 1099 2090 victum,
1143 2026 1286 2080 illius
1316 2026 1532 2095 juvenis
1561 2024 1634 2080 fa-

52 2116 182 2161 ctum
209 2109 276 2163 ad
324 2112 565 2166 animum
618 2128 966 2180 revocemus,
992 2131 1155 2185 quem
1194 2125 1381 2170 contra
1409 2117 1632 2186 Agnetis

51 2195 319 2251 infantiam
349 2201 432 2255 sic
466 2210 772 2257 armaverat
802 2203 1070 2269 inimicus,
1105 2212 1163 2258 ut
1202 2205 1400 2260 nudam
1429 2205 1632 2261 faceret

51 2285 178 2339 trahi
209 2295 232 2324 ε
260 2287 330 2341 ad
359 2287 587 2358 lupanar
606 2305 703 2359 per
715 2291 926 2361 vulgus,
959 2292 1058 2346 sub
1091 2307 1220 2347 voce
1247 2293 1513 2362 praeconis
1541 2294 1633 2348 du-

50 2374 121 2427 cis
147 2376 406 2445 populum
432 2378 500 2432 ad
541 2378 818 2435 libidinem
847 2382 1145 2437 invitantis.
1179 2383 1335 2437 Hunc
1358 2398 1487 2452 ergo
1527 2384 1630 2438 du-

50 2477 156 2518 cem
205 2464 372 2522 fuisse
409 2467 610 2523 diaboli
653 2485 814 2525 nemo
843 2481 927 2526 est
976 2473 1068 2541 qui
1099 2472 1338 2537 dubitet;
1391 2481 1445 2527 et
1483 2475 1631 2529 victo

49 2555 195 2621 duce,
217 2559 489 2629 populum
513 2575 634 2616 esse
664 2571 976 2631 superatum
1013 2564 1261 2619 omnibus
1290 2574 1478 2619 notum
1507 2573 1627 2620 est:

49 2648 304 2714 superatis
328 2658 514 2704 autem
542 2665 665 2706 cum
693 2667 794 2707 suo
821 2652 958 2708 duce
982 2654 1217 2723 populis,
1244 2663 1528 2724 tyrannum
1559 2665 1634 2710 te-

51 2738 157 2791 neri
185 2741 459 2810 captivum
485 2743 735 2798 omnibus
763 2753 932 2815 patet.
975 2744 1202 2800 Constat
1223 2754 1426 2810 autem,
1452 2747 1633 2801 diabo-

50 2827 151 2881 lum
194 2840 525 2902 superatum,
557 2834 770 2902 quoties
796 2843 984 2890 contra
1013 2835 1274 2903 virginem
1305 2851 1454 2890 arma
1489 2835 1508 2875 ί
1539 2851 1631 2889 ar-

55 2922 223 2990 ripuit.
272 2927 408 2982 Nam
464 2928 763 2998 exspoliata
802 2929 976 2998 virgo,
1031 2929 1270 2984 crinibus
1317 2929 1544 2998 tegitur;
1578 2936 1632 2998 et

53 3012 234 3068 nudata
265 3018 333 3071 ab
361 3017 666 3072 hominibus
693 3019 878 3084 malis,
909 3027 935 3066 κ
973 3018 1305 3073 vestiebatur
1331 3017 1400 3071 ab
1429 3017 1632 3086 angelis

53 3099 222 3170 bonis;
245 3115 300 3161 et
327 3108 581 3163 damnata
604 3109 658 3164 in
686 3110 987 3179 prostibula
1030 3110 1396 3179 turpitudinis,
1427 3108 1481 3162 in
1510 3123 1632 3178 gre-

54 3195 152 3249 mio
172 3199 419 3267 apparuit
441 3201 725 3256 castitatis.
738 3199 979 3256 Eftlcitur
992 3201 1288 3256 oratorium
1317 3198 1630 3267 angelorum

1731 1935 1970 1988 excitant
2015 1931 2333 1987 seditionem
2374 1932 2624 1999 ignobilis
2671 1932 2844 2000 vulgi;
2893 1941 2954 1986 ut
3000 1935 3168 2000 ratio,
3200 1951 3319 2005 qua:

1729 2022 1989 2077 suadebat
2019 2022 2178 2075 linem
2207 2021 2551 2086 seditionum,
2583 2021 2908 2078 clamoribus
2937 2024 3110 2092 pulsa,
3140 2025 3318 2082 locum

1733 2113 1786 2166 in
1833 2113 2101 2166 mentibus
2144 2112 2421 2166 hominum
2468 2111 2710 2166 invenire
2755 2127 2863 2166 non
2907 2121 3109 2182 posset.
3160 2114 3319 2172 Pater

1734 2221 1862 2260 vero
1890 2205 2132 2260 suscitati
2159 2204 2254 2257 lilii
2283 2206 2450 2259 tristis
2471 2206 2750 2271 abscessit,
2781 2213 2835 2261 et
2865 2208 2948 2277 (ut
2971 2207 3190 2278 legitur)
3214 2218 3318 2265 tur-

1730 2296 1812 2351 bis
1859 2297 2155 2350 furentibus
2201 2296 2446 2350 vitiatum
2493 2293 2799 2367 dereliquit.
2847 2297 3099 2369 Virgineo
3139 2301 3319 2371 itaque

1729 2387 1945 2455 corpori
1992 2386 2280 2440 stridentes
2307 2395 2332 2422 °
2360 2393 2731 2455 praeparantur
2774 2386 3033 2458 ﬂammae,
3075 2390 3167 2446 sed
3193 2408 3318 2448 cor-

1729 2489 1829 2543 pus
1852 2515 1866 2540 ,
1916 2473 2060 2542 quod
2088 2474 2332 2529 incendia
2364 2474 2641 2528 libidinum
2669 2485 3019 2546 superaverat
3043 2518 3057 2544 ,
3095 2479 3319 2549 refrige-

1730 2565 1867 2617 rium
1898 2565 2055 2636 542
2085 2568 2140 2618 in
2186 2565 2378 2619 mediis
2423 2562 2653 2620 ﬂammis
2699 2566 2941 2621 invenit:
2987 2576 3043 2622 et
3087 2585 3207 2639 quae
3252 2572 3320 2628 ad

1729 2653 1837 2707 hoc
1865 2648 2013 2708 focos
2042 2654 2281 2721 ingressa
2306 2653 2502 2717 fuerat,
2529 2661 2588 2708 ut
2613 2654 2847 2723 arderet,
2876 2659 3039 2727 cmpit
3066 2674 3163 2728 per
3189 2675 3318 2716 san-

1731 2750 1873 2796 ctam
1914 2743 2277 2812 virginitatem
2325 2743 2537 2813 algere,
2591 2753 2619 2793 Ρ
2665 2752 2726 2799 ut
2769 2746 3004 2802 disceret
3045 2749 3322 2818 virginitas

1733 2833 1976 2887 flammas
2003 2831 2100 2888 sibi
2129 2840 2183 2887 et
2211 2834 2454 2890 incendia
2476 2836 2690 2903 penitus
2708 2836 2975 2893 dominari
3005 2856 3110 2894 non
3139 2857 3320 2910 posse.

1732 2923 1842 2979 Nec
1870 2925 1992 2978 illos
2020 2925 2246 2994 periisse
2283 2927 2550 2988 restitues,
2582 2941 2720 2995 quos
2749 2943 2847 2997 pro
2875 2930 3094 2985 nomine
3121 2931 3321 2990 Christi

1731 3013 2065 3082 consumpsit
2091 3014 2412 3068 incendium.
2457 3014 2592 3068 Nam
2621 3030 2741 3069 cum
2768 3016 2959 3086 legeris
2989 3016 3158 3074 Eliam
3183 3022 3320 3088 igni-

1731 3105 1832 3159 bus
1861 3112 2095 3173 raptum,
2127 3111 2183 3159 et
2209 3120 2408 3174 pueros
2433 3112 2542 3159 tres
2565 3105 2619 3159 in
2648 3107 2840 3161 mediis
2861 3118 2888 3156 τι
2912 3109 3142 3177 ignibus,
3176 3113 3321 3169 nulla

1734 3195 1945 3249 ratione
1983 3201 2371 3263 consumptos:
2403 3201 2497 3248 aut
2523 3195 2648 3264 quia
2690 3194 3052 3266 Laurentium
3067 3201 3322 3257 craticula

53 3281 209 3350 locus,
231 3289 322 3358 qui
351 3290 690 3359 perditarum
715 3290 891 3346 fuerat
917 3291 1253 3358 animarum;
1285 3298 1339 3345 et
1367 3290 1458 3345 ubi
1484 3305 1629 3344 sem-
1657 3274 1705 3340 C
1739 3294 1759 3322 τ
1779 3292 2156 3354 consumptum
2176 3283 2389 3348 recolis,
2408 3291 2465 3338 et
2483 3282 2709 3352 Agnem,
2733 3286 2873 3340 sicut
2893 3278 3146 3343 Theclam
3169 3290 3320 3344 flam-

53 3390 140 3442 per
173 3380 584 3449 naufragaverat
608 3382 851 3451 castitas,
874 3382 983 3437 illic
1005 3389 1090 3437 est
1119 3390 1378 3436 coronata
1405 3381 1631 3448 virgini-

55 3472 147 3521 tas.
178 3467 417 3540 Denique
439 3473 689 3542 populos,
722 3488 859 3543 quos
879 3488 1058 3544 praeco
1085 3474 1153 3528 ad
1179 3473 1456 3528 libidinem
1489 3472 1631 3526 invi-

53 3562 266 3624 taverat,
298 3558 495 3629 virgoh
525 3562 592 3616 ad
641 3564 948 3618 castitatem
989 3563 1258 3619 obtinuit:
1302 3571 1357 3617 et
1391 3577 1527 3631 quos
1564 3561 1632 3615 ad

57 3657 165 3698 eam
186 3645 429 3703 diabolus
449 3650 756 3720 inquinatos
778 3653 1005 3717 induxit,
1031 3653 1120 3707 illa
1141 3668 1172 3707 a
1191 3669 1250 3709 se
1273 3653 1500 3707 mundos
1523 3651 1633 3720 eje-

53 3732 144 3799 cit;
171 3750 359 3792 omnes
379 3753 612 3808 namque
630 3741 939 3810 singillatim
961 3741 1207 3811 ingressi,
1245 3758 1384 3797 unus
1402 3742 1631 3796 alterum

54 3824 338 3882 sustinebat
366 3829 524 3903 54],
557 3832 884 3902 ingressum,
927 3831 944 3870 ί
975 3847 1136 3902 quem
1167 3847 1439 3901 egressum
1460 3871 1475 3897 ,
1505 3832 1632 3885 dum

56 3927 150 3968 non
180 3920 424 3976 crederet
448 3922 724 3989 mundum,
745 3938 805 3978 se
832 3923 1122 3978 exhibebat
1143 3922 1473 3979 immundum
1501 3939 1513 3973 :
1537 3920 1632 3977 sed

56 4001 311 4070 ingressus
331 4009 402 4064 ad
429 4009 723 4077 libidinem,
749 4012 816 4066 ad
836 4012 1174 4068 adorandum
1203 4013 1487 4068 Dominum
1515 4026 1630 4066 me-

59 4093 159 4148 ritis
183 4097 401 4166 virginis
441 4102 754 4169 tenebatur;
796 4110 852 4158 et
890 4103 1075 4158 exibat
1113 4103 1238 4158 inde
1283 4103 1380 4158 Dei
1422 4117 1628 4166 servus,

59 4183 136 4248 qui
155 4183 349 4244 diaboli
376 4190 556 4246 fuerat
594 4206 781 4248 servus
807 4193 951 4248 intus
978 4192 1284 4263 ingressus:
1315 4200 1370 4247 et
1400 4201 1479 4248 tot
1502 4190 1630 4246 facti

91 4387 144 4452 _'
181 4379 330 4452 Apud
351 4381 593 4439 Galesin.
625 4391 682 4440 et
725 4383 778 4439 in
817 4383 910 4438 cit.
935 4381 1060 4438 cod.
1106 4397 1214 4437 non
1243 4383 1508 4454 repetitur
1535 4398 1626 4436 ac-

61 4462 293 4608 Ῐψξύιιο
313 4538 449 4608 mox
472 4523 641 4605 citati.
672 4521 832 4578 codd.
877 4521 1155 4587 Laurent.,
1181 4523 1256 4577 sic
1278 4525 1474 4593 accipe,
1503 4531 1558 4574 ut
1583 4529 1632 4574 te

62 4598 284 4652 ‘Pomam
311 4592 506 4646 Christi
527 4607 638 4646 esse
657 4608 958 4663 cognoscas.
1393 4592 1398 4593 '

63 4657 316 4744 “90d.
335 4661 488 4744 Vah,
521 4661 591 4713 ad
617 4661 957 4744 penetrabilia
983 4659 1120 4731 regis
1139 4661 1428 4744 libidinum,
1457 4662 1625 4741 ipsum

63 4737 348 4812 regem..qu
361 4747 483 4785 eam
497 4737 874 4812 lcaptivaverat,
902 4737 1128 4796 vincere,
1156 4742 1204 4784 et
1231 4737 1360 4785 victo
1383 4747 1498 4784 cum
1525 4737 1628 4785 vir-

64 4798 278 4858 ginitatis
303 4801 541 4870 exemplo
559 4798 723 4854 exire.
751 4798 892 4854 Nam
908 4840 923 4865 ,
955 4809 1061 4855 etc.

126 4859 151 4950 ξ
186 4862 448 4950 galesi-nn
477 4869 858 4950 anuirginejsta
887 4879 1034 4934 tunc,
1058 4878 1164 4950 et_c.
1265 4942 1284 4950 _
1438 4948 1446 4950 4
1505 4947 1514 4950 _
1586 4937 1632 4950 Η

129 4937 150 4968 ο
185 4907 866 5010 ᾇόἱιῗῖἓξὰἶίἔὲἐᾝῦἰῖζ
887 4907 1213 4992 ’ῖῗῖιέἱέἱᾶηι
1257 4942 1448 5010 faceret
1497 4937 1632 4990 trahi

67 5013 152 5105 Pet;
168 5003 356 5070 plateas
383 5007 461 5060 ad
479 5006 718 5090 lupanar,
737 5017 851 5090 oetc.

190 5069 315 5128 Cod.
345 5075 498 5130 Vat;
525 5085 792 5130 corripuit.

135 5091 148 5105 -
190 5091 315 5128 hoc.
352 5091 498 5133 vati.
525 5091 792 5146 corripuit.

131 5145 158 5242 ξ.
189 5139 319 5242 222-
340 5144 469 5242 ἑὲ·
496 5141 1208 5242 Ἦθξὲ.ξέἓ2;-ῗὶ.⁶ἓὶῗὲξξῗξτ
1231 5145 1460 5200 mm”-

133 5209 158 5242 δ
192 5209 317 5266 Cod.
340 5213 492 5279 Vat.,
520 5215 590 5267 ad
627 5214 967 5284 captivitatem
985 5209 1224 5269 obtinuit.

77 5343 86 5352 .
141 5275 155 5311 ί
194 5278 330 5336 Idem
372 5285 500 5340 cod.
555 5283 676 5337 Vat.
747 5301 892 5354 quem
930 5301 1189 5354 egressum
1227 5283 1347 5336 dum
1369 5282 1633 5336 crederent

77 5352 388 5404 immundum-
415 5369 473 5404 se
491 5325 760 5404 exhibebat
781 5354 1045 5404 mundum.

73 5352 388 5422 immundum,
415 5369 473 5407 se
491 5352 766 5406 exhibebat
781 5352 1045 5407 mundum.

139 5417 329 5498 ’Jldeﬂt
376 5421 503 5480 cod.
549 5421 748 5490 Vatic.,
777 5424 863 5493 qui
903 5423 1218 5493 probationis
1255 5421 1409 5492 hujus
1455 5429 1633 5473 auctor

77 5496 264 5541 exiliter
297 5502 334 5548 ε,

142 5554 159 5630 ξ
195 5508 318 5630 ροῗι.
347 5561 474 5630 174,
499 5562 621 5615 dum
648 5571 946 5630 prouocaret
967 5562 1226 5614 audacter.

145 5621 158 5660 ³
197 5625 317 5689 Cod.
350 5621 490 5698 Vat;
527 5634 612 5686 hic
629 5621 954 5698 splendorem
997 5631 1115 5682 dum
1137 5640 1432 5699 prouocaret
1454 5631 1521 5684 ad
1550 5631 1630 5682 lu-

1732 3390 1938 3428 marum
1985 3375 2174 3442 globos
2213 3375 2451 3429 evasisse
2477 3376 2777 3442 cognoscis,
2809 3378 3009 3432 nullam
3038 3380 3093 3434 in
3121 3379 3204 3434 his
3232 3395 3322 3435 su-

1731 3465 1955 3534 spiceris
1975 3466 2290 3520 varietatem
2316 3464 2439 3520 ﬁdei
2462 3473 2588 3520 tunc
2607 3465 2799 3532 fuisse;
2827 3484 2931 3522 una
2961 3471 3160 3524 etenim
3191 3471 3322 3528 ﬁdes

1733 3565 1949 3611 sanctos
1997 3556 2091 3610 Dei
2128 3556 2182 3609 in
2210 3557 2460 3624 passione
2494 3559 2765 3625 exercuit,
2798 3567 2852 3614 et
2880 3560 3096 3617 diverso
3124 3576 3322 3630 genere

1734 3646 2025 3714 gloriarum
2053 3643 2282 3700 reddidit
2311 3646 2595 3714 utrobique
2625 3646 2876 3703 victores.
2905 3649 3039 3702 Nam
3068 3652 3158 3719 qui
3187 3668 3320 3708 con-

1732 3742 1976 3803 sumptus
2017 3741 2099 3790 est
2136 3741 2360 3804 martyr,
2405 3734 2666 3801 exsultat;
2714 3744 2769 3790 et
2805 3738 2896 3805 qui
2925 3739 3098 3793 evasit
3127 3742 3318 3808 victor,

1734 3823 1996 3887 exsultat;
2030 3830 2050 3856 ³
2084 3829 2140 3876 et
2161 3821 2354 3876 Isaiam
2381 3829 2588 3877 sectum
2615 3831 2907 3894 martyrem
2937 3825 3096 3894 fecit,
3129 3839 3184 3884 et
3218 3831 3320 3886 Da-

1733 3910 1929 3965 nielem
1976 3911 2191 3966 leonum
2238 3911 2445 3966 rabiem
2499 3927 2816 3982 morsusque
2860 3925 3318 3985 contemnentem,

1733 4000 2169 4068 probatissimum
2197 4000 2340 4054 Deus
2364 4000 2732 4056 confessorem
2765 4005 3063 4073 expressit:
3094 4022 3204 4075 quo
3237 4008 3319 4063 fa-

1733 4097 1822 4144 cto
1868 4097 2125 4159 utrosque
2168 4090 2365 4145 diaboli
2411 4091 2648 4146 ostendit
2700 4107 2823 4148 esse
2872 4095 3132 4164 victores;
3182 4113 3319 4154 unus

1733 4189 1877 4244 enim
1905 4189 2152 4255 moritur,
2187 4196 2244 4242 et
2267 4188 2590 4258 triumphat,
2618 4189 2754 4246 alius
2781 4191 2988 4260 evadit,
3027 4203 3082 4249 et
3109 4206 3319 4266 regnat.

1729 4387 1893 4452 ctum,
1918 4382 2094 4448 vitam,
2135 4398 2290 4452 quam
2310 4381 2574 4436 ridebatur
2599 4383 2804 4449 habere,
2834 4393 2939 4440 etc.
2971 4385 3206 4445 Galesin.
3239 4393 3317 4447 le-

1730 4449 1808 4516 git
1832 4467 1844 4500 :
1873 4451 1960 4533 hic
1999 4452 2120 4504 dum
2146 4449 2422 4533 splendori
2668 4467 2772 4506 non
2807 4457 2961 4533 cessit
2987 4457 3121 4513 dans
3154 4461 3320 4517 Itono-

1730 4534 1861 4585 rem,
1892 4520 2064 4583 vitam,
2158 4537 2242 4572 am
2269 4519 2534 4573 videbatur
2553 4521 2760 4589 habere,
2790 4530 2896 4576 etc.

1805 4597 1842 4623 ω
1879 4587 2014 4661 Cod.
2037 4589 2070 4661 il
2084 4537 2181 4661 πη
2199 4590 2359 4661 ﬁnem,
2377 4590 2676 4661 lanientatio
2705 4592 2943 4661 imponit.

1806 4665 1843 4730 n_
1869 4655 2132 4726 Galesin.,
2160 4655 2269 4730 hazc
2292 4657 2552 4712 mirabilia
2580 4655 2854 4730 facientem
2874 4669 3324 4726 contremiscunt:

1732 4727 1960 4782 excitant
1979 4729 2242 4781 seditionis
2259 4767 2274 4792 ,
2307 4734 2412 4781 etc.

1807 4806 1832 4830 υ
2030 4796 2064 4848 4
2083 4796 2140 4868 S.
2173 4795 2375 4868 Crucis
2390 4795 2610 4868 Minor.,
2636 4809 3021 4868 praeparantur.

1807 4863 2014 4946 eidem
2038 4865 2160 4920 cod.
2188 4864 2303 4946 is.
2335 4864 2524 4946 crucis
2547 4863 2674 4946 Min.
2695 4907 2710 4930 ,
2733 4863 2799 4946 ut.
2814 4868 3124 4946 rdisceretur,
3157 4875 3324 4946 uirgio

1733 4933 1910 5004 uitatis
1936 4937 2172 5003 ﬂammas
2203 4934 2321 5000 sibi,
2349 4942 2399 4987 et
2418 4935 2656 4988 incendia
2682 4937 2906 5004 penitus,
2928 4949 3033 4993 etc.

1809 5014 1836 5051 ς
1874 5003 2106 5071 Galesin.
2137 5005 2264 5071 legit
2289 5006 2344 5056 in
2373 5005 2554 5057 mediis
2577 5006 2818 5071 ﬂammis.

1810 5081 1832 5109 ι
1857 5070 2008 5144 Cod.
2039 5073 2073 5124 4
2101 5070 2310 5128 Sanctae
2336 5072 2524 5128 Crucis
2549 5070 2678 5127 Min.
2700 5111 2716 5138 ,
2737 5082 2829 5126 aut
2847 5076 2966 5144 quia
2990 5075 3322 5137 Laurentium

1738 5143 1981 5216 craticula
2000 5153 2288 5216 susceptum
2310 5154 2667 5216 consumptum
2686 5142 2888 5196 recolis.
2914 5142 3151 5201 Galesin.
3167 5164 3329 5216 vero.

1736 5219 1824 5262 aut
1847 5211 1965 5264 dum
1989 5211 2326 5265 Laurentium
2346 5211 2602 5265 craticula
2628 5221 2859 5266 assatum
2879 5216 3082 5270 recolis.

1809 5289 1830 5313 ι
1867 5279 2131 5363 Calesin.,
2161 5291 2210 5333 et
2240 5282 2412 5363 Isaias
2451 5290 2620 5334 sectus
2645 5290 2947 5363 .martyrem
2994 5301 3049 5363 se
3076 5288 3239 5363 fecit,
3273 5299 3327 5341 et

1737 5350 1946 5404 Daniel.
1975 5389 1986 5402 .
2015 5389 2028 5403 .
2058 5389 2072 5402 .
2098 5389 2112 5403 .
2141 5390 2157 5428 ._
2189 5359 2515 5428 contemnens
2542 5350 2961 5422 probatissimum
3113 5350 3328 5428 con—[es-

1739 5436 1904 5474 sarem
1929 5422 2198 5488 expressit.
2245 5419 2449 5488 Textus
2494 5419 2675 5475 autem
2712 5430 2900 5476 noster
2918 5419 3330 5481 conformis'est

1742 5489 1957 5566 lectioni
1985 5487 2113 5566 tum“
2125 5489 2301 5566 codl'i
2313 5487 2400 5566 74,
2415 5495 2563 5566 “turn.
2591 5490 2712 5557 cod.
2740 5489 2775 5543 4
2802 5489 2861 5546 S.
2887 5492 3075 5550 Crucis
3105 5493 3335 5566 Minch,

1746 5569 1857 5614 tum
1883 5560 2044 5614 etiam
2075 5558 2206 5613 Cod.
2232 5558 2350 5612 Vat.
2379 5556 2540 5614 1267.
