3896 6250
552 285 645 342 an
1552 278 1604 335 S.
1643 277 1880 332 MAXIM!
1923 277 2222 334 EPISCOI‘I
2263 276 2708 333 TAURINENSIS

3701 268 3809 322 643

556 393 684 447 Veni
709 392 816 458 jam
844 391 993 456 virgo
1022 391 1088 443 ad
1127 389 1418 442 thalamum
1461 403 1617 454 quem
1646 388 1909 454 qumsisti;
1941 395 1997 439 et
2024 399 2119 454 pro
2149 391 2193 446 Α
2222 388 2370 453 sequi
2409 386 2716 450 vestigium;
2761 381 3030 434 habebunt
3070 383 3213 433 enim
3259 389 3440 433 tecum
3472 392 3722 431 coronam
3761 395 3810 427 Ill

553 495 735 534 amore
762 480 942 547 sponsi
971 479 1202 543 gladium
1242 477 1574 546 percussoris
1602 476 1848 535 admitte;
1879 484 1935 527 ut
1965 491 2123 542 spon-

554 586 664 624 sam
709 578 760 620 te
809 569 1082 633 virginitas
1112 567 1447 620 immaculata
1476 567 1790 633 comprobet
1814 566 2038 628 Christi,
2071 574 2126 618 et

556 667 838 725 martyrem
885 655 1151 710 confessio
1197 658 1420 724 probata
1461 656 1758 722 consignet.
1801 665 1825 691 ο
1863 655 2012 708 Felix
2045 669 2128 707 ca-

557 755 702 799 terva
727 745 985 812 virginum
1004 786 1017 809 ,
1048 746 1241 813 quibus
1277 745 1510 798 studium
1540 753 1623 796 est
1653 752 1753 796 tua:
1783 743 2129 798 confessionis

2224 475 2379 535 caelo,
2420 487 2536 541 quze
2572 483 2746 524 tecum
2775 470 3144 537 superaverint
3182 469 3463 521 inimicum
3507 466 3559 517 in
3591 464 3808 516 uiuudo.

2225 565 2357 617 Nam
2385 563 2520 614 sicut
2535 561 2626 613 tibi
2651 559 2826 612 Μαι-ξω
2846 559 3068 625 vestigia
3091 557 3445 625 prosequenti
3468 555 3812 623 participatis

2226 661 2436 705 aeternae
2471 649 2912 704 remunerationis
2953 649 3218 716 apparuit,
3271 647 3297 684 δ
3328 647 3404 698 ita
3434 646 3521 698 bis

2229 741 2327 794 bus
2353 748 2550 793 mterna
2581 739 2843 793 credimus
2872 738 3060 805 gaudia
3091 753 3198 791 non
3228 735 3478 804 neganda
3513 745 3560 787 ε.
3597 736 3616 766 ⁸

1932 849 2199 910 SERMO
2246 848 2424 906 LVII.

1661 948 1725 1003 In
1757 950 2018 1002 nutivitate
2047 949 2105 1000 S.
2128 947 2347 999 Joannis
2373 946 2614 1014 Baptista
2641 943 2686 995 Ι.

1959 1036 2342 1090 ΑΒΜΟΝΙΤΙΟ.

632 1126 790 1198 ξω
822 1127 1256 1198 Antiquissimam
1295 1141 1413 1179 esse
1449 1128 1499 1179 in
1541 1127 1776 1198 Ecclesia
1827 1127 2208 1198 institutionem
2237 1125 2340 1198 diei
2373 1124 2487 1178 festi
2505 1127 2570 1198 Ain
2596 1126 2851 1198 honorem
2882 1125 3174 1198 nativitatis
3211 1123 3532 1198 S._Joannis
3559 1124 3814 1193 Baptism

561 1193 790 1262 arg'uun't
808 1193 1007 1251 eruditi
1026 1197 1320 1262 scriptores
1351 1211 1416 1247 ex
1449 1212 1609 1248 serm.
1636 1195 1739 1246 292
1769 1197 2040 1261 Augustini
2073 1196 2123 1246 in
2159 1193 2442 1246 festivitate
2469 1194 2702 1260 ejusdem
2728 1194 2785 1247 8.
2820 1193 3162 1246 Praecursoris
3181 1233 3195 1255 ,
3233 1194 3322 1246 ubi
3354 1195 3460 1255 ait,
3495 1211 3616 1245 eam
3648 1212 3678 1245 a
3700 1213 3812 1245 nm-

560 1266 729 1384 q’orum
756 1264 1030 1316 traditione
1058 1265 1369 1342 suscepisse.
1410 1263 1486 1316 Ex
1523 1281 1630 1342 quo
1660 1265 1933 1341 Augustini
1964 1264 2082 1315 loco
2112 1263 2330 1325 eruitur,
2364 1264 2527 1340 multo
2557 1273 2680 1340 ante
2707 1263 2989 1315 concilium
3029 1262 3333 1380 Agathense
3370 1262 3531 1337 initio
3551 1279 3604 1314 vn
3637 1267 3812 1341 seculi

583 1333 800 1383 lubitum
830 1331 885 1383 S.
917 1330 1137 1384 Joannis
1168 1333 1464 1383 natantium
1495 1333 1632 1384 diem
1652 1374 1664 1384 .
1696 1341 1752 1384 ut
1785 1341 2033 1384 oninatus
2071 1339 2148 1383 est
2189 1330 2556 1383 'I'homasmlus
2581 1331 2670 1382 III).
2705 1347 2734 1380 v
2762 1330 2828 1382 de
2849 1329 3031 1382 Celeb.
3107 1341 3292 1384 eStor..
3324 1345 3448 1384 can.
3486 1329 3539 1384 5.
3570 1332 3680 1384 colt
3708 1348 3812 1384 cce-

637 1333 800 1399 bitum
830 1331 885 1383 S.
917 1330 1137 1384 Joannis
1168 1329 1464 1383 natalitium
1495 1329 1632 1384 diem
1652 1374 1664 1394 ,
1696 1329 1754 1384 ut
1785 1333 2033 1399 opinatus
2071 1339 2148 1383 est
2189 1330 2556 1399 'I'homasinius
2581 1331 2670 1382 lib.
2705 1347 2734 1380 v
2762 1330 2828 1382 de
2849 1329 3031 1399 Geleb.

3107 1341 3292 1392 eStor.,
3324 1345 3448 1398 cap.
3486 1329 3539 1388 5,
3570 1332 3680 1384 coli
3708 1348 3817 1384 cce-

564 1401 724 1467 pisse.
771 1396 915 1451 inter
960 1401 1252 1467 pnecipuas
1295 1415 1422 1451 vero
1471 1401 1806 1453 celebritates
1823 1396 1920 1452 hic
1943 1400 2056 1453 dies
2082 1399 2262 1450 haberi
2285 1399 2351 1450 ab
2379 1397 2613 1450 Ecclesia
2644 1406 2870 1450 testatur
2897 1397 2952 1450 S.
2986 1397 3285 1451 Bernardus
3313 1396 3477 1464 epist.
3515 1399 3621 1449 174
3649 1419 3659 1447 :
3692 1399 3816 1460 Qua-

563 1478 858 1519 cwterorum
891 1483 992 1520 non
1015 1470 1350 1528 nativitatem.
1377 1469 1467 1518 sed
1496 1479 1705 1520 mortem
1734 1477 2028 1520 sanctorum
2053 1469 2268 1530 indicat,
2298 1477 2347 1518 et
2373 1468 2618 1534 praedicat
2645 1468 2920 1532 pretiosam
2937 1503 2951 1524 ,
2979 1469 3057 1517 sin

564 1537 711 1604 festis
736 1541 945 1605 prwstat
986 1536 1223 1605 gaudiis,
1252 1546 1618 1605 ueneratnrque
1661 1539 1823 1605 ipsius
1867 1537 2125 1599 natalem,
2175 1537 2358 1605 d_e_quo
2388 1535 2654 1605 nuntiante
2692 1535 2874 1605 angelo
2902 1535 3232 1605 singulariter

1716 1555 1823 1588 stus
1867 1555 2086 1588 ηαιαιεηι
2112 1577 2125 1599 ,
2175 1555 2236 1586 ae
2263 1555 2358 1602 quo
2388 1555 2654 1586 ιιιιηιιαιηε
2692 1555 2874 1604 angelo
2902 1555 3232 1602 smgutartter
3253 1555 3442 1603 ιεςιιιιΐ
3464 1555 3482 1586 .'
3512 1555 3560 1586 ει
3591 1555 3736 1587 muta
3767 1555 3817 1587 τη

1677 1555 1814 1657 Kunc
1859 1619 2160 1658 sermonem
2206 1601 2528 1655 Muratorius
2573 1618 2640 1656 cx
2687 1604 2872 1656 codice
2918 1603 3272 1656 Ambrosiano
3312 1606 3611 1671 exscripsit
3640 1614 3696 1657 et
3725 1621 3817 1672 ρας

565 1603 830 1672 nativitate
871 1603 1001 1671 ejus‘
1024 1603 1334 1672 gaudebunt.
1400 1603 1630 1656 Primum

566 1669 799 1724 blicavit.

3134 1467 3232 1546 lari
3253 1468 3485 1585 quadam
3517 1472 3819 1546 exceptione

3137 1543 3232 1585 iter
3272 1545 3442 1585 coitur
3464 1553 3482 1585 :
3512 1546 3561 1585 et
3591 1537 3736 1585 mula
3767 1555 3817 1585 τη

3272 1536 3442 1603 egitur
3464 1553 3482 1586 :
3512 1546 3561 1586 et
3591 1537 3736 1587 multi
3767 1541 3817 1587 in

567 1785 962 1852 Anconam-run.
996 1782 1399 1852 -7-7L¢etandum
1429 1801 1536 1836 esse
1557 1786 1617 1835 de
1641 1783 1859 1835 Joannis
1895 1784 2138 1851 Baptista’
2172 1787 2211 1844 Β
2239 1797 2333 1835 sua
2381 1782 2678 1852 gloriosior,
2709 1798 2826 1851 quae
2870 1783 2997 1836 dum
3036 1782 3152 1850 ejus
3198 1782 3444 1837 differtur
3495 1783 3821 1841 fecunditas.

638 1853 904 1905 nativitate
935 1851 994 1904 S.
1023 1851 1282 1902 Maximus
1301 1852 1492 1909 scribit,
1524 1853 1656 1919 qz'od
1684 1852 2074 1919 pra‘destinalus
2104 1867 2134 1900 α

644 1922 750 1973 Deo
777 1921 1146 1988 prwdicaturus
1188 1920 1424 1988 advenit,
1467 1918 1664 1988 Agnum
1703 1919 1799 1988 Dei
1832 1918 2136 1983 Redempto-

637 2006 746 2042 rem
777 1985 1009 2041 nostrum
1043 1988 1236 2040 adesse.
1259 2053 1264 2054 ί
1288 1985 1555 2038 Nonnulla
1583 1986 1726 2038 addit
1759 1987 1821 2038 de
1846 1988 2137 2054 parentibus

638 2057 861 2111 Joannis
882 2056 924 2108 Ζ
929 2056 1142 2107 acharia
1169 2064 1218 2107 et
1242 2053 1525 2107 Elisabeth.

639 2225 932 2293 Religionis
980 2224 1385 2292 devotionisque
1426 2230 1618 2277 nostrae
1667 2224 1800 2277 ratio
1826 2223 2006 2289 exigit,
2033 2223 2136 2276 fra-

571 2325 680 2371 tres
705 2357 718 2380 ,
767 2320 835 2368 ut'
864 2314 1022 2368 hodie
1050 2313 1116 2366 de
1154 2313 1296 2367 beati
1333 2312 1553 2366 Joannis
1588 2313 1835 2380 Baptistae
1868 2314 2140 2366 nativitate

571 2409 832 2469 laetemur,
878 2402 968 2471 qui
1011 2401 1418 2470 pratdestinatus
1465 2417 1493 2454 a
1539 2402 1646 2455 Deo
1675 2402 1889 2454 humani
1932 2403 2139 2468 generis

569 2495 808 2549 laetitiam
846 2502 900 2547 et
938 2493 1057 2546 celi
1098 2492 1347 2559 gaudium
1376 2493 1752 2560 prmdicaturus
1776 2492 2004 2544 advenit.
2045 2491 2140 2545 llic

569 2593 690 2648 est,
741 2583 808 2637 de
847 2581 1000 2648 cujus
1045 2597 1139 2634 ore
1193 2580 1379 2633 adesse
1421 2579 1828 2648 Redemptorem
1876 2588 2134 2641 nostrum,

570 2674 758 2726 adesse
808 2671 1014 2738 Agnum
1045 2670 1164 2733 Dei,
1213 2685 1347 2722 nova
1378 2685 1507 2722 voce
1534 2669 1760 2722 mundus
1789 2669 2016 2733 audivit,
2048 2670 2138 2736 qui

570 2768 626 2813 et
653 2759 804 2812 testis
830 2797 846 2821 ,
895 2758 1298 2826 desperantibus
1334 2757 1400 2811 de
1440 2757 1773 2811 successione
1811 2758 2134 2825 parentibus,

571 2861 667 2914 per
693 2846 936 2913 angelum
965 2851 1125 2913 prout
1153 2845 1284 2897 tanti
1312 2845 1548 2913 mysterii
1577 2844 1902 2898 indubitatus
1929 2853 1982 2898 et
2011 2861 2139 2897 nun-

572 2935 678 2987 tius
706 2941 888 2997 esset,
927 2933 1156 2985 mittitur
1181 2933 1496 2985 nasciturus.
1546 2933 1672 2996 Quis
1703 2941 1879 2985 autem
1906 2932 2139 3000 pruden-

573 3025 679 3077 tius
699 3038 804 3076 non
831 3022 1013 3076 credat
1041 3037 1162 3075 eum
1190 3021 1367 3074 divina
1397 3021 1735 3077 annuntiasse
1770 3022 2020 3090 mysteria
2039 3061 2053 3085 ,
2085 3021 2136 3074 in

2239 1870 2382 1923 dono
2413 1878 2594 1938 partus
2635 1873 2789 1924 unius
2829 1871 3087 1924 honorem
3120 1873 3283 1926 totius
3309 1876 3652 1941 posteritatis
3683 1876 3818 1928 obti~

2238 1960 2369 2011 nuit.
2403 1959 2556 2022 Quae,
2596 1960 2719 2012 dum
2750 1961 2893 2014 velut
2923 1961 3246 2015 infructuosa
3286 1964 3406 2016 viro
3437 1979 3540 2016 suo
3571 1981 3740 2031 usque
3772 1967 3820 2016 in

2236 2056 2447 2099 (etatem
2477 2048 2711 2100 ultimam
2742 2049 3103 2115 congemiscit,
3136 2050 3313 2104 subito
3343 2066 3453 2104 non
3485 2052 3586 2104 sibi
3617 2061 3820 2104 tantum

2239 2134 2400 2188 ﬁlium
2423 2175 2438 2198 ,
2486 2135 2578 2189 sed
2615 2149 2862 2188 universo
2893 2136 3088 2188 mundo
3113 2137 3298 2189 salutis
3327 2147 3549 2191 :eternae
3577 2140 3820 2192 nuntium

2237 2226 2539 2293 parturivit,
2572 2233 2625 2277 et
2648 2224 2950 2291 hujusmodi
2975 2226 3238 2290 nuntium,
3272 2235 3331 2278 ut
3359 2227 3672 2293 priusquam
3703 2243 3820 2294 pro-

2237 2313 2373 2367 diret
2403 2327 2468 2365 cx
2498 2314 2649 2366 utero
2668 2351 2682 2374 ,
2722 2312 2998 2381 privilegio
3019 2312 3131 2380 jam
3162 2313 3324 2367 futuri
3353 2315 3676 2377 ministerii,
3713 2330 3821 2367 ma-

2240 2408 2405 2453 terna:
2423 2401 2613 2466 linguae
2639 2402 3006 2468 prophetalem
3029 2401 3274 2469 spiritum
3296 2404 3632 2470 propinaret,
3671 2413 3825 2470 atque

2239 2505 2300 2543 os
2347 2490 2611 2544 Zacharize
2659 2491 2827 2558 patris
2855 2529 2869 2554 ,
2924 2490 3067 2556 quod
3116 2489 3466 2543 incredulitas
3509 2492 3823 2549 clauserat,

2237 2580 2470 2648 prmdicti
2501 2595 2598 2648 per
2638 2580 2882 2647 angelum
2924 2580 3154 2634 nominis
3189 2580 3272 2632 sui
3301 2581 3504 2634 virtute
3535 2591 3823 2634 reseraret.

2237 2667 2576 2721 Conticuerat
2604 2667 2742 2720 enim
2771 2667 3085 2729 Zacharias,
3131 2683 3237 2719 non
3283 2674 3342 2720 ut
3371 2675 3554 2720 mutus
3580 2683 3826 2722 remane»

2236 2763 2350 2819 ret,
2377 2755 2470 2809 sed
2514 2763 2569 2808 ut
2609 2755 2860 2808 divinitus
2895 2755 2943 2808 ei
2972 2755 3221 2821 loquendi
3253 2771 3380 2808 usus
3407 2755 3680 2819 redditus,
3723 2772 3827 2810 cce-

2237 2847 2369 2900 leste
2398 2847 2754 2900 testimonium
2786 2843 3098 2915 prophetico
3127 2847 3431 2916 perhiberet
3458 2847 3673 2900 infanti.
3704 2848 3826 2899 ideo

2237 2946 2412 2989 autem
2453 2937 2702 2991 sacerdos
2747 2938 2838 3005 qui
2880 2938 3137 2991 universae
3177 2937 3319 3005 plebi
3349 2937 3700 3004 loquebatur,
3728 2938 3825 2989 ob.

2236 3027 2458 3091 mutuit,
2499 3035 2555 3080 ut
2591 3028 2714 3095 quia
2751 3028 2960 3097 publica
2987 3037 3102 3082 erat
3129 3029 3463 3082 taciturnitas
3494 3027 3824 3088 sacerdotis,

571 3128 677 3180 quo
713 3112 1048 3180 procreando
1085 3126 1264 3164 curam
1302 3110 1603 3178 pervideret
1641 3110 1800 3164 fuisse
1825 3111 2134 3165 cmlestem?
2161 3119 2205 3182 (ζ
2235 3116 2302 3168 ad
2331 3117 2494 3169 totius
2521 3117 2702 3186 populi
2745 3118 2987 3170 notitiam
3017 3126 3236 3172 sacrata:
3279 3118 3578 3171 nativitatis
3623 3126 3826 3186 myste-

571 3201 672 3265 Qui
697 3215 819 3253 cum
845 3199 1067 3252 necdum
1089 3206 1228 3251 esset
1258 3197 1413 3263 filius,
1445 3199 1884 3268 imperfectusque
1913 3201 1964 3252 in
1985 3207 2136 3253 utero

571 3295 892 3355 gestaretur,
941 3287 1289 3354 praerogativa
1338 3294 1512 3340 tamen
1557 3287 1768 3340 indultae
1815 3287 1912 3341 sibi
1957 3289 2138 3356 gratia:

571 3387 775 3431 aeterno
802 3376 994 3442 gaudio
1033 3376 1237 3429 viscera
1279 3385 1517 3428 materna
1554 3377 1844 3445 supplevit,
1874 3386 1930 3432 et
1967 3377 2136 3431 felici-

572 3473 736 3518 tatem
766 3464 961 3518 dudum
987 3465 1182 3518 sterilis
1209 3465 1407 3518 ventris
1425 3473 1549 3518 ante
1570 3473 1775 3533 partum
1803 3481 1952 3519 suum
1983 3467 2138 3519 beata

571 3560 746 3604 mater
773 3551 1007 3617 agnovit.
1040 3550 1125 3600 Ait
1146 3550 1287 3602 enim
1305 3590 1320 3614 ,
1350 3551 1488 3604 sicut
1515 3551 1708 3604 lectum
1737 3559 1836 3616 est,
1867 3550 2136 3605 Elisabeth

571 3639 640 3692 ad
669 3638 889 3691 Mariam
916 3655 927 3688 :
962 3635 1093 3689 Ecce
1119 3646 1173 3689 ut
1201 3641 1340 3707 facta
1367 3648 1442 3690 est
1470 3655 1565 3692 vox
1591 3639 1769 3691 salutis
1791 3648 1891 3692 tute
1920 3642 1973 3692 in
1997 3642 2136 3694 auri-

571 3727 663 3778 bus
691 3727 834 3787 meis,
862 3726 1136 3778 exsultavit
1174 3727 1227 3777 in
1265 3727 1506 3795 gaudium
1552 3729 1733 3796 infans
1753 3729 1804 3780 in
1832 3738 1973 3782 utero
2004 3747 2132 3783 meo.

573 3813 641 3866 Et
661 3815 797 3866 unde
828 3815 922 3867 hoc
947 3815 1092 3878 mihi,
1122 3823 1178 3866 ut
1216 3815 1386 3866 Mater
1415 3814 1621 3868 Domini
1647 3818 1744 3868 mei
1775 3819 1940 3869 veniat
1967 3819 2036 3871 ad
2059 3835 2139 3872 me

571 3903 728 3969 (Luc.
758 3904 838 3969 1)?
869 3903 983 3956 Non
1013 3904 1224 3966 mirum,
1253 3903 1611 3968 dilectissimi,
1641 3906 1684 3958 si
1715 3921 1846 3959 anus
1875 3907 1986 3961 hzec
2006 3923 2140 3976 prae-

571 3993 808 4046 scientize
851 3993 1014 4046 ditata
1061 4003 1142 4046 est
1189 4008 1406 4047 munere
1427 4033 1441 4056 ,
1479 4009 1595 4062 qua:
1621 3994 1870 4049 Altissimi
1901 3995 1992 4050 Dei
2025 4007 2141 4052 erat

575 4080 811 4149 paritura
838 4095 1156 4150 przeconem.
1189 4081 1352 4135 Facta
1379 4090 1463 4136 est
1484 4082 1642 4152 5M
1659 4092 1834 4138 autem
1862 4086 2140 4141 sterilitate

2240 3206 2754 3275 rium,perveniret,
2806 3217 2860 3260 et
2900 3223 3004 3260 non
3045 3207 3266 3260 credere
3295 3208 3345 3261 ei
3373 3208 3552 3261 nullus
3577 3207 3826 3260 auderet.

2243 3296 2407 3360 Quem
2433 3297 2541 3362 jam
2575 3298 2896 3350 nasciturum
2938 3297 3274 3350 dubitaverat
3305 3305 3478 3365 pater,
3528 3298 3826 3350 vindictam

2241 3385 2616 3439 taciturnitatis
2664 3386 2884 3438 incurrit
2910 3403 2921 3436 :
2971 3386 3045 3438 ait
3072 3387 3213 3440 enim
3244 3385 3590 3454 Evangelista
3618 3387 3691 3441 de
3717 3402 3781 3440 eo
3813 3404 3823 3435 :

2243 3472 2365 3526 Non
2400 3483 2511 3526 erat
2555 3475 2663 3542 ipse
2692 3474 2803 3539 lux,
2838 3473 2929 3526 sed
2965 3482 3020 3525 ut
3061 3476 3409 3528 testimonium
3447 3476 3738 3543 perhiberet
3765 3475 3824 3527 de

2240 3561 2449 3626 lumine,
2488 3571 2544 3613 ut
2584 3578 2756 3614 omnes
2787 3563 3047 3616 crederent
3075 3580 3165 3632 per
3193 3564 3341 3616 illum
3373 3562 3553 3631 (Joan.
3587 3565 3652 3632 ι).
3712 3563 3821 3617 δοῦ

2239 3658 2356 3704 erat
2382 3650 2594 3717 quidem
2623 3651 2730 3712 lux,
2763 3651 2856 3704 sed
2885 3659 3002 3704 erat
3022 3659 3165 3705 totus
3194 3651 3247 3704 in
3277 3651 3479 3705 lumine
3499 3693 3514 3714 ,
3559 3653 3656 3721 qui
3687 3654 3819 3705 testi-

2241 3740 2475 3792 monium
2504 3740 2695 3791 meruit
2726 3753 2857 3793 vero
2898 3739 3082 3792 lumini
3111 3739 3419 3807 perhibere.
3455 3738 3524 3792 Et
3555 3741 3700 3803 ideo,
3733 3739 3818 3791 ira

2246 3833 2375 3890 tres,
2409 3826 2476 3878 ob
2507 3827 2762 3880 honorem
2792 3826 3080 3880 beatissimi
3109 3825 3332 3879 Joannis
3356 3826 3501 3881 hunc
3531 3827 3819 3880 nativitatis

2241 3914 2356 3981 ejus
2383 3915 2521 3968 diem
2544 3917 2687 3969 omni
2709 3932 2830 3970 cum
2860 3917 3213 3971 exsultatione
3241 3917 3601 3982 celebremus,
3633 3918 3726 3984 qui
3757 3917 3817 3968 ad

2240 4004 2614 4072 propellendas
2659 4006 2841 4058 mundi
2883 4005 3132 4059 tenebras
3169 4006 3560 4074 sempiternum
3597 4007 3720 4062 C(BII
3747 4007 3818 4058 lu-

2243 4109 2361 4147 men
2391 4103 2444 4148 et
2465 4102 2588 4149 ante
2609 4111 2795 4150 omnes
2824 4097 3057 4164 agnovit,
3081 4104 3135 4150 et
3160 4097 3365 4164 primus
3389 4097 3648 4151 ostendit.

1923 4201 2189 4264 SERMO
2232 4207 2451 4267 LVIII.

1700 4297 1777 4351 De
1800 4301 1976 4353 eodem
2004 4303 2064 4356 S.
2095 4303 2298 4359 Joanne
2330 4307 2561 4376 Baptista
2587 4307 2666 4360 II.

648 4467 808 4539 545
837 4466 1031 4521 Erutus
1058 4483 1126 4522 ex
1162 4469 1343 4525 codice
1371 4470 1742 4542 Ambrosiano,
1771 4485 1824 4530 et
1848 4391 2395 4539 editusA
2425 4495 2555 4540 tom.
2587 4485 2648 4539 IV
2680 4486 2919 4542 Anecdot

577 4579 1298 4656 Anemuriensis—Joannes
1321 4618 1337 4642 ,
1386 4583 1567 4656 missus
1611 4601 1643 4636 a
1684 4584 1791 4638 Deo
1819 4589 2022 4640 nuntius
2044 4591 2138 4640 ad-
2167 4598 2218 4656 ι)

645 4660 822 4723 uentus
852 4646 1038 4723 enim
1065 4687 1080 4712 ,
1112 4649 1319 4723 ejusque
1365 4650 1646 4723 salutifera:
1685 4657 2043 4723 reparationis,
2075 4659 2138 4709 ab

648 4720 761 4785 ipsa
785 4717 1046 4785 nativitate
1073 4719 1327 4785 mysteriis
1357 4717 1585 4774 omnibus
1611 4717 1983 4776 consecrandus
2005 4735 2134 4778 erat.

696 4803 723 4837 e
741 4782 1010 4836 lac/toria:
1037 4782 1242 4838 silentio
1265 4825 1278 4847 ,
1320 4787 1479 4849 deque
1514 4788 1732 4844 Joannis
1777 4793 2002 4846 nondum
2029 4797 2138 4849 nati

649 4856 827 4909 virtute
850 4859 1054 4906 sanctus
1084 4852 1343 4907 Maximus
1371 4852 1592 4912 disserit.

645 5012 843 5089 'hCod.
876 5012 1045 5066 Vatic.
1080 5011 1234 5089 l267_,
1261 5013 1416 5089 Felia:
1434 5025 1634 5089 caterva
1662 5019 1931 5088 uirginum,
1956 5019 2136 5089 quibus

576 5081 798 5134 studium
830 5089 905 5133 est
953 5089 1052 5136 tute
1083 5085 1222 5154 sequi
1262 5086 1598 5154 confessionis
1642 5081 1880 5141 coronam
1908 5081 2134 5152 in'caeto,

574 5165 687 5219 quae
711 5158 870 5219 tecum
899 5153 1265 5219 superaverint,
1287 5153 1390 5206 etc.

647 5219 672 5255 δ
713 5215 1106 5277 Οδιθείηζιθκὶι
1125 5221 1197 5271 ita
1216 5223 1290 5273 eis
1320 5231 1366 5272 te
1394 5221 1730 5277 imitantibus.

651 5296 672 5324 ε
713 5285 895 5340 Codex
942 5284 1457 5358 {Sancteﬂrucis
1501 5291 1727 5358 Minon,
1775 5301 1830 5346 et
1876 5291 2133 5358 Galesin.,

578 5353 789 5426 Itaque,
838 5371 868 5409 ο
913 5355 1184 5426 splendida
1227 5355 1467 5425 Christo,
1509 5353 1724 5428 pulchra
1766 5362 1863 5415 Dei
1903 5363 2063 5430 Filio,
2088 5353 2135 5415 et

643 5487 660 5517 '
690 5485 802 5540 Non
830 5485 1083 5568 Galesinii
1113 5489 1419 5554 editionem,
1444 5492 1535 5546 sed
1560 5491 1909 5568 Parisiensem
1941 5494 2133 5568 Mauri-

578 5569 757 5609 norum
786 5563 953 5611 secuti
978 5575 1178 5623 sumus,
1209 5575 1367 5627 quam
1398 5578 1514 5616 esse
1551 5564 1966 5618 emendatiorem
1989 5563 2141 5618 novi?

2312 4593 2488 4648 Multis
2547 4595 2859 4664 magnisque
2903 4595 3225 4662 virtutibus,
3283 4596 3482 4655 fratres
3541 4605 3817 4668 carissimi,

2244 4684 2382 4738 Deus
2408 4700 2470 4738 ac
2496 4684 2745 4738 Dominus
2770 4693 2952 4740 noster
2978 4689 3417 4744 concurrentium
3447 4691 3516 4746 ad
3561 4709 3622 4748 se
3651 4712 3815 4765 popu-

2243 4775 2413 4828 lorum
2466 4775 2703 4836 animos,
2739 4773 2999 4844 fidemque
3027 4775 3345 4842 confirmat,
3388 4781 3482 4847 qui
3527 4783 3819 4837 electorum

2243 4879 2458 4917 suorum
2491 4878 2595 4916 non
2631 4865 2800 4917 solum
2831 4865 3150 4919 laudabilem
3179 4868 3343 4921 vitam
3363 4906 3378 4930 ,
3410 4871 3506 4925 sed
3537 4874 3704 4926 etiam
3735 4891 3820 4927 na-

2239 5021 2471 5091 omnibus
2494 5021 2692 5089 angelis
2721 5029 2768 5072 et
2797 5021 3121 5091 archqngelis
3150 5034 3330 5091 grata,
3358 5035 3414 5078 ut
3444 5030 3616 5080 nostri
3641 5033 3818 5082 memi-

2239 5092 2374 5141 nisse
2401 5090 2677 5158 digneris,
2704 5089 2880 5158 quibus
2928 5089 3195 5156 possumus
3240 5096 3475 5158 precibus
3505 5113 3816 5156 exoramus;

2239 5168 2292 5208 ut
2322 5156 2464 5210 nobis
2485 5157 2572 5209 ille
2594 5156 2784 5234 tribuat
2808 5167 3128 5234 peccatorum
3144 5156 3533 5234 indulgentiam
3558 5206 3574 5230 ,
3615 5168 3701 5234 qui
3733 5167 3816 5218 tibi

2241 5234 2439 5304 tuorum
2467 5225 2946 5304 omniumnlaborum
2982 5227 3194 5279 tradidit
3229 5225 3483 5304 palmam,
3515 5225 3606 5301 qui
3627 5225 3814 5304 'regnat

2239 5310 2350 5370 cum
2392 5293 2551 5370 Patre
2588 5305 2636 5346 et
2678 5294 2875 5362 Spiritu
2917 5303 3094 5370 sancto
3133 5311 3150 5370 ς
3192 5293 3313 5366 quia
3357 5300 3460 5370 ipsi
3516 5293 3596 5356 est
3626 5293 3811 5370 nonor,

2239 5363 2374 5424 laus,
2405 5364 2568 5431 gloria
2596 5372 2643 5413 et
2669 5371 2892 5431 potestas
2912 5364 2966 5415 in
2992 5364 3182 5416 «ecula
3204 5363 3537 5422 seculorum.
3564 5368 3744 5424 am.

2237 5513 2355 5568 mus
2380 5535 2392 5555 ,
2449 5498 2654 5568 collatis
2701 5501 2984 5566 prazcitatis
3008 5499 3283 5554 codicibus
3309 5500 3687 5564 Laurentianis
3707 5547 3722 5568 .
3749 5521 3811 5560 ex

2237 5567 2428 5632 quibus
2459 5567 2664 5635 aliquas
2693 5569 2960 5622 variantes
2981 5567 3362 5637 decerpsimus.
