3896 6250
65 336 173 389 διε)

1523 318 1754 375 SERMO
1793 316 1926 373 LIX.

3229 307 3334 358 ωηο

67 447 339 499 tivitatem
369 443 499 498 fecit
525 455 644 497 esse
668 438 1000 502 mirabilem;
1032 436 1167 492 sicut
1191 433 1257 489 de
1277 433 1442 487 beato
1460 428 1665 485 Joanne
1692 434 1733 488 Α
1767 427 1874 481 Nec
1905 425 2099 479 mirum
2134 424 2179 477 si
2207 422 2322 476 ιιωο
2364 430 2471 474 tam
2499 417 2759 489 stupenda
2787 415 3044 471 miracula
3070 430 3167 484 per
3195 414 3336 469 illius

69 536 312 605 Baptista
343 534 567 588 decursa
595 529 868 597 Evangelii
906 528 1140 582 lectione
1168 525 1517 593 cognovimus
1535 563 1551 589 ,
1579 523 1664 576 cui

71 636 224 680 tanta
271 626 478 680 indulta
522 631 606 678 est
648 622 1000 692 praerogativa
1030 618 1315 684 nascendi,
1346 623 1407 671 ut
1435 614 1667 685 prophe-

74 718 194 769 ticis
223 725 385 782 atque
411 711 730 780 evangelicis
769 708 1214 778 praenuntiaretur
1237 705 1457 760 vocibus
1486 700 1663 755 nasci-

77 811 247 856 turus.
319 801 426 853 Aut
471 797 745 868 quomodo
796 811 904 851 non
945 795 1193 850 omnibus
1237 800 1355 847 erat
1399 789 1666 862 mysteriis

81 890 513 955 consecrandus,
559 888 650 956 qui
698 885 945 942 veniebat
989 899 1088 954 pro
1133 875 1503 951 redemptione
1531 875 1658 932 defi-

83 981 272 1034 cientis
316 978 499 1032 mundi
547 981 1007 1030 sacramentorum
1054 971 1336 1026 Dominum
1381 967 1666 1023 revelare?

83 1072 347 1139 Concepit
375 1083 505 1138 ergo
523 1083 678 1130 eum,
711 1068 850 1122 sicut
877 1065 1120 1129 audistis,
1149 1063 1216 1118 de
1233 1062 1528 1131 iustissimo
1551 1061 1666 1114 viro

85 1160 366 1215 senissima
413 1166 469 1212 et
512 1157 709 1212 sterilis
733 1155 929 1211 femina
949 1197 964 1220 ,
994 1161 1055 1208 ut
1082 1169 1149 1208 ex
1175 1151 1454 1221 multiplici
1476 1151 1668 1220 despe-

87 1250 298 1301 ratione
328 1256 382 1301 et
410 1247 680 1301 nascentis
709 1246 859 1314 pueri
906 1244 1072 1312 gloria
1100 1283 1114 1307 ,
1159 1250 1215 1295 et
1251 1239 1492 1310 potentia
1534 1254 1668 1308 ope-

89 1337 256 1390 rantis
286 1336 381 1390 Dei
426 1333 849 1403 magniﬁcentior
876 1339 1178 1402 appareret.
1228 1330 1325 1383 Hie
1353 1339 1432 1384 est
1457 1328 1524 1384 de
1563 1343 1670 1397 quo

91 1425 400 1492 prmdictum
428 1424 649 1491 legimus
697 1437 792 1490 per
831 1420 1190 1490 Prophetam:
1249 1418 1359 1472 νοω
1398 1419 1671 1472 clamantis

93 1516 142 1566 in
173 1516 375 1568 deserto
408 1513 570 1583 (Isai.
606 1530 692 1580 XL,
725 1512 851 1566 Luc.
887 1512 993 1581 tn).
1033 1498 1102 1563 Et
1129 1509 1250 1564 ideo
1274 1509 1559 1564 Zacharias
1587 1524 1672 1563 sa—

91 1605 288 1658 cerdos
332 1604 432 1658 sub
483 1605 746 1659 sententia
792 1603 969 1672 angeli
1012 1600 1338 1670 increpantis
1364 1601 1668 1665 obmutuit;

91 1695 213 1764 quia
258 1694 507 1764 promissi
556 1692 920 1761 magnitudine
965 1690 1311 1746 conturbatus
1353 1689 1587 1743 futurum
1616 1702 1674 1742 se

1766 515 1955 570 merita
2003 519 2397 583 provenerunt,
2434 524 2596 578 quem
2645 516 2792 562 tanta
2829 507 2925 560 Dei
2963 506 3216 560 comitata
3256 515 3340 559 est

1759 604 1973 675 gra‘tia,
2022 612 2081 656 ut
2128 601 2195 656 de
2239 601 2466 655 adventu
2511 598 2707 652 Christi
2753 611 3054 652 mensuram
3095 596 3340 649 humana:

1765 693 2133 761 conceptionis
2176 705 2421 759 egressus
2467 689 2605 743 intra
2652 688 2855 742 viscera
2896 686 3070 740 adhuc
3097 691 3340 737 materna

1766 781 2044 848 gauderet.
2095 779 2183 833 Ait
2227 779 2399 845 enim,
2440 777 2577 831 sicut
2603 774 2930 841 audivimus,
2971 772 3241 827 Elisabeth
3271 769 3343 825 ad

1767 867 1987 922 Mariam
2014 885 2026 920 :
2055 867 2187 920 Ecce
2220 877 2276 919 ut
2317 867 2454 936 facta
2494 872 2570 918 est
2600 879 2696 918 vox
2725 863 2907 916 salutis
2935 862 3107 916 tumin
3133 860 3344 912 auribus

1767 960 1917 1020 meis,
1947 957 2222 1012 exsultavit
2245 957 2298 1009 in
2326 956 2569 1025 gaudium
2596 955 2774 1024 infans
2804 954 2860 1005 in
2884 959 3027 1005 utero
3056 967 3166 1005 meo
3190 949 3340 1021 (Luc.

1767 1053 1830 1117 ι).
1879 1048 2050 1106 Tanta
2098 1047 2242 1102 enim
2271 1033 2453 1112 illum,
2503 1045 2665 1100 etiam
2705 1059 2827 1098 cum
2866 1043 3205 1108 formaretur,
3232 1040 3346 1110 jam

1768 1140 1938 1193 virtus
1968 1139 2193 1205 agebat,
2237 1144 2297 1190 ut
2322 1136 2389 1190 ad
2417 1136 2796 1190 documentum
2822 1134 3057 1189 caelestis
3081 1132 3344 1203 mysterii,

1769 1228 1914 1297 quod
1942 1227 2349 1297 praedicaturum
2379 1239 2437 1279 se
2464 1226 2697 1278 humano
2725 1225 2908 1292 generi
2937 1223 3222 1288 sentiebat,
3252 1236 3347 1275 na-

1771 1320 2034 1373 tivitatem
2087 1331 2237 1371 suam
2291 1314 2693 1385 prophetalibus
2742 1314 2950 1368 indiciis
3005 1312 3345 1383 praeveniret.

1772 1408 1909 1474 Quid
1950 1421 2078 1474 ergo
2119 1407 2376 1460 miramur
2414 1405 2459 1459 si
2487 1403 2720 1459 Joannes
2747 1405 3050 1459 venientem
3079 1402 3347 1458 Christum

1773 1501 1839 1555 ad
1877 1500 2198 1569 baptismum
2234 1512 2388 1552 suum
2427 1498 2628 1566 absque
2656 1495 2761 1550 ulla
2790 1495 3124 1550 haesitatione
3146 1507 3348 1561 cogno-

1773 1591 1889 1656 vit,
1935 1589 1980 1643 si
2022 1603 2143 1642 cum
2172 1587 2398 1641 necdum
2430 1587 2544 1655 ipse
2569 1585 2854 1655 prodiisset
2882 1585 2935 1639 in
2964 1583 3157 1647 lucem,
3189 1583 3350 1651 virgi-

1776 1678 1884 1732 nali
1905 1690 2028 1732 eum
2069 1677 2123 1730 in
2152 1684 2307 1730 utero
2337 1675 2526 1730 adesse
2553 1674 2864 1744 praisensit?
2900 1672 3026 1739 Qua:
3063 1689 3191 1728 vero
3228 1688 3349 1727 eum

91 1792 302 1852 patrem
348 1782 676 1836 εηηιωιίειω
721 1782 869 1836 vocis
915 1794 1034 1835 esse
1078 1794 1185 1833 ηοιι
1235 1777 1477 1834 credidit,
1523 1778 1674 1843 Quod
1709 1772 1751 1831 Β
1779 1768 1918 1821 intra
1943 1768 2118 1822 alvum
2147 1775 2446 1820 maternam
2473 1766 2761 1820 exsultatio
2799 1766 3205 1832 commovisset,
3250 1765 3350 1819 cla-

91 1872 309 1940 quidem
353 1884 546 1939 magna
591 1871 688 1924 Dei
731 1870 1129 1939 dispensatione
1175 1867 1374 1922 factum
1402 1881 1521 1922 esse
1549 1881 1673 1935 per-

92 1961 348 2029 spicimus
367 2001 384 2027 ,
410 1968 470 2014 ut
497 1960 742 2014 universa
768 1957 1071 2012 Iudaeorum
1095 1956 1244 2026 plebs
1260 1995 1275 2021 ,
1306 1956 1433 2010 dum
1459 1970 1675 2010 causam

93 2050 224 2101 tanti
253 2049 452 2103 silentii
483 2055 881 2117 percunctatur,
921 2045 1238 2115 procreandi
1263 2043 1415 2113 pueri
1444 2043 1678 2098 disceret

95 2138 375 2190 veritatem
402 2178 416 2203 ,
465 2145 521 2192 et
566 2144 764 2191 sanctae
812 2135 1179 2203 conceptionis
1201 2141 1467 2189 secretum
1497 2133 1675 2201 magni

91 2225 359 2292 pontiﬁcis
390 2225 724 2280 taciturnitas
751 2222 1064 2294 publicaret.
1094 2220 1348 2277 lndicitur
1373 2235 1500 2289 ergo
1516 2222 1678 2276 silen-

99 2317 229 2369 tium
278 2315 464 2384 patri,
513 2329 580 2370 ne
627 2329 804 2384 prmco
840 2313 1072 2367 cwlestis
1093 2312 1255 2367 Verbi
1283 2326 1380 2380 per
1406 2310 1678 2365 silentium

91 2412 427 2467 nasceretur,
476 2417 778 2471 quanquam
823 2401 1031 2456 altioris
1078 2401 1131 2454 in
1177 2401 1280 2456 hoc
1323 2399 1563 2470 mysterii
1593 2415 1681 2454 ar-

93 2508 224 2546 cana
251 2493 580 2562 pandantur.
631 2493 764 2545 Nam
793 2492 848 2545 in
879 2491 969 2546 illo
998 2490 1209 2545 silentio
1231 2491 1550 2557 sacerdotis,
1583 2490 1682 2546 ad-

91 2590 349 2635 ventante
369 2583 549 2650 utique
566 2580 762 2635 Christi
782 2581 976 2648 gratia,
1000 2588 1053 2635 et
1068 2581 1332 2635 severitas
1354 2583 1585 2649 antiquze
1605 2582 1682 2636 le-

91 2671 167 2738 gis
188 2671 481 2732 obmutuit,
514 2671 676 2740 546
688 2679 741 2724 et
762 2671 895 2724 ritus
919 2671 1093 2725 omnis
1117 2670 1407 2724 carnalium
1429 2672 1684 2727 conticuit

95 2762 459 2814 victimarum.
491 2759 597 2814 Sed
628 2769 804 2813 tamen
832 2774 900 2814 ne
925 2760 1051 2830 quid
1079 2761 1133 2814 in
1161 2761 1322 2815 beato
1350 2759 1555 2815 Joanne
1576 2776 1682 2815 non

89 2858 233 2904 esset
281 2849 559 2914 mirabile,
602 2849 835 2918 linguam
861 2849 1055 2919 patris,
1101 2862 1261 2917 quam
1301 2847 1686 2919 concipiendus

91 2940 521 3005 vinxeratmatus
543 2940 788 3004 absolvit,
815 2948 874 2994 ut
891 2939 1229 2995 beatissimus
1240 2953 1422 3004 senex,
1440 2940 1529 3008 qui
1549 2940 1688 2995 inter

93 3025 270 3080 ofﬁcia
315 3035 558 3080 veterum
580 3028 927 3082 traditionum
949 3043 1102 3083 usum
1130 3028 1394 3083 sermonis
1410 3029 1682 3094 amiserat,

96 3116 356 3170 innovata
385 3130 482 3185 per
509 3114 674 3170 [ilium
701 3131 866 3185 voce,
898 3131 1036 3173 nova
1066 3117 1320 3186 mysteria
1348 3117 1681 3188 praedicaret.
1711 3125 1756 3187 ο

1778 1860 1986 1914 rissima
2033 1857 2371 1930 postmodum
2411 1871 2544 1910 voce
2591 1863 2817 1910 testatus
2862 1863 2945 1910 est
2971 1854 3185 1909 dicens:
3218 1854 3352 1906 Ecce

1776 1953 1950 2020 Agnus
1978 1947 2076 2002 Dei
2099 1985 2114 2012 ,
2159 1963 2273 2001 ecce
2313 1947 2398 2017 qui
2434 1946 2567 2000 to'llit
2603 1955 2811 2012 peccata
2832 1944 3009 1998 mundi
3059 1944 3236 2016 (Joan.
3269 1948 3350 2013 ιι).

1778 2041 2002 2108 Propter
2029 2041 2167 2094 hanc
2193 2053 2380 2094 vocem
2399 2075 2414 2102 ,
2463 2038 2752 2102 carissimi,
2786 2038 2965 2092 omnia
2993 2037 3080 2089 illa
3109 2049 3226 2104 quae
3255 2050 3354 2087 au-

1778 2131 1929 2185 distis
1955 2130 2008 2183 in
2029 2128 2256 2194 Joanne,
2279 2127 2553 2198 praemissa
2580 2135 2702 2182 sunt
2722 2134 3074 2190 sacramenta,
3104 2133 3354 2194 propter-

1777 2236 1840 2276 ea
1894 2221 2034 2275 illius
2079 2220 2309 2289 gloriosa
2353 2219 2635 2289 conceptio
2680 2227 2738 2273 et
2790 2218 2897 2271 vita
2944 2225 3029 2272 est
3074 2199 3354 2269 laudabilis

1779 2319 2077 2380 praeparata
2104 2351 2119 2377 ,
2162 2319 2222 2364 ut
2265 2309 2332 2364 de
2373 2325 2467 2365 ore
2504 2319 2614 2364 tam
2651 2316 2838 2364 sancto
2875 2307 3222 2363 absolutionis
3249 2321 3355 2362 suat

1782 2417 1971 2458 vocem
2019 2402 2248 2457 mundus
2275 2402 2502 2456 audiret.
2550 2400 2719 2466 Quam
2748 2399 2970 2470 pulchre
2995 2406 3175 2453 autem
3201 2397 3356 2451 Chri-

1781 2501 1921 2548 stum
1949 2491 2234 2546 Dominum
2276 2499 2521 2545 nostrum
2557 2490 2680 2558 agni
2714 2486 2976 2544 vocabulo
3009 2486 3356 2555 nuncupavit,

1783 2581 1934 2648 cujus
1979 2580 2144 2634 solius
2190 2579 2450 2647 sanguine
2486 2578 2778 2648 placandus
2807 2584 2925 2632 erat
2954 2577 3123 2640 Deus,
3157 2583 3210 2630 et
3237 2575 3356 2629 uni-

1782 2687 1938 2726 versa
1965 2671 2270 2725 redimenda
2292 2670 2616 2725 mortalitas!
2649 2669 2873 2738 Dignum
2887 2681 3015 2737 ergo
3040 2667 3358 2735 est,fratres,

1785 2768 1843 2814 ut
1871 2776 1968 2829 pro
1997 2761 2204 2814 honore
2233 2759 2366 2812 tanti
2399 2757 2499 2811 viri
2535 2758 2891 2814 devotissimis
2919 2772 3131 2826 semper
3161 2756 3358 2810 festivi-

1787 2851 1981 2904 tatibus
2029 2850 2358 2904 exsultemus
2384 2890 2400 2916 ,
2447 2849 2539 2917 qui
2572 2864 2680 2903 uno
2708 2850 2910 2920 pariter
2937 2847 3277 2912 testimonio,
3307 2855 3360 2903 et

1788 2941 2125 3011 przesentiam
2167 2939 2374 2994 Domini
2410 2939 2668 3010 prodidit,
2699 2947 2752 2995 et
2780 2939 3108 2994 imminentis
3129 2938 3245 3008 ejus
3272 2951 3358 2992 re-

1791 3028 1962 3083 media
1991 3028 2349 3098 prophetavit.

1495 3229 1764 3292 SERMO
1805 3230 1970 3291 LIX.

1054 3325 1135 3380 De
1159 3327 1337 3382 eadem
1378 3328 1644 3382 nativitate
1676 3329 1736 3383 S.
1760 3329 1980 3383 Joannis
2013 3330 2261 3401 Baptism
2287 3325 2404 3383 111.

1533 3435 1922 3491 ADMONITIO.

1533 3437 1922 3491 ADMONITIO.

169 3523 336 3595 547
369 3520 450 3576 Ex
476 3530 658 3578 vetere
678 3521 864 3579 codice
893 3522 1138 3578 biblioth.
1167 3525 1224 3579 S.
1251 3522 1598 3594 Emmerami,
1631 3527 1717 3580 hic
1746 3542 1922 3584 sermo
1951 3543 2094 3584 nunc
2121 3531 2348 3601 ρτὶωιιιῐι
2381 3529 2433 3583 in
2463 3527 2636 3586 lucem
2664 3526 2860 3600 prodit.

101 3654 496 3709 Αιιῦυιιεκτυιι.
520 3680 592 3690 —-
614 3648 694 3720 De
711 3649 872 3720 beatw
892 3649 1331 3720 Maritz_Virgirzis
1354 3663 1402 3704 et
1421 3650 1687 3706 Elisabetli

166 3736 391 3791 occursu
432 3728 580 3791 atque
616 3719 962 3791 salutatione;
988 3720 1049 3772 de
1067 3718 1302 3791 Joanne,
1335 3723 1419 3791 qui
1449 3721 1511 3791 ab
1543 3721 1689 3774 Isaia

157 3803 269 3840 vox
314 3786 594 3857 clamantis
637 3787 690 3839 in
735 3786 947 3842 deserto
983 3789 1270 3857 appellatus
1310 3786 1404 3841 est.
1459 3789 1596 3852 Quid
1624 3792 1690 3844 sit

168 3872 364 3925 parare
384 3856 515 3908 viam
541 3854 784 3922 Domino,
818 3865 866 3909 et
906 3854 1071 3910 rectas
1099 3859 1268 3928 facere
1289 3859 1496 3914 semitas
1522 3860 1652 3925 ejus.

169 4029 328 4084 Beati
373 4027 593 4083 Joannis
634 4029 888 4100 Baptistae
915 4031 1219 4088 veneranda
1248 4031 1512 4088 festivitas
1537 4075 1550 4100 ,
1581 4035 1687 4088 tra-

101 4127 214 4171 tres
245 4116 549 4185 carissimi,
580 4132 677 4187 per
702 4120 1006 4174 universum
1033 4121 1286 4176 mundum
1317 4122 1478 4178 hodie
1502 4138 1532 4177 a
1562 4123 1691 4179 lide-

100 4205 242 4259 libus
271 4205 596 4271 celebratur,
644 4207 736 4273 qui
784 4206 887 4261 hoc
927 4209 1242 4277 prophetica
1272 4211 1530 4279 dignitate
1557 4228 1687 4282 pro-

101 4295 323 4361 meruit,
353 4309 420 4347 ne
449 4309 478 4348 a
510 4295 750 4349 laudibus
779 4294 894 4364 ejus
918 4299 1100 4352 sileret
1120 4299 1350 4354 fidelium
1380 4304 1686 4372 posteritas,

99 4385 254 4452 Cujus
284 4401 314 4438 a
348 4385 458 4439 Deo
497 4385 704 4440 dicatur
734 4385 846 4456 ipsa
877 4389 1148 4444 nativitas.
1186 4389 1242 4444 In
1276 4399 1479 4445 tantum
1509 4402 1686 4448 autem

1789 3664 1961 3711 mater
1995 3656 2204 3712 Domini
2250 3657 2547 3712 Salvatoris
2593 3665 2821 3713 matrem
2849 3658 3031 3713 visitat
3059 3657 3362 3717 Prmcurso-

1791 3751 1895 3804 ris!
1927 3748 1971 3804 Ο
1993 3765 2152 3821 quam
2188 3751 2508 3805 beatissima;
2533 3760 2743 3816 matres
2785 3752 3213 3809 beatissimorum
3243 3771 3364 3824 par~

1790 3843 2032 3896 vulorum
2053 3843 2399 3897 sanctissimae
2420 3841 2683 3898 nutrices!
2715 3842 2759 3897 Ο
2785 3844 3075 3912 gloriosum
3106 3848 3373 3914 prteconis

1791 3932 2022 3987 officium
2044 3973 2058 3998 ,
2088 3932 2180 4001 qui
2212 3932 2351 3986 intra
2376 3932 2580 3986 viscera
2610 3940 2850 3988 materna
2884 3934 3057 3989 adhuc
3084 3934 3373 3989 conclusus

1789 4022 1857 4076 ad
1885 4021 2117 4076 futurum
2141 4021 2251 4090 jam
2277 4020 2607 4076 Salvatorem
2635 4021 2839 4090 mundi,
2868 4037 3024 4091 quem
3054 4022 3226 4077 adhuc
3261 4038 3380 4078 ser-

1791 4126 1950 4166 mone
1978 4127 2084 4166 non
2121 4119 2360 4181 poterat,
2400 4111 2592 4181 spiritu
2623 4119 2796 4166 tamen
2826 4113 3140 4182 prophetico
3168 4115 3382 4169 revela-

1792 4203 1921 4267 bat;
1953 4215 2053 4255 nec
2080 4201 2221 4255 enim
2247 4209 2458 4270 poterat
2482 4202 2651 4256 veteri
2678 4202 2775 4256 sub
2799 4203 2916 4271 lege
2941 4203 3184 4258 ordinem
3211 4220 3366 4266 suum

1793 4301 1981 4346 natura
2008 4293 2249 4346 mortalis
2292 4306 2535 4358 servare,
2583 4293 2796 4361 quando
2823 4309 2921 4363 per
2954 4311 3151 4350 novam
3178 4295 3364 4351 divini-

1795 4385 1920 4438 tatis
1947 4386 2170 4451 gratiam
2205 4400 2402 4439 novum
2432 4386 2589 4440 saluti
2617 4387 2892 4442 hominum
2930 4390 3240 4459 mysterium
3266 4406 3364 4460 pa-

101 4475 358 4542 specialis
407 4475 459 4526 in
505 4489 572 4529 eo
620 4476 875 4544 prtefulsit
921 4480 1137 4546 electio,
1187 4489 1244 4533 ut
1291 4496 1353 4534 ex
1381 4482 1679 4550 justissiniis

1793 4476 2027 4530 rabatur.
2072 4474 2168 4529 Hic
2198 4483 2278 4530 est
2304 4476 2444 4530 enim
2471 4476 2704 4532 Joannes
2730 4478 2818 4547 qui
2848 4479 2914 4532 ab
2943 4480 3076 4534 Isaia
3105 4484 3367 4552 propheta

101 4574 254 4618 ortus
286 4565 598 4632 parentibus
638 4575 796 4621 antea
835 4578 1131 4623 mereretur
1166 4573 1485 4626 annuntiare
1509 4573 1691 4628 Domi-

104 4670 230 4706 num
282 4651 443 4719 hujus
489 4654 672 4707 mundi
720 4654 1050 4711 Salvatorem
1077 4667 1380 4725 venturum,
1409 4677 1568 4730 quam
1598 4679 1692 4716 na-

103 4743 289 4796 scendi
324 4743 550 4797 haberet
582 4744 808 4798 initium.
855 4745 1093 4815 Denique
1121 4747 1392 4803 Elisabeth
1423 4761 1606 4806 sancta
1638 4761 1693 4806 et

104 4848 235 4886 anus
267 4832 481 4898 mulier,
532 4847 650 4886 cum
674 4841 896 4902 pr0pter
923 4837 1259 4891 sterilitatem
1288 4838 1458 4893 dimsa
1489 4839 1553 4894 de
1583 4841 1691 4894 lilio

105 4938 130 4972 a
162 4938 296 4981 sene
318 4923 430 4989 jam
462 4925 686 4988 marito,
716 4925 904 4992 angelo
933 4936 1374 4994 prmmonstrante
1394 4971 1408 4990 ,
1442 4932 1692 5000 concipe-

106 5021 208 5079 ret,
240 5014 496 5066 visitante
524 5029 582 5067 se
609 5016 902 5070 castissima
933 5018 1134 5086 virgine
1161 5017 1324 5073 Maria
1343 5059 1357 5084 ,
1382 5035 1501 5088 quas
1531 5023 1689 5075 etiam

109 5109 160 5154 et
189 5118 218 5154 a
249 5103 458 5170 Spiritu
488 5112 674 5158 sancto
695 5145 710 5169 ,
761 5107 953 5173 angelo
981 5108 1215 5162 dictante
1241 5150 1254 5175 ,
1284 5119 1609 5178 conceperat
1640 5113 1692 5164 in

107 5198 260 5244 utero
290 5189 630 5244 Salvatorem
650 5234 664 5257 ,
698 5192 747 5245 in
796 5193 911 5262 ipso
937 5195 1273 5249 salutationis
1301 5211 1527 5251 occursu
1551 5198 1694 5252 dice-

109 5276 196 5330 bat
222 5296 234 5329 :
272 5278 552 5330 Benedicta
580 5287 634 5330 tu
656 5281 1072 5351 inter_mulieres,
1102 5292 1150 5336 et
1173 5283 1464 5337 benedictus
1494 5287 1688 5354 fructus

110 5369 296 5420 centris
318 5369 394 5420 tui
417 5383 435 5419 :
457 5384 571 5422 ecce
592 5371 746 5434 enim,
777 5380 840 5424 ut
853 5374 992 5442 facta
1013 5383 1086 5425 est
1113 5389 1210 5426 rex
1238 5374 1563 5427 salutationis
1590 5384 1689 5428 tua:

113 5455 160 5505 in
191 5455 403 5509 auribus
425 5459 552 5509 meis
573 5499 587 5521 ,
628 5459 900 5512 exsultavit
938 5463 992 5514 in
1023 5461 1210 5531 gaudio
1248 5462 1424 5529 infans
1466 5464 1518 5514 in
1547 5474 1690 5516 utero

114 5561 219 5599 meo
250 5545 401 5613 (Luc.
436 5547 495 5615 ι).
544 5547 588 5600 Ο
615 5564 775 5616 quam
803 5550 992 5618 dignus
1019 5559 1074 5605 et
1102 5550 1227 5604 felix
1257 5557 1567 5607 sanctarum
1592 5568 1686 5606 oc-

114 5646 295 5689 cursus
334 5635 687 5689 feminarum!
741 5637 785 5690 Ο
812 5655 971 5706 quam
1000 5647 1180 5696 sancta
1211 5639 1484 5707 salutatio,
1516 5640 1680 5710 Virgo

391 5726 660 5784 PLTBOL.
711 5726 894 5785 LVII.

1806 4568 1917 4621 Vox
1957 4568 2228 4620 clamantis
2263 4569 2317 4621 in
2357 4568 2554 4621 deserto
2599 4568 2754 4638 (Isal.
2787 4570 2877 4639 XL)
2919 4573 3231 4640 vocabatur,
3278 4576 3369 4642 qui

1796 4666 1941 4713 recte
1968 4675 2072 4713 vox
2100 4659 2321 4726 dicitur,
2360 4659 2483 4726 quia
2513 4659 2654 4713 enim
2684 4659 2960 4714 intonante
2989 4664 3256 4730 praeconio
3285 4680 3371 4718 sa-

1795 4756 2065 4803 cramenta
2113 4749 2273 4819 548
2317 4748 2701 4817 redemptionis
2761 4749 3006 4804 humana:
3051 4752 3209 4805 surda
3261 4752 3371 4820 jam

1797 4838 1992 4892 dudum
2025 4841 2090 4892 ab
2120 4839 2264 4893 omni
2294 4839 2637 4904 auditu_bo.no
2659 4839 2820 4906 etrapit
2841 4839 3024 4894 audire
3045 4841 3370 4897 mortalitas.

1797 4927 1903 4983 Nos
1951 4931 2149 4997 itaque,
2196 4929 2484 4994 carissimi,
2517 4928 2793 4982 audiamus
2821 4929 2948 4996 quid
2978 4930 3043 4983 ad
3071 4931 3371 4999 profectum

1797 5020 2033 5075 omnium
2060 5029 2300 5073 nostrum
2326 5019 2618 5072 Salvatoris
2645 5020 2862 5072 nuntias
2890 5019 3210 5086 praedicabat
3236 5039 3247 5073 :
3273 5021 3372 5073 Pa.

1795 5118 1926 5173 rate,
1959 5109 2158 5176 inquit,
2189 5110 2322 5161 viam
2351 5107 2594 5173 Domino,
2636 5117 2801 5160 rectas
2842 5109 2996 5176 facile
3025 5095 3233 5162 semitas
3263 5111 3370 5179 ejus

1799 5196 1947 5266 (Luc.
1983 5197 2077 5264 ιιι).
2122 5197 2260 5249 Vere
2294 5196 2482 5263 dignus
2518 5197 2707 5248 beatus
2746 5194 2979 5249 Joannes
3021 5199 3111 5265 qui
3141 5199 3193 5251 in
3218 5200 3372 5250 semi-

1799 5293 1879 5340 tas
1909 5293 2083 5338 reetas
2110 5285 2249 5338 male
2276 5284 2564 5337 viventium
2594 5280 2850 5351 dirigeret
2869 5285 3187 5352 pravitatem
3208 5304 3220 5338 :
3245 5288 3372 5353 quid

1795 5375 1935 5428 enim
1965 5382 2046 5427 est
2071 5380 2260 5441 parare
2293 5373 2432 5426 viam
2468 5373 2692 5437 Domino
2711 5413 2725 5437 ,
2758 5373 2854 5427 nisi
2879 5376 3113 5430 venienti
3141 5375 3207 5429 de
3235 5377 3372 5430 caelo

1791 5463 1979 5528 Judici,
2008 5473 2230 5532 purgato
2256 5480 2284 5517 a
2314 5465 2456 5517 vitiis
2484 5479 2580 5534 per
2608 5465 3000 5520 confessionem
3031 5477 3085 5522 et
3114 5468 3372 5538 paeniten-

1795 5555 1918 5606 tiam
1967 5561 2217 5622 pectore,
2259 5553 2515 5621 simplicis
2545 5553 2720 5608 cordis
2751 5553 3112 5610 habitaculum
3145 5555 3372 5610 Domino

1795 5644 2136 5710 praeparare?
2175 5641 2311 5708 Quid
2351 5649 2430 5696 est
2468 5651 2647 5697 rectas
2690 5642 2863 5700 facere
2900 5648 3122 5702 semitas
3153 5646 3244 5700 Dei
3277 5662 3369 5699 no-

3025 5738 3095 5794 '21
