3896 6250
510 301 602 355 651
1687 293 1738 346 S.
1787 292 2026 347 MAXIM!
2067 293 2083 347 ’ἲ

2191 292 2516 348 lRiNENSlS
3656 285 3766 336 ῦς,

510 414 601 468 stri
623 454 637 478 ,
683 410 779 464 nisi
816 415 871 462 ut
900 406 1032 461 tales
1060 415 1271 460 actuum
1302 413 1600 460 nostrorum
1627 408 1781 459 nobis
1809 409 1920 459 vias
1951 423 2068 458 mu-
2101 413 2143 467 Α
2174 408 2330 472 digna
2358 406 2696 474 poenitentia,
2727 412 2781 459 et
2815 405 3166 458 confessione
3202 402 3544 455 veracissima
3584 403 3762 454 malo-

511 505 734 565 niamur,
778 513 874 568 per
919 511 1050 565 quas
1088 497 1358 550 ambulare
1406 497 1666 564 prOpitius
1706 497 1960 550 Dominus
2008 497 2074 550 ad
2177 513 2334 562 rum,
2385 511 2504 565 quae
2550 495 2794 559 fecimus,
2845 504 2900 548 et
2947 493 3330 562 eleemosynis,
3370 499 3426 544 et
3467 501 3762 559 pauperum

509 606 605 644 nos
633 588 850 641 veniens
877 586 1210 640 delectetur?
1238 585 1330 638 llle
1359 585 1491 637 viam
1517 584 1743 640 Domino
1771 601 1868 638 suo
1898 593 2072 654 parat,
2178 602 2302 641 cura
2332 587 2555 640 sollicita
2584 586 2893 652 ceterisque
2913 583 3167 652 operibus
3198 583 3419 649 justitim
3447 588 3502 633 et
3523 581 3759 648 pietatis,

508 682 595 750 qui
625 677 936 734 luxuriantis
964 677 1138 730 carnis
1174 685 1282 729 sua:
1307 690 1565 743 respuens
1588 676 1892 742 voluntates
1913 717 1929 741 ,
1959 676 2077 729 solo
2181 683 2446 743 quatenus
2474 673 2664 727 videns
2703 675 2755 726 in
2793 673 2947 726 nobis
2974 671 3230 725 Dominus
3260 671 3453 723 itinera
3479 670 3639 721 bona:
3664 684 3758 721 vo-

509 771 701 824 mentis
749 768 848 821 nisi
894 767 1104 820 Domini
1152 765 1433 833 praeceptis
1479 765 1758 818 adhazrens
1801 765 1986 832 vigore
2022 779 2081 818 se
2181 763 2433 828 luntatis,
2491 762 2727 815 oviculas
2775 775 2929 824 suas,
2980 759 3161 813 multis
3201 758 3312 826 jam
3371 757 3649 810 laboribus
3707 765 3762 808 et

508 857 764 914 castitatis
808 863 862 910 et
909 853 1248 909 continentiae
1311 853 1558 918 accingit.
1603 850 1874 920 Optimam
1930 859 2084 920 parat
2185 851 2617 905 tribulationibus
2640 850 2828 916 fessas,
2856 850 2924 903 de
2949 859 3249 902 :emmnosa
3271 844 3427 913 hujus
3444 844 3634 901 saeculi
3655 847 3759 895 vita

509 948 618 1000 Deo
641 948 802 1012 viam,
823 945 915 1014 qui
937 944 1179 1012 malignis
1209 943 1462 997 resistens
1488 941 1904 1008 cogitationibus
1931 957 2079 994 mun-

509 1036 576 1088 do
613 1035 777 1088 corde
808 1041 862 1087 et
896 1042 1044 1087 casto
1079 1043 1306 1100 corpore
1339 1042 1462 1085 ante
1490 1030 1653 1084 Deum
1701 1045 1914 1099 semper
1940 1029 2078 1083 inni-

508 1125 638 1177 titur
677 1121 943 1174 incedere.
995 1119 1102 1173 Nos
1135 1134 1295 1186 ergo,
1330 1117 1548 1184 fratres,
1592 1118 1826 1186 quandiu
1857 1118 1910 1171 in
1949 1117 2082 1170 desi-

505 1212 670 1264 deriis
714 1210 890 1264 carnis
936 1218 992 1264 et
1041 1209 1417 1278 cupiditatibus
1465 1209 1784 1261 inhaeremus
1830 1207 2076 1270 terrenis,

510 1302 648 1352 viam
677 1299 904 1353 Domino
929 1298 1220 1352 secundum
1246 1298 1558 1366 prophetica
1584 1298 1783 1351 monita
1813 1311 1917 1349 non
1941 1310 2079 1363 pra:-

511 1403 776 1457 paramns.
846 1387 1071 1456 Propter
1127 1387 1270 1455 quod
1318 1394 1650 1441 revertentes
1707 1387 1774 1439 ad
1833 1385 2080 1454 baptismi

508 1487 772 1548 pnucepta
817 1477 1073 1544 Joannis,
1119 1493 1371 1547 paremus
1413 1478 1466 1531 in
1513 1479 1665 1532 nobis
1687 1476 1911 1531 Domino
1942 1477 2081 1528 viain

2181 954 2359 994 secum
2384 939 2452 992 ad
2477 947 2677 993 aeterna
2702 937 2891 1005 gaudia
2920 937 3218 1006 provehere
3245 934 3516 1000 dignetur,
3548 933 3759 986 utsicut

2184 1027 2533 1083 Prtecursoris
2579 1029 2788 1082 Domini
2837 1027 2998 1081 hodie
3042 1027 3319 1080 nativitate
3342 1023 3661 1090 gaudemus,
3690 1023 3756 1074 ita

2185 1119 2252 1173 de
2278 1118 2715 1173 reconciliatione
2760 1127 2941 1172 nostra
2983 1131 3104 1172 cum
3134 1117 3243 1170 Deo
3273 1113 3434 1168 Patre
3462 1122 3652 1166 nostro
3681 1113 3755 1164 lae-

2186 1215 2380 1271 temur,
2423 1209 2526 1262 hoc
2569 1217 2826 1276 Operante
2876 1214 2930 1261 et
2978 1207 3233 1274 largiente
3288 1205 3519 1258 Domino
3577 1211 3758 1255 nostro

2184 1294 2310 1349 Jesu
2356 1295 2587 1358 Christo,
2629 1297 2720 1362 qui
2766 1311 2885 1349 cum
2930 1304 3200 1350 comterno
3245 1293 3405 1347 Patre
3461 1300 3520 1346 et
3561 1290 3757 1360 Spiritu

2186 1391 2374 1438 sancto
2405 1385 2533 1438 vivit
2557 1393 2612 1439 et
2638 1393 2825 1451 regnat
2856 1385 2996 1440 Deus
3023 1399 3121 1450 per
3148 1383 3326 1439 omnia
3363 1382 3564 1437 smcuia
3595 1394 3756 1434 eiece-

2189 1475 2381 1528 lorum.
2410 1474 2579 1529 Amen

1911 1585 2118 1646 SERM
2129 1585 2180 1645 Ο
2223 1585 2358 1645 LX.

1495 1687 1625 1738 Item
1655 1687 1716 1738 de
1744 1685 2007 1737 nativitate
2038 1685 2096 1738 S.
2127 1684 2346 1738 Joannis
2378 1684 2622 1739 Baptistae
2648 1682 2678 1738 1
2691 1683 2753 1737 γ.

1939 1773 2326 1828 ADMONITIO.

582 1867 744 1939 5&9
760 1866 1079 1939 S_._Maximo
1109 1867 1196 1939 hic
1220 1879 1434 1939 quoque
1460 1879 1638 1939 sermo
1666 1865 2035 1939 ascribi’tur‘in’
2069 1864 2284 1939 laudato
2329 1863 2516 1939 codice
2543 1862 2960 1939 S.__E_m_merami
2986 1882 3000 1929 ;
3028 1879 3092 1919 ac

3136 1872 3396 1934 praeterea
3445 1865 3497 1918 in
3530 1863 3755 1917 Lauren-

514 1930 755 2004 tiano-39
785 1934 919 1988 Plut.
955 1935 1158 2004 xvntin
1187 1930 1379 2004 quarto
1421 1933 1663 1986 hiblioth.
1696 1934 1821 1986 olnn
1848 1931 1904 1985 S.
1941 1931 2124 1986 Crucis
2161 1930 2378 1997 Minor.,
2419 1940 2474 1987 et
2499 1933 2554 1985 in
2596 1932 2697 1986 1-74
2735 1934 2979 1988 bibliotb.
3011 1930 3279 2004 quondam
3308 1934 3542 1987 aedilium
3569 1934 3756 1987 eccles.

524 2003 706 2074 major.
736 2005 1051 2068 Florentin.,
1079 2002 1172 2056 fol.
1201 2002 1327 2065 224,
1361 2017 1390 2054 a
1422 2009 1594 2067 tergo.

518 2119 996 2171 Ancuunnruu.—
1021 2112 1100 2164 De
1131 2111 1335 2182 Joanne
1378 2110 1615 2182 Baptista
1657 2127 1868 2182 majore
1884 2118 2081 2182 eiciet-ts
2119 2115 2162 2173 Β
2189 2110 2205 2142 ί
2247 2118 2306 2164 ut
2352 2124 2489 2167 sacri
2535 2118 2714 2166 textus
2758 2109 3032 2181 Evangelii
3080 2113 3271 2182 probat
3301 2131 3314 2166 :
3347 2105 3506 2176 Fuit,
3559 2113 3757 2181 inquit,

582 2184 861 2251 prophetis,
889 2199 955 2235 ea:
981 2180 1280 2251 parentibus
1321 2178 1524 2234 senibus
1553 2191 1672 2234 nato
1691 2178 1798 2251 {de
1825 2178 2083 2251 Zacharia

584 2249 847 2305 sacerdote
872 2251 936 2303 de
965 2249 1070 2304 uice
1097 2250 1236 2306 Atia
1264 2251 1659 2311 obmutescente;
1687 2250 1750 2300 de
1785 2249 2084 2300 austeritate

585 2323 702 2373 vitae
727 2319 968 2383 Joannis,
1003 2319 1066 2371 de
1092 2317 1322 2387 ejusdem
1350 2315 1600 2387 baptismo
1629 2326 1777 2387 atque
1803 2317 2083 2387 martyrio;

566 2389 650 2441 de
685 2390 880 2440 ratione
918 2387 1069 2454 digne
1101 2383 1394 2440 celebrandi
1415 2383 1676 2438 solemnia
1696 2383 2078 2438 'Prtecursoris.

589 2557 773 2612 sancti
809 2555 1152 2628 prtecursoris
1175 2555 1388 2611 Domini
1416 2555 1634 2610 Joannis
1671 2555 1918 2625 Baptista:
1947 2557 2085 2609 nati-

518 2648 762 2711 vitatem,
791 2659 949 2713 quam
978 2643 1137 2699 hodie
1156 2645 1389 2698 celebrat
1419 2652 1601 2697 sancta
1630 2643 1942 2697 universalis
1981 2643 2084 2697 Ec-

517 2734 703 2799 clesia,
732 2732 924 2786 fratres
969 2731 1250 2796 carissimi,
1296 2732 1476 2785 multis
1520 2731 1691 2785 modis
1728 2739 1881 2784 antea
1918 2730 2085 2784 sancti

517 2822 792 2892 propheta:
820 2818 1029 2875 Domini
1057 2821 1554 2889 prtenuntiaverant.
1578 2818 1728 2884 Quod
1757 2819 1946 2871 divinae
1973 2819 2086 2887 pie-

520 2912 647 2965 tatis
668 2909 1006 2980 providentia
1035 2917 1241 2977 gestuin
1269 2909 1524 2963 debemus
1561 2908 1869 2975 intelligere,
1901 2914 1960 2960 ut
1995 2907 2085 2974 qui

517 2999 694 3067 major
719 2997 927 3052 caeteris
952 3011 1070 3051 esse
1091 2996 1318 3050 debebat
1344 2996 1635 3065 prophetis,
1658 2996 1769 3063 ipse
1790 2994 1948 3048 etiam
1975 3009 2088 3047 ma-

517 3087 623 3158 jori
662 3100 773 3156 prte
813 3084 1027 3140 caeteris
1068 3084 1358 3154 prophetiae
1402 3085 1589 3152 spiritu
1619 3094 1644 3121 ι
1674 3084 2026 3138 honoraretur
2069 3100 2084 3136 :

517 3176 647 3244 quia
674 3174 950 3243 propheta:
969 3171 1199 3227 ofﬁcium
1221 3181 1307 3227 est
1331 3181 1555 3227 ventura
1579 3172 1776 3237 dicere,
1800 3188 1906 3227 non
1927 3173 2088 3227 etiam

521 3268 923 3329 demonstrare;
951 3262 1182 3318 Joannes
1219 3263 1446 3332 denique
1481 3263 1602 3318 ideo
1645 3263 1816 3332 major
1840 3270 1955 3317 erat
1981 3278 2088 3317 ca:-

524 3357 652 3410 teris
677 3356 972 3425 prophetis,
1002 3355 1126 3423 quia
1147 3362 1202 3408 et
1221 3354 1501 3408 Dominum
1528 3353 1857 3408 Salvatorem
1883 3369 2089 3408 annun-

2188 2198 2348 2270 550
2373 2202 2427 2254 in
2468 2201 2644 2255 diebus
2674 2201 2902 2256 Herodis
2943 2204 3077 2273 regis
3115 2201 3286 2269 Juda’,
3319 2203 3370 2256 id
3411 2211 3495 2255 est
3525 2209 3759 2269 tempore

2187 2290 2476 2343 nativitatis
2514 2289 2711 2344 Christi
2748 2293 3239 2360 appropinquante,
3270 2294 3514 2344 sacerdos
3553 2293 3758 2358 φιίάσηι

2185 2382 2393 2436 nomine
2438 2380 2725 2434 Zacharias
2767 2382 2830 2435 de
2873 2383 2977 2435 vice
3018 2382 3147 2434 Abiu
3178 2378 3327 2449 (Luc.
3377 2382 3440 2448 ι).
3487 2379 3595 2434 Sed
3626 2396 3761 2433 nunc

2186 2469 2415 2541 primum
2442 2469 2725 2524 dicendum
2753 2477 2834 2522 est
2855 2469 2920 2523 de
2943 2469 3098 2534 Abia,
3128 2476 3182 2522 et
3202 2478 3390 2538 postea
3417 2478 3658 2537 coeptum
3679 2483 3761 2522 or-

2187 2561 2364 2613 dincm
2391 2559 2562 2627 sequi.
2594 2557 2724 2610 Nam
2747 2557 2911 2611 David
2935 2572 3058 2611 cum
3087 2557 3152 2612 de
3179 2566 3446 2612 stmctura
3473 2558 3684 2626 templi,
3713 2565 3762 2610 et

2186 2648 2253 2702 de
2291 2648 2406 2715 ejus
2453 2654 2706 2701 tractaret
2751 2657 2913 2715 atque
2949 2647 3257 2716 disponeret
3303 2647 3499 2708 oflicio.
3551 2663 3762 2702 omnem

2187 2737 2494 2806 progeniem
2539 2735 2769 2790 filiorum
2811 2736 2990 2791 Aaron
3044 2737 3095 2791 in
3125 2747 3305 2806 partes
3350 2737 3533 2790 divisit
3578 2737 3762 2804 viginti

2187 2834 2439 2894 quatuor,
2469 2834 2524 2879 et
2551 2826 2618 2880 de
2645 2824 2865 2893 singulis
2893 2825 3135 2896 partibus
3170 2826 3407 2894 singulos
3445 2826 3607 2893 elegit
3629 2841 3761 2897 pon-

2189 2915 2354 2971 tifices
2383 2918 2473 2984 qni
2498 2917 2728 2972 vicissim
2755 2933 2853 2987 per
2881 2919 3121 2974 ordinem
3159 2919 3524 2973 ministrarent
3551 2918 3571 2956 ε
3597 2920 3649 2973 in
3679 2935 3759 2973 sa-

2188 3006 2361 3060 crario
2391 3006 2570 3074 templi
2596 3023 2610 3071 ;
2637 3021 2700 3060 ea
2731 3016 2909 3062 tamen
2935 3008 3307 3076 promissione,
3330 3017 3388 3061 ut
3417 3008 3462 3061 si
3485 3008 3607 3077 quis
3628 3022 3759 3077 pon-

2188 3095 2388 3153 tificum
2413 3096 2522 3148 vita
2551 3095 2853 3162 decederet,
2882 3098 3114 3165 optimus
3141 3097 3192 3150 in
3223 3112 3284 3151 ea
3314 3103 3464 3166 parte
3493 3097 3560 3150 ad
3585 3111 3759 3150 sacer—

2189 3183 2394 3237 dotium
2422 3184 2706 3251 eligeretur
2730 3199 3024 3239 successor.
3053 3185 3112 3239 In
3155 3200 3259 3253 qua
3295 3187 3459 3239 etiam
3495 3185 3758 3239 divisione

2190 3271 2320 3325 Abia
2343 3271 2460 3335 iste,
2491 3271 2558 3324 de
2582 3271 2731 3339 cujus
2758 3273 2873 3327 vice
2901 3280 2955 3326 et
2982 3274 3325 3341 generatione
3347 3274 3639 3328 Zacharias
3662 3275 3758 3328 ori-

2189 3370 2296 3428 tur,
2327 3370 2521 3416 octavo
2548 3362 2667 3415 loco
2696 3363 2899 3430 positus
2927 3364 3312 3428 inveniebatur,
3339 3372 3387 3416 et
3403 3380 3538 3418 uxor
3557 3363 3758 3416 Zacha-

521 3443 677 3498 tiavit
703 3451 1002 3508 venturum,
1045 3449 1101 3497 et
1127 3442 1312 3497 adesse
1357 3445 1686 3498 monstravit.
1718 3442 1830 3498 Hac
1872 3457 2085 3512 quoque
2112 3457 2155 3517 (ζ
2187 3453 2281 3503 rice
2319 3451 2383 3503 de
2415 3450 2622 3518 ﬁliabus
2664 3451 2870 3518 Aaron,
2912 3454 2993 3505 cui
3038 3466 3224 3506 nomen
3266 3452 3554 3506 Elisabeth.
3593 3450 3758 3506 Erant

522 3535 735 3588 ratione
771 3535 910 3586 sicut
954 3533 1021 3586 de
1069 3532 1232 3600 ipsius
1270 3532 1475 3586 Domini
1521 3532 1774 3596 adventu,
1806 3533 1878 3585 ita
1923 3541 1977 3586 et
2021 3532 2089 3586 de

522 3623 870 3693 praecursoria
905 3621 1021 3690 ejus
1065 3622 1339 3676 nativitate
1375 3631 1526 3676 antea
1570 3624 2086 3692 prophetatumcst,

527 3713 554 3750 δ
585 3719 642 3765 ut
680 3711 727 3764 is
758 3710 850 3778 qui
889 3725 1026 3764 nova
1073 3716 1292 3764 venerat
1335 3712 1597 3775 nuntiare,
1633 3719 1688 3766 et
1723 3712 2087 3779 paenitentiam

526 3799 835 3867 pradicsre,
864 3813 1023 3853 nemo
1052 3797 1337 3852 inauditam
1363 3814 1393 3852 a
1421 3801 1624 3854 smculis
1645 3801 1804 3854 talem
1832 3801 2088 3870 pradica-

528 3890 728 3942 tionem
756 3903 851 3941 sua
877 3887 1098 3957 perﬁdia
1126 3889 1387 3956 potuisset
1430 3891 1679 3958 rejicere,
1709 3892 1799 3946 sed
1828 3901 1886 3946 ut
1912 3893 2086 3947 credi-

526 3979 686 4032 bilius
711 3975 864 4030 lieres
891 3977 1136 4031 omnibus
1179 3978 1512 4034 audientibus
1551 3981 1943 4048 prmdicationis
1969 3981 2086 4050 ejus

524 4067 776 4122 oﬂlcimn.
809 4064 1032 4134 Dignum
1072 4068 1215 4121 enim
1242 4078 1264 4106 ε
1294 4075 1375 4122 est
1401 4075 1460 4122 ut
1483 4071 1574 4136 qui
1613 4070 1810 4139 Regem
1851 4071 2086 4125 omnium

528 4171 731 4226 regum,
757 4165 813 4210 et
832 4155 1116 4211 Dominum
1142 4157 1476 4211 dominorum
1506 4173 1611 4211 non
1631 4159 1802 4212 solum
1821 4160 2084 4224 nuntiare,

525 4246 619 4300 sed
648 4245 808 4300 etiam
835 4246 1201 4310 demonstrare
1228 4254 1463 4309 venerat,
1489 4245 1724 4301 dissimili
1744 4250 1903 4302 etiam
1933 4259 2086 4304 cete-

529 4337 601 4389 ris
627 4335 995 4402 procreatione
1023 4343 1348 4388 nmeretur.
1379 4335 1519 4390 Nulli
1548 4335 1572 4373 ἀ
1601 4338 1742 4392 enim
1762 4339 1977 4394 dubium
2006 4350 2090 4396 est

524 4424 654 4492 quin
682 4423 736 4476 in
777 4421 991 4477 senilnts
1011 4422 1122 4490 jam
1166 4422 1475 4492 frigesceret
1516 4428 1942 4495 concupiscentia
1971 4446 2088 4484 car-

527 4514 630 4577 nis,
665 4522 687 4550 ⁶
714 4527 815 4567 nec
841 4513 978 4566 ultra
1005 4512 1394 4580 sexagesimum
1421 4515 1589 4568 aetatis
1615 4530 1831 4580 aunmn,
1861 4528 1915 4571 et
1942 4520 2087 4572 seni-

525 4605 624 4658 lms
647 4601 758 4671 jam
785 4603 853 4658 ab
880 4602 1026 4657 omni
1071 4602 1287 4657 lascivia
1311 4604 1488 4657 carnis
1526 4604 1706 4659 liberis
1750 4611 2085 4678 nascebatur,

598 4767 622 4794 ο
659 4756 789 4812 Cod.
822 4755 891 4812 59
916 4771 1033 4826 sup.
1063 4757 1178 4821 cit.,
1206 4767 1492 4812 ornaretur.

599 4827 624 4865 δ
661 4827 829 4901 ςράά.
862 4824 963 4901 i'li
980 4824 1073 4901 cit.
1106 4835 1165 4901 et
1186 4826 1252 4879 59
1275 4825 1456 4901 Laur.,
1483 4837 1539 4879 ut
1557 4828 1666 4897 ejus
1691 4833 1775 4900 qui
1805 4848 1953 4901 noua,
1978 4843 2083 4891 etc.

598 4908 620 4935 c
659 4895 806 4965 Idem
831 4897 950 4965 cod.
979 4892 1066 4965 59,
1095 4893 1321 4965 Dignum
1346 4899 1480 4965 enim
1499 4892 1610 4950 erat
1637 4892 1714 4959 ut,
1742 4911 1848 4956 etc.

537 5038 546 5046 .
594 4965 618 5002 ἀ
657 4964 806 5046 Idem
833 4963 959 5046 cod.
984 4963 1073 5031 59,
1103 4963 1255 5017 Nulli
1282 4964 1492 5018 dubium
1527 4975 1601 5019 est
1631 4971 1764 5038 quod
1789 4974 1840 5023 in
1865 4973 2083 5029 ,senibus

518 5038 630 5106 jam
659 5037 977 5104 refrigescat.

585 5115 621 5184 _¢
828 5102 948 5166 174,
972 5113 1064 5155 nec
1093 5103 1228 5184 ultra
1265 5105 1655 5184 sexagesimum.
1675 5109 1842 5159 artatis
1870 5125 2079 5184 annum,

525 5177 671 5240 posse
694 5172 830 5239 ﬁlios
850 5174 1127 5240 procreari.
1155 5171 1383 5226 Joannes
1394 5171 1575 5224 autem
1603 5173 1736 5225 ultra
1765 5177 1966 5229 modum
1989 5195 2082 5230 na-

2188 3539 2323 3591 enim
2370 3538 2519 3592 ambo
2540 3539 2669 3607 justi
2711 3549 2833 3593 ante
2871 3539 3056 3607 Deum,
3101 3541 3390 3594 incedentes
3426 3544 3481 3594 in
3528 3543 3756 3596 omnibus

2188 3627 2446 3681 mandatis
2485 3636 2535 3680 et
2574 3627 3027 3697 justiﬁcationibus
3056 3627 3266 3682 Domini
3311 3632 3424 3683 sine
3450 3631 3685 3700 querela,
3712 3641 3756 3682 et

2188 3735 2290 3773 non
2310 3728 2426 3771 erat
2453 3718 2558 3771 illis
2587 3719 2747 3788 ﬁlius,
2775 3729 2825 3772 et
2849 3719 2984 3790 quod
3011 3729 3146 3774 esset
3177 3718 3446 3783 Elisabetli
3479 3723 3689 3784 sterilis,
3711 3733 3754 3773 et

2188 3808 2337 3864 ambo
2365 3810 2729 3879 Wessissent
2767 3810 2822 3864 in
2850 3809 3024 3863 diebus
3059 3810 3184 3863 suis.
3223 3808 3456 3863 Factum
3482 3818 3559 3864 est
3595 3821 3754 3863 ures:

2195 3911 2218 3947 s
2247 3910 2302 3952 ut
2322 3899 2607 3953 Zacharias
2641 3901 2695 3953 in
2723 3902 2901 3954 ordine
2929 3901 3049 3954 vicis
3084 3916 3193 3954 sum
3222 3902 3485 3970 ingressus
3525 3911 3754 3953 sanctua-

2186 3989 2340 4051 rium,
2370 3997 2424 4042 ut
2449 3989 2710 4041 incensum
2745 3998 2984 4058 poneret;
3014 3999 3062 4042 et
3099 3989 3266 4043 subito
3301 3989 3514 4059 angelus
3555 3989 3754 4044 Domini

2192 4078 2426 4146 apparuit
2466 4079 2532 4139 ei,
2574 4077 2750 4130 dicens
2777 4094 2798 4131 :
2829 4076 2911 4131 Ne
2951 4081 3156 4143 timeas,
3187 4079 3480 4144 Zacharia,
3524 4084 3754 4152 quoniam

2188 4170 2429 4223 exaudita
2469 4179 2544 4223 est
2572 4171 2736 4226 oratio
2764 4180 2876 4236 tua,
2903 4181 2951 4223 et
2985 4189 3117 4226 uxor
3162 4181 3249 4225 tua
3287 4171 3555 4228 Elisabetls
3601 4176 3756 4243 pariet

2189 4258 2279 4311 tibi
2299 4260 2484 4326 ﬁlium,
2513 4271 2561 4313 et
2586 4260 2787 4314 vocabis
2816 4278 2999 4314 nomen
3027 4263 3138 4331 ejus
3173 4262 3450 4317 Joannem.
3483 4263 3756 4317 Zacharias

2189 4350 2294 4403 hoc
2321 4350 2502 4404 audito
2543 4351 2891 4414 contremuit;
2920 4359 2977 4405 et
3021 4352 3146 4420 quia
3181 4351 3291 4419 jam
3328 4366 3495 4405 senex
3537 4361 3680 4414 erat,
3708 4359 3754 4404 et

2189 4455 2326 4494 uxor
2371 4440 2488 4508 ejus
2528 4441 2910 4509 nonagenaria,
2940 4457 3044 4495 non
3089 4442 3345 4496 credebat
3389 4443 3508 4495 ﬁeri
3547 4450 3756 4510 propter

2189 4540 2539 4595 senectutem,
2563 4533 2706 4600 quod
2735 4532 2954 4600 angelus
2975 4533 3300 4602 promiserat
3328 4547 3427 4600 per
3452 4533 3754 4594 veritatem;

2191 4628 2246 4673 et
2272 4621 2395 4687 quia
2427 4635 2532 4676 non
2574 4607 2835 4686 credidit,
2857 4620 2978 4676 ideo
3005 4629 3184 4676 mutus
3226 4621 3554 4691 permansit,
3602 4617 3754 4690 tqune

2115 4769 2167 4830 D
2195 4769 2470 4843 Numicum
2496 4773 2681 4840 David,
2702 4781 2830 4840 etc.,
2854 4783 3111 4828 structura
3137 4775 3332 4843 templi,
3364 4784 3473 4829 etc.

2268 4841 2288 4880 ΐ
2331 4842 2473 4896 idem
2502 4843 2624 4897 cod.
2658 4843 2780 4909 174,
2807 4846 3160 4898 ministrarent
3183 4841 3247 4900 in
3273 4844 3531 4912 sacri/icto
3559 4842 3753 4911 templi;

2193 4927 2252 4963 ea
2277 4920 2444 4964 tamen
2468 4913 2771 4981 provisione,
2803 4921 2859 4965 ut
2896 4914 2941 4966 si
2971 4915 3082 4982 quis
3111 4913 3408 4982 pontiﬁcum
3429 4915 3533 4966 vita
3557 4912 3754 4965 decede-

2193 4929 2252 4963 ea
2277 4929 2444 4964 tamen
2468 4929 2771 4981 provisione,
2803 4929 2859 4965 ut
2896 4930 2941 4966 si
2955 4929 3082 5034 Jun
3111 4929 3408 4982 ponupcum
3429 4929 3533 4966 vita
3557 4929 3753 4965 accede-

2189 4988 2283 5042 ret,
2317 4981 2559 5062 optimum
2577 4982 2636 5062 in
2663 4997 2724 5062 ea
2748 4989 2896 5062 parte
2923 4998 2954 5032 a
3017 4984 3358 5062 sacerdotium
3385 4983 3632 5062 eligerent
3649 4995 3753 5062 αξξ

2186 5046 2456 5168 gestirem.
2489 5049 2624 5103 Huic
2661 5046 2882 5105 lectioni
2916 5049 3206 5106 conformis
3233 5058 3318 5104 est
3343 5046 3504 5105 lectio
3527 5049 3650 5104 cod.
3694 5046 3754 5101 39

2231 5133 2295 5168 au
2329 5133 2393 5168 en
2424 5156 2439 5168 .

2231 5127 2439 5170 aurent.

2259 5195 2283 5230 8
2323 5185 2455 5255 Cod.
2487 5185 2554 5239 39
2580 5186 2728 5255 legit,
2756 5186 2980 5241 Factum
3006 5196 3084 5242 est
3102 5195 3302 5251 mitem,
3328 5204 3445 5241 cum
3479 5185 3762 5240 Zacharias.

525 5251 653 5320 tura:
679 5256 750 5327 ex‘
771 5240 987 5327 seniost:
1001 5241 1115 5327 iam
1137 5240 1234 5327 ait)
1265 5243 1403 5321 omni
1445 5242 1625 5295 ordine
1665 5247 1910 5327 nascitur.
1954 5246 2083 5327 Abia
2180 5251 2235 5303 in
2266 5254 2446 5306 ordine
2467 5257 2586 5308 vicis
2613 5240 3022 5327 s‘uéingressus
3043 5240 3173 5310 esset
3201 5240 3580 5327 sanctum-ium,
3600 5265 3655 5307 ut
3678 5257 3750 5308 iu-

522 5311 706 5380 qut'ppe
733 5308 1038 5378 temporibus
1063 5308 1234 5363 David
1259 5313 1393 5378 regis
1429 5327 1655 5364 summus
1684 5315 1914 5383 pontifex
1951 5323 2081 5369 erat.

593 5463 607 5491 ¹
643 5460 704 5514 S.
730 5453 1018 5526 Maximus,
1055 5467 1114 5515 ut
1146 5459 1396 5517 omnibus
1432 5460 1596 5514 titulis
1631 5469 1867 5516 sanctam
1916 5461 2083 5515 admi-

521 5529 847 5596 rabilemque
886 5527 1104 5583 Joannis
1143 5530 1392 5598 Baptista:
1423 5531 1752 5583 nativitatem
1794 5533 2077 5583 annuntia-

521 5609 623 5654 εει.
655 5598 720 5651 ab
749 5608 905 5652 aetate
929 5607 1208 5667 parentum
1229 5598 1341 5660 jam
1378 5600 1597 5652 nimium
1640 5611 1892 5665 provecta
1937 5603 2078 5667 cepit

2185 5335 2388 5374 censum
2417 5334 2644 5391 poneret,
2667 5324 2833 5379 subito
2857 5324 3070 5395 angelus
3101 5334 3369 5395 appareret
3397 5325 3464 5379 ei.

2186 5468 2482 5535 rationem;
2506 5470 2745 5545 dixitque
2764 5488 2893 5542 ergo
2915 5489 3013 5529 eos
3033 5474 3268 5541 lascivia,
3292 5476 3558 5545 principio
3579 5474 3752 5545 utique

2186 5542 2758 5623 peccamecaruissen
2775 5553 3091 5623 uiritantem
3136 5542 3599 5623 concupiscentia,
3625 5542 3749 5598 desi-

2183 5604 2334 5660 derio
2358 5608 2557 5663 scilicet
2585 5604 2837 5667 laudabili
2865 5613 3003 5669 ﬁlios
3029 5604 3366 5682 procreandi.
