3896 6250
50 290 147 346 653

1519 282 1747 339 SERMO
1777 281 1905 338 LXI.

3222 284 3338 343 654

48 407 169 458 dum
204 399 325 470 jam
371 409 607 458 octavus
641 401 754 459 dies
791 404 934 455 esset
956 396 1247 453 nativitatis
1271 390 1512 451 Joannis.
1546 394 1645 448 ilio
1673 400 1719 457 Α
1748 404 1934 449 audire
1956 392 2168 457 salutis;
2205 392 2357 447 multi
2379 391 2401 429 δ
2426 392 2591 457 enim,
2620 400 2679 449 ut
2706 401 3027 450 sanarentur
3050 411 3082 451 a
3109 397 3334 469 languo-

50 492 219 562 palam
263 489 687 559 intelligendum
735 496 818 543 est
844 488 989 557 quod
1032 485 1294 544 Joannem
1340 483 1646 540 obsecratio

50 582 248 636 creavit
281 582 486 649 patris,
538 594 648 634 non
692 578 939 647 voluptas
980 576 1145 631 etiam
1185 575 1374 630 matris
1418 564 1646 628 :contra

54 671 545 741 iinpossibilitatem
575 668 818 738 corporis
839 708 855 733 ,
884 672 1073 721 contra
1109 665 1450 720 sterilitatem
1478 662 1650 717 visce-

54 776 184 825 rum,
216 759 505 813 Zachariae
530 758 781 827 precibus
808 763 993 811 uterus
1021 754 1294 810 Elisabeth
1321 753 1646 818 intumescit,

56 861 79 887 ι
100 860 153 904 et
170 850 434 918 concepit
458 864 570 903 non
591 855 801 913 natura,
824 846 923 902 sed
945 847 1102 919 551
1125 846 1306 913 gratia
1325 845 1365 898 ⁸.
1389 843 1446 898 In
1468 856 1653 898 mense

56 950 227 996 autem
257 941 504 1020 septimo
544 937 868 1007 aequinoctio
909 936 1203 991 autumnali
1240 933 1523 1003 conceptio
1571 939 1655 987 est

58 1030 108 1083 S.
154 1029 382 1084 Joannis
434 1029 497 1083 in
543 1036 699 1083 utero
743 1026 938 1082 matris‘
976 1041 1105 1081 suae.
1136 1023 1195 1080 In
1243 1038 1430 1079 mense
1474 1027 1653 1076 autem

62 1122 228 1190 primo
253 1120 493 1175 alterius
520 1120 647 1174 anni
675 1119 730 1173 in
762 1117 1087 1188 aequinoctio
1126 1116 1331 1171 vernali
1368 1114 1654 1183 conceptio

60 1220 137 1265 cst
182 1209 403 1265 Domini
456 1208 751 1264 Salvatoris
796 1208 851 1262 in
892 1215 1047 1262 utero
1086 1205 1323 1273 Virginis
1366 1204 1570 1259 matris.
1609 1200 1653 1256 Ο

63 1315 233 1370 prteco
263 1300 493 1354 Domini
518 1298 831 1360 Salvatoris,
857 1312 1020 1367 quam
1048 1296 1364 1353 mirabiliter
1393 1302 1568 1358 natus,
1600 1302 1656 1348 et

62 1407 216 1459 quam
234 1389 405 1459 justis
436 1390 600 1445 etiam
629 1388 942 1458 parentibus
961 1394 1134 1453 ortus,
1165 1393 1221 1440 et
1247 1383 1390 1453 quod
1414 1383 1654 1438 membra

65 1482 303 1552 corporis
352 1479 557 1536 oﬂ'erre
600 1494 709 1535 non
759 1485 1011 1549 poterant
1034 1518 1047 1543 ,
1100 1476 1272 1544 gratia
1318 1482 1658 1530 concesserat

65 1571 390 1625 Salvatoris!
424 1577 484 1624 et
502 1569 591 1638 qui
612 1575 839 1623 matrem
862 1566 1098 1622 sterilem
1125 1562 1465 1626 fecundabat,
1488 1561 1657 1632 patris

66 1662 193 1716 muti
216 1662 388 1716 etiam
418 1661 657 1727 linguam
685 1658 958 1723 solvebat,
989 1656 1017 1695 ι’
1061 1665 1116 1711 et
1143 1655 1326 1710 statim
1356 1655 1411 1708 in
1448 1668 1656 1724 praeco-

1752 485 1919 549 ribus,
1949 484 2073 551 quia
2100 482 2337 537 Joannes
2372 484 2540 537 multa
2568 484 2722 553 signa
2748 484 2997 549 faciebat,
3026 487 3184 545 multi
3211 503 3338 543 eum

1754 580 1915 652 553
1961 576 2235 633 Christum
2274 590 2393 631 esse
2429 575 2751 642 credebant;
2780 577 2975 646 quibus
3014 586 3196 633 tamen
3223 580 3339 650 ipse

1751 670 1887 724 dixit
1920 686 1933 719 :
1964 666 2083 722 Non
2126 681 2247 721 sum
2285 681 2387 737 ego
2424 666 2688 734 Christus,
2732 669 2828 724 sed
2868 684 3171 738 praecursor
3217 686 3333 725 sum

1751 757 1969 817 Christi.
2016 756 2274 811 Similiter
2309 765 2492 811 autem
2537 770 2681 813 anno
2722 759 2997 826 trigesimo
3039 760 3339 814 nativitatis

1752 848 1951 904 Christi
2001 854 2267 902 venerunt
2311 847 2471 902 ambo
2526 848 2593 902 ad
2649 846 2940 902 Jordanem
2985 847 3231 905 Christus
3284 861 3340 905 et

1752 938 2005 1004 Joannes,
2051 946 2106 993 et
2148 938 2449 1007 baptizatus
2488 946 2571 993 est
2597 937 2843 993 Christus
2887 953 2918 993 a
2964 938 3198 1006 Joanne,
3230 952 3337 996 non

1754 1029 1896 1101 quod
1924 1030 2039 1098 ipse
2066 1044 2166 1097 pro
2192 1037 2418 1097 peccato
2440 1029 2622 1096 aliquo
2651 1028 2915 1095 indigeret
2935 1029 3225 1099 baptizari,
3246 1031 3339 1086 sed

1756 1130 1811 1177 ut
1841 1120 2075 1175 Joannes
2110 1120 2410 1189 baptizaret
2436 1133 2590 1182 eum,
2622 1127 2679 1173 et
2704 1120 2794 1173 ille
2822 1134 2920 1174 suo
2951 1121 3107 1175 nobis
3134 1121 3341 1191 baptis-

1755 1221 1901 1267 mate
1929 1219 1982 1265 et
2012 1226 2205 1279 aquam
2234 1211 2620 1286 sanctiﬁcaret,
2657 1218 2713 1265 et
2753 1212 3058 1280 exemplum
3092 1212 3342 1268 omnibus

1756 1304 1909 1358 daret
1937 1301 2207 1370 baptismi,
2239 1301 2356 1356 sine
2383 1315 2492 1369 quo
2514 1316 2676 1356 nemo
2714 1301 2893 1356 salvus
2919 1312 3036 1357 esse
3064 1303 3340 1372 prtuvalet,

1757 1403 1813 1449 et
1840 1404 1899 1448 ut
1922 1395 2100 1448 nullus
2120 1402 2229 1447 tam
2257 1392 2407 1447 dives
2434 1399 2529 1446 aut
2554 1400 2855 1461 prmpotens
2879 1392 3085 1458 fuisset,
3109 1401 3170 1447 ut
3192 1394 3345 1448 dedi-

1756 1495 2007 1554 gnaretur
2027 1500 2057 1540 a
2080 1498 2236 1540 servo
2265 1482 2543 1553 baptizari,
2565 1497 2688 1537 cum
2717 1481 2990 1537 Christum
3030 1483 3271 1537 audisset
3310 1498 3342 1535 a

1756 1591 1912 1632 servo
1941 1590 2040 1630 suo
2068 1572 2394 1643 baptizatum
2422 1571 2645 1627 Joanne.
2677 1572 2956 1641 Baptizato
2985 1579 3163 1626 autem
3192 1571 3340 1635 Jesu,

1759 1669 1941 1723 statim
1968 1675 2029 1722 ut
2071 1666 2316 1722 ascendit
2362 1665 2435 1720 de
2475 1680 2633 1734 aqua,
2666 1665 2836 1733 aperti
2864 1653 2988 1719 sunt
3025 1664 3075 1718 ei
3116 1664 3258 1729 cmli,
3290 1671 3345 1718 et

69 1754 207 1807 “ium
238 1752 548 1807 salvatoris
578 1757 850 1821 eruperat
893 1748 1075 1803 δυειυε
1102 1748 1247 1803 enim
1274 1761 1343 1802 εκ
1368 1744 1529 1814 Ῑυεῑίδ
1556 1757 1655 1812 Pa‘
1688 1754 1734 1815 Β
1760 1759 1990 1829 Spiritus
2035 1765 2252 1811 sanctus
2298 1757 2352 1811 in
2393 1757 2571 1825 specie
2599 1757 2860 1811 columba:
2888 1757 3034 1811 venit
3061 1765 3118 1811 et
3147 1758 3345 1812 mansit

68 1844 304 1900 rentibus
345 1852 505 1899 ortus
548 1844 711 1897 etiam
748 1840 969 1909 justitia:
1012 1852 1235 1909 operam
1274 1836 1329 1891 in
1368 1833 1660 1903 semetipso

68 1932 429 1999 monstrabat,
462 1938 525 1986 et
544 1930 637 2001 qui
661 1943 851 2000 parare
882 1930 1025 1984 viam
1063 1926 1293 1982 Domino
1330 1927 1385 1981 in
1410 1924 1661 1982 cordibus

70 2024 301 2079 fidelium
330 2030 585 2090 venerat,
612 2030 760 2077 recte
801 2020 964 2076 etiam
1004 2018 1377 2089 pmnitentiam
1404 2023 1659 2087 peccato-

72 2116 182 2167 rum
236 2127 404 2183 agere
453 2112 803 2184 prtedicabat,
863 2099 1236 2165 aus'teritatem
1291 2109 1455 2164 etiam
1500 2109 1657 2171 vitae,

70 2219 225 2272 quam
254 2204 310 2258 in
339 2203 465 2257 aliis
491 2202 831 2273 przedicavit,
873 2199 986 2271 ipse
1013 2200 1069 2255 in
1110 2214 1209 2254 sua
1250 2199 1662 2255 conversatione

73 2294 394 2348 monstravit
426 2310 440 2345 :
472 2292 737 2362 Erantque
773 2293 1075 2346 uestimenta
1103 2290 1213 2361 ejus
1251 2289 1314 2343 de
1351 2289 1471 2361 pilis
1492 2303 1662 2342 came-

72 2385 251 2451 lorum,
283 2395 333 2439 et
361 2402 500 2440 zona
526 2386 741 2456 pellicea
769 2386 907 2439 circa
935 2384 1133 2438 lumbos
1161 2385 1305 2455 ejus;
1334 2400 1452 2438 esca
1490 2392 1661 2437 autem

73 2483 215 2527 erant
242 2476 461 2530 locusta:
487 2485 537 2529 et
574 2476 677 2529 mel
711 2476 941 2529 silvestre
981 2490 998 2526 :-
1025 2476 1199 2528 uinum
1226 2483 1274 2528 et
1301 2475 1521 2528 siceram
1558 2489 1662 2527 non

74 2566 213 2636 bibit,
257 2579 309 2622 et
351 2584 506 2621 omne
540 2568 859 2620 immundum
902 2583 1006 2621 non
1051 2566 1382 2619 manducavit
1428 2563 1663 2618 omnibus

77 2658 245 2711 diebus
272 2659 395 2712 rita:
423 2673 531 2712 sua:
574 2656 766 2728 (Marc.
800 2656 861 2727 ι).
910 2656 1065 2711 Anno
1110 2664 1291 2710 autem
1327 2655 1602 2723 trigesimo
1632 2669 1663 2708 a

78 2750 352 2805 nativitate
377 2750 543 2819 cmpit
568 2749 841 2819 baptizare
885 2749 1161 2804 venientes
1189 2748 1259 2802 ad
1284 2762 1361 2812 se,
1394 2755 1447 2801 et
1473 2745 1664 2815 praedi-

77 2853 195 2895 care
215 2841 423 2911 papulo
448 2840 771 2909 baptismum
795 2839 1146 2909 pmnitentite,
1180 2846 1239 2892 ut
1276 2852 1373 2907 per
1392 2837 1661 2908 paeniten-

81 2931 202 2985 tiam
227 2940 283 2985 et
309 2930 707 2987 confessionem
735 2941 1077 3001 peccatorum
1107 2929 1253 2997 digni
1281 2929 1577 2984 existerent
1596 2926 1664 2981 ad

78 3022 477 3091 percipiendam
522 3020 891 3077 remissionem
933 3026 1304 3090 peccatorum,
1335 3033 1496 3087 quam
1537 3016 1661 3085 quia

1759 1865 1920 1919 super
1948 1862 2093 1914 eum,
2118 1857 2172 1901 et
2192 1856 2295 1901 vox
2323 1845 2498 1900 Patris
2524 1846 2591 1900 de
2618 1846 2767 1901 oculis
2790 1847 2969 1900 audita
3000 1851 3099 1909 est,
3123 1846 3343 1901 dicens:

1761 1939 1865 1993 Hic
1890 1952 1967 1993 est
1998 1936 2165 1991 Filius
2194 1952 2337 1990 meus
2375 1936 2588 1990 dilectus
2609 1977 2623 2002 ,
2652 1937 2707 1989 in
2736 1952 2834 2005 quo
2875 1936 2997 1989 mihi
3040 1934 3165 1989 bene
3202 1950 3345 1991 com-

1760 2031 1970 2100 placui:
2002 2030 2172 2097 ipsum
2199 2028 2369 2081 audite
2408 2025 2556 2097 (Luc.
2589 2026 2689 2095 In).
2723 2025 2877 2091 Quod
2908 2032 2965 2079 ut
2991 2026 3122 2080 vidit
3150 2033 3206 2080 et
3245 2037 3345 2080 au-

1760 2122 1891 2177 divit
1921 2121 1975 2174 S.
2005 2119 2261 2187 Joannes,
2306 2120 2486 2173 statim
2518 2120 2684 2173 turba:
2721 2132 2841 2187 quae
2871 2127 2894 2156 ο
2925 2118 3131 2181 aderat,
3176 2117 3346 2186 digito

1760 2211 2047 2267 Dominum
2077 2210 2415 2272 monstravit,
2438 2208 2621 2263 dicens
2658 2225 2671 2260 :
2708 2207 2845 2261 Ecce
2871 2209 3047 2279 Agnus
3082 2206 3201 2273 Dei,
3232 2220 3347 2260 ecce

1761 2303 1847 2373 qui
1870 2302 2002 2355 tollit
2038 2310 2249 2371 peccata
2289 2300 2468 2353 mundi
2501 2298 2682 2368 (Joan.
2714 2298 2774 2367 1).
2808 2297 2947 2353 Ecce
2974 2312 3134 2368 quem
3160 2308 3348 2352 omnes

1763 2391 2041 2461 prophetae
2088 2390 2450 2460 prmdixerunt
2494 2397 2817 2455 venturum;
2868 2400 2996 2443 ecce
3040 2403 3201 2456 quem
3245 2399 3347 2454 ego

1762 2483 1914 2538 vobis
1938 2482 2179 2551 promisi,
2203 2497 2301 2551 per
2318 2496 2479 2551 quem
2502 2497 2609 2536 non
2628 2482 2804 2536 solum
2831 2480 3205 2535 remissionem
3228 2492 3348 2549 pec

1763 2582 2030 2639 catorum,
2072 2571 2166 2625 sed
2194 2571 2357 2625 etiam
2386 2578 2645 2625 :eterna‘m
2679 2570 2845 2623 vitam
2883 2579 2938 2624 et
2976 2568 3349 2623 immortalita-

1766 2670 1891 2729 tem,
1923 2648 2185 2731 simulqnc
2224 2660 2474 2727 gaudium
2513 2668 2570 2714 et
2606 2659 2994 2715 beatitudinem
3040 2657 3350 2727 percipiatis

1763 2762 2018 2806 teternam
2037 2791 2051 2814 ,
2081 2752 2125 2804 si
2154 2748 2491 2805 credideritis
2510 2738 2513 2739 ⁷
2532 2750 2585 2804 in
2615 2763 2760 2803 eum.
2792 2748 3009 2803 Talibus
3037 2747 3054 2785 ῖ
3086 2748 3230 2801 enim
3258 2760 3351 2816 ge-

1764 2845 1879 2907 stis,
1911 2843 2035 2897 dum
2078 2842 2308 2895 eniteret
2354 2840 2544 2894 beatus
2585 2839 2838 2903 Joannes,
2870 2835 3112 2893 Herodes
3137 2851 3234 2891 rex
3262 2848 3353 2890 su-

1765 2938 2038 3008 pradictus
2068 2934 2219 2988 fratri
2247 2948 2348 2988 suo
2388 2930 2634 3002 Philippo
2664 2932 2785 2985 tulit
2813 2945 3057 2996 uxorem,
3088 2938 3145 2985 et
3171 2928 3272 2984 sibi
3297 2928 3351 2982 in

1766 3025 2071 3095 conjugitun
2095 3016 2386 3093 copulavit.
2415 3020 2587 3087 Quem
2610 3036 2732 3076 cum
2760 3021 2949 3075 beatus
2975 3016 3210 3073 Joannes
3230 3016 3354 3073 inde

81 3110 204 3167 dare
240 3128 350 3167 non
382 3112 559 3182 potuit
597 3127 698 3167 suo
722 3112 1074 3181 baptismate,
1114 3115 1296 3166 tamen
1336 3108 1661 3181 praedicabat
1690 3103 1735 3166 C
1766 3117 2082 3186 corriperet,
2119 3115 2297 3183 capite
2340 3119 2587 3166 truncato
2616 3110 2933 3180 martyrium
2961 3110 3184 3164 feliciter
3221 3118 3354 3163 con-

80 3217 196 3255 eum
223 3217 344 3259 esse
372 3202 441 3258 ad
466 3218 567 3258 nos
605 3210 888 3258 venturum
928 3202 1038 3257 cito
1066 3200 1337 3256 Christum
1377 3199 1660 3256 Dominum

84 3290 434 3356 Salvatorem,
466 3291 537 3348 de
579 3306 687 3361 quo
734 3298 790 3346 et
828 3292 947 3362 ipse
988 3290 1244 3361 Joannes,
1286 3298 1343 3347 et
1383 3304 1572 3345 omnes
1606 3290 1662 3344 in

83 3399 198 3438 eum
238 3386 552 3450 credentes,
583 3393 638 3439 ct
666 3385 720 3439 in
752 3385 972 3439 nomine
999 3384 1117 3453 ejus
1145 3383 1400 3453 baptizati
1436 3397 1545 3436 non
1574 3390 1664 3436 so-

86 3474 187 3530 lum
215 3478 590 3533 remissionem
632 3484 999 3546 peccatorum,
1043 3474 1139 3529 sed
1175 3482 1231 3528 et
1272 3474 1438 3527 vitam
1482 3479 1665 3537 essent

85 3568 385 3637 percepturi
410 3574 685 3621 aeternam.
716 3564 824 3621 Cur
861 3573 1039 3620 autem
1078 3565 1373 3634 baptizavit
1408 3562 1661 3629 Joannes,

87 3673 202 3713 cum
228 3660 603 3714 remissionem
645 3656 774 3713 dare
802 3672 913 3712 non
954 3656 1163 3727 potuit,
1195 3655 1297 3711 nisi
1328 3663 1387 3709 ut
1429 3670 1667 3725 praecur-

86 3748 216 3802 soris
247 3759 270 3787 ο
293 3748 412 3818 ejus
436 3748 679 3803 ordinem
707 3754 965 3811 servaret,
993 3757 1047 3801 et
1072 3745 1213 3801 sicut
1233 3745 1518 3800 Dominum
1547 3744 1667 3799 Sal-

89 3847 321 3894 vatorem
372 3846 429 3895 et
466 3838 749 3894 nativitate
788 3845 844 3893 et
886 3836 1066 3892 officio
1106 3836 1499 3906 praedicationis
1526 3851 1665 3906 prae-

89 3932 353 4002 currebat,
375 3934 448 3987 ita
486 3934 650 3986 etiam
686 3932 1013 4001 baptismum
1031 3929 1235 3985 Christi
1262 3946 1361 3987 suo
1398 3931 1666 4002 baptismo

92 4024 473 4088 prtecurreret?
509 4022 643 4076 Nam
688 4036 787 4092 per
828 4020 1267 4092 prtedicationem
1316 4037 1470 4076 suam
1516 4021 1669 4076 multi

91 4112 329 4167 conversi
373 4120 499 4166 sunt
524 4111 593 4166 ad
623 4111 909 4166 Dominum
953 4120 1174 4180 agentes
1200 4111 1571 4180 paenitentiam
1601 4111 1668 4166 de

92 4205 319 4268 peccatis
346 4204 477 4270 suis,
506 4213 562 4259 et
582 4203 943 4268 crediderunt,
979 4204 1025 4259 si
1069 4202 1284 4273 quando
1312 4202 1555 4257 Christus
1577 4218 1670 4257 ve-

96 4293 270 4359 nisset,
297 4310 462 4364 quem
499 4293 735 4349 Joannes
772 4302 1058 4349 venturum
1106 4294 1446 4364 praedicavit,
1478 4294 1669 4349 remis-

94 4383 287 4439 sionem
314 4393 682 4455 peccatorum,
706 4393 762 4440 et
780 4386 942 4441 vitam
966 4387 1242 4456 percipere
1262 4388 1665 4457 sempiternam.

98 4472 159 4527 Et
186 4477 303 4533 ideo
330 4477 486 4533 multi
512 4478 791 4533 venientes
810 4477 877 4532 ad
905 4478 1169 4548 baptisma
1192 4478 1413 4534 Joannis
1443 4480 1669 4533 verbum
1700 4470 1752 4529 D

1767 3210 2073 3265 sunnnavit.
2106 3204 2465 3276 Quapropter,
2496 3202 2776 3267 carissimi,
2808 3202 2853 3255 si
2894 3200 3054 3269 digne
3083 3207 3193 3254 tam
3229 3210 3353 3253 san-

1765 3300 1837 3354 cti
1867 3298 2079 3353 Domini
2106 3294 2448 3367 praecursoris
2475 3292 2723 3347 volumus
2759 3291 3021 3346 solemnia
3058 3290 3352 3355 celebrare,

1766 3391 2024 3447 debemus
2053 3404 2151 3443 nos
2190 3386 2389 3441 sanctis
2410 3386 2674 3439 bonorum
2704 3397 2928 3454 operum
2956 3381 3163 3435 meritis
3191 3380 3354 3435 ador-

1767 3497 1917 3547 nare,
1950 3482 2004 3535 in
2029 3479 2235 3549 jejunio
2264 3485 2320 3533 et
2346 3476 2615 3539 castitate,
2648 3474 2702 3527 in
2731 3472 3084 3535 continentia,
3109 3473 3164 3526 in
3186 3472 3353 3526 humi.

1767 3574 1919 3627 litate
1972 3547 2115 3635 vitae,
2149 3569 2200 3622 in
2228 3563 2634 3619 mansuetudine
2662 3571 2718 3617 et
2739 3562 3054 3629 sobrietate,
3077 3561 3132 3615 in
3160 3559 3353 3628 vigiliis
3434 3547 3440 3553 ’

1768 3672 1823 3719 et
1850 3660 2201 3724 orationibus,
2226 3658 2279 3712 in
2308 3656 2772 3724 eleemOsynarum
2798 3652 3068 3721 largitate,
3095 3660 3120 3699 κ
3150 3650 3207 3705 ἱιι
3250 3662 3347 3720 pa-

1769 3754 1956 3809 tientia
1985 3760 2040 3807 et
2080 3748 2419 3805 confessione
2465 3744 2770 3807 criminum,
2814 3743 2869 3797 in
2912 3742 3060 3797 omni
3100 3740 3353 3795 instantia

1767 3846 2033 3900 bonorum
2060 3854 2284 3910 operum
2317 3835 2344 3874 ιι
2374 3833 2701 3891 mortificare
2746 3831 3017 3888 desideria
3055 3830 3253 3895 carnis,
3298 3837 3354 3884 et

1769 3936 1976 3990 animas
2016 3938 2226 3987 nostras
2258 3942 2559 3983 mereamur
2606 3925 2661 3978 in
2706 3930 2909 3978 aeterna
2959 3923 3065 3977 vita
3118 3922 3352 3983 salvare,

1771 4028 2065 4083 auxiliante
2093 4022 2250 4078 nobis
2273 4019 2473 4077 sanctis
2500 4017 2611 4074 suis
2639 4017 2893 4087 precibus
2930 4014 3093 4069 beato
3121 4011 3354 4079 Joanne,

1770 4127 1826 4175 et
1852 4119 1917 4173 ad
1944 4131 2106 4173 omne
2148 4114 2352 4170 bonum
2380 4110 2614 4166 studium
2659 4107 2951 4178 adjuvante
2996 4106 3224 4162 Domino
3252 4122 3353 4161 no-

1770 4219 1887 4266 stro
1910 4209 2036 4264 Jesu
2062 4206 2295 4270 Christo,
2322 4202 2413 4274 qui
2441 4216 2564 4256 cum
2591 4207 2859 4255 coaeterno
2882 4197 3043 4252 Patre
3070 4207 3126 4252 et
3152 4196 3353 4267 Spiritu

1770 4307 1959 4355 sancto
1988 4312 2123 4351 unus
2150 4292 2293 4349 Deus
2321 4290 2451 4345 vivit
2487 4296 2544 4345 et
2580 4295 2769 4356 regnat
2797 4288 2851 4341 in
2892 4286 3087 4342 saecula
3127 4284 3354 4340 saeculo-

1773 4408 1912 4447 rum.
1946 4390 2113 4443 Amen
2126 4428 2140 4441 .

1487 4570 1756 4632 SERMO
1798 4570 1965 4631 LXI.

1160 4666 1293 4722 Item
1319 4670 1373 4721 in
1404 4669 1569 4721 natali
1590 4668 1649 4723 S.
1676 4669 1899 4725 Joannis
1930 4667 2179 4737 Baptist
2208 4664 2273 4719 γ.

1546 4779 1939 4835 ADMONITIO.

166 4889 1019 5017 {jﬁﬂmpbrﬁcllaggﬂhﬁqudem
1070 4905 1249 4946 sermo
1294 4888 1621 4971 S..Masimo
1650 4891 1937 4957 inscriptus
1963 4886 2156 4955 legitur
2183 4886 2237 4966 in
2284 4883 2575 4966 codicibus,
2598 4894 2736 4963 quos
2764 4880 3011 4963 vidimus,
3058 4878 3259 4945 tribus;
3300 4880 3353 4935 in

198 5000 214 5017 .
508 5002 522 5016 .
676 5000 689 5014 .
895 4976 947 5017 ο.
973 4960 1105 5016 eccl.
1137 4958 1461 5017 Florenttn..
1485 4957 1629 5013 1:139
1650 4959 1792 5013 Plut.
1818 4974 1923 5012 xvn
1951 4956 2332 5017 Laurentiano,
2364 4964 2419 5008 et
2447 4970 2501 5007 in
2528 4954 2787 5007 Vaticano
2810 4949 2963 5014 £000,
2998 4962 3119 5017 pag.
3156 4949 3242 5003 42.

103 4949 362 5028 t7l','olim
390 4962 522 5017 bibl.
550 4961 689 5017 :edil.
717 4949 947 5032 metmp.
973 4960 1105 5016 eccl.
1137 4958 1461 5026 Florentiu.,
1485 4960 1539 5013 in
1560 4957 1629 5011 39
1650 4959 1792 5013 Plut.
1818 4949 1923 5012 im.
1951 4949 2332 5020 Laurentiano,
2364 4964 2419 5008 et
2447 4955 2501 5007 in
2528 4949 2787 5007 Vaticano
2810 4949 2963 5014 l060,
2998 4962 3119 5019 pag.
3156 4949 3242 5003 ts.

128 5102 192 5172 ..⁸
224 5093 392 5151 (Ῑοάἀ-
428 5093 530 5149 174
551 5102 607 5172 ες
619 5092 720 5161 59,
745 5102 795 5172 et
815 5094 1057 5165 concipit,
1079 5103 1181 5172 nan
1209 5101 1418 5172 natura,
1443 5091 1534 5149 sed
1552 5113 1670 5166 gra-

106 5164 169 5215 tia
194 5173 350 5229 ortus,
382 5173 438 5223 ut
468 5164 604 5235 quod
635 5164 871 5235 membra
907 5164 1142 5235 corporis
1174 5164 1361 5233 o/j‘erre
1384 5181 1487 5219 non
1526 5164 1669 5235 pote-

107 5236 426 5314 rantzpratia
452 5232 751 5314 concederet
777 5232 1084 5314 salvatoris.
1114 5232 1200 5314 In.
1224 5232 1333 5314 etc.

169 5301 377 5374 “idem
420 5304 543 5358 cod.
576 5301 679 5356 174
724 5312 780 5359 et
816 5301 906 5371 59,
950 5312 1006 5355 ut
1047 5304 1223 5357 statim
1260 5305 1315 5356 in
1353 5304 1667 5374 praeconium

110 5365 381 5428 Saluatoris
407 5382 714 5428 erumperet.

108 5441 387 5567 "4,1;de
432 5440 563 5497 θοάέ
603 5440 705 5496 1⁷4
745 5450 800 5497 ei
839 5440 927 5507 59.
974 5443 1337 5514 prwcursionis
1384 5454 1491 5498 sum
1529 5442 1673 5497 ονάε-

212 5550 228 5576 ς
248 5550 349 5567 νυν.

168 5584 191 5613 ⁸
227 5579 384 5636 lidcm
414 5580 534 5637 cod.
567 5579 639 5633 39
655 5590 710 5635 et
738 5580 863 5646 174,
890 5583 1038 5638 multi
1061 5592 1108 5637 et
1144 5598 1249 5635 una
1275 5582 1596 5636 sanabuntur
1636 5598 1670 5634 a

1774 5089 2109 5166 iartguoribus
2148 5091 2277 5166 suis,
2308 5081 2696 5166 quia-Joannes
2720 5083 2886 5166 multa
2926 5082 3076 5166 signa
3114 5079 3352 5166 faciebat,

1774 5176 1824 5217 et
1847 5156 2082 5245 inﬁrmos
2117 5156 2371 5231 sanabat;
2400 5166 2448 5212 et
2478 5160 2583 5223 ita,
2625 5172 2739 5209 cum
2778 5164 2921 5209 tanta
2948 5156 3101 5225 signa
3138 5156 3351 5225 faceret,

1775 5233 2080 5355 mufnl’ideelgt.
2124 5298 2244 5353 cod.
2279 5296 2380 5353 174
2427 5303 2483 5351 et
2520 5294 2611 5360 '59,
2660 5296 2836 5348 statim
2880 5295 3041 5349 turst
3079 5310 3193 5366 qua
3232 5294 3349 5349 adc-

1776 5380 2061 5491 ’ἅτ”ιάεηι
2091 5438 2211 5493 cod.
2244 5434 2330 5499 29,
2363 5433 2573 5489 Talibus
2598 5434 2774 5503 igitur.

1849 5519 1873 5556 ε
1912 5508 2080 5561 Codd.
2118 5506 2217 5558 174
2241 5516 2296 5560 et
2324 5503 2410 5568 39,
2440 5507 2493 5557 in
2523 5504 2837 5573 paenitentia.

1848 5576 1873 5614 ιι
1913 5577 2075 5629 Iidem
2106 5575 2287 5641 codd.,
2316 5576 2702 5645 mortiﬁcemus.

173 5673 185 5703 ¹
218 5672 271 5728 ld
296 5684 398 5743 est,
433 5689 541 5731 non
569 5688 634 5729 ex
664 5675 935 5729 consuetis
964 5682 1167 5730 natura:
1196 5674 1417 5739 viribus,
1448 5672 1541 5727 sed
1572 5686 1639 5727 ex
1670 5668 1873 5726 caelesti
1901 5665 2287 5721 benedictionis
2313 5664 2522 5720 effectu.
