3896 6250
523 325 641 383 655

1742 320 1798 376 S.
1841 319 2079 374 MAXIM!
2119 321 2566 381 TAUIHNENSIS

3694 316 3794 368 63C»

537 431 1191 501 Ancuumnl.—-Cuiqne
1212 431 1502 505 meditanti
1540 431 1856 505 nativitatem
1883 433 2104 505 Joannis
2135 437 2183 496 Α
2209 437 2523 491 constituit?
2553 435 2660 489 Lex
2691 436 2823 489 enim
2852 444 2902 488 et
2921 435 3214 505 Propheta,
3247 444 3307 490 ut
3329 435 3544 491 Veritas
3570 435 3667 498 ait,
3701 451 3788 485 us-

601 505 851 571 Baptista:
876 518 996 556 mox
1025 500 1246 571 occurrit
1269 501 1509 552 nativitas
1535 500 1745 571 Christi.
1777 500 2005 571 Joannes
2036 503 2105 553 ad

600 569 915 639 evadendum
979 570 1230 639 originale
1272 577 1533 639 peccatum
1573 569 1955 639 circumcisione
2001 586 2104 622 non

601 642 756 704 eguit.
785 635 1208 702 Quomodo'natis
1234 635 1502 704 mulierum
1522 653 1624 688 non
1639 637 1704 704 sit
1719 637 1886 704 major
1898 635 2104 690 Joanne

679 710 836 777 ptista
850 709 887 777 ζ
904 707 1068 777 Plura
1092 707 1153 777 de
1183 705 1302 777 Elia
1328 714 1378 757 et
1419 703 1610 758 Eliswo
1635 703 1868 757 Joannes
1913 721 1980 757 ea:
2015 722 2105 758 ore

599 775 812 832 sanum
848 776 1089 828 Veritatis
1112 775 1374 826 laudatus.

604 885 872 940 Hodierna
927 883 1206 950 festivitas,
1259 883 1614 949 dilectissimi,
1664 889 1779 936 toto
1824 891 2105 937 terrarum

531 974 663 1029 orbe
716 972 1002 1040 conspicua
1031 979 1239 1026 mentes
1269 979 1481 1025 nostras
1507 986 1573 1025 co
1600 971 1797 1024 clarius
1824 972 2107 1040 splendore

528 1061 764 1132 quodam
791 1075 945 1116 nova:
965 1058 1098 1113 lucis
1127 1058 1368 1125 irradiat,
1398 1073 1506 1126 quo
1526 1067 1580 1112 et
1627 1059 1976 1127 primordium
2004 1073 2103 1113 no-

528 1158 655 1205 stra:
673 1148 1057 1217 redemptionis
1073 1161 1137 1201 ac
1151 1149 1264 1201 veri
1283 1148 1493 1201 luminis
1508 1156 1683 1201 ortum
1706 1155 1766 1200 ut
1784 1148 2100 1208 recolamus,

529 1239 740 1294 invitat.
771 1237 868 1293 Cui
892 1238 1034 1292 enim
1062 1236 1340 1291 meditanti
1389 1236 1722 1290 nativitatem
1747 1235 1970 1290 Joannis
1997 1251 2103 1288 non

530 1345 660 1385 mox
687 1328 920 1384 occurrit
964 1328 1216 1381 nativitas
1254 1325 1484 1381 Christi?
1512 1325 1807 1394 prtesertim
1835 1340 1956 1380 cum
1978 1339 2102 1378 nas-

532 1418 691 1474 cendi
718 1417 979 1472 Joannem
1007 1416 1075 1472 de
1121 1424 1274 1485 patre
1318 1429 1447 1469 sene
1491 1423 1546 1468 et
1573 1414 1741 1468 sterili
1767 1422 1939 1468 matre
1958 1414 2100 1466 nulla

511 1509 635 1561 alia
663 1506 932 1561 exstiterit
958 1519 1140 1568 causa,
1173 1503 1274 1557 nisi
1303 1510 1360 1556 ut
1387 1502 1702 1555 mirabiliter
1724 1509 1876 1554 natus
1899 1515 2099 1568 praece-

529 1597 684 1652 deret
696 1594 1034 1663 singulariter
1054 1593 1378 1647 nasciturum
1404 1609 1416 1643 :
1441 1591 1641 1643 amicus
1662 1589 1907 1642 videlicet
1929 1587 2100 1656 Spon-

528 1702 669 1748 sum,
702 1686 930 1738 famulus
956 1684 1261 1745 Dominum,
1293 1696 1394 1734 vox
1425 1680 1676 1744 Verbum,
1730 1680 1943 1733 lucerna
1992 1677 2095 1733 So-

2207 543 2302 594 que
2344 527 2414 579 ad
2456 526 2710 580 Joannem
2731 524 2888 594 (Luc.
2916 525 3050 592 xvi).
3084 523 3316 578 Joannes
3366 525 3514 578 enim
3537 524 3636 576 iste
3666 535 3788 574 cum

2209 618 2435 672 Domino
2456 616 2912 672 circumcisionem
2940 615 3151 683 quidem
3181 616 3234 668 in
3256 629 3354 668 sua
3384 628 3548 670 carne
3591 627 3784 676 susce-

2206 706 2302 774 pit,
2334 704 2428 758 sed
2457 705 2748 773 suscipiens
2770 703 3092 757 terminavit.
3126 701 3191 754 Et
3215 703 3338 756 ideo
3366 703 3459 770 qui
3489 715 3646 754 novre
3669 713 3787 766 gra-

2206 795 2293 848 tia:
2322 810 2517 862 prmco,
2548 803 2603 848 et
2631 792 2940 860 magniﬁcus
2962 791 3310 844 annuntiator
3331 791 3544 852 enituit,
3567 787 3637 842 ad
3667 803 3784 840 eva-

2205 881 2436 935 dendum
2458 881 2715 948 originale
2739 887 3017 948 peccatum
3045 879 3452 933 circumcisione
3476 893 3586 932 non
3615 877 3778 942 eguit;

2205 970 2297 1023 sed
2325 983 2446 1022 cum
2468 980 2626 1037 supra
2654 968 2845 1035 legem,
2875 982 3034 1037 supra
3063 968 3307 1020 humana:
3329 966 3661 1020 conditionis
3691 980 3779 1018 or-

2203 1056 2378 1110 dinem
2407 1056 2601 1110 electio
2623 1055 2802 1108 divina
2825 1056 3092 1124 provexit.
3123 1055 3219 1108 Cui
3247 1056 3414 1108 etiam
3444 1056 3582 1108 tanti
3611 1055 3780 1106 hono-

2202 1145 2276 1198 ris
2301 1144 2492 1198 collata
2512 1151 2592 1197 est
2616 1143 2804 1211 gloria,
2829 1151 2887 1197 ut
2914 1143 3181 1196 nativitati
3210 1144 3324 1210 ejus
3351 1143 3464 1211 ipsa
3497 1144 3595 1196 Dei
3613 1144 3774 1196 Geni-

2202 1234 2307 1286 trix
2334 1235 2634 1297 interesset,
2663 1231 2884 1302 ejusque
2916 1233 3246 1302 principium
3297 1233 3472 1287 latens
3521 1234 3574 1286 in
3629 1242 3776 1286 utero

2201 1320 2382 1374 mundi
2427 1318 2687 1374 Conditor
2737 1335 2833 1374 sua
2872 1319 3169 1388 praesentia
3197 1320 3494 1374 dedicaret.
3528 1319 3776 1381 Testatur

2199 1413 2303 1466 hoc
2329 1413 2496 1466 Lucas
2535 1411 2881 1478 evangelista,
2910 1426 3030 1464 cum
3058 1411 3186 1464 dicit
3216 1428 3230 1462 :
3263 1414 3457 1464 mansit
3476 1422 3651 1464 autem
3671 1410 3774 1462 lla-

2198 1501 2279 1553 ria
2322 1517 2436 1552 cum
2481 1500 2594 1560 illa,
2625 1499 2872 1553 videlicet
2898 1491 3190 1566 Elisabeth,
3223 1501 3371 1566 quasi
3400 1502 3663 1553 mensibus
3689 1501 3775 1550 tri-

2198 1589 2319 1651 bus;
2349 1599 2400 1643 et
2446 1604 2649 1641 reversa
2684 1596 2762 1641 est
2805 1590 2860 1640 in
2889 1588 3095 1640 domum
3123 1605 3267 1641 suam
3298 1587 3450 1658 (Luc.
3478 1590 3542 1656 ι).
3577 1589 3620 1640 A
3649 1604 3774 1642 con-

2198 1677 2445 1746 ceptione
2473 1677 2672 1744 quippe
2702 1676 2912 1729 Domini
2942 1691 3109 1744 usque
3153 1677 3221 1728 ad
3267 1677 3610 1731 nativitatem
3637 1677 3773 1728 beati

531 1772 1118 1844 lem,pr:ecoJudicem,
1138 1770 1366 1824 salvatus
1386 1776 1730 1837 praecurreret
1743 1767 2090 1822 Salvatorem.
2127 1759 2168 1818 Β
2194 1765 2413 1819 Joannis
2433 1774 2541 1820 tres
2568 1780 2778 1819 menses
2805 1773 2949 1819 sunt.
2974 1764 3196 1818 Nolebat
3219 1765 3409 1833 itaque
3431 1764 3598 1818 Maria
3618 1765 3772 1817 disce-

531 1864 785 1920 Testatur
831 1870 889 1917 et
933 1861 1048 1930 ipse
1099 1858 1330 1913 Joannes
1373 1857 1509 1910 hanc
1553 1870 1671 1910 esse
1720 1855 1799 1908 sui
1842 1855 2096 1908 adventus

531 1967 773 2016 causam,
799 1966 904 2005 non
934 1957 991 2002 ut
1011 1947 1321 2016 simpliciter
1348 1946 1575 2008 veniret,
1604 1943 1697 1997 sed
1725 1951 1784 1996 ut
1811 1943 2092 1997 Dominum

529 2041 599 2094 ad
618 2054 726 2094 sua:
746 2035 1186 2091 manifestationis
1207 2032 1459 2087 indicium
1481 2031 1812 2100 praeveniret.
1846 2029 1972 2083 Post
1993 2046 2090 2095 me,

532 2131 725 2200 inquit,
749 2131 879 2182 venit
900 2129 975 2181 vir
993 2127 1077 2196 qui
1099 2133 1219 2177 ante
1238 2139 1317 2175 me
1344 2124 1510 2192 factus
1537 2129 1631 2187 est,
1659 2121 1776 2192 quin
1829 2121 1970 2188 prior
2013 2135 2094 2172 me

529 2228 661 2282 erat,
686 2228 733 2270 et
758 2233 851 2286 ego
873 2214 1158 2268 nesciebam
1177 2227 1318 2273 eum;
1343 2211 1433 2263 sed
1471 2218 1526 2262 ut
1553 2210 1903 2277 manifestetur
1929 2208 1983 2260 in
2011 2205 2093 2259 Is-

529 2307 657 2370 rael,
709 2315 984 2372 propterea
1023 2303 1136 2355 veni
1164 2317 1254 2368 ego
1281 2301 1336 2352 in
1363 2314 1499 2368 aqua
1527 2296 1792 2363 baptisans
1819 2294 1997 2364 (Joan.
2027 2297 2088 2364 1).

531 2393 794 2452 Prmvenit
845 2407 968 2446 eum
1021 2388 1310 2450 nascendo,
1363 2385 1717 2454 prmdicando,
1749 2384 2089 2452 baptizando,

531 2482 829 2548 moriendo,
877 2489 1152 2550 postremo
1214 2486 1269 2532 et
1318 2475 1385 2529 ad
1450 2475 1647 2527 inferos
1697 2473 2086 2536 descendendo.

525 2573 802 2628 Praecessit
831 2572 1010 2638 itaque
1036 2565 1620 2634 Dominum,pr:ecessit
1646 2573 1702 2617 et
1728 2564 2088 2631 semetipsum.

526 2662 836 2717 Antecnim
865 2675 1022 2729 quam
1049 2659 1420 2726 conciperetur
1442 2656 1493 2708 in
1525 2664 1698 2719 utero,
1730 2662 2008 2722 paternum
2030 2669 2091 2708 os

519 2751 874 2807 incredulitas
899 2749 1108 2811 clausit,
1157 2747 1296 2815 quod
1327 2747 1440 2815 ipse
1469 2753 1753 2811 antequam
1783 2743 2090 2811 loqueretur

525 2841 870 2911 cxpressione
894 2839 975 2893 sui
1002 2837 1233 2892 nominis
1277 2835 1590 2890 mirabiliter
1617 2834 1892 2888 reseravit.
1926 2832 2089 2889 Plane

2195 1857 2339 1918 dere,
2363 1856 2534 1910 donec
2555 1856 2845 1922 grandmvzn
2864 1870 3140 1924 puerperae
3165 1856 3528 1909 ministerium
3575 1854 3772 1907 seduli-

2196 1946 2318 2000 tatis
2339 1944 2688 2014 impenderet,
2721 1953 2775 1999 et
2801 1959 2919 2013 qum
2947 1945 3193 2010 gestabat
3222 1945 3276 1997 in
3307 1945 3426 1996 aula
3460 1944 3542 1998 sui
3579 1927 3769 2010 corpo-

2201 2036 2276 2091 ris
2306 2049 2505 2103 regem,
2534 2041 2778 2088 cerneret
2804 2033 3008 2087 anteire
3035 2048 3356 2101 praeconem.
3390 2031 3539 2086 Felix
3575 2041 3769 2100 partus,

2198 2139 2357 2193 quem
2386 2124 2473 2177 illa
2493 2123 2584 2177 lux
2604 2122 2803 2191 excipit
2821 2138 2940 2192 qua:
2962 2123 3224 2177 illuminat
3246 2136 3461 2177 omnem
3504 2122 3770 2177 hominem

2195 2215 2498 2269 venientem
2527 2214 2684 2284 555
2715 2214 2768 2267 in
2798 2214 2940 2267 hunc
2965 2213 3240 2266 mundum.
3266 2211 3370 2267 Sed
3398 2213 3528 2266 dum
3559 2213 3675 2267 lucc
3689 2213 3770 2264 ἰο-

2191 2307 2421 2374 quimur,
2466 2312 2686 2373 repente
2722 2304 2945 2371 quaestio
2973 2303 3126 2356 nobis
3144 2302 3408 2366 oboritur,
3440 2318 3563 2371 qum
3591 2302 3770 2356 dubie-

2192 2404 2356 2450 tatem
2380 2393 2576 2450 inferre
2603 2410 2708 2448 non
2730 2395 2844 2449 sine
2872 2408 3032 2448 causa
3059 2392 3322 2447 videatur.
3352 2392 3612 2446 Testatur
3635 2393 3768 2446 enim

2192 2484 2448 2537 Dominus
2503 2485 2626 2552 quia
2678 2485 2815 2537 inter
2862 2491 3016 2537 natos
3061 2482 3348 2535 mulierum
3404 2497 3513 2536 non
3540 2483 3769 2536 surrexit

2191 2574 2362 2641 major
2384 2573 2588 2628 Joanne
2614 2573 2850 2642 Baptista
2873 2575 3020 2644 (Luc.
3043 2575 3159 2641 vn).
3193 2572 3429 2631 Exclusit
3465 2575 3648 2642 itaque
3670 2589 3770 2626 ma-

2187 2661 2382 2730 jorem,
2415 2678 2522 2716 non
2561 2664 2776 2730 negavit
2821 2662 3100 2729 aequalem.
3131 2661 3267 2715 Hinc
3287 2669 3372 2715 est
3391 2663 3537 2728 quod
3575 2664 3644 2715 ad
3665 2663 3768 2714 Za-

2192 2752 2428 2806 chariam
2468 2739 2686 2820 angelus
2715 2752 2848 2806 dixit
2878 2769 2890 2803 :
2925 2751 3045 2820 Ipse
3071 2750 3328 2816 prlecedet,
3372 2763 3493 2801 ante
3547 2752 3696 2803 illum
3722 2753 3768 2802 in

2190 2841 2373 2908 spiritu
2400 2847 2450 2893 et
2469 2842 2652 2893 virtute
2677 2839 2814 2893 Elite
2843 2838 3051 2908 (Ibid.).
3085 2837 3188 2890 Par
3213 2851 3340 2905 ergo
3372 2835 3502 2892 Elian
3540 2837 3768 2891 Joannes

524 2947 652 2986 cum
675 2929 899 2984 necdum
922 2934 1100 2996 posset
1120 2924 1423 2979 hominibus
1451 2923 1612 2977 verba
1643 2922 1977 2990 depromere.
2003 2939 2114 2991 p0-'
2189 2931 2417 2994 videtur,
2443 2931 2496 2984 in
2525 2930 2678 2999 cujus
2703 2930 2892 2999 spiritu
2921 2938 2974 2984 et
2993 2929 3191 2982 virtute
3212 2929 3472 2983 asseritur
3489 2938 3763 2982 venturus.

523 3024 627 3076 tuit
671 3018 986 3075 exsultando
1036 3017 1293 3071 latentem
1339 3016 1393 3068 in
1439 3023 1593 3068 utero
1642 3014 1870 3080 Virginis
1910 3029 2088 3081 regem
2191 3021 2488 3074 Przesertim
2517 3037 2638 3075 cum
2665 3028 2719 3075 et
2742 3021 2864 3074 alibi
2899 3020 3010 3089 ipsa
3046 3019 3250 3074 Veritas
3270 3019 3452 3072 dicat:
3487 3017 3644 3074 Elius
3659 3020 3763 3088 jam

517 3111 643 3166 εωΙί
673 3108 928 3163 maternis
953 3106 1246 3161 visceribus
1269 3105 1531 3158 nuntiare.
1558 3103 1784 3173 Spiritus
1807 3104 1950 3157 enim
1974 3120 2090 3158 san-
2117 3104 2162 3164 C
2192 3111 2342 3174 venit,
2365 3118 2534 3164 etnon
2549 3119 2891 3181 cognoverunt
2911 3125 3044 3178 eum,
3068 3109 3159 3162 sed
3179 3109 3409 3179 fecerunt
3429 3110 3483 3160 in
3503 3125 3622 3162 eum
3644 3124 3766 3178 quc-

520 3207 657 3260 ctus,
686 3198 776 3264 qui
805 3210 948 3259 eum,
980 3202 1264 3261 antequam
1290 3194 1480 3246 vitales
1508 3207 1665 3246 auras
1694 3200 1957 3260 carperet,
1982 3195 2091 3246 ani-

519 3287 704 3350 mavit,
746 3285 916 3353 ipsum
943 3295 1155 3351 quoque
1195 3282 1423 3335 materni
1445 3282 1662 3349 pudoris
1689 3283 2001 3350 hospitium.
2035 3285 2088 3338 in

523 3391 625 3444 quo
646 3374 888 3440 degebat,
913 3373 1170 3441 implevit.
1201 3370 1352 3425 Unde
1373 3370 1644 3425 Elisabeth
1671 3390 1682 3423 :
1713 3370 1868 3438 Ecce,
1899 3374 2085 3440 inquit,

517 3475 571 3518 ut
599 3467 738 3534 facta
765 3472 842 3516 est
881 3479 974 3516 eo:
1001 3463 1326 3516 salutationis
1356 3470 1458 3515 tua:
1500 3464 1554 3515 in
1584 3464 1791 3517 auribus
1821 3466 1965 3525 meis,
1997 3482 2088 3518 ea:-

515 3551 718 3604 sultarit
769 3551 823 3602 in
854 3549 1041 3620 gaudio
1084 3550 1259 3619 infans
1299 3551 1355 3602 in
1391 3557 1532 3603 utero
1560 3567 1670 3603 meo
1702 3550 1851 3621 (Luc.
1893 3553 1952 3621 1).
1987 3552 2086 3607 Ubi

517 3640 857 3710 quaarendum
886 3648 967 3694 est
995 3639 1265 3708 quomodo
1289 3638 1400 3692 fieri
1423 3640 1599 3707 potuit
1623 3648 1679 3693 ut
1700 3641 1752 3694 in
1784 3641 1944 3714 554
1965 3656 2084 3695 eum

519 3731 746 3800 Spiritus
773 3739 988 3784 sanctus
1013 3744 1107 3783 sua
1136 3729 1276 3782 dona
1305 3729 1649 3798 dill'underet,
1679 3746 1802 3784 cum
1825 3732 1978 3799 juxta
2010 3733 2083 3785 ri-

519 3827 632 3874 tum
653 3819 974 3874 conditionis
999 3819 1239 3872 humana:
1260 3818 1433 3873 adhuc
1459 3819 1511 3872 in
1537 3819 1905 3889 iniquitatibus
1950 3836 2082 3875 con-

517 3914 704 3975 ceptus
727 3907 1002 3968 existeret,
1034 3915 1087 3958 et
1108 3905 1334 3959 necdum
1374 3907 1642 3974 originalis
1671 3910 1874 3977 peccati
1901 3909 2084 3965 vincu-

516 3995 647 4058 lum,
669 4001 919 4063 percepta
951 3995 1132 4061 legalis
1159 3994 1506 4049 observantia:
1523 3997 1945 4065 circumcisione,
1975 4001 2083 4055 sol-

515 4085 700 4138 visset.
720 4082 854 4137 Cum
877 4099 972 4152 per
1000 4084 1216 4154 Moysen
1238 4084 1415 4138 divina
1442 4102 1545 4140 vox
1584 4088 1725 4142 dicat
1753 4107 1764 4140 :
1817 4089 2081 4145 Masculus

512 4176 658 4244 cujus
683 4176 918 4243 prteputii
947 4191 1067 4228 caro
1089 4176 1387 4228 circumcisa
1403 4193 1515 4230 .non
1545 4180 1715 4246 fuerit,
1736 4181 1925 4248 peribit
1958 4183 2074 4235 ani-

514 4281 600 4318 ma
653 4265 749 4317 illa
794 4265 860 4317 de
912 4264 1094 4333 populo
1122 4282 1236 4331 suo,
1269 4275 1293 4301 ⁸
1315 4267 1434 4335 quia
1455 4275 1657 4336 pactum
1684 4285 1846 4322 meum
1877 4272 2076 4326 irritum

513 4357 635 4425 fecit
657 4353 807 4423 (Gen.
833 4355 946 4422 vn).
972 4353 1078 4407 Sed
1101 4355 1390 4409 notandum
1413 4365 1494 4410 est
1513 4358 1634 4424 quia
1657 4358 1880 4427 Spiritus
1907 4363 2076 4416 sancti

2188 3217 2382 3270 cunque
2405 3201 2771 3264 voluerunt;et
2799 3200 2843 3252 si
2871 3199 3019 3252 vultis
3047 3201 3199 3263 scire,
3238 3197 3471 3251 Joannes
3499 3205 3580 3249 est
3627 3197 3766 3249 Elia:

2191 3292 2403 3358 (Matth.
2431 3291 2580 3359 xvu).
2605 3290 2710 3345 Sed
2737 3305 2862 3345 ecce
2883 3305 2914 3344 e
2942 3290 3152 3342 diverso
3179 3288 3311 3341 illud
3338 3289 3598 3351 occurrit,
3627 3288 3764 3357 quod

2187 3379 2407 3434 Elisams
2461 3380 2724 3449 duplicem
2773 3379 2908 3432 Elia:
2957 3378 3201 3446 spiritum
3245 3376 3396 3444 juxta
3419 3376 3644 3430 modum
3667 3392 3765 3429 sum

2188 3469 2460 3538 petitionis
2489 3470 2713 3538 accepit.
2749 3467 2972 3520 Obsecro
2999 3475 3054 3519 ut
3082 3467 3176 3535 ﬁat
3195 3465 3406 3533 spiritus
3436 3473 3554 3518 tuus
3583 3467 3763 3534 duplex

2185 3560 2239 3612 in
2265 3575 2341 3612 me
2365 3558 2469 3627 (IV
2525 3557 2649 3628 Reg.
2683 3557 2763 3626 ιι).
2818 3555 2973 3622 Quod
3011 3556 3055 3610 si
3096 3555 3258 3608 etiam
3288 3553 3510 3608 Elisaaus
3538 3555 3762 3624 duplici-

2185 3658 2268 3704 ter
2296 3649 2579 3712 antecellit,
2610 3647 2867 3716 mqualem
2892 3645 3016 3699 Elia:
3041 3644 3300 3698 Joannem
3344 3645 3623 3712 quomodo
3663 3661 3760 3696 non

2183 3747 2422 3808 superat,
2448 3753 2554 3806 quo
2583 3738 2722 3790 inter
2749 3744 2903 3791 natos
2930 3735 3210 3795 mulierum
3253 3734 3429 3800 major
3457 3748 3620 3788 nemo
3651 3749 3761 3787 sur-

2183 3827 2360 3881 rexit?
2389 3827 2785 3892 Verumtamen,
2816 3833 2875 3880 ut
2917 3824 3156 3879 solvatur
3173 3824 3422 3892 quaestio,
3452 3824 3756 3892 ponderan-

2183 3916 2282 3969 dus
2303 3925 2386 3969 est
2412 3930 2618 3982 sensus,
2649 3922 2710 3968 ut
2735 3912 2879 3982 quod
2901 3913 3089 3967 durum
3120 3913 3173 3966 in
3195 3912 3374 3967 verbis
3403 3912 3758 3966 exterioribus

2182 4013 2357 4069 sonat,
2408 4005 2475 4058 de
2517 4003 2602 4073 pia
2632 4003 2929 4057 intentione
2977 4000 3276 4071 procedere
3300 4000 3558 4055 discretio
3589 4001 3758 4055 sobrie

2179 4093 2458 4148 sentientis
2487 4092 2765 4160 intelligat.
2796 4091 2994 4145 Durum
3024 4090 3219 4160 quippe
3246 4089 3390 4159 quod
3417 4088 3648 4146 Elismns
3665 4090 3755 4144 du-

2181 4186 2374 4254 plicem
2401 4183 2636 4260 magistri
2663 4183 2908 4251 spiritum
2946 4181 3120 4250 petiit,
3149 4195 3268 4234 cum
3298 4194 3408 4233 non
3427 4181 3502 4233 sit
3528 4180 3755 4248 discipu-

2181 4274 2261 4328 lus
2290 4287 2449 4340 supra
2471 4272 2802 4337 magistrum.
2835 4269 2939 4324 Sed
2969 4284 3036 4323 ex
3058 4283 3188 4338 pura
3210 4275 3390 4322 mente
3415 4270 3615 4337 petitio
3661 4270 3751 4322 ista

2179 4363 2462 4432 processit,
2490 4361 2612 4430 quia
2642 4375 2748 4415 non
2771 4370 3039 4413 terrenum
3061 4357 3277 4426 aliquid,
3301 4357 3395 4410 sed
3422 4357 3750 4425 spiritualem

512 4445 681 4511 gratia
729 4443 845 4509 lege
893 4458 998 4497 non
1048 4444 1341 4512 stringitur,
1375 4449 1706 4504 necessitatis
1727 4450 1937 4506 vinculo
1955 4469 2074 4508 non
2103 4442 2152 4501 Ι)
2179 4451 2401 4518 gratiam
2432 4449 2741 4519 postulavit.
2776 4446 2928 4501 Unde
2955 4454 3010 4502 et
3038 4445 3181 4498 Elias
3217 4445 3371 4512 quasi
3411 4445 3749 4512 subindigna-

509 4539 755 4596 tenetur;
780 4533 874 4585 sed
890 4533 1025 4586 sicut
1055 4534 1140 4587 ubi
1170 4535 1282 4586 vult
1309 4536 1494 4602 spirat,
1524 4538 1601 4590 sic
1643 4545 1698 4592 et
1728 4540 1917 4607 quibus
1962 4544 2074 4596 vult
2174 4548 2264 4594 tus
2294 4541 2507 4594 incauta
2543 4537 2786 4607 discipuli
2815 4536 2975 4590 verba
3000 4534 3270 4601 redarguit
3297 4549 3421 4587 cum
3469 4534 3543 4586 ait
3579 4552 3594 4586 :
3633 4534 3747 4586 Ras

505 4622 671 4687 gratis
692 4635 786 4674 sua
809 4619 950 4673 dona
973 4620 1263 4688 dispensat.
1291 4623 1420 4676 Nam
1467 4633 1521 4677 et
1559 4625 1858 4680 Cornelium
1888 4639 2072 4682 centu-

507 4710 738 4776 rionem,
769 4717 1053 4778 antequam
1081 4711 1325 4779 baptismi
1353 4714 1646 4782 susciperet
1670 4714 1955 4782 lavacrum,
1988 4718 2071 4771 in-

506 4797 748 4864 spiravit,
805 4803 862 4850 et
915 4797 968 4850 in
1013 4797 1276 4866 quosdam
1331 4799 1504 4854 adhuc
1548 4802 1792 4869 gentiles,
1823 4803 2070 4871 loquente

504 4883 685 4946 Petro,
718 4898 824 4937 non
853 4884 1045 4947 solum,
1079 4893 1136 4938 ut
1163 4885 1436 4955 Scriptura
1466 4889 1600 4957 (Act.
1627 4889 1684 4958 x)
1710 4897 1952 4956 testatur,
1983 4909 2071 4948 ce-

501 4974 649 5039 cidit,
701 4974 797 5029 sed
846 4975 1014 5029 etiam
1068 4983 1127 5028 ut
1181 4977 1372 5043 linguis
1412 4977 1772 5045 loquerentur,
1804 4982 2068 5036 instruxit.

498 5064 637 5131 Quid
683 5079 813 5132 ergo
852 5066 1045 5118 mirum
1071 5067 1117 5121 si
1144 5068 1363 5121 beatum
1409 5069 1667 5122 Joannem
1720 5067 2073 5138 ante‘legalis

497 5156 734 5210 mandati
757 5155 1116 5226 quodcunque
1147 5159 1440 5212 remedium
1469 5158 1694 5228 Spiritus
1713 5170 1927 5215 sanctus
1967 5162 2068 5215 im-

497 5247 680 5316 plevit,
712 5262 873 5315 quem
902 5248 1069 5317 ipsius
1113 5247 1247 5315 legis
1273 5255 1328 5302 et
1357 5250 1759 5318 prophetarum,
1790 5265 1853 5305 ac
1905 5253 2070 5304 totius

495 5337 704 5392 Veteris
733 5338 1060 5392 Testamenti
1091 5338 1316 5392 limitem
1345 5339 1646 5407 quemdam,
1680 5347 1860 5407 atque,
1912 5349 1969 5392 ut
1997 5341 2069 5393 ita

493 5425 703 5495 loquar,
729 5428 1216 5483 intransmeabilem
1235 5428 1523 5481 terminum
1546 5428 1876 5496 providentia
1897 5428 2070 5481 divina

570 5616 596 5644 ⁸
626 5602 756 5659 Cod.
786 5604 930 5671 Vat.,
954 5606 1192 5672 quoniam
1218 5612 1424 5671 pactum
1457 5621 1640 5657 meum.

2179 4630 2430 4698 diﬁcilem
2461 4627 2754 4696 postulasti.
2785 4625 3191 4693 Simplicitatem
3211 4637 3342 4676 vero
3363 4623 3463 4691 pia:
3492 4623 3744 4677 intentio-

2177 4717 2261 4768 nis
2287 4714 2550 4782 aspiciens
2586 4722 2781 4782 prtesto
2833 4713 3142 4780 subjungit:
3171 4711 3433 4776 Attamen,
3472 4712 3518 4764 si
3567 4711 3744 4763 videris

2177 4821 2256 4857 me
2307 4804 2511 4872 quando
2541 4803 2693 4856 tollar
2738 4818 2771 4854 a
2807 4811 2876 4868 te,
2907 4804 3005 4858 erit
3031 4802 3165 4872 quod
3191 4802 3362 4868 petisti
3389 4799 3603 4868 (Ibid.).
3639 4802 3742 4854 Non

2176 4891 2423 4945 videlicet
2463 4891 2765 4960 duplicitas,
2793 4906 2952 4960 quam
2975 4891 3222 4946 incautus
3262 4904 3442 4944 sermo
3490 4889 3739 4959 profudit,

2175 4983 2268 5037 sed
2315 4982 2515 5037 donum
2562 4983 2799 5050 spiritus,
2858 4981 3002 5051 quod
3048 4980 3234 5035 humili
3263 4996 3327 5035 ac
3355 4981 3566 5035 sincera
3601 4980 3629 5018 δ
3657 4993 3741 5032 sua

2174 5086 2324 5125 mens
2347 5072 2642 5125 intentione
2669 5073 2932 5140 qumsivit.
2964 5071 3076 5126 Hoc
3128 5072 3310 5140 itaque
3337 5070 3502 5126 modo
3543 5086 3737 5142 nequa-

2173 5175 2332 5230 quam
2363 5159 2622 5214 Joannem
2651 5167 2869 5229 superat
2895 5159 3135 5226 Eliszeus,
3164 5160 3302 5214 sicut
3323 5175 3423 5214 nec
3450 5159 3627 5228 major
3669 5167 3739 5213 est

2175 5263 2334 5317 quam
2364 5247 2523 5301 Elias.
2555 5247 2936 5302 Verumtamen
2963 5250 3010 5302 si
3047 5263 3213 5302 sacra:
3241 5248 3480 5302 historiae
3507 5257 3734 5304 tenorem

2176 5336 2827 5404 inspiciamusdiligenter,
2842 5337 3162 5401 uberiorem,
3179 5337 3294 5390 sive
3321 5337 3609 5392 clariorem
3639 5337 3734 5390 Eli-

2179 5442 2342 5483 smum
2367 5441 2528 5495 quam
2562 5425 2731 5480 Etiam
2768 5427 2822 5480 in
2850 5427 3225 5482 miraculorum
3271 5423 3436 5482 fuisse
3462 5428 3732 5482 virtutibus

2243 5601 2271 5642 δ
2301 5601 2431 5657 Cod.
2465 5601 2586 5656 Vat.
2620 5602 2817 5658 omittit
2845 5616 2954 5654 sua.
