3896 6250
114 355 202 411 657

1550 335 1780 394 SE’RMO
1816 335 1971 390 LXII;-

3250 325 3372 382 638.

115 467 411 523 invenimus.
461 459 557 516 Ille
609 459 857 514 nlmirum
902 457 1086 512 vivens
1115 451 1421 508 defunctum
1452 463 1678 519 puerum
1709 446 1977 513 A'manaa,
2008 448 2138 503 nihil
2167 445 2456 516 religionis,
2496 443 2625 506 nihil
2655 439 2996 511 perfectionis
3042 437 3180 494 ultra
3229 453 3362 508 pru-

114 554 220 606 vita:
249 551 512 611 restituit;
547 549 651 603 iste
680 556 922 601 mortuus
949 551 1217 599 mortuum
1245 539 1542 596 suscitavit.
1581 536 1677 591 illo

113 641 450 710 prophetahte
471 637 664 706 hydria
692 635 876 689 farina:
900 641 955 688 et
986 633 1162 688 licitus
1183 631 1290 686 olei
1318 644 1425 684 non
1454 627 1677 696 defecit;

113 730 201 784 iste
215 728 441 784 obsessa:
470 733 528 780 et
557 724 769 781 alllicta:
797 724 997 778 civitati
1025 721 1268 792 protinus
1294 720 1347 774 in
1375 719 1516 773 diem
1545 716 1680 770 alte-

113 833 218 870 rum
242 815 588 871 incredibiles
615 814 885 868 hostilium
906 821 1205 868 castrorum
1228 809 1412 878 copias
1448 805 1677 861 obtudit.

113 907 272 974 Atque
310 912 370 959 ut
422 903 584 958 brevi
625 901 937 957 concludam
965 908 1180 966 cuncta,
1207 897 1352 952 Elias
1372 894 1676 958 duodecim,

112 996 340 1062 Elisaeus,
367 1003 428 1049 ut
456 994 757 1062 scripturae
790 993 987 1046 veritas
1008 989 1191 1053 tradit,
1236 986 1424 1056 viginti
1450 992 1682 1053 quatuor

112 1083 478 1138 miraculorum
507 1082 676 1149 signis
698 1081 908 1148 enituit,
930 1095 1047 1150 quae
1074 1077 1339 1142 videlicet,
1363 1075 1486 1145 quia
1533 1072 1682 1128 fasti-

83 1174 241 1227 -dium
288 1173 620 1238 devitamus,
663 1172 751 1226 hic
792 1183 1105 1226 enumerare
1129 1165 1520 1238 postponimus.
1543 1162 1684 1229 Quo-

113 1262 260 1318 modo
291 1263 455 1332 igitur
483 1262 646 1330 hujus
666 1277 754 1316 me
782 1259 924 1315 nodo
953 1257 1264 1328 quaestionis
1291 1253 1600 1324 expediam,
1622 1258 1684 1305 ut

113 1353 303 1420 prolata
332 1352 400 1407 de
421 1352 793 1420 magnitudine
811 1348 1032 1405 Joannis
1051 1361 1158 1401 non
1178 1345 1395 1399 vacillet
1415 1341 1686 1398 sententia

115 1441 372 1506 Veritatis,
403 1456 512 1510 qua
534 1441 733 1496 dicitur
755 1458 768 1492 :
797 1439 956 1511 556
974 1437 1113 1494 natis
1130 1435 1412 1490 mulierum
1438 1449 1544 1487 non
1565 1445 1685 1485 esse

117 1531 357 1599 majorem
372 1529 594 1585 Joanne
615 1529 889 1599 Baptista?
915 1526 1050 1581 Nam
1075 1526 1120 1580 si
1143 1523 1316 1592 major
1334 1530 1418 1578 est
1464 1520 1684 1574 Elismus

117 1637 264 1689 quam
317 1622 487 1691 Elias,
538 1637 668 1692 ergo
712 1621 886 1690 major
936 1627 1022 1675 est
1055 1629 1110 1674 et
1136 1616 1377 1672 Joanne?
1404 1614 1548 1684 quod
1569 1612 1684 1667 ﬁeri

120 1709 434 1779 impossibile
468 1720 573 1766 est.
605 1711 710 1766 Sed
735 1708 1029 1764 notandum
1075 1706 1218 1775 quod
1247 1704 1390 1759 aliud
1435 1710 1518 1759 est
1564 1716 1683 1755 ma~

119 1812 266 1865 gnum
311 1800 441 1869 quid
470 1813 636 1867 agere
677 1799 730 1853 in
759 1798 924 1868 signis
950 1795 1349 1859 miraculorum,
1397 1791 1541 1847 aliud
1565 1806 1686 1845 ma-
1715 1781 1759 1840 Β

121 1901 268 1955 gnum
295 1903 416 1944 esse
435 1888 771 1949 excellentia
816 1887 1148 1942 meritorum.
1180 1882 1312 1938 Nam
1339 1883 1386 1938 si
1430 1881 1498 1936 de
1526 1880 1689 1934 mira-

123 1977 245 2031 culis
283 1978 500 2046 agitur,
529 1978 734 2032 nullum
779 1975 968 2031 fecisse
1011 1973 1325 2028 miraculum
1371 1969 1606 2025 Joannes
1630 1969 1687 2023 in

123 2062 507 2134 Scripturarum
534 2066 743 2136 paginis
761 2064 1049 2119 invenitur.
1073 2061 1188 2117 Sed
1209 2059 1446 2131 nunquid
1468 2065 1690 2129 propter

126 2154 216 2209 hoc
243 2152 456 2211 iniimus
481 2154 588 2210 erit
629 2154 852 2210 omnino
877 2159 1204 2216 sanctorum,
1235 2150 1360 2219 quia
1389 2147 1531 2203 nulla
1581 2154 1692 2202 tra-

127 2245 254 2298 ditur
279 2246 429 2312 signa
459 2245 652 2300 fecisse
676 2245 954 2299 virtutum.
983 2241 1208 2298 Elisaaus
1235 2253 1363 2307 ergo
1407 2237 1583 2306 major
1608 2241 1694 2291 est

128 2349 272 2402 quam
292 2333 434 2390 Elias
462 2336 517 2389 in
546 2333 872 2389 exhibitione
893 2333 1196 2400 signorum,
1210 2335 1568 2401 quemtamen
1596 2340 1694 2382 ne-

129 2437 377 2492 quaquam
430 2432 680 2495 superest
721 2425 774 2478 in
833 2422 1049 2478 cumulo
1108 2420 1440 2476 meritorum.
1489 2417 1569 2470 lta
1634 2423 1701 2472 et-

130 2510 349 2569 Joannes
375 2531 476 2584 par
518 2515 731 2584 quidem
771 2523 856 2569 est
891 2512 1040 2576 Elim,
1071 2511 1195 2580 quia
1223 2511 1360 2565 sicut
1396 2509 1484 2564 ille
1511 2522 1706 2578 praeco

132 2600 323 2658 futurus
341 2614 424 2660 est
444 2605 659 2673 judicis,
689 2605 760 2658 ita
783 2612 836 2659 et
857 2604 944 2658 hic
959 2616 1260 2672 prmeursor
1275 2601 1447 2654 factus
1474 2607 1556 2654 est
1576 2597 1689 2653 Re-

134 2689 440 2760 demptoris;
467 2695 562 2750 sed
591 2695 761 2763 major
788 2692 927 2760 Elia,
957 2692 1080 2761 quia
1101 2705 1260 2760 quem
1285 2689 1696 2752 demonstravit,

135 2780 284 2833 etiam
329 2783 639 2852 baptizavit.
687 2782 744 2836 ln
773 2782 866 2836 illo
903 2781 1134 2850 denique
1162 2779 1498 2848 baptismatis
1515 2791 1708 2832 sacra-

139 2877 310 2925 mento
325 2869 574 2928 Jordanis
601 2871 744 2927 unda
774 2870 948 2939 magis
974 2878 1058 2925 est
1083 2869 1193 2925 lota
1220 2883 1380 2938 quam
1428 2867 1556 2922 lavit
1580 2884 1594 2920 :
1625 2882 1696 2922 ex

139 2971 232 3023 qua
255 2959 467 3031 insuper
493 2964 599 3017 vim
627 2961 1064 3033 sanctiﬁcationis
1093 2960 1268 3016 omnis
1293 2960 1493 3030 ubique
1524 2966 1698 3014 terra-

141 3057 248 3100 mm
290 3064 423 3119 aqua
473 3052 742 3119 concepit:
793 3051 906 3106 lllic
931 3051 1122 3104 beatus
1141 3047 1374 3104 Joannes
1393 3064 1580 3104 vocem
1601 3048 1701 3101 Pa-

1783 540 2039 610 gredittu.
2097 537 2264 605 Cujus
2309 533 2744 604 incomparabilis
2770 532 2894 586 vitae
2920 529 3112 585 seriem
3141 543 3255 582 non
3271 529 3368 582 hi-

1782 630 2186 700 storiographus
2214 629 2476 699 quispiam
2506 633 2628 696 post
2653 625 2769 693 ejus
2795 623 3002 678 obitum
3056 620 3210 685 texit,
3261 619 3362 674 sed

1781 722 2135 790 archangelus
2154 721 2244 775 ille
2263 718 2563 789 praecipuus
2584 723 2874 783 antequam
2900 718 3194 780 conceptus
3214 718 3363 765 esset

1780 816 1833 871 in
1877 823 2051 880 utero,
2098 813 2236 867 sicut
2280 809 2513 875 Domini,
2570 809 2649 864 sic
2672 815 2729 862 et
2748 805 2907 874 hujus
2929 819 3094 873 opera
3115 800 3356 856 miranda

1778 905 2038 961 narravit.
2072 902 2243 971 Hujus
2270 916 2400 958 sane
2426 900 2751 970 praeconium
2779 911 2888 950 non
2933 894 3233 949 assertione
3261 907 3357 947 ve-

1779 994 1931 1049 ridici
1975 976 2285 1062 cujuslibet.
2308 989 2559 1053 hominis,
2590 987 2688 1043 sed
2715 1001 2784 1042 ex
2827 999 2923 1039 ore
2944 983 3110 1053 ipsius
3135 995 3358 1037 summa)

1781 1084 2064 1140 didicimus
2090 1082 2346 1137 Veritatis
2378 1097 2392 1134 :
2425 1086 2483 1135 et
2520 1079 2610 1134 ille
2648 1085 2733 1132 est
2781 1083 3090 1131 assertoret
3113 1072 3360 1127 laudator

1780 1175 2018 1239 Joannis,
2048 1173 2139 1242 qui
2173 1171 2382 1227 cunctis
2409 1169 2716 1226 emlestihus
2761 1181 2826 1221 ac
2856 1165 3084 1220 terrenis
3113 1161 3360 1217 laudatur

1781 1275 1836 1321 et
1863 1263 2197 1320 benedicitur
2215 1260 2494 1317 creaturis.
2528 1259 2609 1312 Ab
2629 1257 2721 1312 illo
2749 1256 2983 1323 denique
3003 1253 3169 1307 verbo
3191 1249 3359 1304 Joan-

1783 1355 1866 1410 nis
1915 1361 2040 1407 sunt
2085 1352 2402 1421 deprompta
2433 1346 2722 1418 prmconia,
2747 1360 2846 1415 per
2865 1343 3012 1412 quod
3031 1342 3245 1395 fundata
3277 1346 3361 1393 est

1781 1443 1949 1510 arida,
1971 1451 2257 1498 moventur
2280 1439 2473 1505 sidera,
2498 1437 2714 1493 condita
2743 1435 2900 1507 557
2924 1439 3050 1488 sunt
3072 1431 3360 1485 elementa.

1781 1534 2071 1589 Enimvero
2120 1539 2337 1602 quanta:
2374 1527 2785 1599 magniﬁcentia;
2829 1533 2920 1580 est
2940 1525 3006 1578 ab
3046 1523 3137 1578 illo
3166 1521 3360 1576 mereri

1782 1623 2004 1691 gloriam
2033 1621 2228 1688 laudis,
2258 1619 2400 1689 apud
2426 1632 2586 1690 quem
2614 1625 2819 1691 summa
2850 1613 3075 1668 felicitas
3105 1620 3129 1648 ⁸
3160 1621 3242 1666 est
3272 1617 3358 1663 ut-

1783 1728 1992 1782 cunque
2010 1711 2262 1782 prob'ari!
2298 1710 2386 1764 Ait
2413 1709 2555 1762 enim
2580 1725 2593 1760 ε
2628 1704 2764 1770 Quid
2793 1705 2971 1759 existis
3001 1702 3208 1756 videre?
3226 1699 3359 1754 Pro:

1787 1802 2030 1873 pltetam?
2076 1800 2208 1855 Dico
2243 1800 2383 1854 vobis
2409 1807 2459 1853 et
2496 1797 2610 1868 plus
2635 1813 2789 1867 quam
2816 1795 3117 1865 prophetam
3148 1790 3375 1862 (Matth;

1789 1882 1890 1966 xi).
1918 1890 2050 1957 ~Sed
2092 1890 2216 1959 quia
2253 1889 2516 1960 propheta
2543 1887 2684 1942 inter
2706 1892 2931 1940 caeteros
2955 1881 3200 1936 homines
3221 1888 3366 1948 egro-

1786 1983 1905 2050 gius
1925 1989 2008 2037 est
2034 1988 2089 2035 et
2109 1979 2348 2047 insignis,
2379 1979 2472 2048 qui
2492 1977 2696 2031 nullum
2722 1976 2778 2030 in
2797 1972 3070 2029 communi
3089 1970 3364 2025 hominum

1787 2085 1984 2140 genere
2005 2068 2485 2138 habensaequalem
2513 2067 2674 2122 etiam
2698 2064 2976 2135 propheta:
3003 2061 3365 2132 przeponitur,

1789 2167 1970 2215 restat
2002 2166 2062 2214 ut
2083 2157 2198 2227 jam
2242 2169 2354 2213 non
2404 2158 2588 2222 homo;
2636 2154 2732 2210 sed
2756 2153 2980 2222 angelus
3004 2158 3366 2220 nuncupetur.

1795 2248 1945 2304 Unde
1975 2241 2227 2304 et‘subdit
2257 2265 2271 2300 :
2305 2245 2510 2301 Πίστει
2532 2246 2669 2300 enim
2707 2244 2771 2298 de
2818 2239 2932 2309 quo
2959 2242 3208 2310 scriptum
3252 2247 3367 2299 est:

1791 2338 1927 2394 Ecce
1949 2341 2096 2393 mitto
2126 2339 2364 2409 angelum
2382 2352 2573 2403 meum,
2596 2337 2681 2407 qui
2702 2332 3020 2405 praeparabit
3041 2333 3200 2386 ‘viam
3249 2338 3374 2383 ante

1793 2429 1980 2500 {aciem
2030 2437 2182 2480 tuam
2215 2425 2405 2502 (Marc.
2431 2425 2491 2496 ι).
2539 2424 2646 2480 Sed
2691 2431 2746 2478 et
2795 2423 2848 2477 in
2877 2420 3247 2492 suppositione
3273 2433 3376 2474 sua

1792 2517 1986 2573 melius
2040 2516 2230 2570 beatus
2259 2514 2494 2570 Joannes
2521 2511 2846 2575 ostenditur,
2874 2518 3135 2579 quantum
3161 2508 3369 2564 ueteris

1793 2607 2098 2662 hominibus
2118 2605 2450 2675 praeferatur,
2477 2603 2545 2658 de
2572 2616 2681 2671 quo
2702 2600 2960 2656 Dominus
2984 2618 2997 2656 :
3032 2596 3133 2662 Qui
3174 2607 3380 2665 mitemr

1795 2697 1988 2766 inquit,
2007 2699 2176 2750 mium
2197 2706 2272 2750 est
2292 2697 2347 2749 in
2367 2711 2526 2765 regno
2538 2693 2800 2760 costarum,
2821 2693 2991 2762 major
3010 2699 3089 2746 est
3106 2690 3196 2747 illo
3217 2689 3372 2761 (Luc.

1794 2789 1930 2857 vn):
1961 2787 2084 2857 quia
2107 2786 2358 2841 nimirum
2403 2785 2736 2855 Redemptor
2774 2791 2978 2848 noster,
3030 2781 3122 2851 qui
3165 2780 3373 2835 Joanne

1797 2877 1975 2932 minor
2000 2884 2094 2931 est,
2127 2877 2183 2930 in
2212 2885 2354 2931 terra
2380 2889 2478 2945 per
2505 2888 2778 2930 accessum
2817 2870 3152 2928 succedentis
3179 2871 3374 2948 aetatis,

1798 2967 1854 3022 in
1880 2965 2021 3022 cmlu
2049 2964 2223 3033 major
2249 2971 2332 3020 est
2359 2979 2456 3034 per
2480 2970 2697 3019 aeternae
2738 2961 3073 3032 privilegium
3117 2958 3376 3028 majesta-

1801 3061 1901 3114 tis.
1936 3057 1984 3113 0
2025 3057 2155 3113 ﬁelix
2200 3059 2307 3113 ista
2341 3055 2841 3128 dejectio,.quando
2869 3053 3227 3124 hom0'553
3265 3052 3377 3106 Deo

145 3133 231 3188 "is
264 3138 490 3203 audi‘mr
537 3138 793 3209 Spiritum
844 3147 1089 3193 εδτιθιυω
1139 3129 1202 3192 ίῐί
1234 3138 1495 3193 Comm!“
1520 3136 1699 3205 390050
1724 3122 1768 3180 Β
1802 3150 2140 3220 supponitur,
2173 3164 2204 3202 a
2231 3122 2761 3211 Cratere-creatura
2790 3146 3128 3217 praeceditur,
3151 3122 3377 3212 exiguus

145 3222 538 3284 descendentem
581 3229 816 3297 aspexit,
860 3227 1194 3284 tremendum
1235 3227 1437 3295 angelis
1482 3226 1577 3281 Dei
1607 3224 1699 3280 Εἰδ-

149 3308 286 3379 lium,
327 3317 435 3370 suis
475 3318 720 3371 manibus
760 3317 1084 3385 inclinatum
1124 3316 1277 3387 aquis
1305 3316 1536 3370 intinxit.
1568 3315 1714 3371 Illud-

149 3399 288 3454 euim-
307 3401 700 3460 fundamentum
722 3414 778 3460 et
805 3407 957 3474 origo
983 3405 1319 3475 baptismatis
1341 3406 1496 3460 rebus
1523 3414 1706 3461 osten-

153 3485 243 3556 dit,
267 3493 403 3560 quod
428 3494 640 3549 Veritas
666 3495 1010 3565 postmodum
1038 3494 1326 3563 discipulos
1347 3493 1705 3562 agere'verbis

154 3575 332 3634 virtute
355 3583 526 3651 plenis
553 3584 786 3638 edocuit.
812 3583 914 3652 Ite,
953 3585 1146 3653 inquit,
1175 3584 1351 3639 docete
1379 3601 1553 3638 omnes
1581 3575 1709 3655 gen-

158 3670 241 3764 ιςι,
270 3667 577 3759 baptizantes
593 3689 681 3726 eos
709 3675 760 3726 in
784 3674 990 3728 nomine
1011 3672 1206 3739 Patris,
1233 3681 1282 3726 et
1300 3671 1450 3736 Filii,
1482 3683 1532 3727 et
1584 3674 1706 3743 Spi-

157 3761 272 3808 ritus
289 3762 451 3815 sancti
480 3761 693 3829 (Matth.
724 3761 926 3830 xxvm).
959 3761 1070 3816 Illic
1099 3775 1184 3816 res
1213 3761 1489 3832 manifesta
1517 3769 1572 3817 et
1599 3777 1707 3817 non

159 3843 330 3910 verba;
359 3849 444 3906 hic
471 3851 653 3916 verba,
685 3859 741 3906 et
769 3866 856 3905 res
882 3866 1030 3919 vera,
1079 3851 1171 3906 sed
1198 3851 1426 3906 occulta.
1473 3849 1711 3908 Joannes

161 3929 324 4001 itaque
366 3938 718 3994 humanorum
747 3941 900 3996 limes
921 3949 1004 3996 est
1053 3941 1386 3996 meritorum.
1411 3940 1712 4007 Quanam-

162 4033 351 4093 cunque
381 4031 524 4084 enim
553 4031 1089 4099 apostolichsenatus
1116 4031 1347 4086 excellat
1398 4032 1712 4101 auctoritas,

161 4119 726 4200 quantumcunque-vel
768 4119 1187 4187 patriarcharum
1244 4118 1376 4174 ﬁdes
1431 4121 1484 4174 in
1533 4121 1712 4177 divina

162 4201 411 4264 agnitione
439 4206 702 4275 proﬁciat,
725 4208 809 4261 vel
833 4208 1212 4276 prophetarum
1241 4209 1458 4263 oracula
1478 4210 1545 4264 ad
1566 4225 1714 4266 rese-

163 4289 326 4344 randa.
358 4309 557 4351 arcam
603 4295 856 4367 mysteria
898 4298 1272 4364 convalescat,
1323 4299 1715 4367 quantumlibet

163 4387 294 4434 certe
333 4386 634 4440 annuletur
688 4387 1125 4454 triumphantium
1179 4386 1348 4454 gloria
1397 4396 1710 4460 martyrum,

165 4474 505 4528 quantumvis
523 4471 766 4529 efﬂoreat
792 4491 1021 4531 vernans
1042 4477 1297 4545 pudicitia
1323 4478 1611 4547 virginum,
1628 4481 1715 4534 vel
1745 4460 1795 4518 θ

165 4553 214 4607 in
232 4562 395 4619 verbis
421 4565 546 4619 vita:
572 4581 631 4620 se
657 4575 910 4622 exerceat
930 4567 1108 4636 lingua
1122 4553 1427 4635 doctorum,
1448 4572 1581 4625 oitra
1612 4587 1721 4628 me-

167 4649 262 4699 um
287 4648 504 4710 Joannis
530 4655 710 4711 omnia
752 4656 1085 4724 cohibentur,
1117 4645 1354 4726 nihilque
1382 4660 1594 4715 virtutis
1620 4661 1721 4716 hu-

1804 3239 1871 3294 ab
1903 3239 2272 3295 immensitatis
2298 3239 2468 3307 gloria
2491 3239 2802 3309 superatur!
2831 3237 3006 3306 Major
3028 3251 3146 3292 esse
3173 3234 3377 3310 Joanne

1805 3329 2050 3387 Christus
2093 3332 2147 3385 iu
2175 3332 2317 3386 caelo
2355 3331 2570 3395 dicitur,
2600 3330 2689 3386 ubi
2718 3346 2748 3385 a
2778 3330 2984 3384 cunctis
3013 3327 3266 3396 angelica:
3294 3325 3379 3380 di-

1805 3420 2024 3489 gnitatis
2070 3420 2357 3475 virtutibus
2395 3420 2669 3483 adoratur,
2718 3420 2804 3474 cui
2843 3418 3117 3474 cherubim
3151 3424 3206 3471 et
3234 3430 3381 3470 sera-

1803 3509 1951 3581 phim
1977 3509 2250 3566 humiliter
2275 3510 2582 3581 procidunt,
2604 3509 2755 3578 cujus
2775 3509 3104 3579 principatus
3132 3518 3187 3564 et
3226 3515 3382 3575 pote-

1805 3607 1975 3656 states
2015 3599 2297 3670 imperium
2341 3601 2787 3667 contremiscunt,
2831 3599 2982 3666 cujus
3009 3597 3240 3665 denique
3267 3595 3382 3649 vul-

1807 3697 1924 3742 tum
1974 3687 2282 3743 desideraut
2323 3689 2515 3756 angeli
2540 3689 2880 3758 prospicere,
2901 3687 3094 3742 Joanni
3121 3702 3179 3741 se
3207 3686 3382 3756 perhi~

1808 3777 1902 3832 bet
1927 3777 1982 3830 in
2004 3777 2208 3832 caelesti
2232 3778 2492 3846 dignitate
2523 3793 2772 3848 praeesse,
2807 3779 2859 3832 in
2891 3777 3046 3846 cujus
3072 3776 3232 3846 plane
3260 3790 3382 3830 con-

1809 3873 1997 3934 spectu
2025 3882 2215 3922 omnes
2241 3876 2427 3936 gentes
2451 3869 2604 3937 quasi
2631 3869 2772 3922 stilla
2801 3875 2929 3923 sunt
2950 3867 3143 3934 situlze,
3165 3876 3220 3921 et
3235 3865 3386 3934 juxta

1810 3955 2088 4025 prophetae
2118 3955 2278 4027 (Isai.
2311 3973 2400 4022 xL,
2425 3957 2514 4028 l7)
2544 3958 2876 4024 vaticinium,
2904 3956 3056 4028 quasi
3083 3956 3304 4010 nihilum
3333 3962 3387 4010 et

1813 4047 1972 4104 inane
1999 4056 2261 4118 reputatae
2284 4056 2432 4116 sunt,
2461 4049 2620 4103 beato
2648 4049 2765 4104 viro
2803 4062 2864 4103 se
2899 4063 3015 4102 non'
3035 4047 3389 4114 dedignantur

1814 4137 1867 4192 in
1891 4139 2294 4208 comparatione
2313 4152 2647 4208 praaponere,
2666 4146 2727 4192 ut
2751 4139 3054 4193 inveniatur
3071 4137 3235 4194 homo
3252 4136 3390 4206 apud

1815 4224 1981 4280 Deum
2009 4240 2109 4294 pro
2136 4227 2449 4281 meritorum
2488 4226 2808 4282 excellentia
2835 4227 2986 4294 quasi
3034 4225 3209 4281 locum
3240 4241 3390 4280 com-

1808 4317 2109 4385 parationis
2137 4317 2358 4372 habere.
2389 4316 2490 4384 Qui
2519 4326 2699 4373 autem
2730 4326 2919 4373 auctor
2937 4325 3019 4372 est
3065 4318 3392 4373 celsitudinis

1819 4403 1934 4473 ipse
1978 4403 2150 4461 factus
2200 4415 2282 4461 est
2333 4408 2586 4475 magister
2637 4408 2970 4462 humilitatis.
3014 4406 3120 4477 Ipsi
3145 4408 3314 4475 gloria
3342 4416 3393 4462 et

1819 4494 2124 4638 inperium,
2169 4506 2226 4553 et
2265 4497 2426 4554 modo
2450 4506 2505 4553 et
2530 4486 2723 4556 amodo
2751 4499 2805 4554 in
2834 4499 3030 4556 szecula
3058 4499 3397 4555 saeculorum.

1862 4599 2012 4638 men.

1862 4599 2012 4640 men.

1517 4753 1784 4817 SERMO
1825 4751 2020 4817 LXII.

1144 4873 1274 4928 Item
1300 4873 1362 4927 de
1388 4875 1652 4931 nativitate
1680 4876 1742 4936 S.
1766 4877 1988 4935 Joannis
2019 4878 2267 4948 Baptista:
2295 4880 2399 4936 Π,

1577 4991 1972 5048 ADMONITIO.

1577 4991 1667 5045 AD
1697 5040 1698 5044 η

230 5063 366 5128 Hune
397 5071 679 5128 exacodice
727 5073 1094 5131 Ambrosiauo.
1121 5076 1489 5134 aMuratorio
1523 4991 1698 5137 aditu:

169 5126 219 5184 δ.
239 5133 445 5184 Maximi
477 5142 690 5184 nnminn
711 5152 955 5184 nrlnntnm
977 5145 1202 5184 lpoimna

1799 4992 1972 5048 llTlO.
2579 5013 2588 5020 '

1799 5097 2072 5140 annonem
2102 5084 2160 5138 in
2201 5085 2395 5142 codice
2412 5100 2635 5157 quoque
2661 5083 2937 5142 Casinensi
2969 5085 3089 5152 105,
3121 5100 3241 5157 pag.
3277 5086 3395 5154 159,

239 5133 446 5197 Maximi
475 5142 690 5197 nomine
711 5152 958 5197 ornatum
977 5145 1223 5212 legimus.

172 5220 833 5312 vausnrw.—{oannis
871 5235 1118 5297 Baptista:
1140 5234 1603 5312 ,είῃιεεριίολαιιγιιιεΔ
1622 5254 1718 5291 ua-

231 5303 388 5372 tiritos
422 5303 716 5372 negandum
743 5319 843 5356 non
883 5321 996 5357 esse
1042 5303 1354 5359 nolit-uatem
1394 5303 1720 5360 ﬂaminicam

230 5368 410 5444 {docet
434 5368 681 5444 Joanne:
692 5373 830 5444 inter
858 5382 1009 5426 natos
1042 5374 1311 5444 mulierum
1341 5390 1454 5444 vere
1484 5382 1558 5444 est
1606 5391 1718 5428 ma-

227 5439 332 5504 jar;
359 5441 482 5510 quia
510 5439 610 5494 Dei
635 5439 831 5494 Filium
867 5451 924 5494 ut
973 5442 1221 5512 praplteta
1270 5443 1624 5512 prwloquitur,
1663 5454 1720 5497 ut

1893 5258 2186 5367 ςζῑξιᾶζῗον
2229 5247 2518 5312 antevertit,
2545 5254 2603 5300 ut
2647 5245 2872 5314 baptista
2900 5248 3138 5317 suscepit,
3166 5255 3223 5299 ut
3262 5248 3408 5302 testis

2023 5330 2037 5366 ι
2079 5332 2094 5367 ι
2125 5353 2139 5367 .

2023 5330 2139 5367 παπ.

1896 5442 2189 5512 Conceptio
2217 5449 2378 5512 atque
2423 5443 2670 5500 nativitas
2718 5442 3008 5497 venerandi
3037 5440 3256 5497 Joannis
3296 5443 3398 5498 Ba-

236 5591 399 5678 :Cod.
427 5595 573 5663 var,
597 5596 973 5665 estimpctrare
1006 5597 1201 5650 veniam
1241 5597 1481 5667 pictatis?
1512 5607 1558 5652 et
1605 5599 1681 5652 ab'
1713 5600 1802 5653 illo
1831 5602 2065 5672 praeferri
2111 5599 2431 5666 hominibus,
2477 5620 2508 5657 α
2555 5620 2652 5675 quo
2702 5599 2978 5669 gloriosum
3030 5610 3107 5656 est
3149 5613 3401 5678 utcunque

172 5656 347 5716 Probun‘
361 5667 386 5716 7
