3896 6250
561 383 664 439 659

1746 376 1801 430 S.
1846 374 2088 429 MAXIM!
2129 372 2579 430 TAURINENSIS

3731 377 3834 432 σω

558 496 749 566 ptisun,
782 504 898 560 quae
923 506 1067 546 nunc
1106 488 1413 556 evangelica
1461 487 1695 543 lectione
1750 487 1977 542 decursa
2032 495 2136 552 est,
2173 495 2212 548 Α
2246 485 2463 539 Mariam
2492 485 2676 539 dicens
2707 504 2718 538 :
2751 483 2836 539 Ex
2862 503 2960 557 quo
2990 487 3131 554 facta
3155 495 3232 539 est
3255 501 3354 539 τοι
3377 481 3402 522 ἀ
3432 486 3628 538 salutis
3659 494 3763 537 me
3788 489 3836 534 in

559 586 886 640 nativitatem
910 581 1255 649 dominicam,
1285 581 1438 652 cujus
1464 588 1732 635 secretum
1763 593 1916 632 mens
1943 578 2133 631 huma-

557 694 624 732 na
660 692 765 731 non
794 675 1047 743 concipit.
1078 681 1308 728 testatur
1332 687 1454 731 esse
1473 670 1805 733 credibilem,
1837 679 1893 724 et
1933 669 2134 723 fructus

555 766 738 821 senilis
775 765 978 820 ventris
1023 763 1216 818 edocet
1271 762 1653 817 fecunditatem
1694 760 1966 828 virginalis
1995 759 2131 812 uteri

557 872 662 910 non
693 855 1011 924 negandam.
1039 852 1174 911 Nam
1202 852 1325 920 quis
1352 866 1542 909 revera
1570 857 1764 906 renuat
1787 849 2010 904 credere
2039 862 2132 906 na-

553 945 815 1000 tivitatem
861 942 1131 998 nascentis
1176 939 1400 1006 Christi,
1428 939 1864 1008 quandoquidem
1889 938 1954 991 de
1984 944 2133 991 vctu-

552 1035 649 1087 stis
676 1033 987 1101 parentibus
1014 1031 1259 1100 procedit
1285 1029 1571 1097 desperata
1600 1027 1905 1084 suecessio?
1950 1027 2025 1080 lbi
2067 1025 2134 1080 de

552 1105 772 1177 senibus
799 1121 1146 1190 propheticus
1169 1119 1348 1174 editur
1375 1134 1542 1188 puer;
1565 1119 1654 1172 hic
1679 1133 1809 1172 vero
1834 1117 1901 1170 de
1933 1117 2134 1180 virgine

553 1212 811 1267 Dominus
865 1213 1103 1266 nascitur
1146 1213 1549 1280 prophetarum.
1600 1210 1677 1265 lbi
1722 1209 2040 1276 disceptatio
2068 1206 2133 1259 de

551 1309 768 1354 senecta
815 1301 1044 1356 duorum
1073 1309 1183 1364 est;
1214 1299 1301 1354 hic
1329 1308 1511 1354 autem
1536 1298 1604 1352 de
1629 1299 1782 1354 unius
1813 1296 1999 1364 puclla:
2028 1295 2131 1346 vir-

550 1390 774 1455 ginitate
801 1391 1136 1447 miraculum.
1161 1388 1271 1444 Nec
1297 1398 1321 1426 ι
1350 1404 1484 1443 sane
1505 1388 1697 1442 mirum
1723 1386 1768 1440 si
1799 1386 1887 1439 illa
1913 1383 2128 1445 sterilis,

549 1485 607 1530 et
634 1478 746 1533 haec
791 1477 942 1545 virgo
998 1478 1266 1547 concepit,
1314 1479 1440 1547 quia
1487 1477 1559 1530 ibi
1602 1474 1850 1529 salutaris
1895 1471 2131 1541 mysterii

553 1565 794 1629 nuntius,
842 1565 930 1619 hic
960 1565 1135 1633 ipsum
1155 1566 1279 1618 vita:
1307 1574 1504 1619 nostrae
1529 1563 1841 1632 mysterium
1873 1560 2129 1614 nasceba-

551 1664 659 1708 tur.
713 1655 790 1707 lbi
819 1654 1133 1723 temporalis
1161 1655 1378 1708 lucerna
1426 1651 1775 1721 resplenduit,
1798 1651 1882 1705 hic
1902 1647 1982 1702 sol
2010 1662 2132 1716 per-

552 1743 830 1812 petuitatis
854 1743 1046 1795 illuxit.
1074 1741 1198 1796 Inde
1219 1741 1453 1795 Joannes
1481 1740 1760 1810 propheta,
1778 1745 1832 1793 et
1851 1737 2128 1806 plusquam

2236 575 2445 627 auribus
2493 576 2642 642 meis,
2698 575 2971 630 exsultavit
3011 578 3065 628 in
3096 577 3344 646 gaudium
3367 577 3551 644 infans
3590 576 3648 626 in
3691 584 3834 626 uteri;

2235 679 2346 716 meo
2377 662 2526 730 (Luc.
2561 664 2622 733 ι).
2653 662 2938 731 Intendite,
2982 662 3194 728 fratres,
3249 674 3454 732 quanta
3502 664 3690 716 beatis
3738 664 3834 716 illi~

2235 754 2494 809 matribus
2521 753 2718 812 collata
2757 762 2884 808 sunt
2910 767 3151 814 munera,
3193 753 3499 820 quibusque
3555 752 3830 805 miraculis

2234 847 2484 914 pariturae
2513 845 2726 902 feminae
2745 845 3082 900 decorantur.
3111 842 3309 905 infans,
3340 843 3538 909 inquit,
3591 838 3832 896 exsulta-

2235 935 2309 986 vit
2331 934 2382 988 in
2410 942 2563 987 utero
2582 934 2770 988 matris
2791 948 2925 997 suae;
2950 932 3250 996 exsultavit,
3270 938 3329 984 ut
3358 933 3573 999 pariter
3600 939 3660 984 et
3681 946 3828 984 suam

2235 1027 2481 1080 meritum
2509 1035 2564 1079 et
2591 1025 2816 1094 virginei
2845 1025 3048 1081 ventris
3075 1022 3296 1091 gloriam
3333 1023 3638 1076 revelat-et.
3702 1021 3825 1074 Nam

2234 1115 2526 1183 inspirante
2547 1115 2658 1168 Deo
2679 1115 2836 1168 anilis
2857 1114 2946 1168 ille
2975 1123 3158 1168 uterus
3179 1113 3348 1166 sensit
3374 1111 3718 1166 adventasse
3743 1114 3834 1164 (1»-

2231 1203 2483 1258 minicum
2511 1209 2774 1265 ventrem,
2806 1217 3053 1271 novoque
3078 1200 3270 1270 gaudio
3320 1200 3661 1255 mortalibus
3705 1218 3828 1253 nuri-

2233 1295 2350 1358 tiat,
2380 1303 2633 1362 quantam
2678 1294 2875 1348 mundo
2929 1293 3166 1348 laetitiam
3211 1292 3456 1347 Christus
3502 1294 3826 1345 nasciturus

2231 1384 2468 1440 inferret.
2517 1385 2648 1450 Quis
2688 1399 2796 1438 non
2843 1392 3077 1453 stupeat,
3103 1383 3315 1445 fratres,
3348 1383 3499 1453 quod
3529 1384 3692 1437 inter
3719 1399 3828 1452 my-

2230 1473 2392 1526 steria
2439 1473 2822 1541 redemptionis
2861 1475 3126 1540 humanae,
3158 1473 3471 1528 mirantibus
3525 1475 3822 1534 matribus,

2231 1566 2464 1620 nondum
2493 1574 2618 1621 nata
2645 1567 2875 1633 gaudeat
2903 1565 3155 1620 infantia?
3202 1565 3448 1621 Nascitur
3503 1565 3662 1620 inter
3720 1567 3824 1618 hac

2229 1653 2463 1708 Joannes
2486 1661 2541 1708 et
2567 1653 2836 1709 Christum
2883 1655 3164 1708 nativitate
3217 1653 3492 1723 praecedit,
3551 1664 3824 1722 quatenus

2231 1743 2458 1796 Domino
2486 1758 2607 1810 suo,
2633 1758 2790 1812 quem
2819 1743 2955 1797 intra
2984 1753 3226 1797 materna
3254 1743 3462 1796 viscera
3494 1757 3602 1810 per
3633 1741 3824 1810 gaudia

552 1832 817 1901 propheta
846 1831 1040 1898 legitur
1069 1837 1260 1894 natus;
1292 1829 1418 1882 hinc
1457 1835 1638 1882 autem
1664 1841 1836 1881 novus
1863 1827 2046 1884 homo,
2078 1829 2127 1880 et

2234 1824 2554 1897 celebrabat,
2606 1835 2883 1892 exhiberet
2938 1835 3095 1904 560
3141 1833 3445 1888 famulantis
3475 1833 3822 1900 obsequium.

557 1922 836 1989 plusquam
860 1921 1022 1973 homo
1051 1918 1197 1972 salus
1216 1917 1454 1972 omnium
1477 1915 1718 1972 Christus
1739 1913 1976 1968 advenit.
2007 1910 2132 1968 Plus

556 2010 741 2078 utique
759 2019 842 2063 est
860 2024 1020 2076 quam
1045 2007 1306 2078 propheta
1330 2007 1584 2072 Joannes,
1605 2007 1694 2073 qui
1719 2013 1773 2059 et
1793 2005 1963 2057 lucem
1988 2018 2136 2056 mun-

555 2103 611 2155 ili
631 2101 788 2170 hujus
813 2102 880 2155 ab
908 2101 1026 2155 aliis
1053 2099 1407 2169 prophetatus
1436 2097 1748 2166 ingreditur,
1789 2102 1844 2150 et
1863 2092 2130 2148 Christum

559 2190 842 2244 Dominum
872 2197 1119 2243 materno
1139 2188 1429 2258 prophetat
1450 2189 1504 2242 in
1549 2195 1722 2250 utero,
1775 2184 2132 2251 eamdemque

555 2279 830 2332 celebrato
877 2277 994 2347 ejus
1039 2277 1325 2346 baptismo,
1379 2290 1489 2330 non
1533 2275 1705 2330 solum
1736 2288 1830 2328 ore
1859 2272 2129 2342 praedicat,

556 2367 652 2422 sed
707 2368 870 2422 etiam
912 2366 978 2420 ad
1007 2366 1391 2437 plenitudinem
1422 2365 1711 2420 testimonii
1739 2362 2132 2418 circumstanti-

557 2458 659 2512 bus
686 2457 894 2527 populis
921 2456 1086 2510 veluti
1139 2456 1306 2524 digito
1352 2462 1684 2510 monstrante
1727 2453 2005 2518 consignat
2049 2450 2132 2504 di-

556 2561 730 2602 cens:
779 2545 912 2600 Ecce
955 2546 1132 2616 Agnus
1174 2544 1294 2611 Dei,
1333 2560 1448 2598 ecce
1467 2544 1552 2615 qui
1578 2543 1937 2610 tollitpeccata
1958 2539 2135 2595 mundi

557 2633 739 2703 (Joan.
763 2634 823 2704 ι).
851 2633 975 2689 Plus
990 2641 1168 2689 autem
1197 2648 1357 2703 quam
1385 2633 1545 2692 homo
1565 2640 1646 2687 est
1675 2631 1934 2697 Christus,
1969 2628 1992 2665 δ
2010 2631 2134 2704 quia

558 2725 702 2779 idem
725 2725 839 2794 ipse
866 2724 1100 2782 Verbum
1129 2731 1183 2783 et
1211 2739 1338 2779 caro
1365 2739 1502 2778 unus
1539 2730 1622 2776 est
1648 2721 1926 2785 Dominus,
1973 2727 2135 2788 atque

557 2830 694 2868 unus
716 2814 966 2884 idemque
993 2823 1227 2872 aeternus
1255 2822 1311 2870 et
1337 2827 1510 2873 novus
1531 2820 1646 2877 est;
1675 2819 1906 2865 aeternus
1944 2823 1975 2862 a
2000 2808 2131 2874 Deo,

555 2917 729 2958 novus
756 2918 788 2958 a
835 2901 1053 2957 femina.
1085 2901 1160 2959 lbi
1189 2899 1804 2972 incomprehensibiliter
1831 2898 2038 2966 genitus
2067 2895 2134 2950 ab

555 2992 822 3062 ingenito;
851 2992 937 3045 hic
964 2991 1282 3047 mirabiliter
1308 2997 1467 3045 natus
1497 3003 1528 3046 e
1554 2988 1776 3056 virgine.
1808 2986 1885 3041 lbi
1913 2993 2135 3056 paterna

555 3085 839 3152 majestate
866 3083 1067 3147 editus;
1120 3083 1208 3141 hic
1254 3081 1486 3154 Spiritus
1523 3070 1834 3150 operatione
1857 3077 2134 3132 formatus.

2235 1924 2332 1980 Hic
2360 1937 2486 1990 ergo
2507 1931 2589 1978 est
2615 1921 2848 1978 Joannes
2876 1923 2942 1978 de
2970 1939 3076 1992 quo
3104 1923 3299 1978 dictum
3329 1933 3411 1978 est
3446 1938 3476 1976 a
3506 1924 3786 1992 propheta
3813 1941 3824 1971 :

2245 2013 2356 2066 Vox
2377 2014 2646 2067 clamantis
2675 2015 2731 2067 in
2758 2014 2994 2068 deserto:
3023 2013 3213 2066 Parate
3237 2015 3371 2066 viam
3399 2012 3644 2066 Domino
3670 2011 3822 2082 (Iun.

2235 2105 2347 2173 XL).
2381 2103 2658 2158 Clamabat
2680 2104 2729 2157 in
2760 2103 3065 2168 solitudine,
3096 2113 3155 2158 ut
3174 2104 3337 2158 corda
3387 2103 3716 2157 mortalium
3749 2104 3822 2155 in-

2232 2191 2561 2247 credulitatis
2611 2193 2860 2260 squalore
2880 2193 3087 2247 deserta
3114 2194 3356 2247 ubertate
3376 2192 3695 2262 prophetici
3719 2208 3824 2246 ser-

2232 2281 2407 2336 monis
2435 2281 2726 2340 excoleret.
2753 2280 2850 2336 Hic
2876 2292 2959 2335 est
2990 2282 3210 2348 angelus
3238 2281 3430 2335 missus
3465 2289 3601 2336 ante
3636 2281 3825 2334 faciem

2234 2367 2430 2423 ChriSti
2450 2369 2541 2437 qui
2570 2368 2892 2436 populorum
2912 2379 3130 2438 pectora
3153 2371 3368 2424 monitis
3386 2370 3512 2422 vitae
3533 2370 3828 2424 sanctioris

2234 2458 2496 2511 instructa
2525 2457 2817 2512 Salvatoris
2845 2458 3098 2513 adventui
3144 2460 3334 2514 doctor
3361 2460 3640 2513 sollicitus
3693 2475 3826 2528 pra:-

2233 2549 2458 2619 paravit.
2489 2548 2585 2602 Hic
2610 2557 2691 2603 est
2719 2549 2807 2604 ille
2845 2549 3080 2620 Baptista
3109 2551 3197 2619 qui
3224 2550 3507 2604 Dominum
3543 2567 3712 2605 suum
3764 2559 3826 2605 oh

2234 2640 2338 2693 hoc
2382 2638 2656 2708 baptizare
2703 2642 2917 2704 meruit,
2969 2648 3029 2695 ut
3056 2657 3175 2697 sese
3204 2641 3369 2707 magis
3399 2641 3529 2695 dilui
3562 2644 3822 2712 baptizau'

2234 2723 2318 2777 sui
2365 2723 2565 2778 virtute
2615 2723 2857 2778 sentiret.
2905 2722 3005 2779 Hic
3044 2732 3126 2780 est
3145 2739 3319 2794 praeco
3342 2727 3494 2791 regni
3515 2729 3716 2781 aeterni
3741 2730 3824 2794 qui

2235 2811 2393 2867 terris
2421 2811 2612 2866 adesse
2641 2811 2847 2881 Agnum
2877 2812 2992 2876 Dei,
3019 2813 3297 2882 ipsumque
3327 2813 3512 2867 mundi
3536 2825 3824 2882 peccatum

2235 2901 2442 2966 tollere,
2473 2916 2570 2956 sua
2597 2901 2810 2972 quidem
2840 2902 3040 2970 lingua,
3068 2903 3163 2958 sed
3192 2902 3303 2958 Deo
3334 2905 3596 2972 loquente
3630 2907 3824 2960 clama-

2234 2991 2346 3048 bat.
2379 2989 2478 3045 Hic
2505 2998 2589 3045 est
2616 2992 3000 3060 pronuntiante
3027 2992 3256 3047 Domino
3312 2995 3453 3046 inter
3500 3004 3671 3049 natos
3711 3013 3820 3048 mu-

2237 3077 2425 3132 lierum
2450 3076 2653 3144 major;
2684 3085 2737 3132 et
2759 3093 2885 3132 vere
2913 3078 3106 3148 major,
3135 3080 3258 3151 quia
3282 3079 3376 3134 Dei
3399 3079 3600 3134 Filium
3627 3091 3826 3150 ιιιμι-υ-

557 3177 635 3231 lbi
681 3177 906 3245 simplex
951 3177 1004 3230 in
1051 3173 1310 3229 Genitore
1356 3180 1548 3228 natura
1581 3179 1701 3236 est;
1728 3171 1816 3226 hic
1844 3169 2052 3240 gemina
2080 3169 2134 3227 in
2163 3167 2208 3231 C
2239 3167 2401 3237 pheta
2431 3168 2798 3238 przeloquitur,
2828 3177 2887 3222 ut
2930 3184 3229 3238 prmcursor
3257 3171 3565 3236 antevertit,
3625 3183 3686 3226 ut
3733 3173 3822 3226 Ba-

557 3266 916 3336 lledemptore
944 3266 1260 3320 substantia.
1294 3261 1550 3334 55911ιί
1575 3267 1722 3316 totus
1743 3257 2083 3327 impassibilis
2103 3271 2134 3309 a

559 3355 717 3410 Patre
729 3371 825 3410 suo
843 3355 981 3410 Deus
998 3362 1098 3419 est;
1114 3355 1201 3409 hic
1215 3360 1391 3407 autem
1406 3359 1610 3405 tantum
1622 3348 1883 3418 processit
1895 3362 1926 3400 a
1941 3355 2130 3408 matre,

558 3455 612 3506 ut
637 3446 814 3516 etpati
837 3460 942 3501 non
970 3445 1158 3514 possit.
1177 3441 1293 3496 Pati
1313 3442 1456 3497 enim
1481 3439 1864 3509 poterat,sicut
1893 3445 1946 3490 et
1973 3450 2131 3506 passa

555 3545 636 3592 est
663 3550 788 3590 caro
813 3541 936 3590 nata
961 3534 1028 3587 de
1047 3547 1230 3598 carne,
1261 3540 1315 3586 et
1341 3531 1451 3602 pati
1474 3545 1583 3584 non
1604 3535 1819 3598 poterat
1848 3526 1987 3586 Deus
2036 3540 2132 3578 na-

558 3635 640 3683 tus
663 3626 712 3678 in
734 3639 914 3678 carne.
948 3622 1126 3677 Edidit
1155 3637 1385 3691 namque
1413 3620 1570 3676 nobis
1596 3633 1694 3688 per
1723 3625 1933 3670 uterum
1967 3616 2128 3684 virgi-

558 3718 640 3770 nis
690 3715 828 3769 Deus
879 3728 1115 3776 carnem,
1147 3721 1200 3768 et
1229 3727 1354 3765 caro
1384 3710 1568 3765 Deum.
1595 3709 1704 3764 Nec
1731 3706 2126 3776 ambigendum,

557 3809 770 3872 fratres,
798 3805 842 3859 si
865 3805 952 3858 ille
981 3803 1119 3857 Deus
1145 3802 1321 3872 potuit
1339 3816 1458 3856 esse
1479 3799 1620 3868 quod
1641 3799 1829 3862 voluit,
1853 3797 1944 3865 qui
1971 3808 1992 3832 η
2019 3811 2132 3850 om-

557 3897 644 3949 nia
672 3893 814 3961 quod
853 3893 1020 3946 voluit
1057 3892 1201 3947 fecit.
1234 3890 1414 3959 Neque
1463 3888 1818 3943 cunctandum
1849 3887 1894 3940 si
1921 3886 2012 3940 Dei
2041 3885 2128 3939 Fi-

558 3987 660 4038 lius
702 3984 877 4054 potuit
919 3983 1193 4038 hominem
1235 3981 1336 4034 sibi
1381 3980 1586 4035 sociare
1614 3979 1948 4048 passibilem,
1966 3993 2125 4048 quem

555 4083 768 4146 poterat
793 4075 1057 4146 passionis
1087 4073 1355 4142 triumpho
1379 4070 1815 4144 impassibilitatis
1836 4070 2004 4136 gloria
2035 4083 2127 4124 co-

553 4179 770 4227 ronare.
800 4162 858 4219 Si
877 4178 1076 4218 novum
1095 4163 1195 4218 fuit
1221 4161 1364 4232 quod
1403 4161 1542 4215 Deus
1568 4166 1650 4214 est
1673 4167 1830 4214 natus
1859 4159 1912 4214 in
1944 4158 2121 4223 terris,

553 4257 722 4316 multo
750 4255 917 4324 magis
946 4261 1030 4309 est
1057 4268 1255 4308 novum
1280 4249 1425 4322 quod
1454 4250 1616 4304 homo
1665 4257 1853 4316 regnat
1881 4249 1931 4301 in
1963 4247 2120 4302 cmlo.

553 4347 758 4414 Quibus
777 4346 1030 4416 inspectis
1050 4343 1339 4414 perfectam
1368 4338 1732 4410 gloriosissimi
1760 4337 1983 4392 Joannis
2023 4337 2123 4392 Ba-

551 4437 728 4506 ptistae
770 4434 1156 4492 beatitudinem
1184 4431 1616 4500 comprobamus,
1648 4443 1805 4497 quem
1835 4431 1890 4482 in
1919 4436 2120 4484 tantam

2237 3259 2399 3328 ptista
2428 3259 2680 3328 suscepit,
2713 3267 2772 3312 ut
2800 3261 2952 3313 testis
2976 3261 3226 3315 ostendit.
3261 3258 3327 3314 Et
3354 3271 3478 3331 post
3498 3264 3709 3326 omnia,
3747 3266 3829 3320 hic

2237 3358 2319 3405 est
2349 3351 2436 3405 ille
2462 3366 2622 3419 quem
2670 3352 2814 3406 nulla
2839 3351 3275 3406 indumentorum
3307 3353 3625 3407 oblectante
3653 3356 3826 3407 molis

2237 3443 2309 3497 tie
2330 3445 2517 3498 cameli
2543 3452 2685 3498 texta
2709 3443 2775 3498 de
2803 3443 2923 3512 pilis
2944 3443 3186 3512 asperior
3207 3445 3386 3498 tunica
3411 3445 3703 3508 vestiebat,
3735 3462 3827 3499 ne-

2235 3547 2341 3603 que
2370 3533 2475 3587 ulla
2508 3533 2754 3603 voluptas
2783 3532 3062 3602 epularum
3086 3532 3324 3594 suavior,
3355 3541 3447 3586 aut
3478 3531 3668 3587 edacis
3691 3536 3824 3602 gula

2234 3632 2565 3679 tentamenta
2614 3625 2918 3693 capiebant,
2966 3622 3061 3679 sed
3107 3631 3359 3690 tanquam
3382 3639 3509 3677 vere
3529 3639 3826 3680 censorem

2232 3714 2463 3769 faucium
2485 3729 2725 3777 suarum,
2758 3723 2809 3768 et
2828 3714 2996 3782 jejuni
3027 3715 3226 3769 ventris
3265 3715 3562 3774 dominum,
3597 3730 3701 3782 per
3731 3717 3824 3770 de»

2231 3813 2372 3858 serta
2394 3802 2644 3871 gradiens
2667 3803 2816 3856 arida
2841 3804 3045 3858 locusta
3090 3805 3368 3873 pascebat.
3401 3805 3504 3858 Mel
3531 3805 3702 3858 etiam
3731 3807 3824 3859 sil-

2229 3903 2408 3949 vestre
2437 3894 2630 3960 legitur
2658 3892 3032 3961 manducasse,
3072 3904 3132 3948 ut
3171 3894 3512 3948 advertamus
3540 3907 3671 3947 eum
3710 3911 3820 3948 non

2232 3983 2352 4038 cibo
2379 3983 2610 4037 humana
2641 3982 2997 4037 sollicitudine
3021 3991 3343 4052 praeparato,
3375 3981 3472 4037 sed
3502 3991 3665 4051 pastu
3690 3984 3820 4037 sim-

2228 4073 2372 4144 plici,
2421 4081 2478 4128 et
2526 4072 2807 4127 illaborata
2833 4073 3030 4126 vixisse
3073 4072 3392 4126 substantia.
3422 4070 3490 4124 Et
3521 4072 3639 4126 haec
3669 4072 3817 4135 ideo.

2227 4173 2287 4223 ut
2314 4164 2564 4228 arbitror,
2589 4163 2802 4230 fratres,
2832 4177 2901 4217 ne
2922 4170 3250 4216 assertorem
3275 4161 3498 4229 iustitia:
3543 4176 3576 4214 ι
3609 4177 3816 4230 przeco-

2227 4255 2319 4309 nio
2346 4252 2591 4310 veritatis
2611 4260 2705 4307 aut
2725 4251 3021 4321 speciosior
3058 4251 3224 4306 vestis
3253 4250 3565 4315 abduceret,
3599 4260 3696 4303 aut
3716 4252 3815 4304 ειε-

2227 4342 2442 4400 lectatio
2466 4342 2784 4412 depravaret
2803 4356 3063 4396 escarum.
3087 4339 3163 4395 De
3192 4339 3294 4394 hac
3315 4338 3556 4408 profecto
3587 4354 3816 4408 magna-

2227 4433 2468 4487 nimitate
2513 4431 2807 4493 descendit,
2859 4429 3003 4500 quod
3051 4429 3180 4484 dum
3223 4427 3488 4482 Herodem
3525 4441 3714 4496 regem
3746 4428 3814 4481 de

551 4525 932 4582 sublimitatem
961 4523 1200 4592 dignatio
1221 4522 1452 4577 caelestis
1477 4521 1675 4584 evexit,
1706 4528 1764 4574 ut
1811 4520 2120 4589 mysterium
2150 4514 2202 4573 ι)
2227 4523 2516 4578 concubitu
2541 4522 2792 4578 fraterna:
2819 4521 3062 4591 conjugis
3089 4518 3423 4575 confidenter
3441 4518 3676 4583 incusat,
3707 4532 3810 4571 nec

549 4614 740 4670 salutis
786 4621 982 4667 nostra:
1012 4611 1168 4665 terris
1191 4611 1440 4680 caeloque
1485 4609 1761 4672 mirabilis,
1811 4617 1866 4662 et
1893 4608 2121 4663 necdum

550 4711 709 4759 natus
728 4702 1053 4773 prophetare
1082 4701 1358 4767 meruerit,
1388 4708 1444 4754 et
1469 4708 1628 4755 natus
1659 4699 1962 4753 ostendere.
1993 4696 2121 4750 Erat

545 4793 691 4849 enim
719 4800 850 4846 tunc
875 4789 1108 4844 Joannes
1134 4789 1531 4859 dispensatione
1575 4787 1754 4841 divina
1802 4788 2025 4840 acerbus
2052 4785 2124 4838 ad

543 4888 780 4954 partum,
812 4885 1054 4932 maturus
1084 4877 1151 4930 ad
1180 4877 1436 4946 gratiam;
1459 4890 1582 4930 nam
1604 4875 1695 4945 qui
1724 4875 2123 4943 nativitatipro-

542 4971 673 5041 prius
701 4968 898 5024 nedum
923 4967 1204 5022 videbatur
1233 4966 1474 5030 idoneus,
1505 4971 1655 5020 ortus
1675 4964 1928 5019 dominici
1951 4964 2120 5019 factus

541 5070 621 5118 est
644 5061 871 5117 idoneus
890 5060 1236 5130 praedicator;
1268 5072 1496 5129 eumque
1523 5059 1753 5113 naturali
1802 5059 1919 5125 lege
1949 5067 2118 5121 totum

541 5153 718 5209 adhuc
740 5151 1014 5208 hominem
1042 5158 1234 5206 venter
1254 5157 1524 5204 maternus
1546 5149 1861 5213 includeret,
1897 5149 2006 5217 jam
2037 5156 2118 5204 ta-

541 5261 664 5304 men
694 5238 937 5315 spiritum
960 5241 1213 5298 noscituri
1237 5240 1328 5295 ﬁlii
1349 5239 1467 5294 laeta
1509 5241 1693 5294 matris
1719 5240 1894 5308 lingua
1925 5238 2118 5308 prode-

547 5339 664 5404 bat;
715 5338 790 5392 ait
836 5336 979 5392 enim
1024 5332 1318 5397 Elisabeth,
1368 5337 1428 5386 ut
1451 5331 1646 5387 lectum
1675 5340 1779 5398 est,
1809 5331 1878 5384 ad
1901 5331 2115 5385 beatam

613 5582 638 5610 ⁸
669 5572 806 5627 Cod.
835 5570 1011 5624 Casin.
1046 5569 1246 5625 omittit
1271 5579 1459 5622 vocem
1485 5580 1628 5618 sane.
1659 5559 1665 5564 ”
1989 5626 1996 5633 ο

612 5641 640 5680 ι’
669 5643 811 5696 Idem
839 5639 982 5706 cod.,
1013 5641 1133 5712 quia
1172 5641 1340 5712 ipsum
1391 5634 1611 5689 Verbum
1646 5641 1696 5688 et
1721 5645 1844 5712 caro
1881 5643 2011 5680 unus
2034 5636 2109 5712 est

545 5711 812 5778 Dominus,
861 5720 1008 5781 atque
1026 5706 1203 5779 unus,
1229 5708 1460 5776 idemque
1496 5715 1736 5770 alemus,
1764 5710 1812 5756 et
1833 5713 1987 5766 novus
2010 5706 2105 5750 eu.

2229 4613 2519 4681 gloriosam
2570 4612 2750 4670 subire
2797 4620 3047 4673 mortem,
3097 4624 3202 4665 nec
3238 4607 3418 4662 mundi
3448 4607 3628 4664 lucem
3656 4622 3810 4676 sper-

2228 4717 2359 4763 nere
2412 4701 2736 4760 formidavit.
2790 4701 2975 4770 Neque
3020 4699 3188 4759 tristis
3216 4699 3356 4757 hanc
3377 4697 3541 4754 vitam
3561 4697 3804 4765 reliquit.

2226 4791 2352 4861 quia
2379 4805 2592 4860 semper
2633 4787 2942 4846 custodiens
2969 4787 3340 4858 prophetalem
3384 4787 3619 4856 rigorem
3667 4801 3806 4839 nun.

2226 4895 2386 4950 quam
2419 4881 2632 4950 penitus
2661 4879 2834 4937 fuerat
2876 4878 3082 4934 fallacis
3125 4877 3304 4932 saeculi
3331 4877 3595 4930 suavitate
3625 4877 3804 4930 molli-

2227 4979 2330 5025 tus.
2386 4969 2611 5041 Propter
2646 4968 2790 5038 quod
2814 4967 3202 5039 patientissime
3244 4972 3519 5035 praecepto
3545 4965 3691 5032 regis
3720 4967 3774 5018 in

2218 5063 2348 5131 justi
2369 5063 2546 5132 capite
2568 5069 2845 5116 truncatur
2867 5059 2923 5114 in
2947 5073 3188 5120 carcere,
3219 5057 3311 5126 qui
3356 5055 3635 5110 fortissimi
3684 5056 3798 5109 obi-

2222 5161 2308 5208 tus
2335 5152 2556 5222 praemio
2584 5157 2960 5206 remunerante
3001 5148 3234 5204 cmlestis
3287 5145 3500 5215 imperii
3538 5159 3690 5216 rege,
3743 5161 3791 5202 ei

2221 5253 2384 5316 caput
2410 5261 2468 5300 se
2495 5260 2648 5300 suum
2676 5252 3016 5315 recepturum
3042 5249 3263 5297 noverat
3281 5248 3337 5297 et
3355 5239 3608 5295 salutem.

2291 5565 2311 5591 '-
2345 5567 2485 5610 .ucm
2509 5555 2654 5616 cod.,
2686 5551 2859 5605 omnia
2880 5563 2991 5618 qua:
3019 5548 3177 5601 voluit
3197 5547 3339 5616 fecit.

2287 5623 2312 5663 ⁸
2337 5626 2468 5680 item
2496 5615 2647 5692 cod.,
2664 5615 3008 5685 salutationis,
3056 5615 3263 5684 etc.,iu
3291 5615 3508 5688 praedio.
