3896 6250
135 353 234 408 66!

1599 339 1826 395 SERMO
1866 338 2018 391 LXV.

3325 328 3435 386 669

1544 449 1810 511 SERMO
1856 446 2079 506 LXIII.

1216 555 1294 610 De
1333 551 1595 608 nativitate
1624 550 1685 604 S.
1714 547 1937 601 Joannis
1964 546 2210 615 Baptist
2247 545 2321 598 γι
2330 544 2358 598 I
2364 587 2377 599 .

1625 633 2010 691 ADMONlTlO.

211 741 378 811 561
411 741 478 794 In
511 741 580 811 S.
605 740 859 811 Dalmatii
889 752 1029 811 stupe
1056 736 1269 811 a__no_b_is
1295 733 1514 788 laudato
1554 729 1739 786 codice
1778 728 1865 782 hic
1891 741 2071 782 sermo
2104 742 2213 798 pne
2243 744 2303 786 se
2345 729 2447 784 fert
2490 728 2548 784 S.
2581 729 2795 795 Maximi
2826 745 3023 785 nomen
3061 744 3182 784 cum
3221 730 3378 786 titulo
3407 745 3424 782 :

142 803 456 864 Ιιεῖη-σῖάε
485 810 559 864 S.
582 810 742 864 Joan.
777 809 927 876 Bapt.
961 803 1135 859 uomit.
1171 804 1229 856 ΙΙ
1242 803 1287 856 1.

139 909 569 955 Ascuam-run.
600 931 673 942 --
701 897 761 952 S.
791 897 1020 951 Joannes
1054 896 1287 965 Baptista
1315 891 1556 963 progenie
1584 887 1752 965 incly—
1780 887 1833 945 A
1858 897 2044 943 venter
2071 889 2337 943 intumuit.
2365 889 2596 943 Joannes
2623 888 2922 958 concipitur
2944 894 3097 941 utero
3118 888 3424 951 senissimo,

213 978 321 1030 tus,
357 971 653 1022 nativitate
687 967 958 1029 mirabilis,
988 962 1140 1037 atque
1163 965 1215 1016 in
1245 965 1348 1014 vita
1377 971 1425 1016 et
1439 962 1754 1037 imorte'gto—

213 1029 590 1098 riosissimus;
621 1037 888 1106 plusquam
910 1029 1178 1103 propheta,
1202 1041 1249 1084 et
1276 1046 1373 1106 uox
1401 1029 1674 1106 clamantis
1699 1029 1754 1106 in

212 1108 470 1168 deserto;
521 1095 639 1177 qua}
668 1095 762 1177 vos}
789 1095 944 1177 etiam
973 1095 1107 1177 nunc
1137 1095 1473 1170 cunctis'quw
1513 1095 1754 1166 facienda

211 1193 443 1244 qumque
469 1174 727 1245 fugienda
754 1174 859 1226 sint
878 1175 1186 1242 proclamat.

210 1348 410 1402 Sancti
460 1347 694 1402 Joannis
723 1347 977 1416 Baptistae
1014 1344 1273 1400 hodierna
1302 1341 1409 1405 die,
1440 1342 1631 1396 fratres
1659 1356 1755 1396 ca-

141 1437 370 1502 rissimi,
405 1438 657 1491 natalem
686 1436 1041 1500 celebrantes,
1069 1433 1397 1489 exsultemus
1424 1439 1584 1499 atque
1609 1430 1755 1483 lzete-

142 1543 268 1580 mur
297 1526 358 1580 in
391 1527 658 1590 Domino,
678 1525 837 1578 illum
861 1524 916 1576 in
942 1523 1110 1576 veteri
1141 1522 1259 1590 lege
1295 1529 1478 1574 natum
1506 1533 1626 1573 esse
1651 1520 1754 1574 ho-

145 1616 360 1669 minem
402 1616 675 1684 progenie
705 1613 984 1683 inclytum,
1015 1612 1298 1666 nativitate
1324 1606 1644 1675 mirabilem,
1673 1619 1755 1664 at-

144 1721 252 1773 que
269 1706 326 1759 in
350 1706 474 1759 vita
501 1714 556 1759 et
577 1712 748 1759 morte
776 1704 1237 1772 gloriosissimum.
1261 1702 1380 1773 Ipse
1399 1703 1542 1758 enim
1562 1711 1646 1769 est
1666 1702 1754 1756 ille

146 1810 474 1862 praecursor
493 1793 727 1848 Joannes
749 1793 838 1861 qui
860 1791 1193 1848 Salvatorem
1214 1793 1413 1856 seculi,
1449 1791 1550 1846 etsi
1579 1791 1753 1845 adhuc

146 1885 344 1938 matris
387 1885 449 1938 in
477 1892 632 1937 utero
653 1884 973 1944 latitantem,
1003 1883 1164 1937 etiam
1195 1883 1310 1950 ipse
1330 1890 1578 1936 materno
1604 1881 1775 1935 clau»

148 1987 240 2026 sus
271 1972 330 2024 in
354 1973 512 2037 sinu,
543 1971 858 2026 exsultando
885 1970 1156 2036 salutavit,
1188 1971 1519 2039 saltibusque
1553 1985 1755 2023 annun-

150 2062 314 2116 tiavit
343 2070 701 2132 praesentem.
731 2062 898 2121 Natus
922 2078 1076 2126 vero,
1113 2070 1273 2130 atque
1301 2063 1442 2116 inter
1469 2061 1754 2116 tenebrosa

152 2151 368 2206 deserti
407 2153 633 2206 latitans
672 2152 938 2220 gloriosus
964 2153 1290 2234 promulgat,
1321 2152 1660 2208 venientibus
1687 2151 1754 2206 ad

1859 979 2025 1046 patri,
2055 994 2216 1047 quam
2241 987 2514 1046 nunquam
2545 979 2841 1043 habuerat,
2886 977 3071 1046 proles
3091 975 3424 1032 conceditur.

1858 1066 2126 1122 Elisabcth
2156 1076 2336 1122 autem
2365 1063 2626 1122 vacuatur
2652 1075 2855 1132 uterus,
2885 1075 2938 1121 et
2963 1075 3279 1128 mnu-emse
3306 1066 3426 1120 laeta

1856 1158 2098 1210 miratur.
2144 1155 2389 1210 Exsultat
2431 1155 2712 1209 Zacharias
2758 1155 2810 1208 in
2853 1154 3076 1226 gaudio;
3119 1162 3320 1208 etcum
3361 1153 3429 1207 dc

1857 1246 2263 1315 puerinomine
2292 1244 2434 1314 apud
2474 1244 2752 1313 proximos
2794 1251 2937 1299 esset
2975 1251 3268 1306 contentio,
3301 1241 3425 1296 dum

1856 1337 2054 1391 tabulis
2082 1345 2238 1407 pater
2263 1337 2456 1407 stylum
2488 1335 2600 1403 ﬁgit
2621 1371 2636 1400 -,
2675 1343 2735 1390 ut
2763 1351 2861 1416 pro
2889 1335 3110 1390 arbitrio
3139 1335 3250 1389 nati
3277 1334 3428 1404 pueri

1855 1442 2054 1481 nomen
2083 1427 2365 1490 describat,
2396 1425 2539 1494 quod
2567 1440 2817 1481 sermone
2839 1426 3108 1495 explicare
3136 1442 3249 1480 non
3276 1437 3426 1496 pote-

1857 1528 1983 1582 rat,
2031 1519 2083 1572 in
2112 1533 2299 1572 vocem
2338 1517 2513 1573 subito
2542 1517 2774 1586 linguam
2816 1507 3071 1584 resolvit,
3116 1517 3428 1584 litterasque

1857 1624 2105 1664 sermone
2133 1609 2411 1676 praevenit,
2443 1617 2499 1662 et
2535 1622 2693 1675 quem
2722 1608 2860 1676 stylo
2903 1605 3166 1661 Joannem
3194 1606 3428 1662 scribere

1856 1698 2090 1762 volebat,
2118 1699 2384 1766 loquendo
2408 1705 2652 1752 testatur.
2683 1695 2818 1762 Quid
2839 1711 2966 1764 ergo
2990 1699 3182 1753 mirum
3207 1698 3252 1750 si
3280 1697 3428 1752 illum

1856 1791 1977 1858 plus
2003 1804 2161 1858 quam
2190 1789 2508 1860 prophetam
2540 1787 2783 1841 Christus
2809 1789 3104 1857 prmdicati
3131 1787 3259 1853 Quis
3286 1788 3428 1842 enim

1857 1881 2241 1950 prophetarum
2289 1879 2556 1934 nascendo
2597 1893 2784 1933 vocem
2812 1885 2924 1943 ,‘et
2967 1878 3167 1947 populo
3194 1879 3429 1934 restituit

1857 1968 2227 2023 sacerdotem?
2255 1967 2394 2036 Ergo
2423 1982 2523 2022 nec
2560 1968 2753 2021 mirum
2781 1966 2828 2022 si
2864 1966 2933 2022 de
2972 1981 3030 2020 se
3057 1975 3244 2036 postea
3274 1956 3428 2021 dixe-

1857 2059 1927 2112 rit
1953 2076 1966 2111 ε
1999 2057 2112 2130 Ego
2139 2075 2254 2112 sum
2281 2073 2379 2111 vos;
2401 2057 2674 2110 clamantis
2700 2057 2753 2109 in
2785 2055 2983 2112 deserto
3011 2054 3159 2126 (Luc.
3191 2054 3428 2126 m)-Hoc

1857 2158 1958 2213 est,
2009 2164 2115 2204 non
2159 2164 2264 2202 vox
2295 2155 2500 2201 tantum
2529 2162 2648 2215 qua:
2693 2147 3018 2201 audientium
3051 2147 3230 2201 valeat
3273 2162 3427 2203 aures

155 2253 217 2293 se
255 2242 489 2310 populis
535 2256 757 2296 securus
799 2241 1092 2310 praedicat,
1138 2239 1473 2296 conﬁdenter
1499 2243 1751 2297 ostendit.
1786 2239 1834 2299 B
1860 2245 2169 2308 penetrare,
2193 2237 2289 2294 sed
2320 2244 2376 2292 et
2401 2237 2700 2302 clamantis,
2730 2251 2850 2307 qum
2878 2251 3072 2307 nempe
3100 2237 3428 2295 audientium

156 2326 264 2382 lste
285 2340 378 2383 est
407 2330 501 2385 ille
527 2330 851 2385 clarissimus
872 2321 1072 2386 Christi
1093 2329 1330 2400 Baptista
1344 2332 1436 2400 qui
1457 2331 1750 2387 advenien-

157 2426 242 2472 tes
265 2419 336 2474 ad
368 2436 436 2475 se
460 2421 782 2490 populorum
809 2421 994 2475 turbas
1018 2428 1166 2476 tanta
1195 2422 1471 2477 alacritate
1495 2423 1752 2491 exagitat,

160 2515 221 2559 ut
264 2524 377 2564 nec
425 2508 814 2564 Pharisaeorum
843 2511 1145 2580 superbiam
1170 2550 1192 2574 ,
1236 2527 1339 2568 nec
1376 2513 1671 2567 scribarum
1699 2513 1754 2566 in

160 2597 284 2664 lege
311 2599 535 2662 Domini
565 2599 906 2668 imperitiam,
947 2615 1050 2656 nec
1075 2600 1328 2656 vitiorum
1357 2603 1614 2667 omnium,
1643 2603 1757 2672 qui—

163 2685 265 2740 bus
319 2688 536 2756 perﬁda
587 2690 674 2742 illa
728 2703 1147 2758 gens............
1197 2691 1472 2748 declarare
1521 2702 1753 2751 recusat.

165 2775 323 2832 Hunc
353 2794 461 2833 nec
507 2780 791 2848 impiorum
832 2793 1019 2849 regum
1057 2783 1243 2848 minae,
1290 2799 1393 2839 nec
1436 2785 1757 2841 luxuriantis

169 2866 308 2920 aula:
338 2869 572 2936 plurima
603 2869 903 2935 commoda,
933 2886 1034 2926 nec
1060 2873 1407 2928 sacerdotalis
1435 2876 1647 2943 generis
1666 2891 1758 2930 su-

168 2957 361 3024 perbia
391 2974 425 3012 a
450 2960 682 3015 veritate
706 2959 932 3015 dicenda
965 2962 1252 3031 prohibere
1276 2972 1586 3032 potuerunt.
1615 2963 1755 3020 Vere

172 3045 337 3113 igitur
362 3048 610 3104 Christus
637 3049 896 3114 Dominus
939 3050 1079 3105 dixit
1123 3066 1242 3107 esse
1284 3054 1405 3122 plus
1431 3069 1591 3124 quam
1628 3070 1760 3124 pro-

173 3135 423 3202 phetam.
454 3139 619 3193 Natus
666 3140 809 3193 enim
856 3149 1050 3210 praeter
1095 3157 1434 3197 communem
1479 3144 1757 3198 hominum

180 3228 542 3294 nativitatem,
574 3230 722 3283 illum
747 3231 963 3301 quidem
991 3231 1294 3287 obsecratio
1323 3241 1509 3288 sancta
1531 3235 1754 3301 creavit,

176 3331 284 3371 non
315 3335 447 3374 vero
477 3321 743 3390 voluptas.
791 3321 926 3377 Nam
971 3338 1093 3377 cum
1133 3324 1365 3378 materni
1412 3325 1549 3379 uteri
1595 3325 1757 3380 anilia

179 3407 391 3463 viscera
425 3410 731 3478 friguissent
752 3453 767 3477 ,
816 3419 873 3466 et
900 3412 1037 3467 fessa
1077 3413 1188 3481 jam
1235 3414 1478 3484 corporis
1513 3416 1758 3471 membra

179 3499 381 3554 nullam
435 3502 664 3571 amplius
716 3501 1053 3562 fecunditatis
1105 3504 1330 3573 gratiam
1384 3505 1750 3575 sponderent,

1855 2328 2021 2383 corda
2049 2327 2340 2389 concutiat,
2374 2335 2534 2396 atque
2558 2327 2612 2382 in
2643 2326 2780 2380 viam
2805 2327 2990 2381 salutis
3019 2325 3266 2381 adducat.
3301 2327 3430 2392 Qua}

1857 2418 2102 2487 equidem
2130 2433 2238 2472 vox
2277 2418 2439 2472 etiam
2477 2431 2618 2475 nunc
2656 2416 2867 2476 eunetis
2908 2416 3234 2485 proclamat.
3254 2414 3426 2484 Atque

1855 2510 2017 2562 etiam
2042 2508 2216 2572 vobis,
2247 2507 2460 2570 fratres,
2491 2521 2610 2576 qua:
2634 2504 2898 2570 facienda,
2928 2518 3154 2574 quaeque
3179 2493 3426 2572 fugienda

1856 2599 1963 2653 sint
2007 2613 2106 2668 per
2151 2598 2510 2668 humilitatem
2549 2602 2791 2652 nostram
2833 2609 3046 2665 semper
3089 2594 3370 2648 annuntiat
3411 2611 3424 2646 :

1858 2688 2052 2743 Parata
2073 2689 2206 2743 viam
2225 2686 2459 2754 meiui,
2485 2693 2649 2740 rectas
2674 2687 2830 2757 facile
2857 2687 3066 2740 semitas
3084 2685 3196 2754 ejus
3218 2682 3424 2754 (μήτι).

1856 2780 2004 2850 Ergo,
2025 2780 2166 2834 viam
2180 2779 2420 2834 Domino
2441 2792 2635 2848 parare
2653 2776 2923 2845 juhemur,
2955 2783 3153 2833 nostra:
3179 2774 3425 2847 equidem

1856 2872 1979 2933 ﬁdei
2017 2872 2268 2941 puritate,
2297 2884 2402 2938 qua
2423 2884 2531 2924 non
2569 2875 2776 2922 tantum
2806 2867 3073 2921 idolorum
3098 2880 3240 2919 vana
3268 2872 3426 2933 atque

1856 2961 2226 3030 superstitiosa
2253 2957 2501 3028 ﬁgmenta
2518 2957 2882 3022 adversentur,
2911 2955 3072 3011 sedet
3091 2955 3144 3009 in
3172 2954 3428 3010 fratribus

1857 3067 1922 3107 ea
1949 3052 2279 3106 detestemur
2304 3058 2359 3104 et
2399 3050 2751 3118 corrigamus.
2789 3047 2960 3118 ipsius
2994 3060 3208 3119 quoque
3235 3047 3434 3102 mentis

1857 3141 2128 3208 castitate,
2163 3154 2270 3209 qua
2298 3147 2354 3195 et
2382 3139 2634 3195 fratribus
2676 3139 3046 3203 misemamur,
3076 3138 3284 3193 cunctis
3312 3151 3430 3205 qum

1855 3247 1953 3288 sua
1992 3239 2117 3287 sunt
2152 3230 2484 3286 restituendo
2506 3267 2528 3294 ,
2575 3229 2735 3283 nullis
2779 3227 3152 3295 adversando,
3188 3237 3430 3282 errantes

1855 3323 2205 3392 corrigendo,
2247 3321 2467 3390 singulis
2492 3322 2728 3385 demum,
2759 3330 3017 3389 quantum
3044 3334 3143 3390 per
3169 3335 3269 3380 nos
3307 3319 3429 3377 licet

1859 3413 2262 3470 benefaciendo.
2290 3413 2434 3480 Ergo
2453 3411 2605 3480 juxta
2624 3409 2914 3467 venerandi
2935 3410 3185 3479 Baptista:
3205 3402 3429 3477 monita,

1860 3519 2074 3575 semper
2100 3491 2355 3568 vivamus,
2389 3502 2554 3557 Deum
2582 3515 2793 3569 semper
2821 3507 3129 3564 exorantes,
3165 3507 3224 3553 ut
3251 3499 3306 3553 in
3332 3499 3430 3553 ho-

178 3599 366 3645 oontra
388 3586 876 3661 impossibilitatem
906 3594 1086 3650 senilis
1121 3597 1364 3665 corporis
1410 3604 1465 3652 et
1499 3597 1750 3652 sterilita-
1781 3581 1828 3645 C
1858 3598 1942 3654 nis
1965 3597 2220 3668 operibus
2249 3594 2457 3650 felicem
2486 3592 2944 3664 perseverantiam
2981 3590 3431 3650 nobiscustodirc

183 3686 288 3735 lem
319 3685 478 3756 562
505 3687 791 3752 viscerum,
833 3687 1105 3744 Zacharim
1145 3689 1394 3758 precibus
1418 3731 1439 3758 ,
1482 3688 1755 3744 Elisaheth

1857 3688 2137 3746 concedat.
2169 3685 2434 3756 Explicit-

1533 3783 1798 3843 SERMO
1848 3782 2069 3842 LXIV.
2123 3792 2135 3804 ‘

1207 3874 1273 3932 In
1301 3878 1568 3932 natiuitate
1597 3878 1656 3938 S.
1694 3879 1916 3934 Joannis
1952 3879 2199 3950 Baptista:
2233 3875 2403 3931 VIII.

1631 3967 2025 4024 ADMONITIO.

251 4049 412 4122 563
440 4050 554 4106 Hoc
581 4049 936 4121 fragmentum
955 4053 1218 4109 sermonis
1246 4068 1314 4109 ex
1341 4056 1531 4111 eodem
1552 4057 1738 4115 codice
1766 4058 1826 4112 S.
1855 4056 2101 4112 Dalmatii
2130 4053 2542 4115 exscribendum
2567 4052 2901 4109 erravimus-

251 4161 445 4229 Hodie,
478 4163 668 4218 fratres
690 4203 708 4231 ,
754 4165 1048 4219 beatissimi
1072 4163 1294 4220 Joannis
1322 4165 1574 4234 Baptista:
1599 4175 1758 4220 natae

184 4249 286 4306 lem
306 4252 666 4317 devotissimis
693 4252 1067 4308 festivitatibus
1094 4255 1450 4321 celebramus,
1471 4256 1622 4323 cujus
1650 4272 1756 4310 non

183 4341 358 4396 solum
390 4341 487 4395 fuit
512 4343 622 4395 vita
650 4342 949 4408 laudabilis,
978 4344 1073 4399 sed
1097 4352 1152 4398 et
1179 4345 1634 4414 mirabilisipsius
1663 4361 1760 4400 na—

185 4431 364 4485 tivitas
390 4432 614 4486 exstitit.
645 4432 814 4486 Natus
836 4443 924 4488 est
957 4434 1098 4488 enim
1142 4434 1209 4488 de
1250 4435 1418 4489 sterili
1465 4435 1660 4490 femina
1691 4450 1759 4491 ex

184 4521 335 4574 senili
366 4529 422 4574 et
447 4529 637 4575 ventre
663 4523 987 4590 procedens,
1037 4524 1127 4578 ille
1171 4533 1255 4579 est
1294 4525 1492 4580 Christi
1520 4527 1759 4596 Baptista

185 4605 418 4665 Joannes
444 4611 511 4663 de
544 4626 652 4679 quo
677 4613 934 4681 scriptum
962 4622 1045 4668 est
1084 4633 1096 4667 :
1131 4615 1241 4685 Ego
1271 4632 1368 4670 vox
1404 4619 1676 4677 clamantis
1701 4621 1756 4673 in

186 4697 563 4768 desertatLuc.
595 4702 696 4773 in).
726 4701 988 4758 Clamavit
1006 4706 1254 4774 equidem
1280 4707 1332 4760 in
1353 4706 1566 4763 deserto
1591 4707 1757 4762 Joan—

1860 4181 1976 4230 nes,
2004 4173 2065 4220 ut
2091 4164 2323 4220 infidelis
2344 4162 2527 4234 populi
2551 4162 2830 4238 durissima
2857 4161 3020 4234 565
3041 4161 3290 4218 corda'ad
3318 4179 3429 4234 pa:-

1859 4257 2140 4310 nitentiam
2184 4256 2467 4309 excitaret.
2499 4252 2799 4318 Clamavit,
2847 4261 2908 4307 ut
2946 4253 3099 4308 illum
3142 4269 3174 4307 a
3202 4255 3431 4324 pessima

1860 4345 2173 4400 inﬁdelitate
2201 4357 2532 4398 sua..........
2561 4341 2826 4397 clamabat
2869 4350 3032 4411 atque
3068 4342 3278 4398 dicebat
3301 4363 3316 4398 :
3337 4361 3438 4414 pa»

1862 4445 1974 4489 rate
2016 4435 2153 4488 uiam
2201 4431 2434 4501 Domini,
2481 4442 2646 4485 rectas
2688 4433 2843 4503 facite
2879 4435 3090 4487 semitm
3130 4431 3230 4486 Dei
3270 4436 3437 4488 nostri

1865 4525 2016 4597 (Luc.
2059 4528 2159 4596 ni).
2195 4525 2373 4595 (Deest
2401 4523 2627 4595 folium.)
2657 4522 2800 4591 Ergo
2828 4524 2894 4578 ad
2919 4533 3131 4595 tempus
3157 4540 3280 4580 eum
3319 4525 3442 4597 ipso

1862 4617 2164 4672 habitemus
2207 4616 2262 4669 in
2293 4616 2399 4670 hoc
2441 4617 2635 4670 saeculo
2657 4653 2672 4680 ,
2719 4622 2779 4669 ut
2803 4629 2923 4670 eum
2952 4615 3069 4686 ipso
3096 4616 3152 4673 in
3177 4623 3437 4676 tet-eruum

1863 4723 1980 4763 esse
1999 4707 2283 4778 possimus.
2315 4705 2565 4777 Explicit.

1561 4823 1826 4882 SERMO
1869 4823 2059 4884 LXV.

1235 4918 1314 4974 De
1342 4922 1607 4975 nativitate
1638 4922 1698 4976 S.
1737 4922 1960 4976 Joannis
1987 4921 2238 4992 Baptista
2272 4921 2377 4976 ιχ.

1635 5011 1980 5066 DMONlTlO.

1635 5011 1676 5064 D
1962 5052 1980 5066 .

249 5096 504 5174 Cum‘liie
530 5109 745 5174 quoque
771 5111 949 5151 sermo
964 5098 1248 5174 _i‘n_cod_i-ce
1277 5099 1333 5153 S.
1367 5011 1962 5174 Dalmat_ili‘S.M§)fl:griig
1985 5102 2301 5174 ascribatur,
2336 5118 2363 5155 a
2389 5087 2668 5174 monachis
2692 5109 2822 5174 vero
2851 5078 3182 5174 Maurinis_in
3211 5106 3442 5174 append.

188 5183 351 5241 sentt.
380 5165 747 5241 S._A_ugus_t_ini
777 5182 923 5241 num.
958 5166 1060 5241 αξη
1087 5168 1399 5241 collocetur,
1429 5170 1674 5241 eumdem
1704 5185 1803 5224 nos
1831 5170 1887 5224 S.
1912 5171 2148 5226 Maximo
2177 5172 2357 5241 potius
2385 5185 2546 5240 quam
2574 5172 2891 5240 Augustino,
2925 5183 2986 5227 ut
3009 5174 3064 5228 in
3094 5165 3252 5227 Rom;

186 5237 250 5290 ad
278 5235 418 5290 diem
445 5235 515 5288 24
541 5233 702 5299 Junii,
737 5236 1106 5290 aserihendum
1136 5252 1255 5292 esse
1279 5237 1653 5304 judicavimns.

3331 5190 3444 5230 τεν.

187 5321 578 5399 Assenserunt.
605 5352 682 5399 -_—
712 5321 877 5376 Unius
906 5322 1146 5399 Joannis.
1180 5325 1426 5399 nativitas
1457 5324 1763 5399 celebratur.
1796 5334 1844 5390 ι)
1870 5326 2067 5383 nullius
2100 5327 2380 5385 hominum
2416 5329 2749 5386 nativitatem
2777 5330 3002 5399 legimus
3029 5331 3318 5397 celebrari,
3347 5333 3448 5390 nisi

269 5393 464 5446 Veteris
489 5391 575 5445 ille
604 5389 917 5444 Testamenti
950 5391 1139 5512 ﬁgura,
1170 5386 1267 5445 130a:
1298 5393 1568 5449 clamantis
1599 5395 1650 5445 in
1683 5395 1767 5446 de-

269 5472 422 5512 serto.
455 5461 509 5512 id
539 5469 617 5512 est
645 5462 699 5512 in
728 5461 823 5512 hoc
852 5477 970 5512 mun
1013 5477 1041 5512 ο
1061 5503 1076 5512 .
1108 5469 1226 5512 ante
1255 5459 1511 5512 Christum
1541 5464 1765 5512 urentis-

255 5472 422 5524 serlo,
455 5461 509 5514 id
539 5469 617 5513 est
645 5462 699 5513 in
728 5461 823 5512 hoc
852 5459 1041 5512 mundo
1061 5503 1076 5524 ,
1108 5469 1226 5512 ante
1255 5459 1511 5514 Christum
1541 5464 1765 5528 promis-

254 5548 359 5594 sus,
385 5541 537 5600 atque
559 5529 630 5582 ad
657 5530 768 5599 ejus
796 5528 1184 5582 similitudinem
1213 5531 1608 5599 sanctiﬁcatus..

253 5686 378 5742 Post
426 5674 580 5741 illum
621 5693 1020 5741 sacrosanctum
1070 5685 1332 5742 Dominici
1380 5688 1570 5744 natalis
1618 5689 1758 5745 diem

1868 5416 2036 5471 solius
2063 5414 2263 5472 Christi
2307 5417 2560 5486 Baptista:
2586 5418 2828 5474 Joannis.
2873 5419 2968 5475 Illa
3015 5420 3067 5475 in
3108 5421 3227 5477 aliis
3253 5423 3450 5477 sanctis

1867 5508 2165 5576 electisque
2209 5509 2304 5564 Dei
2334 5512 2530 5566 colitur
2555 5514 2671 5570 dies
2693 5553 2708 5579 ,
2747 5529 2854 5582 qua
2900 5515 3021 5571 illos
3048 5525 3173 5586 post
3201 5525 3283 5571 tot
3320 5533 3452 5573 con-

1867 5599 2283 5658 summationem
2333 5601 2615 5670 laborum,
2673 5605 3050 5676 devictumque
3093 5609 3352 5666 mundum
3398 5612 3453 5667 in

1864 5697 2151 5759 perpetuas
2188 5692 2516 5750 aeternitates
2543 5709 2779 5766 praesens
2821 5695 2939 5754 inec
2978 5699 3204 5769 parturit
3232 5699 3364 5756 vita.
3394 5700 3459 5757 lu
