3896 6250
535 303 638 357 663

1742 310 1799 365 s.
1839 306 2083 366 MAXIM!
2121 311 2605 398 rsummnsrs

3677 316 3796 374 σα

534 416 652 470 aliis
678 429 806 476 vero
845 423 1209 470 consummata
1240 415 1438 470 ultimas
1474 399 1581 474 diei
1609 421 1800 475 merita
1820 422 2099 478 oelebran-
2125 427 2176 486 Α
2203 424 2417 493 penitus
2460 426 2724 481 bonorum
2773 439 2997 495 operum
3037 425 3426 496 iucunditatem
3468 426 3748 483 adet-eius
3779 471 3794 490 .

534 512 639 557 tur.
680 504 738 557 ln
777 502 975 572 Christi
1016 511 1194 558 autem
1237 506 1577 563 sanctissimo
1622 507 1861 578 Baptista
1895 509 2102 567 Joanne

515 593 696 648 etiam
718 591 890 661 prima
918 592 1054 657 dies,
1075 601 1238 662 atque
1261 594 1428 664 ipsius
1453 610 1670 667 quoque
1695 598 1929 655 hominis
1951 600 2099 657 initia

534 682 915 748 celebrantur;
970 682 1096 750 quia
1150 697 1249 752 per
1303 685 1450 740 hunc
1493 684 1751 742 Dominus
1813 689 2101 745 adventum

531 789 685 828 suum
707 798 729 841 -,
774 788 844 827 ne
893 773 1044 827 illum
1094 774 1272 829 subito
1321 775 1570 831 homines
1615 777 1942 847 insperatum
1993 793 2101 834 non

531 865 909 929 agnoscerent,
945 862 1115 917 voluit
1161 877 1281 918 esse
1317 870 1597 920 testatum.
1643 865 1879 924 Joannes
1922 877 2102 923 autem

535 951 740 1006 Veteris
766 949 1095 1006 Testamenti
1128 951 1295 1020 ﬁgura
1336 952 1468 1019 fuit,
1501 963 1663 1023 atque
1699 956 1753 1010 in
1777 970 1837 1011 se
1877 955 2100 1011 formam

528 1040 762 1109 prmtulit
779 1039 955 1109 legis;
985 1041 1216 1111 ideoque
1242 1035 1480 1108 Joannes
1505 1045 1886 1112 praenuntiavit
1917 1044 2102 1100 Salva-

527 1138 701 1184 torem
721 1168 739 1196 ,
788 1130 927 1185 sicut
965 1129 1050 1185 lex
1093 1131 1320 1201 gratiam
1364 1134 1730 1204 prmcucurrit.
1773 1132 1927 1200 Quod
1973 1150 2101 1190 vero

527 1217 771 1282 nondum
794 1227 950 1273 natus
975 1219 1044 1274 de
1066 1227 1279 1274 secreto
1307 1221 1538 1276 materni
1568 1223 1707 1277 uteri
1744 1224 2102 1294 prophetave-

526 1308 624 1375 rit,
648 1318 704 1362 et
723 1320 919 1376 expers
937 1305 1113 1361 adhuc
1141 1307 1297 1376 lucis,
1321 1307 1434 1377 jam
1471 1311 1622 1367 testis
1650 1312 1810 1366 fuerit
1839 1313 2098 1381 veritatis,

527 1397 634 1451 hoc
672 1395 773 1450 fuit
813 1395 959 1465 quod
984 1395 1084 1452 sub
1121 1396 1387 1452 velamine
1414 1397 1591 1454 latens
1635 1399 1824 1454 litterae
1849 1441 1867 1468 ,
1913 1408 1969 1455 et
1994 1399 2102 1455 Re-

524 1486 885 1558 demptorem,
911 1487 1003 1556 qui
1028 1487 1140 1556 jam
1170 1487 1463 1543 advenerat
1486 1491 1674 1559 spiritu
1693 1490 2016 1560 prmdicavit,
2046 1500 2101 1546 et

527 1575 684 1631 nobis
702 1575 987 1630 Dominum
1009 1583 1251 1630 nostrum
1271 1576 1339 1632 de
1359 1578 1592 1646 quodam
1611 1580 1778 1633 veluti
1797 1579 1926 1647 legis
1948 1587 2099 1635 utero

525 1665 895 1734 proclamavit.
945 1666 1088 1735 Ergo
1113 1667 1238 1736 quia
1266 1665 1434 1722 Judaai
1479 1683 1510 1722 a
1542 1677 1728 1723 ventre
1753 1710 1769 1736 ,
1815 1670 1920 1727 hoc
1957 1678 2038 1725 est
2065 1686 2096 1726 a

2201 513 2406 571 nullum
2431 515 2616 582 gratia:
2654 515 2946 584 spiritualls
2987 516 3168 570 lumen
3214 525 3514 585 acceperat.
3547 517 3798 574 linitur

2202 615 2332 670 ergo
2366 602 2601 659 Joannes
2619 645 2636 672 ,
2664 605 2755 674 qui
2782 605 3092 674 prophetica
3120 613 3282 674 atque
3308 606 3618 675 apostolica
3645 622 3796 677 pra-

2201 692 2468 747 dicatione
2507 693 2876 762 paenitentiam
2913 693 3494 756 annuntiandorudem
3520 709 3792 764 campum

2202 781 2586 849 proscinderet,
2616 780 2942 848 fecundaret,
2969 790 3024 837 et
3052 782 3345 846 excoleret,
3373 791 3537 852 atque
3569 783 3646 838 ad
3672 799 3792 838 ma-

2203 877 2376 923 turam
2417 868 2622 938 frugem
2647 909 2663 935 ,
2709 869 2814 925 hoc
2848 878 2934 926 est
2976 869 3045 925 ad
3081 871 3503 938 regenerationis
3548 872 3791 940 gratiam

2203 965 2546 1028 przepararet.
2586 957 2706 1014 Jam
2732 973 2864 1042 vero
2890 968 3100 1028 quanta:
3125 959 3252 1014 illud
3276 966 3360 1015 est
3395 950 3610 1027 gloriae,
3642 963 3790 1030 quod

2204 1047 2472 1101 Zachariae
2496 1046 2765 1102 sacerdoti
2793 1048 2929 1111 seni,
2958 1056 3118 1116 atque
3140 1045 3410 1102 Elisabeth
3436 1049 3620 1103 sterili
3647 1050 3791 1104 ﬁlius

2202 1150 2232 1189 a
2255 1133 2503 1190 Gabriele
2526 1135 2883 1205 promittitur;
2923 1135 2992 1190 ab
3018 1136 3111 1190 illo
3133 1150 3361 1204 namque
3388 1136 3588 1203 angelo
3619 1152 3654 1190 a
3680 1152 3791 1206 quo

2201 1222 2521 1278 beatissima:
2569 1223 2749 1277 Mariae
2794 1224 3044 1280 nativitas
3091 1223 3301 1278 Domini
3352 1224 3688 1289 nuntiatur,
3734 1233 3790 1280 et

2200 1313 2352 1380 quasi
2378 1327 2445 1367 ex
2471 1312 2651 1380 aliquo
2679 1313 2865 1368 similis
2885 1313 3112 1368 Domino
3133 1313 3478 1382 prmmittitur
3504 1314 3659 1370 ﬁlius
3679 1321 3790 1368 ste-

2203 1399 2314 1454 rilis
2340 1407 2466 1454 ante
2494 1398 2658 1454 ﬁlium
2686 1401 2918 1470 Virginis
2935 1441 2950 1466 ,
2981 1401 3164 1457 nescio
3190 1401 3317 1471 quid
3344 1401 3524 1470 majus
3549 1404 3789 1457 miracu-

2201 1491 2307 1544 lum
2342 1490 2395 1544 in
2422 1489 2535 1558 ipsa
2577 1490 2854 1545 nativitate
2884 1491 3138 1546 declarat.
3168 1490 3444 1560 insperata
3474 1493 3639 1560 prole
3667 1508 3788 1546 ml-

2201 1585 2420 1633 neratur
2459 1577 2731 1645 sterilitas,
2758 1579 2884 1646 quia
2922 1594 3064 1634 novo
3087 1589 3242 1648 partu
3268 1587 3388 1634 erat
3413 1579 3650 1635 ditanda
3679 1583 3786 1635 vir-

2199 1669 2411 1736 ginitas.
2459 1667 2598 1723 Ante
2640 1666 2910 1722 Christum
2955 1667 3190 1724 Joannes
3233 1670 3603 1738 promittitur,
3657 1671 3784 1739 quia

526 1753 665 1820 lege,
694 1767 816 1824 qua:
841 1752 1040 1810 Christi
1066 1753 1290 1831 gravida
1318 1763 1436 1810 erat
1457 1793 1474 1818 ,
1523 1764 1856 1821 erraverunt,
1885 1771 2096 1813 errave-
2126 1762 2173 1825 β
2198 1755 2364 1812 Vetus
2382 1756 2782 1812 Testamentum
2809 1766 2937 1813 ante
2955 1757 3185 1825 Novum,
3207 1766 3267 1813 ut
3290 1758 3405 1815 dies
3431 1760 3542 1815 diei
3561 1771 3785 1816 eructat

525 1849 655 1897 runt
679 1856 711 1896 a
738 1845 960 1910 ventre,
986 1843 1158 1898 locuti
1183 1852 1308 1899 sunt
1332 1845 1463 1899 falsa
1488 1844 1657 1914 (Psat.
1691 1847 1837 1915 LVII).
1869 1845 1993 1902 Ideo
2015 1847 2098 1900 hic
2198 1845 2436 1899 verbum.
2467 1843 2812 1899 Prmmittitur
2838 1860 2967 1914 ergo
2994 1845 3212 1900 lucerna
3241 1855 3367 1901 ante
3406 1848 3615 1913 solem;
3649 1857 3780 1903 ante

524 1932 660 1984 venit
686 1931 740 1984 in
772 1933 1138 1995 testimonium,
1165 1942 1224 1986 at
1248 1936 1590 1988 testimonium
1617 1934 1899 2003 perhiberet
1925 1936 1988 1989 de
2014 1939 2096 1989 ια-
2199 1934 2480 1989 Dominum
2506 1949 2724 2000 servus;
2753 1935 2956 1990 amicus
2975 1941 3100 1990 ante
3126 1949 3414 2005 sponsum;
3442 1949 3636 2004 praeco
3655 1944 3782 1990 ante

690 2019 870 2091 (Joan.
900 2021 963 2092 ι).
1005 2021 1161 2089 Quod
1201 2030 1381 2079 autem
1409 2022 1641 2080 Joannes
1669 2025 1865 2094 poenali
1906 2027 2098 2082 consti-
2191 2023 2454 2090 judieem;
2484 2037 2590 2078 vox
2619 2031 2744 2078 ante
2768 2021 3021 2078 Verbum.
3051 2022 3226 2090 Atque
3252 2021 3373 2077 ideo
3395 2021 3465 2076 de
3490 2038 3554 2077 se
3578 2023 3780 2077 beatus

526 2118 675 2166 tutus
704 2119 788 2166 est
815 2112 871 2166 in
891 2126 1111 2168 canere
1136 2112 1206 2168 ad
1230 2112 1502 2168 Christum
1526 2114 1814 2184 discipulos
1839 2129 1967 2171 suos
2002 2130 2094 2170 or-
2196 2111 2325 2165 dicit
2348 2110 2583 2167 Joannes
2606 2129 2620 2165 :
2644 2109 2758 2182 Ego
2776 2128 2875 2166 vos:
2903 2111 3176 2165 clamantis
3195 2113 3249 2165 in
3278 2111 3504 2165 deserto.
3525 2111 3599 2166 Se
3630 2112 3779 2166 enim

525 2198 694 2266 (linat,
724 2199 813 2255 lex
840 2201 910 2254 ad
938 2199 1286 2271 Evangelium
1312 2202 1568 2257 mundum
1597 2204 1939 2270 transmittit,
1976 2217 2095 2273 qua:
2196 2200 2355 2271 566
2379 2198 2507 2254 dicit
2533 2213 2651 2254 esse
2678 2214 2894 2264 vocem,
2923 2199 3050 2269 quia
3080 2199 3242 2254 Verbi
3279 2201 3634 2254 annuntiator
3662 2208 3778 2254 erat

525 2290 743 2359 quidem
783 2291 871 2346 lex
894 2289 1048 2360 juxta
1087 2299 1276 2363 typum
1319 2291 1539 2348 Joannis
1578 2294 1740 2349 veluti
1781 2294 2095 2362 ignorantia:
2195 2297 2250 2344 et
2279 2289 2616 2359 praedicator.
2645 2289 2832 2344 Adhuc
2856 2289 3000 2344 enim
3027 2288 3081 2343 in
3109 2296 3262 2344 utero
3287 2287 3474 2344 matris
3504 2303 3623 2342 sua:
3652 2287 3778 2358 Spi-

527 2377 710 2432 clama
739 2392 958 2433 carcere
986 2379 1040 2432 in
1066 2378 1297 2434 obscuro
1339 2388 1396 2433 et
1433 2380 1647 2435 occulto
1678 2379 1909 2448 iacebat,
1938 2389 2095 2450 atque
2197 2379 2304 2432 ritu
2329 2382 2516 2433 sancto
2537 2385 2619 2432 est
2641 2377 2878 2448 repletus
2905 2385 2961 2432 et
2983 2377 3148 2447 ipsius
3174 2377 3508 2432 nativitatem
3535 2378 3784 2447 prophe-

525 2464 746 2522 Iudaica
774 2466 1015 2522 caecitate
1041 2480 1233 2523 sensus
1268 2467 1407 2522 intra
1437 2467 1668 2524 litteram
1697 2468 1977 2524 tenebatur
2012 2469 2094 2524 in—
2194 2465 2358 2520 tando
2386 2466 2666 2536 praevenit.
2707 2465 2789 2520 Ad
2832 2463 3233 2522 similitudinem
3266 2465 3480 2520 Domini
3527 2463 3778 2523 sandi-

527 2555 704 2610 clusa.
730 2553 882 2610 Unde
907 2564 974 2611 (et
999 2555 1068 2611 de
1104 2557 1209 2612 hoc
1233 2555 1424 2612 beatus
1449 2555 1784 2626 Evangelista
1809 2557 1882 2611 ita
1911 2558 2094 2627 prolo-
2193 2562 2344 2610 catus
2389 2553 2487 2608 fuit
2507 2593 2524 2618 ,
2568 2561 2854 2624 antequam
2899 2560 3058 2608 natas
3103 2552 3248 2606 intra
3290 2559 3535 2606 materna
3560 2552 3776 2608 viscera

528 2637 713 2707 quitur
757 2635 944 2692 dicens
984 2654 998 2690 :
1052 2635 1152 2692 Ille
1194 2646 1307 2692 erat
1350 2638 1560 2692 lucerna
1597 2639 1787 2692 ardens
1831 2646 1880 2692 et
1923 2639 2095 2693 lucens
2193 2643 2496 2709 exsultans,
2539 2650 2702 2711 atque
2745 2641 3040 2697 Salvatoris
3084 2639 3368 2695 adventum
3397 2654 3494 2695 ore
3521 2647 3774 2694 materno

529 2725 746 2796 (υἱώ).
804 2724 1034 2797 Spiritus
1079 2742 1272 2797 nempe
1318 2728 1491 2784 sancti
1537 2728 1658 2797 igne
1701 2742 1988 2786 succensus
2037 2737 2095 2784 ut
2191 2741 2515 2802 protestans.
2545 2733 2686 2788 Vere
2713 2739 2893 2787 autem
2918 2739 3037 2786 erat
3063 2730 3540 2794 lucernaardens,
3570 2731 3630 2784 in
3663 2745 3775 2800 quo

529 2814 729 2869 mundo
754 2813 1066 2884 ignorantia:
1095 2824 1255 2871 nocte
1292 2825 1552 2887 occupato
1591 2817 1768 2872 lumen
1792 2817 1979 2872 salutis
2005 2832 2094 2873 os-
2191 2826 2301 2873 tam
2329 2820 2612 2887 singularis
2655 2820 2826 2887 gratia
2854 2818 3051 2873 divinae
3077 2817 3636 2887 dignationis'eﬁ'ulsit
3657 2859 3674 2883 ,
3715 2826 3774 2873 st

529 2905 792 2972 tenderet,
814 2912 872 2960 et
895 2906 1047 2974 quasi
1075 2906 1217 2964 inter
1239 2905 1581 2964 densissimas
1601 2907 1915 2964 delictorum
1938 2916 2090 2964 tene-
2186 2905 2298 2975 jam
2321 2907 2538 2976 jamque
2564 2906 2749 2962 adfore
2789 2907 3186 2976 redemptorem
3212 2915 3410 2962 sancta:
3445 2920 3560 2960 sua:
3595 2905 3770 2961 Geni-

528 2992 654 3048 bras
690 2993 1175 3064 splendidissimum
1197 2995 1416 3064 iustitiae
1455 2997 1620 3052 solem
1648 2997 1780 3052 lucis
1806 3012 1916 3052 suae
1942 2998 2091 3053 radio
2191 2997 2337 3052 tricis
2364 3011 2498 3052 voce
2523 3005 2788 3065 narraret,
2817 3004 2874 3051 et
2899 3011 2996 3066 per
3015 3012 3137 3051 eam
3165 2996 3328 3054 veluti
3353 2996 3652 3065 quamdam
3679 3011 3772 3050 ve-

528 3083 940 3140 desnonstraret.
992 3083 1212 3139 Dicebat
1251 3086 1395 3140 enim
1438 3086 1508 3142 de
1549 3102 1608 3143 se
1645 3088 1761 3157 ipso
1794 3105 1808 3142 :
1836 3087 1951 3159 Ego
1994 3105 2090 3144 υοα
2114 3107 2159 3167 C
2189 3087 2362 3142 ritatis
2384 3087 2403 3108 ⁶
2432 3086 2665 3142 nondum
2683 3087 2738 3141 in
2769 3087 2941 3140 lucem
2967 3085 3210 3155 prolatus
3235 3083 3507 3140 Christian
3527 3099 3772 3154 prasen-

528 3175 802 3230 clamantis
838 3175 892 3227 in
923 3174 1122 3228 deserto
1151 3173 1299 3246 (Luc.
1326 3176 1426 3245 lli).
1457 3175 1735 3232 Clamabat
1760 3176 2007 3247 equidem
2035 3177 2088 3231 in
2192 3184 2300 3230 tem
2346 3173 2682 3240 ostenderet;
2714 3174 2938 3230 idoneus
2982 3174 3230 3243 equidem
3270 3173 3485 3229 Veteris
3526 3173 3774 3244 Novique

528 3267 746 3322 deserto
773 3264 1027 3335 Joannes,
1055 3264 1164 3321 hoc
1185 3274 1266 3322 est
1285 3266 1337 3320 in
1354 3267 1536 3334 gentili
1551 3275 1607 3322 et
1632 3267 1842 3323 indocili
1867 3268 2086 3338 populo.
2192 3262 2517 3322 Testamenti
2546 3256 2832 3329 mediator,
2863 3271 2919 3318 et
2949 3262 3169 3333 gloriosi
3199 3263 3335 3332 Δειιί
3362 3262 3557 3332 dignus
3581 3270 3772 3318 osten-

531 3354 709 3409 Vacua
732 3353 876 3409 enim
897 3354 1087 3409 timore
1111 3353 1206 3408 Dei
1233 3363 1470 3424 pectora,
1491 3365 1650 3423 atque
1676 3355 1875 3426 Spiritu
1901 3365 2092 3412 sancto
2192 3369 2304 3420 sor,
2334 3354 2424 3422 qui
2455 3353 2738 3408 Dominum
2778 3367 2934 3407 suum
2960 3366 3022 3407 se
3048 3351 3364 3406 annuntiare
3388 3365 3498 3406 uno
3529 3359 3775 3422 tempore

527 3444 768 3499 carentia
789 3483 806 3510 ,
853 3443 1144 3512 squalentis
1205 3443 1371 3499 eremi
1429 3445 1644 3500 deserto
1692 3453 2088 3515 comparantur.
2191 3445 2389 3501 meruit
2415 3452 2471 3500 et
2496 3443 2699 3500 videre.
2727 3441 2890 3512 Ergo,
2921 3441 3136 3506 fratres,
3165 3438 3325 3509 hujus
3353 3448 3515 3494 tanta:
3541 3440 3652 3496 diei
3682 3457 3774 3496 so-

529 3533 786 3589 Desertus
823 3533 967 3588 enim
994 3539 1111 3588 erat
1137 3532 1226 3588 hic
1261 3532 1492 3588 mundus
1517 3534 1586 3587 ab
1612 3535 1754 3589 omni
1783 3534 1904 3588 ﬁdei
1930 3536 2091 3590 timo-
2192 3535 2387 3591 lemnia
2425 3535 2873 3591 celebrantes.....
2917 3532 3265 3605 (‘Oblitteratc
3288 3531 3441 3586 linea
3477 3532 3772 3602 quindecim

528 3624 711 3692 risque
738 3622 833 3678 Dei
860 3623 1089 3690 cultura,
1119 3630 1279 3691 atque
1305 3631 1645 3692 peccatorum
1673 3624 1840 3693 spinis
1867 3626 2092 3693 obsitus,
2194 3628 2576 3689 desiderantur)
2595 3634 2812 3696 peccata
2836 3632 3019 3680 nostra
3034 3621 3298 3688 deﬂendo,
3317 3624 3614 3691 eademque
3629 3624 3771 3694 jeju-

529 3719 786 3782 tanquum
828 3725 956 3782 ager
992 3712 1222 3769 incultus
1257 3711 1415 3784 565
1442 3712 1750 3782 squalebat,
1792 3713 2096 3784 nullamqie
2195 3716 2298 3771 niis
2317 3724 2480 3785 atque
2503 3714 2861 3786 eleemosynis
2888 3712 3131 3784 plurimis
3156 3712 3490 3769 redimendo.
3515 3711 3766 3784 Explicit.

1896 3820 2163 3886 SERMO
2207 3823 2425 3886 LXVI.

1428 3922 1495 3978 In
1513 3923 1678 3978 natali
1703 3930 1994 3978 sanctorum
2012 3924 2363 3994 apostolorum
2387 3923 2534 3977 Petri
2560 3931 2610 3977 et
2637 3921 2794 3976 Pauli
2813 3919 2864 3975 I.

1949 4012 2338 4069 ADMONITIO.

598 4104 976 4174 Sexagesimus
1004 4110 1186 4159 sextus
1216 4103 1301 4159 hic
1327 4115 1528 4174 sermo,
1550 4118 1614 4159 ac
1637 4111 1893 4174 prater-ea
1914 4103 2005 4168 67,
2023 4102 2094 4174 68
2110 4112 2170 4174 _et
2193 4103 2284 4171 69,
2313 4102 2406 4173 qui
2426 4104 2738 4174 sequuntur,
2764 4116 2834 4158 ex
2852 4100 3069 4158 laudato
3095 4102 3282 4160 codice
3309 4100 3770 4159 Ambrosiam“-

530 4175 737 4242 scripti,
760 4167 896 4229 editi
920 4174 1149 4242 primum
1178 4180 1306 4228 tom.
1337 4167 1402 4227 IV
1434 4167 1696 4229 A‘needot.
1727 4188 1757 4226 a
1780 4167 2073 4228 Muratorio
2101 4167 2336 4228 fuerunt.

531 4291 920 4344 Ancum-mrum.
954 4313 1022 4323 —
1051 4283 1395 4356 Ecclesiarunt
1437 4285 1692 4355 principes
1708 4294 1868 4356 atque
1899 4287 2094 4356 glorio-
2123 4288 2174 4349 D
2199 4286 2339 4356 phus
2384 4285 2439 4340 in
2480 4299 2642 4340 cruce
2683 4284 2810 4339 est?
2851 4282 3139 4352 Elegerunt
3182 4283 3365 4352 itaque
3411 4282 3761 4341 Ecclesiamm

872 4363 1046 4446 Patres
1097 4363 1297 4446 nostros
1324 4351 1546 4446 ‘Pegrum
1602 4351 1650 4446 et
1700 4351 1947 4446 ξαίςζαηὶ,
1995 4371 2088 4436 pro

2199 4351 2467 4446 principes
2510 4375 2580 4428 ob
2623 4375 2884 4428 honorem
2932 4351 3056 4426 ﬁdei
3099 4351 3366 4441 patienter
3412 4373 3762 4437 oecnnibere,

601 4425 804 4480 Christo
836 4421 1038 4488 abiisse,
1071 4422 1215 4477 nobis
1252 4423 1531 4494 lwtandurn
1559 4433 1655 4476 est.
1707 4421 1768 4476 In
1796 4425 1860 4476 iis
1889 4421 2092 4494 gemina

599 4495 852 4549 Ecclesia
875 4494 1041 4562 [arma
1063 4494 1317 4562 ﬁguratur
1337 4508 1354 4554 ;
1374 4493 1429 4545 in
1459 4490 1614 4545 Petro
1636 4490 1934 4560 simplicitas
1953 4509 2092 4547 com-

600 4560 894 4627 mendatur,
921 4563 975 4614 in
1004 4560 1168 4615 Paulo
1197 4561 1452 4623 doctrina,
1480 4571 1535 4612 ut
1556 4561 1876 4614 adverlamus
1903 4562 1953 4614 in
1985 4562 2088 4614 Ec-

600 4634 761 4688 clesia
789 4629 888 4685 Dei
908 4639 965 4701 et
982 4631 1249 4701 scientiam
1276 4645 1384 4684 esse
1407 4631 1765 4694 necessariam,
1782 4640 1829 4683 et
1849 4631 2092 4701 simplici-

600 4713 759 4758 tatem
777 4717 889 4756 esse
915 4699 1172 4754 dilectam.

599 4809 932 4873 Necessarie,
959 4807 1146 4862 fratres
1169 4805 1538 4873 carissimi,"de
1557 4807 1935 4862 venerabilium
1963 4822 2094 4876 apo-

2192 4479 2334 4534 quos
2380 4471 2567 4518 auctor
2611 4463 2733 4517 vita:
2782 4461 3058 4530 pmmisso
3103 4475 3215 4516 suae
3260 4462 3452 4517 mortis
3485 4461 3761 4532 exemplo,

2198 4560 2428 4608 mortem
2455 4550 2639 4606 docuit
2663 4566 2772 4605 non
2802 4549 3009 4605 timere.
3035 4548 3304 4605 laetemur
3341 4564 3471 4620 ergo
3496 4558 3554 4605 et
3593 4551 3763 4606 exsul-

2199 4651 2373 4696 temus
2395 4683 2410 4707 ,
2455 4640 2868 4709 gloriosissimos
2928 4644 3110 4708 patres
3171 4647 3386 4698 nostros
3427 4639 3632 4695 obiisse
3674 4657 3764 4711 pro

2190 4730 2436 4798 Christo,
2463 4731 2587 4799 quia
2616 4730 2710 4798 qui
2747 4729 2994 4798 primitus
3035 4743 3136 4798 pro
3179 4735 3384 4784 aeterno
3420 4729 3538 4799 ipso
3566 4732 3764 4786 moris

2199 4823 2282 4877 sui
2311 4837 2472 4877 censu
2499 4821 2663 4876 vitam
2690 4821 2792 4876 sibi
2833 4827 3101 4875 mereatur
3125 4828 3400 4876 :eternam.
3433 4820 3763 4878 Etet-uitatis

525 4907 790 4964 stolarum
818 4901 1151 4973 passionibus
1176 4906 1335 4969 atque
1362 4899 1512 4954 obitu
1550 4908 1758 4969 patrum
1787 4908 2093 4954 nostrorum

527 5010 706 5052 annua
734 4990 1022 5048 festivitate
1049 4989 1308 5056 laetamur,
1338 4988 1463 5057 quia
1485 4988 1670 5043 ﬁducia
1696 4986 2008 5043 Christianae
2036 4986 2097 5041 li-

525 5088 612 5142 dei
640 5082 933 5149 credimus,
973 5091 1069 5136 eos
1095 5079 1377 5135 tormentis
1401 5079 1512 5135 suis
1537 5079 1781 5148 indeptos
1819 5094 1938 5136 esse
1982 5081 2097 5149 glo-

525 5179 661 5232 riam
699 5183 756 5230 et
796 5165 1208 5244 perpetuitatem
1253 5170 1465 5226 vivendi
1508 5170 1628 5224 vitae
1673 5185 1779 5224 suis
1809 5171 1913 5225 line
1951 5186 2097 5240 qua:-

526 5271 681 5327 sisse.
712 5267 843 5335 Quis
871 5267 1014 5323 enim
1059 5265 1264 5321 dubitet
1309 5263 1428 5320 illos
1453 5279 1550 5319 suo
1577 5277 1799 5332 regnare
1826 5281 1945 5320 cum
1983 5266 2092 5322 Do-

526 5362 700 5429 mino,
737 5358 830 5428 qui
859 5365 1143 5426 sequentes
1168 5356 1284 5424 ejus
1311 5354 1532 5422 vestigia
1561 5360 1788 5409 mortem
1818 5356 2096 5412 moriendo

526 5454 791 5516 vicerunt,
819 5457 910 5503 aut
934 5445 1206 5517 qudmodo
1239 5459 1350 5499 non
1377 5442 1715 5498 manifestum
1743 5454 1825 5500 est
1851 5445 1990 5515 apud
2029 5447 2097 5500 il-

526 5543 636 5598 lum
664 5555 845 5607 regem
872 5540 926 5594 in
952 5537 1275 5594 cruciatibus
1303 5550 1423 5591 esse
1459 5535 1757 5604 victoriam,
1792 5539 1877 5592 cui
1907 5539 2096 5593 trium-

2200 4912 2346 4968 enim
2383 4919 2652 4966 mercatus
2698 4911 2891 4978 agitur,
2935 4910 3026 4966 ubi
3069 4925 3176 4966 non
3203 4911 3443 4980 pecuina:
3476 4914 3762 4981 quantitas,

2197 5003 2294 5058 scd
2320 5002 2536 5070 sanguis
2566 5000 2735 5056 ﬁdelis
2761 5003 2817 5057 in
2845 5002 3020 5072 pretio
3048 5010 3152 5068 est,
3190 5003 3280 5058 ubi
3309 5003 3387 5060 sic
3409 5020 3559 5060 mors
3585 5005 3762 5062 adimit

2198 5092 2384 5159 vitam,
2425 5098 2483 5146 ut
2511 5089 2672 5145 illata:
2698 5091 2860 5146 morti
2896 5091 3212 5148 immortalis
3251 5091 3360 5151 vita
3403 5092 3674 5149 succedat.
3701 5094 3760 5149 Et

2199 5183 2339 5247 ideo,
2368 5181 2578 5244 fratres,
2615 5181 2703 5236 cui
2743 5196 2927 5237 amore
2951 5179 3148 5237 Christi
3178 5197 3374 5239 exosus
3401 5192 3486 5239 est
3521 5184 3756 5250 mundus,

2196 5271 2450 5326 mundum
2481 5271 2816 5327 non‘invitus
2843 5271 3057 5338 amittit,
3104 5274 3242 5328 sicut
3275 5273 3488 5330 dicebat
3526 5275 3758 5332 beatis!-

2198 5378 2316 5417 mus
2341 5361 2538 5417 Paulus
2563 5379 2577 5415 :
2610 5361 2742 5416 Mihi
2771 5363 2935 5417 vivere
2947 5360 3188 5418 Christus
3218 5374 3316 5430 est,
3349 5375 3398 5418 et
3421 5367 3555 5420 mori
3575 5366 3758 5420 luerunt

2200 5453 2418 5523 (Philip.
2447 5453 2507 5522 ι).
2534 5452 2706 5518 Quam
2733 5451 2956 5523 pulchre
2998 5453 3073 5507 ait
3098 5461 3149 5508 et
3187 5456 3318 5509 mori
3351 5453 3555 5509 luerunt
3583 5457 3602 5510 !
3629 5455 3754 5522 Quo

2199 5542 2341 5597 niani
2371 5542 2461 5612 qui
2488 5540 2705 5598 Christo
2733 5542 2884 5612 vivit,
2915 5542 2960 5597 si
2989 5558 3089 5614 pro
3115 5541 3313 5600 Christi
3339 5543 3550 5602 honore
3579 5546 3763 5604 muria-

646 5653 743 5710 llic
772 5654 945 5724 aliqua
975 5668 1079 5710 vox
1111 5649 1300 5708 deesse
1328 5647 1537 5707 videtur
1566 5662 1680 5725 qua:
1707 5647 1774 5705 sit
1804 5650 2030 5706 veritatis
2059 5651 2526 5722 complementum.
2559 5649 2709 5707 Emr.
