3896 6250
653 326 753 382 667

3819 110 3827 188 l

3823 199 3828 278 I

1865 320 1920 375 s.
1962 318 2200 373 MAXIM!
2240 319 2685 382 'l‘AUlthENSIS
3764 309 3834 388 si

651 449 860 494 ternum
889 437 1133 504 gauoium
1176 441 1587 506 persequentum
1619 441 1880 486 tormenta
1910 434 2214 502 proﬁciunt,
2247 436 2290 491 Α
2319 449 2397 492 cet
2421 458 2518 510 quo
2553 453 2603 495 tu
2632 460 2733 498 non
2761 445 2834 498 vis
2864 444 3040 512 (Joan.
3072 447 3204 511 xxi).
3261 445 3388 499 Hoc
3428 451 3510 497 est
3537 441 3696 496 dicere
3718 439 3810 490 τίω

649 526 800 593 cujus
835 538 1053 592 regnum
1095 539 1192 592 per
1227 530 1481 576 aaternam
1525 522 1882 590 invictamque
1923 523 2218 591 potentiam

649 614 926 669 mundanis
967 613 1268 666 dominatur
1296 610 1550 679 imperiis.
1582 611 1651 665 Ut
1680 620 1858 665 autem
1889 612 2096 680 plenius
2121 613 2219 666 ad-

647 713 936 769 vertamus,
957 711 1152 772 quanta
1173 703 1242 755 sit
1261 702 1492 756 celestis
1518 703 1666 769 regni
1695 704 1998 770 terrenique
2017 703 2218 756 distan-

650 796 738 857 tia,
772 794 1090 850 documenta
1113 794 1267 848 nobis
1289 793 1356 847 de
1373 793 1722 862 prtesentibus
1739 793 2008 861 capiamus
2035 808 2219 847 exem-

647 885 765 952 plis.
789 885 927 937 Ecce
947 897 1099 950 reges
1119 882 1488 952 praetereuntis
1506 882 1663 952 hujus
1680 882 1856 936 saeculi
1877 881 2215 938 devotionem

647 989 769 1042 erga
797 991 854 1028 se
884 975 1108 1028 militum
1135 989 1353 1029 suorum
1393 975 1446 1028 in
1492 975 1594 1028 hac
1621 981 1825 1027 tantum
1855 974 1964 1027 vita
1993 975 2214 1027 honori-

645 1066 742 1120 bus
770 1065 1181 1135 muneribusque
1209 1073 1546 1130 couservant,
1577 1065 1709 1118 nihil
1755 1065 1970 1135 penitus
2009 1065 2214 1118 haben-

645 1163 744 1218 tes,
774 1154 916 1226 quod
941 1163 1160 1223 possent
1185 1156 1294 1210 suis
1319 1156 1524 1224 sibique
1547 1164 1799 1223 praestare
1824 1164 1943 1223 post
1965 1163 2212 1209 mortem.

643 1242 882 1298 Christus
910 1253 1086 1297 autem
1115 1259 1211 1297 rex
1238 1245 1475 1298 omnium
1502 1245 1835 1304 szeeulorum.
1861 1245 2063 1298 electos
2087 1261 2214 1300 suos

643 1333 843 1395 labore,
893 1334 1151 1395 nuditate,
1191 1332 1350 1397 fame,
1390 1334 1732 1400 cruciatibus,
1784 1342 1956 1388 morte
1999 1334 2216 1403 insuper

642 1423 864 1476 remittit
891 1422 1080 1489 afﬂigi;
1106 1433 1132 1460 ⁸
1153 1425 1277 1492 quia
1305 1432 1543 1492 potestas
1569 1425 1620 1478 ei
1640 1433 1723 1479 est
1749 1426 2007 1479 suscitare
2034 1425 2216 1480 defun-

641 1520 806 1576 ctum,
837 1513 1123 1581 spoliatum
1152 1515 1400 1582 praesenti
1425 1514 1533 1568 vita
1562 1516 1712 1582 regni
1749 1516 1830 1569 sui
1857 1516 1974 1569 luce
1999 1516 2218 1581 vestire,

642 1609 698 1655 et
732 1609 938 1655 remota
978 1602 1094 1668 lege
1133 1603 1338 1665 mortis,
1376 1604 1786 1672 perpetuitatem
1815 1603 1942 1658 dare
1979 1605 2212 1659 mortali.

643 1690 796 1756 Quod
842 1701 1020 1745 autem
1069 1707 1448 1760 nonnunquam
1495 1707 1529 1745 a
1572 1689 1812 1745 ﬁdelibus
1856 1692 1985 1746 viris
2029 1707 2212 1760 regum

2321 543 2466 584 esses
2491 530 2688 598 junior,
2724 532 2908 602 Petre,
2932 549 3121 589 manus
3142 536 3311 604 571
3342 543 3399 588 te
3424 532 3644 601 propria:
3671 529 3812 582 minis-'4»

2320 620 2400 676 rio
2428 622 2741 690 succingens
2770 633 2914 678 tuam
2949 625 3262 692 sequebaris
3294 625 3354 676 in
3385 623 3631 677 omnibus
3654 620 3802 671 volunu

2317 719 2446 764 tem.
2468 709 2600 766 Cum
2629 721 2806 768 autem
2834 716 3321 781 senueris,.manus
3343 721 3404 768 te
3429 713 3605 780 cinget
3627 719 3802 763 extranea

2316 804 2372 851 et
2398 797 2560 852 ducet
2577 815 2682 868 quo
2709 809 2777 855 tu
2794 817 2900 856 non
2921 804 3019 867 vis,
3043 819 3107 858 ac
3127 802 3448 871 juventutis
3478 812 3580 854 tua:

2315 888 2544 943 mutabis
2573 891 2623 942 in
2651 893 2920 946 servitium
2943 893 3249 946 senectutis.
3285 891 3489 951 Ducet,
3511 887 3683 954 inquit,
3701 895 3741 938 te
3758 900 3815 951 qm

2316 983 2383 1028 tu
2401 992 2506 1031 non
2536 979 2632 1032 vis.
2672 980 2946 1049 Nunquam
2977 982 3190 1035 nolebat
3217 980 3430 1034 Petrus
3461 977 3573 1046 pati
3598 991 3680 1043 pro
3703 975 3818 1026 [tam

2315 1077 2392 1117 uo
2411 1080 2525 1127 suo,
2556 1067 2640 1120 cui
2671 1078 2793 1121 ante
2816 1069 2923 1135 jam
2952 1069 3194 1123 dixerat:
3224 1069 3488 1120 Animam
3530 1080 3676 1116 metm
3703 1078 3769 1128 pro
3794 1074 3808 1108 ι

2315 1169 2502 1220 ponam
2533 1155 2709 1224 (Joan.
2742 1159 2878 1224 xm).
2909 1156 3129 1210 Volebat
3154 1156 3386 1225 quidem
3411 1161 3470 1208 ut
3495 1153 3699 1206 devotus
3721 1165 3820 1200 ωίξιτ..

2314 1243 2408 1296 sed
2447 1245 2570 1312 quia
2610 1246 2751 1299 velut
2787 1247 2927 1300 ultro
2968 1245 3125 1299 morti
3167 1259 3228 1298 se
3268 1243 3580 1309 ingerebat,

2314 1334 2680 1399 praesumeutis
2708 1335 2904 1389 habere
2932 1335 3209 1388 videbatur
3227 1329 3552 1394 audaciam,
3581 1341 3688 1379 nam
3710 1339 3774 1391 qm
3793 1335 3822 1372 tt

2314 1419 2554 1474 inﬁrmus
2581 1423 2712 1475 mori
2741 1437 2846 1476 non
2869 1424 3000 1486 vult,
3025 1430 3080 1476 et
3107 1421 3244 1475 idem
3276 1428 3342 1472 ut
3369 1417 3693 1472 confortatus
3712 1427 3735 1462 a

2315 1523 2423 1562 non
2457 1507 2650 1577 refugit
2673 1511 2990 1577 passionem,
3021 1508 3220 1577 pariter
3258 1507 3312 1559 in
3357 1505 3668 1570 semetipso,
3692 1508 3736 1553 et
3756 1509 3820 1549 ιπ-

2315 1597 2452 1665 pidce
2478 1599 2654 1652 carnis
2678 1599 2917 1654 ostendit.
2932 1597 3196 1663 allectum,
3225 1606 3279 1651 et
3313 1595 3500 1650 ﬁdelis
3527 1591 3675 1644 animi
3700 1589 3823 1653 implet

2315 1685 2570 1742 ofﬁcium.
2600 1689 2760 1758 Igitur
2788 1690 2874 1743 ubi
2904 1690 3174 1758 apostolus
3199 1696 3407 1756 sponte
3438 1685 3596 1738 morti
3617 1697 3674 1736 se
3694 1680 3825 1734 odere

645 1780 856 1850 prtumia
876 1787 1200 1846 renuuntur,
1227 1779 1368 1849 quod
1417 1779 1495 1834 eis
1529 1779 1849 1834 abominata:
1875 1789 1998 1834 sunt
2025 1795 2209 1834 omnes
2238 1779 2285 1838 B
2311 1777 2425 1844 bat,
2455 1779 2526 1832 ibi
2557 1780 2728 1833 timuit
2754 1780 2910 1846 mori,
2942 1789 2994 1834 et
3021 1780 3108 1833 ubi
3137 1780 3326 1833 nolens
3356 1787 3446 1832 est
3475 1779 3657 1830 ductus
3674 1772 3728 1824 ad
3749 1786 3824 1823 cr:-

644 1870 819 1923 sreculi
844 1870 1149 1937 dignitates,
1175 1868 1320 1937 quod
1347 1876 1403 1922 ut
1429 1883 1626 1922 vanum
1652 1876 1933 1938 respuunt,
1958 1868 2213 1937 quidquid

645 1959 746 2012 illis
775 1959 858 2014 hic
885 1959 1392 2013 mundus‘obtulerit
1427 1959 1745 2026 pretiosum,
1771 1974 1894 2027 spes
1923 1959 2011 2012 illa
2040 1959 2214 2014 omni-

645 2048 814 2102 modis
834 2049 980 2112 facit,
1001 2050 1124 2117 quia
1145 2063 1242 2118 per
1260 2049 1482 2117 gratiam
1505 2049 1664 2118 570
1683 2049 1880 2103 Christi
1901 2050 1980 2103 sui
2004 2051 2214 2117 potiora

645 2140 744 2195 sibi
783 2139 1103 2208 quandoque
1149 2141 1446 2209 prastanda
1492 2140 1622 2195 ﬁdes
1663 2150 1872 2195 servata
1920 2142 2211 2210 prmsumit.

645 2227 772 2294 Quis
795 2244 898 2282 non
920 2236 1097 2297 stupet
1117 2229 1170 2281 in
1191 2229 1464 2282 voluntate
1481 2226 1678 2282 Christi
1703 2243 1820 2283 esse
1848 2229 1950 2283 hoc
1979 2237 2086 2282 tam
2115 2230 2218 2282 mi-

647 2315 810 2370 rabile
830 2324 1244 2379 sacramentum,
1269 2317 1360 2386 qui
1384 2318 1586 2373 sanctis
1607 2319 1715 2371 suis
1739 2319 1816 2373 sic
1835 2334 1929 2374 sua
1955 2318 2216 2388 promittit

646 2407 885 2474 praemia,
915 2415 974 2460 ut
1017 2407 1094 2461 eis
1129 2414 1394 2460 tormenta
1438 2409 1745 2475 praemittat,
1775 2409 1852 2464 sic
1881 2409 2068 2462 futura:
2097 2408 2216 2462 vita:

646 2494 896 2564 praedicat
923 2496 1217 2559 caritatem,
1243 2505 1305 2549 ut
1326 2505 1640 2564 praesentem
1664 2497 1853 2552 doceat
1881 2514 1986 2552 non
2015 2499 2216 2552 amari?

648 2582 743 2636 llic
771 2584 1042 2651 religionis
1063 2591 1145 2638 est
1172 2585 1388 2647 veritas,
1412 2585 1502 2638 ubi
1528 2585 1739 2640 tristitia
1760 2587 2007 2653 gaudium
2028 2587 2213 2654 gignit,

647 2670 734 2727 ubi
763 2671 916 2740 inops
939 2671 1148 2726 nuditas
1174 2673 1588 2742 incorruptionis
1611 2676 1925 2728 vestimenta
1954 2677 2217 2744 pimtexit,

646 2761 904 2817 decoriari
923 2762 1090 2829 gloria
1108 2764 1264 2832 (forte
1276 2762 1543 2833 legean
1558 2764 1646 2818 ubi
1667 2764 1982 2819 dedecorari
2003 2765 2216 2831 gloria),

647 2850 736 2906 ubi
765 2851 918 2903 exuri
943 2851 1300 2919 refrigerium,
1330 2852 1421 2906 ubi
1449 2853 1621 2906 occidi
1649 2853 1943 2924 triumphus
1967 2863 2065 2908 est.
2098 2854 2221 2909 Hmc

645 2949 730 2994 est
771 2955 935 3006 mors,
967 2941 1244 3005 carissimi,
1285 2942 1331 2996 si
1371 2943 1530 2996 modo
1573 2941 1730 2996 ﬁdem
1774 2952 2012 2998 nostram
2051 2945 2220 2998 sancti

646 3030 875 3100 Spiritus
913 3031 1084 3100 erigat
1121 3039 1176 3086 et
1213 3031 1495 3086 conﬁrmet
1537 3033 1842 3098 auctoritas,
1874 3048 2034 3101 quam
2069 3035 2222 3105 pueri

2312 1884 2448 1933 cem,
2471 1885 2574 1923 non
2599 1871 2770 1923 timuit
2797 1871 3051 1938 cruciﬁg‘i.
3079 1871 3200 1937 quia
3229 1870 3341 1923 illic
3367 1870 3607 1921 humana
3634 1863 3823 1927 fatigaba-

2315 1966 2402 2011 tur
2430 1958 2724 2022 inﬁrmitas,
2757 1961 2843 2014 hic
2867 1959 3098 2013 celestis
3138 1958 3376 2026 Spiritus
3410 1952 3666 2009 fortitudo
3697 1951 3821 2000 vince-

2311 2045 2637 2102 bat.,0mnis
2666 2048 2805 2100 enim
2827 2057 3006 2102 nostra
3030 2048 3265 2114 devotio,
3294 2048 3341 2100 si
3375 2045 3537 2112 quasi
3559 2042 3662 2096 suis
3685 2038 3822 2090 viriles

2313 2135 2459 2202 ﬁdat,
2488 2139 2742 2192 continuo
2770 2146 2828 2192 ut
2855 2137 3059 2191 inﬁrma
3091 2137 3349 2191 lassescit.
3385 2135 3445 2188 Si
3477 2148 3604 2187 vero
3626 2131 3725 2198 quis
3747 2141 3827 2194 pnt-

2312 2241 2373 2282 ce
2402 2229 2623 2296 supplici
2647 2227 2837 2282 divinae
2863 2229 3044 2296 gratiae
3070 2228 3194 2281 boni
3221 2228 3301 2280 sui
3322 2224 3594 2295 propositi
3616 2233 3822 2276 commas

2312 2314 2404 2369 det
2423 2315 2687 2381 eﬁectum,
2711 2317 2851 2370 nulla
2871 2318 3017 2370 illum
3037 2325 3229 2385 cogent
3249 2316 3438 2370 saeculi
3479 2313 3633 2381 hujus
3663 2309 3820 2363 advers:

2315 2411 2522 2458 nutare.
2571 2403 2876 2459 Cavendum
2923 2406 3120 2473 itaque,
3170 2404 3381 2469 fratres,
3437 2419 3509 2457 ne
3549 2399 3666 2469 quid
3699 2397 3820 2447 virtuti

2315 2493 2709 2564 prudentiaque
2735 2501 2932 2552 nosti-:2
2957 2495 3022 2550 de
3049 2497 3131 2549 his
3151 2511 3268 2564 quae
3289 2504 3442 2549 recte
3468 2493 3704 2561 gerimus,
3724 2501 3820 2538 amr

2317 2598 2520 2651 gemus,
2545 2586 2771 2640 docente
2799 2587 3024 2641 Domino
3059 2585 3329 2652 apostolos
3355 2600 3510 2648 suos,
3546 2590 3599 2636 et
3630 2580 3816 2633 dicente:

2321 2672 2455 2740 Quia
2479 2676 2588 2729 sine
2607 2693 2687 2728 me
2712 2677 2840 2729 nihil
2864 2677 3070 2746 potestis
3096 2678 3262 2746 facere
3291 2674 3476 2746 (locu.
3510 2674 3615 2740 ιν).
3633 2668 3726 2735 Qua
3744 2680 3820 2718 εεπο

2319 2766 2483 2820 tentia
2510 2775 2870 2835 praemonente
2897 2767 2962 2821 ab
2991 2767 3107 2835 ipso
3135 2766 3287 2820 nobis
3312 2764 3583 2834 speranda
3619 2767 3722 2815 sunt
3743 2770 3816 2807 om-

2321 2857 2429 2911 nia.
2450 2856 2650 2913 Cuncta
2680 2858 2860 2921 ctiam,
2889 2872 3006 2925 qua:
3035 2871 3289 2925 prospere
3311 2856 3538 2910 veniunt
3565 2852 3690 2905 illius
3712 2861 3818 2911 repu-

2321 2944 2481 3009 tanda
2505 2946 2829 3011 muneribus,
2860 2947 2974 3000 sine
2996 2961 3123 3015 quo,
3156 2956 3215 2999 ut
3243 2945 3351 3014 ipse
3380 2944 3533 3005 dicit,
3554 2940 3739 2995 nullum
3759 2948 3802 3001 pe

2323 3037 2464 3092 uitus
2493 3046 2735 3092 votorum
2779 3046 3081 3093 nostrorum
3117 3051 3402 3106 possumus
3443 3035 3636 3090 habere
3669 3038 3814 3082 sum

648 3138 753 3176 non
782 3130 1032 3187 renuunt,
1058 3121 1284 3189 juvenes
1312 3139 1419 3177 non
1449 3122 1740 3188 declinant,
1769 3127 2086 3182 maturiores
2126 3128 2223 3181 eli-
2250 3119 2295 3178 C
2323 3141 2459 3180 sum.
2484 3125 2511 3164 δ
2539 3126 2772 3194 Denique
2809 3127 3077 3195 quomodo
3119 3125 3457 3196 praesumpsit
3488 3123 3666 3176 Petrus
3697 3115 3816 3167 dicere

645 3212 794 3278 gunt,
823 3226 980 3265 senes
1007 3211 1266 3275 ambiunt,
1311 3209 1519 3265 femina:
1560 3228 1666 3267 non
1703 3222 1982 3282 paverunt.
2014 3214 2069 3268 In
2097 3231 2218 3287 pas-

647 3303 796 3360 sione
817 3301 961 3356 enim
984 3302 1222 3370 martyrii
1253 3301 1340 3355 ubi
1370 3296 1498 3356 ﬁdes
1527 3303 1728 3357 ﬁrmior
1757 3313 1942 3372 regnat
1967 3308 2019 3358 iu
2045 3306 2219 3364 homi-

648 3409 735 3457 ne,
764 3394 900 3447 sicut
927 3407 1070 3460 saape
1091 3393 1203 3460 jam
1231 3391 1429 3457 factum
1457 3403 1558 3456 est,
1589 3409 1690 3448 nec
1713 3402 1843 3449 aetas
1877 3395 1964 3449 illa
1997 3410 2055 3449 se
2093 3395 2220 3450 sub-

647 3483 831 3545 trahit,
858 3497 956 3536 nec
984 3496 1143 3536 sexus
1169 3489 1408 3536 excusat.
1439 3481 1538 3550 lbi,
1555 3483 1764 3549 fratres,
1787 3483 1860 3536 ibi
1877 3484 2222 3552 praetenditur

650 3571 926 3629 inﬁrmitas
953 3570 1215 3638 corporis,
1246 3571 1338 3624 ubi
1366 3571 1494 3625 ﬁdes
1538 3587 1645 3624 non
1688 3573 1846 3625 habet
1894 3571 2216 3629 ﬁrmitatem.

650 3659 774 3713 Ideo
801 3660 1215 3727 gloriosissimus
1242 3659 1432 3716 Petrus
1459 3661 1747 3716 stabilitate
1777 3662 1899 3716 ﬁdei
1936 3678 2042 3717 sum
2075 3665 2220 3719 omni

652 3747 852 3804 ﬁrmior
896 3755 1068 3817 petra,
1099 3748 1226 3801 dum
1261 3748 1457 3803 Christi
1495 3765 1712 3804 crucem
1758 3752 2028 3820 praedicat,
2070 3767 2221 3808 suam

650 3839 805 3902 vicit;
837 3853 937 3892 nec
966 3839 1142 3892 timuit
1170 3837 1428 3908 eruciﬁgi,
1452 3840 1576 3908 quia
1604 3839 1924 3894 Cruciﬁxum
1953 3842 2146 3911 timuit,
2168 3853 2224 3898 ct

651 3926 869 3983 amavit.
902 3925 1094 3982 Passus
1135 3941 1264 3994 ergo
1302 3936 1382 3981 est
1422 3928 1630 3991 Petrus,
1663 3937 1721 3981 ut
1762 3931 1996 3998 optimus
2034 3947 2220 3987 servus

651 4030 750 4085 pro
777 4014 1028 4081 Domino,
1056 4023 1112 4067 ut
1141 4015 1308 4068 ﬁdelis
1336 4015 1628 4084 discipulus
1655 4032 1753 4085 pro
1779 4021 2053 4086 magistro,
2083 4030 2137 4075 et
2165 4031 2223 4075 ut

652 4122 751 4176 pro
787 4107 1085 4160 commissis
1128 4106 1231 4159 sibi
1270 4106 1458 4160 ovibus
1497 4116 1684 4175 pastor
1717 4110 1938 4176 electus,
1978 4111 2116 4165 illius
2155 4112 2221 4165 ad

652 4204 879 4250 mortem
921 4204 1135 4250 secutus
1160 4196 1403 4264 vestigia,
1433 4195 1584 4264 cujus
1620 4198 1863 4252 semitam
1900 4200 2223 4268 sequebatur

651 4283 720 4339 ad
745 4284 931 4350 vitam,
961 4291 1016 4337 et
1042 4285 1167 4351 quia
1194 4284 1522 4338 consimilem
1551 4286 1690 4354 regis
1718 4287 1798 4340 sui
1827 4287 1986 4340 subiit
2014 4291 2220 4357 passio-

653 4389 797 4439 nem,
827 4373 1058 4428 caelestis
1083 4373 1231 4440 regni
1254 4373 1403 4428 clave
1426 4384 1694 4444 suscepta,
1717 4376 2114 4434 similitudinem
2139 4394 2224 4432 re-

653 4465 866 4534 gnantis
884 4464 1136 4531 suscepit.
1160 4463 1263 4515 Aut
1281 4463 1552 4530 quomodo
1573 4465 1660 4518 ille
1679 4465 1801 4518 vita:
1821 4466 2047 4535 propria:
2068 4467 2222 4521 time-
2247 4451 2299 4510 Ῑ)

652 4562 739 4610 ret
765 4568 1034 4617 occasum,
1062 4553 1152 4620 qui
1180 4554 1498 4620 probaverat
1517 4552 1788 4609 Christum
1807 4569 1960 4608 suum
2000 4569 2224 4622 regnare

652 4653 776 4716 post
795 4645 1055 4698 mortem?
1076 4642 1356 4708 Quomodo
1380 4641 1646 4710 refugeret
1665 4656 1893 4707 crucem,
1917 4643 2006 4711 qui
2027 4643 2080 4696 in
2101 4659 2223 4697 cor-

652 4750 785 4805 pore
815 4735 1023 4788 Domini
1050 4735 1132 4789 sui
1160 4733 1430 4789 redeuntis
1451 4749 1482 4788 a
1508 4733 1735 4788 mortuis
1760 4734 1929 4788 beata:
1954 4735 2126 4790 crucis
2153 4735 2224 4789 si-

653 4840 757 4893 gna
785 4826 1145 4892 cognoverat?
1163 4824 1443 4890 Qubmodo
1464 4825 1865 4894 cruciﬁgentum
1895 4826 2114 4880 vulnera
2141 4841 2228 4880 re-

651 4921 884 4979 cusaret,
914 4914 1005 4982 qui
1036 4913 1447 4982 Redemmorem
1476 4913 1658 4968 mundi
1696 4914 1966 4970 clavorum
2005 4915 2227 4982 vestigia

652 5011 898 5075 portasse
924 5017 1107 5058 secum
1133 5003 1337 5058 sciebat
1361 5003 1429 5059 ad
1457 5001 1708 5058 Patrem?
1733 5003 1828 5058 Ille
1857 5019 1956 5073 pro
1985 5019 2081 5058 suo
2118 5003 2225 5057 Do-

653 5093 800 5148 mino
827 5093 1032 5147 obitum
1057 5091 1389 5157 formidaret,
1411 5092 1498 5148 cui
1520 5092 1632 5162 ipse
1653 5093 1774 5146 vita:
1793 5102 1981 5147 auctor
1999 5101 2055 5146 et
2077 5107 2223 5146 mor-

652 5191 782 5247 tem,
805 5193 861 5238 et
879 5196 1044 5250 genus
1061 5182 1251 5236 mortis
1270 5183 1615 5251 praeseientize
1633 5197 1743 5236 sua:
1763 5197 1856 5237 ore
1875 5182 2226 5252 pmdixerat?

652 5275 727 5328 ita
756 5272 976 5328 dicens:
1008 5272 1134 5326 Cum
1161 5289 1296 5327 esses
1316 5275 1497 5344 junior-
1523 5274 1764 5344 cingebas
1795 5281 1865 5341 te,
1894 5283 1943 5327 et
1981 5271 2090 5326 ibas
2125 5288 2223 5342 quo

653 5364 851 5420 solebas
864 5381 884 5424 ;
907 5381 1022 5419 cum
1041 5375 1210 5419 autem
1234 5365 1483 5430 senueris,
1506 5364 1638 5419 alius
1667 5375 1713 5419 te
1731 5366 2026 5432 preciuget,
2055 5374 2103 5418 et
2125 5364 2222 5416 du-

726 5505 750 5531 ·
781 5496 912 5550 Cod.
964 5493 1209 5553 Ambros.
1257 5502 1581 5564 recogmtus,
1626 5513 1784 5565 quare
1847 5500 1968 5567 quia
2003 5505 2228 5566 potestas

654 5582 700 5619 η
724 5575 1213 5696 ﬁ’iio‘iifsmbrosu
1246 5633 1445 5690 Deinde
1465 5636 1673 5704 quando
1687 5638 2013 5700 prazsumpsit
2040 5634 2224 5692 Petrus

2320 3212 2544 3268 Domino
2571 3232 2582 3266 :
2615 3216 2849 3269 Animam
2869 3232 3030 3269 meam
3054 3231 3186 3283 pono
3205 3231 3298 3281 pro
3321 3224 3367 3266 te
3395 3211 3574 3279 (Joan.
3601 3205 3728 3266 xm);
3753 3215 3816 3251 I1ab

2320 3302 2476 3369 ιοηεθ
2497 3312 2616 3372 post
2634 3304 2823 3372 puella:
2844 3305 3312 3372 interrogationem
3336 3303 3576 3356 turbatus

2320 3394 2552 3448 nescisse
2578 3409 2635 3447 se
2664 3393 2951 3447 hominem.
2980 3391 3203 3461 Propter
3245 3391 3388 3461 quod
3434 3389 3580 3444 ﬂevit

2319 3497 2438 3547 me;
2468 3491 2522 3537 et
2545 3483 2632 3537 ubi
2658 3485 2735 3536 ait
2771 3481 3030 3547 Christus,
3066 3480 3282 3535 Petrum
3309 3477 3606 3534 ducendum
3629 3484 3726 3527 esse

2321 3572 2504 3637 nollet,
2536 3571 2606 3626 ibi
2645 3572 2919 3626 victoriam
2961 3569 3292 3639 triumphalis
3334 3567 3594 3637 passionis
3632 3559 3813 3616 obtinuit

2321 3661 2436 3715 Non
2463 3677 2589 3730 ergo
2617 3670 2698 3716 est
2727 3661 3189 3731 reprehendendus
3209 3660 3485 3729 apostolus
3505 3659 3549 3714 si
3572 3671 3663 3732 pro
3678 3648 3810 3741 Christe

2320 3752 2524 3807 honore
2571 3752 2858 3806 animosius
2884 3752 3103 3820 optabat
3128 3760 3182 3806 et
3207 3752 3364 3814 mori,
3396 3751 3519 3818 quia
3548 3747 3812 3817 prmum?“0

2321 3843 2430 3907 illa,
2455 3858 2572 3912 qua:
2599 3844 2666 3897 de
2693 3845 2850 3912 572
2878 3844 3086 3898 fervore
3115 3842 3233 3896 ﬁdei
3261 3843 3431 3906 venit,
3469 3841 3568 3896 etsi
3607 3825 3810 3889 ἰδιώὸῶ

2323 3948 2430 3986 non
2457 3932 2683 3996 videtur,
2715 3947 2958 4000 magnam
2989 3941 3163 3986 tamen
3191 3932 3353 3986 habet
3379 3931 3449 3986 ad
3492 3926 3750 3983 Dominum.
3771 3928 3809 3965 ει

2322 4025 2436 4093 ipsa
2458 4024 2798 4078 conscientia:
2815 4040 2923 4079 sua:
2947 4024 3230 4080 devotione
3258 4019 3718 4080 ﬁduciam..Verum
3732 4019 3807 4075 Ρη)

2322 4120 2442 4182 pter
2468 4113 2727 4166 cautelam
2758 4111 2989 4166 ﬁdelium
3014 4128 3269 4176 suorum,
3285 4119 3581 4178 nostraque
3609 4096 3806 4158 inﬁrmlll'

2323 4201 2390 4254 tis
2409 4200 2702 4270 perfugium
2731 4201 2941 4255 dicebat
2969 4201 3213 4256 Salvator
3236 4200 3511 4268 discipulis
3537 4193 3665 4250 suis:
3695 4186 3739 4240 Si
3758 4195 3807 4232 rat

2323 4292 2572 4362 persecuti
2619 4293 2808 4361 fuerint
2861 4293 2917 4344 in
2967 4293 3169 4344 civitate
3215 4292 3351 4354 ista,
3409 4291 3568 4360 fugite
3612 4287 3660 4336 in
3703 4277 3805 4369 αέίξῖιπ

2327 4380 2538 4451 (Matth.
2562 4379 2635 4448 v).
2662 4379 2774 4434 Hoc
2802 4389 2885 4435 est
2906 4380 3123 4434 dicere:
3154 4379 3425 4433 Declinate
3445 4375 3647 4446 quidem
3666 4373 3806 4436 passu“

2325 4484 2465 4534 ηθηιν
2496 4484 2561 4522 ne
2590 4467 2724 4522 forte
2751 4483 2846 4538 per
2873 4475 3140 4522 tormenta
3167 4467 3478 4531 vincamini;
3525 4459 3649 4531 capti
3679 4457 3804 4504 tamen

2325 4558 2491 4612 nolite
2530 4556 2720 4611 cedere
2765 4556 3135 4626 persequenti;
3160 4555 3287 4609 volo
3335 4554 3474 4609 enim
3517 4561 3681 4608 servos
3710 4547 3806 4593 ωεο⁵

2327 4655 2553 4701 mortem
2580 4661 2677 4700 nec
2706 4653 3046 4715 exspectare,
3063 4659 3163 4700 nec
3194 4645 3408 4708 timere,
3431 4651 3670 4712 quatenus
3690 4634 3802 4685 ine“

2326 4737 2478 4791 vobis
2503 4736 2836 4806 sapientiam,
2860 4750 2958 4791 nec
2979 4734 3166 4790 deesse
3186 4734 3342 4788 ﬁdem
3370 4732 3564 4788 stultus
3579 4726 3802 4801 patec-HW

2330 4833 2616 4894 agnoscat;
2647 4825 2771 4896 qnia
2799 4833 3025 4880 mortem
3061 4839 3167 4879 non
3208 4823 3403 4886 vitare,
3430 4837 3551 4876 cum
3576 4813 3726 4889 possis;
3750 4813 3801 4855 ιε’·

2329 4915 2588 4972 meritatis
2623 4923 2706 4970 est
2749 4915 2956 4981 vitium,
2996 4913 3277 4984 perimenti
3321 4923 3499 4968 autem
3546 4924 3640 4966 non
3679 4897 3802 4989 εοῧεξθ

2328 5004 2582 5058 fortitudo
2609 5005 2874 5059 credentis
2899 5013 3002 5059 est.
3029 5003 3202 5058 Habet
3234 5004 3339 5058 hoc
3373 5003 3533 5066 ratio,
3560 5009 3609 5058 et
3626 4996 3750 5050 virtu!
3768 4989 3802 5031 ν-

2330 5093 2415 5148 dei
2439 5101 2652 5159 nostrae,
2694 5102 2754 5148 ut
2783 5094 2837 5148 in
2865 5094 3198 5149 confessione
3223 5093 3507 5147 Christiani
3537 5083 3722 5146 nominis
3742 5085 3798 5128 ῐκτ

2327 5191 2570 5252 optemus
2606 5191 2856 5247 mortem,
2887 5198 2986 5238 nec
3009 5183 3290 5237 timeamus
3333 5183 3522 5238 occidi.
3552 5182 3632 5237 Sic
3652 5175 3728 5231 ille,
3746 5175 3800 5252 t1?

2327 5247 2620 5343 electionis,
2649 5273 3056 5342 gloriosissimus
3095 5272 3309 5339 Paulus,
3342 5289 3410 5328 ne
3437 5289 3469 5327 a
3493 5267 3725 5341 gentilibus
3747 5247 3796 5304 id

2324 5363 2486 5431 virgis
2511 5365 2888 5428 macularetur,
2917 5363 3178 5419 clamabat
3215 5363 3387 5418 civem
3432 5379 3491 5418 se
3527 5377 3635 5420 esse
3671 5354 3796 5409 Ἄθων

2334 5497 2501 5549 dicere
2543 5495 2763 5549 Domino
2785 5511 2803 5548 :
2829 5494 3067 5547 Animam
3106 5509 3272 5546 meam
3313 5509 3503 5563 ponam
3539 5512 3624 5563 pro
3652 5504 3710 5556 εις
3737 5491 3794 5530 κη

2333 5569 2480 5637 longe
2498 5576 2612 5637 post
2641 5565 2822 5636 plter
2850 5563 3246 5634 interrogatione
3269 5561 3635 5633 turbatum-etc.
