3896 6250
54 326 177 389 εει)

1509 324 1741 382 SERMO
1779 324 1999 382 LXVIII.

3305 329 3421 391 670

53 465 236 514 num,
263 457 340 504 et
369 449 651 519 injuriam
673 447 911 518 corporis
930 445 1014 502 sui
1036 442 1367 502 smcularium
1394 441 1568 511 legum
1596 457 1735 510 prai-
1770 447 1810 502 Α
1842 447 1897 494 et
1921 440 1986 495 de
2014 438 2234 492 muliere
2262 438 2532 494 divinante
2561 439 2714 495 Pitan
2757 439 3003 510 probavit
3049 439 3269 508 ejectus.
3301 442 3408 498 Sed

53 539 428 607 scriptione
458 538 758 603 submovit,
787 544 1135 605 ereptumque
1172 548 1230 587 se
1274 531 1339 585 de
1382 531 1632 601 periculis
1671 545 1735 583 ac

55 627 397 680 mortibus
434 627 649 694 scripta
690 625 1042 678 exsultatione
1085 620 1364 688 gaudebat.
1398 618 1551 684 Quod
1593 618 1638 672 si
1680 626 1737 671 ut

57 717 371 770 curiosus
401 717 662 784 inquiras
682 731 778 769 cur
797 712 1075 782 privilegio
1099 711 1333 778 gentium
1347 724 1464 762 sese
1490 708 1739 762 tuebatur

59 805 457 869 Apostolus,
497 805 632 859 scito
659 803 760 857 hoc
780 801 1060 870 apostolici
1089 799 1248 852 fuisse
1275 797 1502 852 consilii.
1528 804 1585 851 ut
1614 797 1732 850 illos

63 895 172 964 qui
223 893 348 945 Dei
410 891 597 944 nostri
640 891 998 944 reverentiam
1045 902 1151 941 non
1194 886 1476 950 habebant,
1507 884 1738 953 propriis

64 997 294 1035 eorum
335 981 580 1049 legibus
603 978 818 1033 territos
843 976 1159 1039 conlutaret,
1185 991 1283 1030 nec
1305 974 1425 1028 data
1454 975 1553 1027 sibi
1573 989 1603 1026 a
1626 974 1738 1027 Do-

67 1072 245 1122 mino
280 1077 600 1137 potestate
627 1067 790 1119 voluit
821 1067 875 1119 in
902 1080 997 1118 eos
1024 1078 1275 1118 exercere
1311 1063 1621 1129 vindictam,
1646 1062 1738 1130 qui

70 1175 138 1212 se
173 1161 457 1213 missum
495 1158 560 1210 ad
599 1156 822 1210 salutem
865 1160 1088 1208 noverat
1126 1160 1558 1220 persequentum.
1604 1152 1738 1205 Nam

27 1239 34 1242 ’
73 1248 224 1314 quid
259 1249 484 1301 virtus
512 1245 677 1315 possit
704 1244 932 1313 apostoli
960 1243 1127 1296 sensit
1157 1254 1341 1308 magus
1369 1242 1458 1295 ille
1486 1251 1734 1304 czccatus,

1839 538 2014 583 tamen
2046 529 2133 582 ubi
2163 529 2558 595 dispensatione
2586 530 2849 584 dominica
2881 539 3090 598 tempus
3116 530 3164 582 ei
3192 533 3402 597 passio-

1840 619 1921 674 nis
1947 616 2181 682 advenit,
2206 618 2534 673 contidenter
2561 618 2744 685 gentili
2769 617 2908 672 ferro
2931 617 3103 671 ﬁdelia
3125 618 3260 671 colla
3285 619 3414 672 sub-

1833 704 1983 773 jecit,
2014 712 2068 758 et
2095 706 2184 772 qui
2226 705 2423 761 dudum
2449 711 2672 760 verbera
2708 707 3014 774 respuebat,
3045 704 3274 772 gladium
3305 721 3412 760 non

1841 794 2050 861 refugit.
2085 793 2208 848 Haec
2250 796 2392 848 enim
2434 803 2616 850 sancta
2643 794 2984 864 perfectaque
3012 809 3260 848 mensura
3299 810 3417 849 cre—

1841 885 2020 951 dendi,
2063 886 2174 941 huic
2222 887 2602 954 irrepreheasaa
2648 885 2947 940 devotionis
2993 893 3074 940 est
3114 886 3316 939 sanitas
3363 887 3414 939 in

1840 976 2133 1030 certamine
2163 976 2304 1040 ﬁdei,
2330 984 2384 1030 et
2412 977 2555 1032 nolle
2583 977 2737 1039 mori,
2770 985 2823 1030 et
2844 976 3108 1044 patienter
3135 967 3417 1029 occumbe-

1841 1081 1918 1129 re,
1954 1067 2077 1133 quia
2118 1065 2258 1119 Deus
2299 1075 2480 1120 noster
2509 1081 2615 1120 non
2650 1074 2877 1119 mortem
2907 1073 3143 1118 nostram
3173 1065 3413 1133 requirit,

1838 1155 1932 1210 sed
1961 1156 2102 1209 illam
2126 1165 2360 1212 mentem
2387 1171 2546 1225 quam
2574 1171 2718 1210 mors
2747 1171 2999 1224 superare
3025 1171 3127 1210 non
3159 1156 3344 1224 possit.

1497 1333 1761 1392 SERMO
1810 1335 2062 1396 LXVIII
2077 1380 2089 1394 .

897 1433 978 1488 De
1003 1434 1180 1490 eodem
1211 1433 1374 1485 natali
1402 1441 1695 1485 sanctorum
1733 1433 2080 1498 apostolorum
2117 1433 2259 1488 Petri
2295 1444 2342 1488 et
2367 1436 2522 1492 Pauli
2553 1437 2670 1490 111.
2718 1483 2722 1487 .

1577 1522 1974 1578 ADMONITIO.

164 1615 376 1687 573A
402 1618 729 1687 Anonymus
756 1615 845 1687 hic
862 1630 1062 1687 _se_rmo
1090 1621 1172 1667 est
1205 1614 1257 1667 in
1288 1611 1561 1687 codicibus
1591 1611 1862 1687 Vaticanis
1902 1613 2026 1679 559,
2059 1614 2212 1687 @269,
2245 1617 2402 1681 4951,
2432 1627 2486 1672 et
2514 1619 2730 1685 Regina:
2760 1616 2880 1670 555.
2917 1617 3207 1685 luscriptus
3237 1626 3414 1673 autem

91 1680 656 1738 saﬁciovAmbrosio
685 1685 824 1752 apud
853 1683 1127 1753 Gillotium
1158 1698 1302 1753 num.
1336 1680 1400 1731 67
1452 1681 1673 1753 legitur.
1702 1681 1810 1734 Nos
1838 1692 2026 1737 sancto
2059 1685 2287 1740 Maximo
2315 1680 2560 1741 eumdem
2590 1680 2706 1740 esse
2735 1680 3102 1741 ascrihenduni
3132 1687 3376 1741 volumus
3401 1705 3414 1753 ;

89 1754 259 1817 quod
299 1770 433 1823 non
477 1753 634 1806 modo
664 1749 1001 1823 in'przcclaro
1027 1751 1377 1823 Ambrosiano
1408 1749 1595 1823 codice
1627 1750 1743 1823 ejus
1773 1760 1997 1823 ornatur
2026 1756 2261 1823 nomine,
2285 1757 2377 1808 sed
2402 1758 2560 1810 etiam
2592 1757 2643 1808 in
2671 1756 2938 1811 veteribus
2967 1763 3126 1822 atque
3156 1749 3414 1823 prmstané

92 1822 352 1888 tissimis
401 1823 692 1875 codicibus
716 1817 922 1873 duobus
949 1820 1157 1888 Sanctia
1193 1820 1380 1872 Crucis
1411 1819 1462 1870 in
1493 1817 1790 1872 Jerusalem
1822 1819 1888 1872 90
1913 1836 2075 1874 serm.
2107 1821 2159 1884 2,
2192 1833 2246 1876 et
2274 1823 2340 1874 99
2363 1841 2523 1877 serm.
2550 1825 2634 1888 51,
2669 1833 2722 1875 et
2753 1825 2803 1876 in
2841 1824 2962 1876 cod.
2996 1817 3129 1876 Bibl.
3159 1817 3284 1879 olim
3318 1825 3414 1876 Mi-

97 1905 234 1964 nor.
270 1887 572 1964 Convenit.
607 1892 656 1942 in
689 1889 1105 1964 Laurentiaui-iv
1135 1887 1272 1964 Plut.
1306 1902 1580 1964 svutquo
1612 1889 1665 1940 in
1695 1897 1968 1957 postremo
2007 1892 2283 1960 inscriptio
2312 1902 2394 1947 est
2424 1892 2727 1961 hujusmodi

96 1956 280 2010 Petro
306 1969 366 2011 et
401 1959 586 2010 Paulo
618 1975 780 2011 sermo
805 1959 969 2010 sancti
999 1956 1216 2010 Maximi
1238 1957 1481 2025 episcopi.

2772 1909 2784 1945 :
2831 1892 2910 1945 De
2937 1893 3129 1945 sanctis
3173 1893 3416 1961 apostolis

103 2070 550 2142 Ancuussfrttu.
582 2097 651 2142 :—
675 2068 758 2142 _De
786 2071 886 2122 t'iso
910 2071 1049 2142 rasis
1073 2068 1210 2138 pleni
1239 2067 1652 2142 quadrupedibus
1674 2083 1734 2119 ac
1764 2074 1812 2134 Β
1838 2080 2063 2138 argento
2097 2089 2110 2125 :
2140 2080 2199 2127 ut
2226 2075 2317 2142 qui
2346 2081 2566 2142 propter
2584 2073 2853 2128 Christum
2888 2073 3093 2141 argenti
3123 2049 3358 2141 speciem
3388 2069 3414 2108 ά

182 2141 525 2193 volatilibus
572 2137 632 2192 S.
666 2138 822 2190 Petro
870 2136 1080 2198 oblato,
1110 2154 1206 2206 quo
1249 2136 1573 2207 diversarum
1617 2153 1737 2207 gen-

185 2211 332 2261 tium
367 2209 718 2279 congregatio
746 2208 958 2260 collecta
1002 2208 1056 2259 in
1111 2203 1215 2258 una
1243 2203 1479 2260 Ecclesia
1519 2203 1734 2262 demon-

185 2286 442 2330 uratur.

186 2426 472 2480 Natalem
497 2426 925 2482 beatissimorum
949 2425 1315 2494 apostolorum
1347 2425 1489 2480 Petri
1517 2434 1572 2480 et
1593 2426 1742 2483 Pauli

115 2515 294 2571 hodie
326 2517 705 2582 celebrantes,
737 2516 927 2569 fratres
967 2515 1254 2582 carissimi,
1298 2515 1524 2570 diversis
1565 2517 1740 2584 epulis

115 2622 226 2660 nos
257 2606 515 2660 reticere
541 2606 813 2670 debemus,
856 2614 910 2659 et
939 2614 1143 2658 tantam
1173 2604 1515 2660 festivitatem
1545 2621 1739 2675 magna

120 2710 254 2748 cum
288 2697 493 2748 lzetitia
527 2696 816 2750 celebrare.
850 2705 877 2733 ι
911 2699 925 2716 ⁶
955 2696 1083 2761 Quis
1115 2697 1258 2749 enim
1285 2698 1470 2750 talium
1502 2698 1737 2755 virorum

120 2788 558 2842 solemnitatem
608 2804 713 2841 non
755 2802 942 2855 magna
985 2804 1105 2842 cum
1138 2789 1318 2840 lmtitia
1348 2789 1685 2842 celebraret?
1722 2789 1740 2810 ‘

126 2875 265 2940 Quis
291 2878 451 2931 enim
478 2878 532 2930 in
555 2877 735 2930 talium
757 2876 993 2930 virorum
1015 2877 1356 2931 solemnitate
1382 2891 1487 2929 non
1518 2890 1740 2942 magnos

126 2967 234 3020 sibi
269 2968 546 3020 exhibeat
570 2975 877 3036 apparatus,
899 2976 956 3021 ut
984 2981 1090 3035 quo
1120 2967 1238 3034 plus
1257 2966 1590 3036 expenderit,
1623 2968 1741 3037 plus

132 3071 195 3110 se
247 3059 546 3126 apostolos
608 3058 789 3111 amare
834 3057 1159 3112 conﬁrmet?
1207 3057 1585 3111 Verumtamen
1633 3073 1740 3111 non

131 3159 274 3212 opus
305 3153 399 3200 est
445 3147 668 3215 proprio
714 3154 928 3214 sumptu
969 3146 1036 3200 ad
1086 3146 1438 3200 refectionem
1475 3154 1735 3201 nostram.

133 3233 274 3288 Nam
305 3237 486 3290 natali
516 3253 614 3291 suo
643 3236 700 3290 S.
731 3235 922 3291 Petrus
951 3236 1064 3305 ipse
1093 3251 1191 3290 nos
1219 3235 1430 3300 reﬁcit;
1471 3244 1554 3292 est
1596 3238 1738 3291 enim

133 3325 399 3379 omnibus
431 3327 604 3395 copiis
630 3326 885 3380 refertum
913 3341 1010 3379 vas
1039 3323 1174 3393 ejus,
1204 3325 1348 3395 quod
1389 3325 1465 3380 illi
1493 3325 1560 3380 de
1598 3327 1738 3381 uelo

1839 2161 2145 2224 refutasset,
2177 2178 2274 2231 per
2310 2162 2577 2218 Christum
2617 2163 2824 2230 argenti
2863 2163 3037 2217 nitore
3069 2173 3092 2200 °
3133 2163 3413 2216 ditaretur.

1839 2249 2110 2305 Pransuro
2157 2253 2314 2319 igitur
2343 2251 2500 2305 Petro
2542 2252 2733 2306 deSunt
2777 2267 3072 2320 coquormn
3103 2261 3414 2320 apparatus,

1840 2338 2036 2393 desunt
2075 2341 2330 2413 obsequia
2367 2339 2719 2406 famulorum;
2751 2341 2843 2395 sed
2871 2341 3016 2408 quod
3054 2348 3137 2395 est
3176 2340 3195 2377 ί
3227 2342 3416 2396 melius

1839 2427 2136 2483 ministeria
2162 2427 2340 2483 divina
2370 2445 2475 2484 nou
2504 2429 2716 2492 desunt,
2743 2437 2798 2484 et
2826 2429 3026 2484 utiliori
3059 2439 3082 2475 ι
3105 2438 3407 2494 commuta-

1842 2518 1990 2572 tione
2028 2526 2215 2572 sancto
2244 2519 2377 2582 viro,
2409 2517 2549 2586 quod
2578 2518 2730 2571 deest
2757 2518 2810 2571 in
2834 2518 3010 2582 terris,
3043 2518 3281 2572 abundat
3310 2517 3336 2555 ιι
3360 2519 3414 2572 iu

1841 2605 2018 2670 caelis;
2049 2612 2110 2660 ut
2136 2621 2194 2660 se
2222 2603 2426 2660 reficiat
2453 2607 2591 2660 enim
2624 2605 2831 2670 Petrus,
2862 2620 2968 2659 non
2999 2607 3275 2661 cellarium
3301 2609 3413 2662 sol-

1841 2695 1986 2750 licite
2006 2703 2294 2758 reseratur,
2318 2696 2412 2750 sed
2432 2697 2624 2752 coelum
2647 2697 2818 2764 ipsum
2843 2697 3083 2764 protinus
3106 2699 3344 2766 aperitur
3372 2698 3413 2754 ί.

1841 2785 2092 2854 Legimus
2121 2789 2173 2842 in
2205 2787 2492 2857 Scripturis
2524 2788 2622 2858 (Ill
2651 2789 2780 2861 Reg.
2813 2792 2956 2859 xvu)-
2979 2799 3220 2844 sanctqu
3247 2789 3416 2845 Eliam

1841 2877 1896 2929 in
1918 2876 2132 2931 deserto
2154 2877 2328 2931 corvis
2357 2878 2780 2932 ministrantibus
2809 2885 3053 2946 pastum;
3084 2887 3285 2947 quanto
3305 2895 3417 2934 me~

1841 2965 1945 3019 lius
1973 2963 2182 3032 Petrus,
2214 2966 2300 3020 cui
2341 2983 2447 3020 non
2489 2982 2706 3036 parvam
2747 2983 2924 3022 escam
2976 2970 2991 3018 l
3049 2975 3263 3022 terrena
3304 2970 3416 3024 avis

1842 3057 2089 3127 porrigit,
2126 3055 2220 3116 sed
2244 3058 2507 3124 integrum
2536 3060 2838 3113 convivium
2865 3059 3149 3114 multitudo
3177 3061 3416 3127 angelica

1843 3146 2244 3200 subministrat!
2297 3145 2423 3200 Post
2464 3149 2762 3201 orationem
2813 3162 2940 3214 ergo
2994 3148 3161 3201 esurit
3206 3146 3416 3203 Petrus.

1843 3233 2140 3290 Mirandum
2169 3251 2267 3290 cur
2292 3245 2533 3291 sanctum
2565 3237 2737 3290 virum
2772 3244 2896 3305 post
2922 3237 3221 3291 orationem
3249 3221 3420 3292 fames

1843 3333 2117 3392 sequatur,
2149 3341 2266 3380 cum
2297 3327 2469 3380 soleat
2502 3325 2667 3380 fames
2696 3327 2942 3380 oratione
2976 3326 3192 3396 depelli,
3219 3335 3274 3382 et
3295 3344 3418 3385 esu-

137 3415 407 3469 esurienti
439 3417 677 3472 delatum
705 3427 804 3473 est.
837 3419 1003 3486 Igitur
1027 3420 1117 3487 qui
1149 3420 1316 3474 esurit
1342 3419 1481 3474 sicut
1519 3418 1730 3484 Petrus,

1843 3413 1987 3467 riens
2012 3414 2188 3470 anima
2218 3412 2246 3454 ι
2275 3415 2486 3470 nonnisi
2515 3415 2979 3471 observationibus
3023 3415 3273 3482 saginari.
3312 3415 3417 3470 Sed

137 3498 388 3556 reﬁcitur
417 3505 536 3574 ipse
578 3521 698 3560 cum
746 3506 926 3562 Petro.
957 3506 1027 3562 Ut
1057 3507 1183 3576 quid
1215 3521 1344 3575 ergo
1372 3522 1736 3577 prtcparemus

140 3588 302 3643 nobis
339 3594 626 3663 proprium
666 3597 970 3665 prandium,
1020 3613 1141 3652 cum
1188 3597 1487 3668 apostolico
1532 3596 1734 3672 ferculo

142 3680 500 3747 saginemur?
543 3684 651 3740 Cur
689 3689 843 3744 nobis
883 3688 1213 3756 iuquiramus
1257 3697 1499 3742 terrenas
1527 3689 1731 3756 epulas,

143 3779 266 3819 cum
287 3771 547 3827 omlestes
575 3776 758 3844 copias
787 3776 1114 3833 habeamus?
1144 3776 1280 3830 Dicit
1307 3776 1451 3831 enim
1481 3774 1538 3829 S.
1564 3774 1736 3830 Lucas

147 3851 200 3906 in
240 3856 472 3915 Actibus
510 3865 872 3931 apostolorum
904 3865 1054 3934 (Cap.
1095 3881 1149 3929 x,
1175 3881 1248 3927 xi,
1282 3864 1426 3933 etc.),
1459 3871 1582 3932 post
1609 3879 1735 3918 ora-

145 3944 351 4005 tionem
382 3952 645 4008 esurienti
684 3953 844 4010 Petro
887 3955 1029 4010 circa
1059 3955 1248 4010 horam
1278 3962 1509 4016 sextam,
1547 3961 1738 4021 aperto

148 4038 288 4092 cmlo
322 4057 422 4098 vas
467 4044 734 4113 quoddam
763 4046 1118 4115 splendidum,
1147 4045 1293 4099 velut
1315 4045 1536 4099 linteum
1574 4042 1742 4099 fuisse

149 4125 409 4197 delatum,
443 4135 500 4188 in
528 4150 635 4204 quo
660 4145 810 4190 erant
836 4137 1016 4190 omnia
1045 4136 1071 4173 ιι
1102 4135 1464 4204 quadrupedia
1490 4144 1647 4188 terrze
1686 4142 1742 4189 et

153 4218 391 4276 volatilia
419 4225 544 4280 (ιωιί
564 4242 578 4290 ;
602 4234 656 4278 et
679 4225 878 4280 dixisse
906 4225 1188 4279 Dominum
1213 4225 1279 4278 ad
1303 4231 1423 4279 eum
1456 4241 1469 4275 :
1505 4234 1528 4262 ο
1562 4222 1735 4287 Petre,

153 4321 322 4378 surge,
356 4315 573 4367 immola
609 4324 657 4367 et
697 4315 953 4367 manduca
980 4314 1114 4381 (Act.
1135 4314 1211 4382 x).
1245 4313 1386 4368 Ecce
1413 4311 1620 4377 Petrus,
1645 4313 1737 4380 qui

158 4393 316 4468 575
343 4402 480 4458 dicit
517 4403 688 4457 alibi:
716 4403 910 4456 Aurum
952 4412 1001 4456 et
1039 4411 1309 4472 argentum
1349 4418 1452 4457 non
1495 4411 1569 4456 est
1609 4402 1735 4456 mihi

1842 3510 1973 3572 puto
2015 3501 2231 3556 Petrum
2273 3512 2398 3572 post
2441 3504 2762 3568 orationem,
2796 3519 2903 3557 non
2949 3505 3124 3558 cibum
3169 3505 3419 3560 esuriisse

1843 3592 2142 3656 hominum,
2191 3591 2282 3646 sed
2325 3591 2590 3656 salutem;
2644 3607 2743 3646 nec
2790 3592 3255 3649 inedia-vexatum
3296 3609 3419 3650 esse

1843 3681 2109 3750 corporis,
2131 3680 2224 3735 sed
2253 3681 2431 3750 inepia
2452 3681 2781 3735 credentium
2810 3682 3098 3737 laborasse.
3120 3682 3253 3737 Cum
3277 3685 3420 3739 enim

1843 3769 2096 3824 Iudaicus
2123 3770 2351 3839 populus
2383 3767 2618 3840 perfidus
2644 3779 2699 3824 et
2728 3772 2981 3838 ingratus,
3012 3772 3102 3827 illo
3131 3773 3422 3841 praedican-

1847 3867 1922 3924 te,
1943 3859 2157 3914 Christo
2177 3874 2284 3914 non
2307 3859 2566 3924 crederet,
2593 3859 2785 3915 famem
2807 3861 3207 3929 quodammodo
3230 3861 3422 3919 Petrus

1843 3950 1927 4004 sui
1956 3948 2114 4004 omnii
2145 3952 2457 4004 sustinebat.
2481 3950 2698 4004 Famem
2727 3952 2869 4004 enim
2896 3952 3114 4020 patitur,
3145 3934 3236 4021 qui
3263 3955 3422 4008 mini-

1843 4056 1933 4099 me
1962 4041 2187 4095 fructum
2228 4041 2308 4095 sui
2338 4041 2535 4094 laboris
2577 4041 2895 4109 assequitur.
2933 4039 2952 4079 ι
2997 4040 3054 4094 1η
3085 4043 3421 4097 caanaculum

1843 4129 2008 4199 igitur
2046 4129 2110 4184 ad
2153 4130 2450 4184 orationem
2493 4128 2715 4189 festinus
2744 4129 3004 4185 ascendit.
3049 4130 3192 4185 Bene
3232 4132 3326 4196 ait,
3369 4132 3421 4186 in

1842 4220 2181 4274 cmnaculum
2219 4217 2289 4272 ad
2329 4220 2629 4274 orationem
2675 4218 2977 4274 ascendisse
3017 4217 3253 4285 Petrum,
3299 4221 3422 4289 quia

1843 4309 2020 4364 omnis
2056 4317 2290 4375 sanctus,
2321 4308 2535 4376 quando
2569 4316 2689 4368 orat
2725 4309 3034 4377 relinquens
3057 4310 3216 4381 575
3243 4311 3423 4365 humi-

1838 4399 1932 4466 lia,
1963 4400 2048 4453 vel
2073 4407 2284 4456 terrena
2314 4400 2365 4453 in
2397 4399 2565 4452 altum
2599 4399 2794 4452 mentis
2835 4399 3129 4467 extollitur,
3151 4409 3206 4454 et
3249 4402 3300 4455 in
3329 4418 3422 4456 su-

159 4485 293 4554 (Act.
310 4492 412 4561 ιιι),
449 4509 593 4549 nunc
609 4493 839 4548 convivii
867 4494 982 4562 ejus
1001 4494 1275 4548 vasculum
1296 4491 1624 4561 splendidius
1651 4499 1735 4548 est
1835 4491 2000 4546 hlime
2019 4505 2309 4560 suspensus
2335 4491 2559 4560 rapitur,
2583 4499 2620 4525 ω
2645 4497 2701 4544 et
2727 4489 3051 4558 cogitatione
3075 4501 3260 4547 sancta
3283 4494 3422 4551 caelo

230 4629 254 4655 ⁸
284 4620 338 4693 In
367 4633 602 4693 utroque
628 4626 814 4681 codice
850 4626 907 4681 S.
932 4626 1118 4682 Crucis
1139 4625 1191 4678 in
1212 4623 1386 4679 lorus.
1409 4623 1570 4677 verba
1602 4623 1743 4693 inter
1768 4630 1824 4688 ι)
1925 4622 1944 4661 ι
1994 4623 2131 4683 Cod.
2160 4623 2282 4677 Vat.
2315 4620 2444 4693 4951
2491 4629 2614 4691 post
2653 4636 2838 4693 vocem
2869 4624 3095 4691 aperitur
3139 4624 3267 4692 legit
3297 4624 3424 4681 Post

162 4691 444 4816 ῗὲξῖἱξέἓε
487 4691 660 4761 posita
688 4695 880 4750 desunt
907 4696 1107 4751 omnia.
1131 4693 1337 4748 Desunt
1363 4693 1526 4747 etiam
1553 4693 1606 4745 in
1635 4691 1741 4745 Va-

233 4822 418 4896 ?Cod.
449 4830 574 4885 Vat.
621 4829 735 4886 Pal.
779 4830 900 4896 495,

165 4892 390 5016 malum
425 4901 566 4958 cali.
594 4899 728 4956 Cod.
759 4901 880 4956 Vat.

239 5040 261 5072 θ
289 5031 429 5092 Iden
458 5037 582 5092 cod.
608 5037 730 5093 Vat.
755 5037 876 5104 5'59,
907 5037 1093 5110 Surge,
1126 5038 1298 5104 rem,
1324 5047 1494 5093 macta
1513 5046 1562 5091 et
1588 5054 1729 5093 utan-

235 5116 448 5256 ἷαέοφέ·
477 5174 615 5256 Yet;
635 5174 774 5256 “99
793 5183 854 5256 ,οι
871 5172 1003 5256 ἔδει
1029 5179 1295 5256 mussi:

179 5238 452 5363 altera.
486 5244 545 5300 s.
573 5243 762 5300 Crucis
789 5245 843 5298 in
862 5243 998 5312 Jer.,
1029 5238 1150 5300 viii.
1179 5245 1338 5313 1269,
1361 5252 1417 5300 et
1447 5243 1578 5314 Reg.
1610 5244 1733 5299 559.

244 5371 262 5462 ξ
287 5375 391 5462 ἓεά
411 5382 553 5454 (μιοά
572 5391 650 5436 eu
666 5382 836 5462 ,ηιμζιο
853 5383 1072 5462 μελῳ.
1104 5381 1181 5436 lta
1205 5382 1365 5462 codd.
1401 5381 1502 5437 539
1529 5390 1586 5438 et
1608 5381 1732 5448 tas,

178 5449 264 5521 (Ιυξ
287 5449 590 5521 Elmenpro
609 5449 901 5521 ministeria
929 5452 1055 5519 legit
1082 5451 1326 5521 mysteria

242 5511 404 5581 δεξιά.
441 5511 562 5574 vi».
599 5519 758 5581 1369,
788 5511 1158 5573 commotione:

227 5573 572 5720 graec:
604 5589 724 5644 Vat.
745 5573 912 5646 1269.
942 5590 996 5644 in
1025 5588 1182 5646 ca’lis.
1213 5587 1279 5644 Ut
1306 5589 1733 5660 reﬁcietur-enim

1011 4832 1293 4902 adrupedia
1329 4840 1379 4885 at
1423 4831 1648 4902 reptilia,
1691 4837 1743 4882 et

981 4902 1014 4955 9
1045 4900 1150 4971 pro
1171 4903 1402 4972 repenlia
1428 4900 1591 4954 habet
1618 4915 1738 4964 rep-

1855 4694 2140 4772 orationem
2168 4709 2322 4761 ergo;
2351 4692 2554 4811 reliqiua
2589 4705 2715 4811 gum
2745 4691 3157 4755 interponuntur
3202 4691 3420 4750 Omittit.

1925 4773 1941 4811 l
1979 4761 2145 4811 Codd.
2180 4762 2349 4811 Vatic.
2397 4760 2462 4811 12
2499 4759 2552 4811 9.
2625 4757 2695 4811 59
2731 4766 2785 4811 et
2823 4757 2979 4811 1277.
3021 4771 3150 4811 tetra
3191 4778 3288 4811 nm
3318 4773 3420 4811 ler-

1925 4762 1941 4811 i
1979 4761 2145 4817 Codd.
2180 4757 2349 4816 Vatic.
2397 4757 2552 4829 1269,
2589 4757 2695 4811 5'59
2731 4766 2785 4814 et
2823 4757 2979 4828 1277,
3021 4771 3150 4815 tetra
3190 4778 3288 4831 pro
3318 4773 3425 4822 ter-

1847 4847 2108 4982 “120d.
2142 4899 2263 4953 Vat.
2294 4895 2419 4960 495,
2450 4912 2553 4952 non
2591 4897 2724 4965 cibo,
2762 4896 2854 4952 sed
2892 4896 3241 4954 obsecratione
3279 4904 3425 4973 sagi-

1845 4984 2116 5090 Mi'tm.
2147 5035 2268 5089 Vat.
2299 5034 2432 5090 4951
2471 5035 2542 5091 ita
2575 5035 2716 5090 hunc
2743 5033 2919 5088 locum
2947 5035 3197 5090 exhibet:
3223 5036 3288 5090 ιη
3321 5055 3424 5092 ων-

1844 5105 2086 5160 naculum
2109 5105 2267 5176 igitur
2294 5104 2357 5157 ab
2379 5105 2615 5167 oratione
2628 5104 2857 5226 festinus
2887 5106 3136 5167 ascendit,
3168 5109 3290 5176 quia
3309 5125 3424 5162 οηι..

1844 5177 1926 5226 nis
1951 5183 2178 5226 sanctus.
2205 5173 2408 5226 auando
2434 5183 2550 5226 orat
2570 5190 2625 5226 re
2647 5175 2862 5226 inauens
2884 5173 3101 5226 humilia
3123 5184 3345 5226 terrena.
3369 5178 3424 5226 in

1842 5177 1926 5228 nis
1951 5173 2178 5237 sanctus,
2205 5173 2408 5243 quando
2434 5183 2550 5227 orat
2570 5173 2862 5243 relinquens
2884 5173 3101 5243 humilia
3123 5173 3345 5238 terrena,
3369 5178 3424 5233 in

1842 5246 2003 5296 altum
2031 5241 2225 5297 mentis
2259 5243 2544 5307 extollitur,
2589 5251 2636 5310 et
2681 5241 2734 5295 iu
2781 5241 2996 5311 sublime
3033 5259 3308 5311 suspensus
3336 5262 3426 5298 ra-

1844 5314 2003 5381 pitur,
2028 5324 2103 5386 _u_t
2145 5313 2676 5386 cogitatione‘sancta
2713 5310 2838 5386 caelo
2879 5310 3420 5386 viciniorA’efﬁc‘ial‘ur,

1844 5379 1996 5450 atque
2021 5382 2092 5435 ibi
2125 5379 2367 5435 esurienti
2395 5381 2493 5445 illi,
2527 5382 2621 5434 hoc
2646 5389 2721 5433 est
2748 5381 3001 5450 incordis
3036 5379 3422 5450 suisublimiori

1844 5447 1980 5531 loco,
2009 5452 2141 5531 velut
2170 5451 2344 5503 divina
2373 5466 2490 5505 voce
2525 5449 2722 5508 dicente
2749 5447 2829 5508 illi
2872 5463 2888 5500 :
2933 5459 2985 5500 tu
3031 5447 3244 5502 Juda’os
3282 5449 3422 5502 solos

1841 5528 2187 5641 ηατζιδξὲῗί
2214 5586 2270 5641 S.
2304 5585 2507 5643 Cruris.
2540 5585 2693 5654 Μία,
2722 5594 2854 5651 etc.,
2883 5592 2938 5637 ul
2959 5582 3267 5652 cogitatione
3290 5596 3418 5632 san-

1849 5666 1930 5712 cta
1967 5658 2092 5711 caelo
2122 5658 2335 5712 vicinior
2363 5657 2638 5726 efﬁciatur.
