3896 6250
24 327 132 383 675

1393 320 1621 377 SERM-O
1660 320 1837 375 LXIX.

3202 318 3311 376 δτι

27 441 120 489 hoc
143 435 232 488 tibi
261 435 332 488 do
353 451 371 488 :
407 435 476 489 In
502 437 706 489 nomine
725 435 934 490 Domini
953 437 1115 489 nostri
1135 435 1259 488 Iesu
1289 434 1480 488 Christi
1511 433 1629 486 Na-
1657 438 1709 496 Α
1734 434 1861 488 licet
1883 434 1936 487 in
1965 433 2183 502 singulis
2229 433 2407 497 fuerit,
2459 441 2637 488 tamen
2678 432 2691 470 ί
2721 443 2920 504 quanta
2975 436 3172 490 referta
3224 447 3312 495 est

30 527 206 580 sereni
231 542 396 596 surge
425 535 478 581 et
507 527 712 580 ambula
735 527 871 596 (Act.
903 527 1003 595 ιιι).
1029 527 1191 580 Beata
1214 527 1372 595 plane
1391 527 1631 594 largitas,

27 630 146 682 qua:
157 616 377 684 petenti
394 624 678 684 argentum
690 615 900 686 quidem
919 631 1023 670 non
1034 616 1281 681 contulit,
1300 614 1392 670 sed
1407 615 1636 670 contulit

28 707 360 760 sanitatem!
399 705 568 760 Beata
600 706 832 775 largitas,
863 721 981 776 quae
1015 706 1084 762 de
1108 707 1372 762 thesauris
1402 716 1426 744 ει
1445 722 1634 762 aurum

30 812 138 850 non
177 795 438 863 protulit,
483 795 579 849 sed
609 793 636 834 δ
665 795 887 864 protulit
930 792 1282 850 medicinam!
1315 796 1511 850 Beatus
1553 804 1636 851 est

29 885 117 938 ille
146 883 411 952 claudus,
440 884 532 954 qui
559 883 684 938 dum
707 884 1111 953 stipem'quazrit
1136 887 1396 953 pecuniae,
1424 886 1636 940 divitias

33 975 433 1029 incolumitatis
453 975 678 1043 accepit.
703 973 818 1029 Hoc
845 975 988 1029 enim
1013 976 1081 1029 ab
1103 977 1360 1044 apostolis
1378 976 1634 1031 donatum

34 1065 251 1128 meruit,
284 1063 443 1132 quod
472 1063 629 1116 nullis
651 1064 919 1117 thesauris
940 1078 969 1117 a
995 1063 1218 1119 medicis
1241 1064 1508 1120 redimere
1532 1081 1634 1134 po-

36 1159 244 1213 tuisset.
282 1169 306 1197 ο
351 1156 597 1210 Primum
625 1170 755 1224 ergo
801 1155 1016 1223 signum
1043 1144 1369 1209 mirabilium
1414 1170 1634 1210 suorum

39 1245 229 1300 Petrus
287 1246 458 1312 iecit,
510 1245 701 1300 claudo
755 1245 952 1314 pedum
998 1245 1334 1299 restituendo
1384 1244 1629 1312 vestigia.

36 1337 280 1391 Diximus
329 1336 647 1403 frequenter
690 1335 864 1403 ipsum
915 1333 1130 1389 Petrum
1177 1341 1384 1403 petram
1415 1335 1634 1405 578a

38 1431 266 1484 Domino
291 1435 691 1498 nuncupatum,
723 1426 861 1481 sicut
886 1426 998 1479 ait:
1033 1425 1109 1479 Tu
1138 1442 1204 1479 es
1218 1426 1402 1479 Petrus
1421 1467 1437 1492 ,
1467 1435 1516 1478 et
1544 1441 1633 1479 su-

42 1537 127 1589 per
175 1519 311 1572 hanc
340 1527 548 1588 petram
574 1515 840 1585 aedificabo
876 1514 1167 1568 Ecclesiam
1210 1531 1375 1568 meam
1418 1513 1632 1584 (Mattb.

42 1610 169 1674 xvi).
192 1608 251 1662 Si
281 1621 421 1675 ergo
452 1605 643 1660 Petrus
669 1613 822 1673 petra
849 1612 933 1659 est
958 1605 983 1640 ά
1016 1619 1176 1673 supra
1205 1617 1365 1671 quam
1400 1594 1632 1657 aedifica-

43 1707 126 1753 tur
145 1698 422 1762 Ecclesia,
450 1704 600 1750 recte
628 1696 776 1764 prius
801 1695 966 1764 pedes
992 1702 1165 1759 sanat,
1197 1705 1255 1747 ut
1277 1694 1414 1748 sicut
1444 1693 1498 1746 in
1527 1691 1633 1747 Ec-

1734 525 1918 593 gratire
1940 527 2260 580 sanctitate?
2285 525 2419 579 Nam
2448 524 2639 581 Petrus
2659 528 2854 594 crucis,
2880 528 3020 582 sicut
3039 527 3306 595 Salvator,

1733 615 1936 669 exitum
1961 615 1974 665 i
2006 614 2145 682 tulit,
2175 621 2230 669 et
2257 614 2536 669 dominicae
2571 614 2876 671 devotionis
2905 618 3254 673 similitudine
3283 618 3310 657 ι

1734 718 1835 758 nec
1856 705 1908 758 in
1936 712 2110 759 morte
2136 704 2407 775 disceptus
2431 715 2543 771 est;
2566 705 2769 760 scilicet
2794 715 2851 759 ut
2879 721 3039 775 quem
3065 707 3314 763 imitaba-

1735 803 1823 849 tur
1851 793 1971 861 lide,
2020 796 2320 850 imitaretur
2341 805 2395 852 et
2424 797 2692 866 passione.
2730 799 2806 852 De
2839 797 2987 852 Pauli
3014 815 3146 855 vero
3193 817 3314 856 cer-

1734 887 1873 951 vice,
1897 902 2017 940 cum
2046 886 2062 924 ι
2100 901 2217 940 eam
2245 896 2556 956 perseeutor
2575 887 2751 954 gladio
2773 889 3125 956 percussisset
3142 928 3157 952 ,
3181 890 3315 945 dici-

1734 985 1824 1031 tur
1852 975 2066 1029 lluxisse
2096 975 2264 1042 magis
2283 975 2436 1029 laetis
2451 975 2592 1028 unda
2621 991 2782 1044 quam
2811 977 3112 1043 sanguinis;
3137 987 3192 1033 et
3219 979 3316 1032 mi-

1734 1078 1854 1117 rum
1885 1064 1938 1117 in
1967 1063 2188 1118 modum
2217 1063 2272 1117 S.
2304 1063 2619 1132 Apostolum
2644 1064 2895 1133 baptismi
2915 1067 3085 1132 gratia
3122 1069 3174 1122 in
3198 1069 3315 1137 ipsa

1736 1152 1896 1224 579
1920 1153 2070 1208 caede
2089 1153 2357 1208 exstitisse
2381 1154 2717 1222 splendidum
2742 1155 2920 1223 potius
2940 1172 3100 1225 quam
3123 1172 3316 1211 cruen-

1736 1253 1869 1300 tum.
1903 1245 2031 1312 Quae
2059 1245 2272 1314 quidem
2301 1260 2389 1299 res
2428 1246 2480 1299 in
2515 1244 2572 1298 S.
2600 1242 2767 1300 Paulo
2791 1247 3053 1315 stupenda
3083 1263 3189 1300 non
3212 1254 3314 1301 est.

1735 1335 1873 1401 Quid
1893 1335 2035 1390 enim
2064 1336 2256 1388 mirum
2287 1336 2332 1388 si
2377 1335 2614 1389 abundat
2640 1335 2780 1389 lacte
2807 1345 2845 1371 ω
2869 1337 3101 1390 nutritor
3129 1336 3315 1390 Eccle-

1735 1425 1844 1489 sim,
1875 1426 2014 1480 sicut
2042 1426 2154 1495 ipse
2183 1425 2248 1478 ad
2269 1424 2575 1480 Corinthios
2607 1443 2620 1478 :
2662 1425 2771 1478 Lac
2805 1425 2947 1480 nobis
2977 1436 3152 1496 potum
3173 1427 3311 1492 dedi,

1733 1531 1837 1568 non
1867 1532 2034 1568 escam
2064 1514 2117 1584 (I
2140 1513 2257 1568 Cor.
2283 1515 2381 1582 ιιι).
2408 1514 2532 1569 Ηωο
2558 1522 2639 1570 est
2679 1515 2836 1583 plena
2884 1517 3318 1583 repromissionis

1735 1604 1826 1657 illa
1854 1612 1996 1658 terra
2046 1619 2206 1673 quam
2247 1604 2491 1673 patribus
2533 1605 2732 1658 nostris
2756 1605 3004 1674 promisit
3048 1603 3206 1668 Deus,
3238 1604 3318 1658 di-

1736 1708 1896 1766 cens;
1931 1693 2078 1765 Dabo
2101 1692 2240 1746 vobis
2272 1703 2460 1746 terram
2486 1693 2729 1762 ﬂuentem
2755 1693 2835 1746 lac
2869 1701 2916 1746 et
2948 1693 3044 1746 mel
3064 1702 3090 1728 ιι
3118 1692 3315 1763 (Exod.

43 1789 200 1842 clesia
229 1787 360 1841 lidei
393 1785 801 1839 fundamentum
839 1785 1101 1849 continet,
1133 1784 1205 1838 ita
1236 1790 1290 1837 et
1327 1783 1380 1836 in
1422 1781 1636 1836 homine
1668 1783 1711 1841 B
1740 1783 1840 1852 ιιι).
1862 1783 1980 1837 Non
2010 1782 2153 1836 enim
2182 1783 2247 1836 de
2273 1782 2374 1835 hac
2404 1789 2544 1834 terra
2573 1781 2783 1834 locutus
2808 1788 2890 1834 est
2907 1780 3318 1849 quze'manantL

45 1877 420 1932 membrorum
451 1872 802 1928 fundamenta
847 1872 1130 1927 conﬁrmet
1160 1891 1172 1924 ε
1198 1881 1368 1938 recte,
1399 1872 1635 1939 inquam,

45 1969 271 2037 primum
295 1967 351 2020 in
385 1965 696 2020 Christiano
723 1963 890 2032 pedes
916 1971 1088 2028 curat,
1118 1962 1306 2031 utjam
1331 1978 1438 2016 non
1467 1962 1638 2030 trepi-

47 2057 159 2123 dus,
215 2071 325 2110 nec
379 2053 662 2108 imbecillis
711 2053 880 2122 possit
926 2067 1085 2122 supra
1131 2059 1338 2121 petram
1387 2051 1640 2106 Ecclesia:

47 2157 206 2209 stare,
237 2144 337 2199 sed
387 2144 666 2207 robustus,
697 2149 754 2196 et
802 2141 954 2195 fortis
993 2141 1260 2196 incedere.
1312 2139 1413 2194 Ubi
1459 2149 1640 2194 autem

51 2233 209 2286 verba
240 2230 404 2286 Pauli
428 2246 533 2286 non
564 2229 846 2296 leguntur?
872 2228 1002 2294 Quis
1043 2229 1195 2283 locus
1216 2243 1279 2281 ea
1308 2228 1499 2283 litteris
1531 2244 1639 2282 non

53 2326 315 2388 inscribit,
371 2323 539 2380 corde
580 2323 803 2389 retinet,
853 2323 1266 2378 conversatione
1313 2324 1641 2378 custodivit?

53 2412 150 2477 Qui
199 2411 407 2467 Paulus
435 2427 465 2465 a
510 2412 736 2466 Domino
765 2425 860 2464 vas
899 2410 1175 2465 electionis
1203 2419 1287 2465 est
1318 2413 1638 2468 nominatus.

55 2501 257 2556 Bonum
281 2516 402 2566 vas,
422 2500 475 2554 in
502 2515 609 2569 quo
635 2499 871 2568 pretiosa
899 2498 1273 2553 mandatorum
1296 2497 1492 2553 Christi
1514 2515 1646 2568 prae-

55 2600 205 2659 cepta
233 2590 546 2646 conduntur
578 2607 590 2641 :
639 2589 842 2642 bonum
869 2602 988 2653 vas,
1020 2587 1087 2642 de
1133 2588 1285 2656 cujus
1311 2588 1646 2656 plenitudine

57 2680 355 2734 substantia
383 2680 509 2732 vita:
532 2678 744 2747 populis
771 2692 985 2746 semper
1015 2685 1266 2744 erogatur
1283 2718 1299 2742 ,
1330 2685 1385 2733 et
1425 2678 1644 2746 plenum

59 2777 154 2824 est.
181 2767 402 2838 Optima
431 2767 797 2837 apostolorum
825 2766 1066 2830 nomina,
1097 2775 1342 2834 petra,et
1368 2768 1644 2822 vasculum

62 2858 359 2912 necessaria
381 2857 563 2911 domui
587 2855 901 2910 Salvatoris.
929 2864 952 2892 °
977 2854 1176 2909 Domus
1199 2855 1342 2910 enim
1371 2864 1645 2923 petrarum

63 2949 374 3002 fortitudine
403 2947 748 3008 construitur,
780 2946 1012 2999 utilitate
1036 2946 1180 2999 vasis
1207 2954 1447 3000 ornatur.
1486 2946 1646 3002 Petra

68 3039 130 3093 ad
153 3038 480 3105 ﬁrmitatem,
505 3053 572 3092 ne
596 3038 864 3101 labantur,
882 3045 1150 3091 sustentat
1171 3039 1431 3107 populos;
1461 3055 1557 3094 vas
1577 3041 1643 3094 ad

1738 1871 1840 1924 bus
1866 1870 2018 1939 aquis
2046 1884 2256 1924 omnum
2299 1868 2543 1932 involvit,
2572 1867 2848 1937 lutumque
2875 1868 3162 1935 permiscet
3179 1907 3194 1933 ,
3212 1867 3318 1922 sed

1748 1964 1817 2019 de
1847 1964 1934 2017 illa
1966 1971 2109 2018 terra
2156 1960 2324 2025 Pauli,
2377 1969 2432 2014 et
2458 1961 2709 2015 similium
2757 1958 2928 2024 Pauli,
2961 1974 3078 2028 quae
3121 1959 3320 2027 iugiter

1739 2069 1934 2124 purum
1964 2066 2233 2120 suaveque
2261 2051 2502 2105 distillat.
2528 2049 2656 2115 Quae
2681 2054 2824 2104 enim
2851 2049 3002 2103 Pauli
3033 2059 3057 2085 ο
3091 2051 3319 2118 epistola

1741 2160 1849 2198 non
1879 2143 2040 2198 melle
2066 2141 2278 2199 dulcior
2297 2149 2400 2203 est,
2443 2140 2586 2194 lacte
2614 2138 2894 2193 candidior
2913 2141 2938 2192 'l
2956 2137 3086 2203 Qua:
3114 2140 3320 2207 episto-

1742 2235 1826 2301 lae,
1858 2242 2111 2300 tanquam
2157 2241 2184 2279 ρ
2215 2229 2404 2293 ubera,
2425 2227 2784 2282 Ecclesiarum
2811 2226 3037 2296 populos
3079 2227 3323 2280 nutriunt

1714 2339 1721 2343 ·
1743 2322 1814 2380 ad
1841 2320 2192 2378 salutem?De
2213 2319 2426 2373 cervice
2450 2330 2582 2383 ergo
2614 2316 2858 2386 Apostoli
2882 2327 2909 2364 ιι
2938 2331 3038 2384 pro
3063 2316 3324 2386 sanguine

1742 2411 1826 2466 lac
1852 2410 2109 2464 manavit.
2153 2407 2404 2476 Legimus
2452 2417 2473 2443 τ
2508 2407 2559 2459 in
2590 2405 2816 2480 epistola
2872 2405 3054 2473 ipsius,
3075 2407 3325 2476 quoniam

1744 2518 1865 2556 caro
1886 2511 1935 2555 et
1949 2501 2165 2571 sanguis
2187 2514 2398 2570 regnum
2421 2496 2515 2550 Dei
2538 2514 2641 2551 non
2661 2496 2994 2564 possidebunt
3025 2494 3078 2566 (Ι
3096 2493 3216 2548 Cor.
3242 2495 3320 2566 v).

1743 2592 1860 2647 Jam
1890 2592 2051 2661 igitur
2081 2591 2278 2645 Paulus
2320 2588 2564 2658 possidet
2604 2603 2848 2656 regnum,
2884 2587 3044 2657 580
3070 2587 3325 2655 quoniam

1749 2691 1772 2718 ⁸
1803 2689 1954 2736 caret
1981 2680 2259 2748 sanguine,
2292 2679 2382 2748 qui
2413 2677 2670 2747 impedire
2698 2678 2892 2731 dicitur
2923 2681 2939 2713 ι
2984 2686 3323 2744 regnaturus.

1746 2772 1936 2826 Adhuc
1963 2784 2091 2839 ergo
2122 2769 2319 2824 Paulus
2357 2770 2412 2823 in
2444 2769 2603 2823 terris
2630 2769 2838 2836 positus
2858 2777 2885 2804 υ
2907 2768 3067 2824 etiam
3096 2768 3148 2821 in
3175 2771 3325 2837 regni

1746 2863 1984 2917 caelestis
2024 2860 2382 2915 substantiam
2438 2859 2871 2913 translormatur.
2905 2868 2936 2897 τ
2962 2858 3106 2925 Ideo,
3137 2861 3330 2914 fratres

1746 2955 2030 3017 carissimi,
2062 2953 2489 3022 quotiescunque
2514 2960 2808 3023 martyrum
2834 2962 2860 2988 ι
2877 2954 3166 3016 memorias
3193 2955 3329 3009 cele-

1747 3046 1989 3110 bramus,
2040 3044 2411 3113 praetermissis
2431 3044 2679 3098 omnibus
2728 3044 2909 3098 saeculi
2953 3046 3181 3110 actibus,
3214 3046 3330 3101 sine

65 3129 383 3194 custodiam,
427 3133 495 3181 ne
530 3134 826 3192 tententur,
868 3127 1047 3195 operit
1086 3125 1438 3183 Christianos.
1476 3128 1494 3166 ί
1525 3129 1645 3186 Exi—
1669 3125 1716 3188 C
1751 3134 1928 3202 aliqua
1983 3134 2244 3188 dilatione
2285 3143 2314 3181 γ
2345 3147 2668 3186 concurrere
2708 3132 2964 3187 debemus
3017 3133 3084 3186 ad
3111 3134 3330 3188 domum

67 3222 146 3272 tus
179 3232 308 3272 vero
345 3233 536 3272 eorum
583 3215 652 3270 de
684 3217 789 3270 hoc
819 3216 1016 3270 szeculo
1054 3229 1214 3283 quam
1246 3218 1434 3271 beatus
1463 3219 1641 3285 fuerit,

69 3321 218 3361 nemo
247 3316 329 3362 est
348 3307 441 3376 qui
469 3306 691 3360 nesciat.
721 3305 854 3358 Nam
878 3305 1050 3374 prima
1080 3305 1194 3360 huic
1223 3317 1247 3354 Β
1272 3308 1324 3361 in
1348 3307 1450 3362 illis
1469 3309 1641 3363 beati-

69 3396 190 3450 tudo
235 3404 338 3462 est,
360 3392 508 3465 quod
537 3394 695 3448 ambo
724 3409 829 3448 una
858 3393 946 3448 die
972 3395 1115 3463 passi
1162 3409 1280 3451 esse
1327 3405 1640 3466 noscuntur,

70 3484 284 3552 scilicet,
337 3492 396 3539 ut
424 3498 561 3553 quos
585 3498 691 3537 una
740 3481 871 3537 ﬁdes
903 3484 1126 3539 servitio
1170 3485 1502 3553 devinxerat,
1536 3503 1640 3543 una

70 3573 176 3630 dies
201 3576 462 3647 martyrio
481 3579 783 3630 eoronaret.
803 3569 832 3610 δ
851 3573 1054 3628 Deinde
1075 3574 1186 3644 ipsa
1207 3577 1406 3645 passio,
1429 3578 1640 3640 diversa

139 3710 310 3781 FCod.
341 3709 467 3764 Vat.
497 3709 660 3781 aliqui
680 3721 884 3770 aurum,
913 3705 998 3760 alii
1028 3716 1296 3777 argentum
1321 3723 1561 3781 ponunt;
1585 3716 1640 3771 in

74 3779 282 3846 reliquis
304 3778 650 3846 conveniunt.

139 3846 164 3882 ιι
184 3840 357 3902 Codd.
389 3848 446 3902 S.
478 3844 663 3902 Crucis
688 3843 744 3897 in
772 3840 881 3897 Jer.
916 3843 1174 3899 omittunt
1199 3849 1434 3916 protulit,
1455 3857 1510 3906 et
1535 3852 1637 3908 ha-

75 3913 197 3972 bent
210 3917 310 3970 sed
338 3917 664 3970 medicinam.

144 3996 166 4024 ο
195 3985 363 4040 Aliter
389 3986 618 4040 habetur
645 3986 733 4041 hic
759 3987 910 4043 locus
947 3987 998 4040 in
1027 3981 1148 4036 eod.
1199 3983 1258 4037 8.
1290 3984 1476 4041 Crucis
1507 3988 1639 4044 Min.

79 4054 126 4107 in
172 4053 398 4109 Laurea.
445 4055 560 4109 scil.
593 4055 829 4110 Primum
880 4073 1002 4122 ergo
1055 4053 1259 4121 signum
1308 4057 1640 4122 mirabiltum,

78 4124 202 4196 quod
228 4123 859 4196 beatusapostolasfecit,
902 4123 1086 4179 claudo
1129 4123 1312 4196 pedum
1359 4128 1644 4196 restituisse

79 4193 275 4265 uestigia
323 4194 557 4265 dicimus.
589 4193 820 4265 Audistis
855 4197 1142 4265 frequenter
1186 4193 1352 4265 ipsum
1406 4193 1641 4265 Petrum,

81 4268 176 4315 etc.
199 4261 280 4316 lta
307 4263 468 4317 etiam
498 4262 616 4317 Vat.
649 4262 819 4329 4951,
850 4261 954 4332 qui
994 4271 1172 4316 tamen
1217 4261 1378 4316 habet
1418 4263 1644 4319 diximus

83 4342 170 4382 Dro
188 4331 416 4382 dicimus.

81 4342 170 4398 pro
188 4333 416 4385 dicimus.

85 4397 167 4519 tu:
192 4399 320 4522 (:‘xl.
351 4400 596 4455 Vaticau.
635 4398 798 4469 1951,
821 4416 975 4472 super
1003 4416 1155 4471 quam
1181 4407 1382 4471 petram
1409 4403 1643 4473 aediﬁca-

163 4510 177 4522 .
260 4485 307 4522 c.

163 4510 177 4534 ,
207 4485 307 4524 etc.

150 4537 463 4631 19299.9:
493 4536 691 4631 93³1⁵ξὶ
707 4536 1642 4631 il?f':z-$‘._‘..§;-9{‘ff§3'_H9223?
1673 4570 1726 4631 D

87 4599 231 4689 ἔλειπε
249 4609 417 4689 hebet
449 4626 463 4661 =
495 4606 692 4689 Doms:
717 4599 1191 4689 ενιὲπιίάηιίιιηὲἓείε
1215 4619 1361 4689 esse
1387 4611 1647 4689 consitu-

89 4682 180 4745 m,
206 4678 437 4758 utilitate,
487 4685 592 4758 etc.
639 4675 810 4757 Codd.
860 4675 982 4729 Vat.
1015 4675 1183 4757 6451,
1213 4675 1345 4729 1951
1379 4688 1433 4732 et
1475 4678 1641 4745 1277,

86 4739 264 4815 Domus
280 4763 415 4800 enim
437 4746 743 4815 fortitudine
764 4753 924 4813 petra:
949 4755 1286 4810 constituitur.

157 4810 173 4848 ί
199 4814 336 4886 βοὰ.
369 4810 492 4869 Vat.
534 4812 693 4881 1277,
718 4810 966 4886 Introitus
994 4831 1109 4867 vero
1134 4831 1330 4883 eorum,
1351 4833 1503 4886 quam
1533 4816 1650 4870 bea-

91 4888 157 4932 tus
185 4883 352 4951 fuerit,
380 4899 533 4951 nemo
559 4891 635 4936 est

96 4950 335 5028 meod.
363 4952 422 5028 S.
449 4950 656 5007 Crueis.

93 5016 182 5070 illis
203 5020 455 5077 beatitudo
479 5030 573 5084 est,
597 5030 704 5075 etc.

154 5087 339 5160 “Cod.
363 5092 554 5146 Vallic.
587 5089 632 5142 A
651 5090 703 5155 9,
729 5089 930 5160 Deinde
965 5090 1214 5160 ηερε-ἄρεα
1251 5092 1425 5159 passio
1448 5092 1651 5148 diversa

93 5155 140 5232 in
164 5158 366 5229 singulis
390 5161 568 5232 fuerit,
600 5167 704 5232 etc.
736 5155 1042 5232 Cod.__vere'
1071 5155 1276 5232 Casini,
1306 5160 1651 5232 Deindelicel

97 5224 194 5299 ipsa
218 5224 380 5295 passio
390 5224 607 5282 'dirersa
626 5229 680 5281 in
708 5229 925 5298 singulis
935 5224 1550 5299 fueritLtamenirequali
1575 5233 1653 5299 ef-

98 5293 317 5368 {ecta‘rest
355 5300 542 5368 gratia:
591 5293 882 5368 sanctitéte.
923 5293 1086 5368 God.
1115 5296 1234 5354 .Vat.
1266 5293 1431 5363 N51,
1475 5293 1647 5353 tamen

100 5365 285 5430 aqualis
312 5365 372 5420 re
389 5377 508 5421 erta
533 5375 609 5418 est
675 5365 803 5418 alia
828 5366 1138 5419 sanctitatis.

166 5432 180 5467 ⁸
216 5431 338 5488 Cod.
368 5373 495 5489 Vat.
519 5382 847 5489 tanta
875 5449 974 5489 ιιι-ο
992 5443 1150 5489 auunt

325 5474 338 5487 .
377 5451 495 5490 vat.
519 5451 676 5496 MOI,
703 5451 847 5486 tanta
875 5451 974 5496 DI‘O
992 5451 1204 5496 quanta.

166 5449 180 5508 ς
216 5449 338 5488 eoa.
376 5449 495 5490 Vat.
519 5449 676 5496 ml,
703 5449 847 5486 tanta
875 5449 974 5514 pro
992 5449 1204 5502 quanta.
1246 5505 1258 5516 .

165 5511 178 5571 _t
219 5499 352 5556 Idem
378 5505 504 5561 eod.
527 5503 648 5557 Vat.
673 5502 831 5566 6451,
855 5512 1046 5571 exitum
1075 5503 1299 5571 pertulit.

161 5567 186 5606 ι
217 5571 369 5628 iidem
397 5572 559 5629 codd.
589 5571 713 5626 Vat.
735 5571 868 5623 6-151
911 5579 968 5624 et
994 5567 1195 5634 Casin.,
1234 5589 1325 5624 nec
1352 5581 1512 5626 morte
1539 5574 1645 5627 dis-

107 5648 245 5693 cretus
263 5653 351 5696 est.
374 5642 510 5700 Cod.
536 5641 654 5695 Vat.
680 5638 837 5694 4951.
856 5656 948 5694 nec
967 5650 1128 5695 morte
1143 5640 1377 5709 deceptus
1392 5651 1486 5698 est.
1511 5641 1642 5698 Cod.

710 4885 748 4935 ti
777 4884 988 4946 nesciat,
1012 4891 1118 4938 etc.

737 4953 876 5007 inor.
898 4953 952 5007 in
973 4950 1157 5017 Laur.,
1188 4950 1330 5006 Nam
1351 4955 1519 5024 prima
1540 4955 1649 5010 hwc

1753 3225 1867 3288 Dei,
1897 3225 2128 3278 reddere
2149 3223 2254 3277 illis
2279 3220 2743 3276 honoriﬁcentiam
2760 3262 2776 3288 ,
2801 3223 2896 3289 qui
2924 3223 3079 3277 nobis
3102 3223 3331 3278 salutem

1755 3321 1778 3348 ι
1809 3312 2069 3366 eil'usione
2097 3311 2180 3365 sui
2207 3309 2479 3377 sanguinis
2507 3317 2863 3377 pepererunt,
2892 3311 2983 3376 qui
3013 3319 3121 3364 tam
3144 3325 3331 3366 sacra--

1749 3409 1858 3455 tam
1887 3400 2118 3455 hostiam
2150 3413 2252 3467 pro
2273 3405 2456 3451 nostra
2477 3395 2862 3465 propitiatione
2891 3397 3123 3452 Domino
3143 3412 3203 3452 se
3231 3399 3332 3452 ob-

1747 3496 2012 3557 tulerunt;
2040 3491 2339 3561 praesertim
2360 3484 2482 3543 cum
2509 3488 2654 3542 dicat
2672 3488 2740 3557 ad
2766 3497 2981 3543 sanctos
2999 3505 3126 3544 suos
3155 3490 3332 3544 omni-

1746 3592 1940 3657 potens
1958 3582 2101 3636 Deus
2129 3598 2144 3636 :
2171 3578 2270 3644 Qui
2293 3595 2379 3633 uos
2408 3579 2647 3644 honorat,
2668 3593 2751 3631 me
2782 3577 3025 3646 honorat,
3052 3585 3103 3632 et
3138 3579 3224 3650 qui
3244 3594 3333 3635 vos

1743 3716 1869 3772 Vat.
1900 3713 2058 3778 1277,
2091 3727 2183 3766 nec
2211 3719 2375 3779 morte
2402 3709 2689 3779 discerptus
2715 3717 2820 3768 est.

1824 3784 1841 3823 ι
1875 3784 2007 3839 Cod.
2030 3782 2150 3835 Vat.
2185 3778 2342 3842 4951,
2371 3795 2485 3832 eum
2506 3778 2606 3846 pro
2634 3794 2769 3832 eam.

1817 3863 1856 3892 ω
1892 3851 2028 3908 Cod.
2057 3850 2091 3903 4
2123 3849 2179 3904 8.
2209 3848 2395 3904 Crucis
2440 3845 2632 3900 Minor.
2687 3847 2740 3900 in
2801 3845 2959 3902 Laur.
3007 3849 3080 3902 ita
3123 3849 3329 3905 habet:

1750 3921 1886 3987 Quid
1912 3924 2048 3976 enim
2093 3920 2302 3980 mirum.
2331 3917 2377 3971 si
2427 3916 2630 3970 abunde
2674 3916 2808 3970 lacte
2834 3922 3058 3971 nutritur
3095 3917 3333 3974 Ecclesia

1744 3996 1877 4047 sicut
1903 3993 2032 4057 ipse,
2061 3997 2148 4045 etc

1821 4071 1848 4098 ιι
1886 4052 2028 4115 Idem
2056 4057 2176 4114 cod.
2221 4055 2281 4111 8.
2308 4054 2496 4110 Crucis
2518 4052 2708 4110 Minor.
2734 4053 2789 4108 in
2817 4054 3000 4123 Laur.,
3026 4054 3334 4112 Dabosobis

1752 4140 1963 4192 terram,
1990 4129 2126 4181 laete
2149 4135 2199 4180 et
2218 4125 2366 4178 melle
2395 4132 2712 4192 manantem.

1823 4208 1849 4236 ο
1887 4189 2019 4255 God.
2052 4197 2173 4250 Vat.
2205 4193 2364 4260 1269,
2396 4191 2524 4255 Quae
2549 4195 2686 4246 enim
2707 4192 2864 4247 Pauli
2897 4189 3148 4263 Epistolis
3184 4197 3334 4250 melle

1749 4269 2025 4328 dulciores,
2057 4266 2188 4318 lacte
2206 4263 2555 4316 candidiores.

1823 4347 1851 4387 Ρ
1879 4335 2049 4391 Codd.
2088 4334 2269 4388 Casin.
2300 4339 2356 4386 et
2393 4331 2514 4386 Vat.
2545 4329 2704 4396 6451,
2728 4331 2921 4396 optima
2939 4330 3117 4385 ubera.

1825 4416 1852 4456 ει
1881 4403 2056 4460 Codd.
2102 4402 2290 4458 Vallic.
2323 4401 2367 4453 A
2396 4400 2430 4454 9
2458 4409 2511 4455 et
2539 4398 2719 4454 Casin.
2753 4397 2872 4464 102,
2905 4402 3127 4464 apostoli
3155 4400 3332 4457 Pauli.

1826 4483 1849 4512 ν
1887 4473 2056 4528 Codd.
2087 4471 2144 4526 S.
2178 4471 2363 4538 crucis
2384 4470 2438 4522 in
2463 4468 2598 4534 Jer.,
2626 4468 2864 4538 Legimus
2891 4470 2945 4522 in
2968 4471 3102 4538 ipso,
3127 4478 3231 4527 etc.

1823 4551 1845 4580 ⁸
1876 4541 2009 4598 Cod.
2041 4541 2162 4595 Vat.
2193 4537 2352 4606 1277,
2374 4546 2515 4592 caret
2541 4537 2878 4606 «sanguine.

1826 4615 1844 4649 ί
1881 4611 2051 4667 Codd.
2080 4610 2137 4665 S.
2161 4607 2357 4663 Crucis
2385 4609 2438 4661 in
2465 4606 2575 4662 Jer.
2600 4607 2814 4676 legunt:
2855 4616 3154 4676 regnatura.
3177 4607 3252 4665 lla
3281 4620 3336 4665 et

1749 4681 1908 4738 codd.
1940 4681 2061 4736 Vat.
2107 4679 2279 4747 6451,
2308 4677 2483 4741 4951,
2531 4684 2596 4731 et
2647 4675 2835 4730 Vallic.
2866 4674 2929 4730 A'
2965 4674 3032 4741 9,
3086 4688 3336 4749 regnatu-

1751 4769 1885 4806 rum.

1821 4830 1850 4856 ιι
1879 4819 2048 4875 Codd.
2079 4817 2137 4873 8.
2173 4815 2361 4872 Crucis
2383 4816 2436 4870 in
2457 4813 2593 4880 Jer.,
2618 4821 2674 4870 et
2702 4811 2769 4868 10
2795 4810 2985 4879 Laur.,
3021 4823 3072 4868 et
3091 4831 3205 4885 1am
3235 4832 3335 4887 pro

1752 4893 1927 4946 etiam.

1823 4968 1852 4998 ν
1890 4959 1989 5012 llic
2010 4956 2078 5012 ab
2107 4964 2334 5024 utroque
2356 4952 2477 5008 cod.
2507 4952 2565 5006 S.
2593 4950 2778 5024 Crucis
2804 4948 2993 5024 in__Jer.
3020 4949 3144 5007 linis
3169 4968 3337 5024 impo-

1753 5029 1899 5084 nitur
1926 5019 2202 5092 sermoni;
2244 5019 2486 5092 reliquus
2519 5036 2700 5076 sermo
2729 5019 2783 5073 in
2810 5019 2916 5075 illis
2941 5021 3114 5075 deest.

1822 5107 1849 5134 ι
1877 5095 2010 5150 Cod.
2051 5094 2172 5147 Vat.
2190 5091 2324 5146 1951
2337 5132 2352 5157 ,
2364 5091 2694 5145 memoriam.

1820 5176 1850 5216 r
1887 5166 2029 5219 ldem
2050 5162 2173 5217 cod.
2204 5162 2326 5216 Vat.
2359 5159 2490 5213 1951
2512 5200 2529 5226 ,
2549 5173 2855 5226 concurrere
2899 5157 3174 5223 debemus;
3212 5161 3332 5213 red.

1754 5236 1874 5289 dere
1895 5235 1998 5289 illis
2029 5225 2520 5301 honoriﬁcentiam,
2544 5229 2630 5298 qui
2659 5225 2805 5301 nobis
2829 5228 3050 5280 salutem
3073 5244 3165 5296 pro
3202 5231 3334 5301 e/[u-

1758 5307 1904 5358 sione
1922 5304 2001 5356 sui
2026 5296 2292 5370 sanguinis
2316 5296 2656 5370 pepereruntL
2662 5296 2747 5363 qui
2776 5303 3022 5370 tanquam
3039 5313 3206 5370 sum
3239 5299 3332 5352 ιω-

1757 5376 1858 5428 stia
1885 5389 1978 5443 pro
2007 5364 2184 5424 nostra
2219 5364 2583 5438 propitiatione
2613 5365 2725 5420 Deo
2753 5374 2872 5418 sunt
2889 5364 3084 5431 oblati;
3108 5381 3332 5436 prem-

1750 5446 1864 5509 lim,
1895 5449 1998 5495 etc.

1822 5504 2006 5564 ι’(Ξοὰ.
2040 5508 2163 5564 Vat.
2230 5504 2396 5573 1269,
2461 5523 2554 5574 per
2608 5504 2911 5573 missionem
2976 5504 3059 5559 sui
3115 5504 3331 5574 ungul-

1747 5582 1848 5650 nis,
1877 5588 1982 5634 etc.
