3896 6250
512 284 617 341 679

1726 288 1782 345 S.
1824 288 2069 346 MAXIMI
2108 290 2559 350 'l‘AURlNENSIS

3700 294 3803 350 689

513 398 1211 480 “censuram—"Sanctus
1243 398 1543 480 Laurentius
1568 400 1812 456 Ecclesia:
1839 403 2087 480 Romana:
2117 416 2167 475 Α
2192 419 2305 464 scat
2336 409 2493 466 ﬁdem
2534 417 2772 466 nostram
2817 427 2961 467 omni
3006 414 3237 467 veritate
3267 412 3598 466 subnixam.
3641 411 3805 480 Cuju-

582 470 851 541 nutritius,
888 470 1129 538 indigena
1161 472 1644 541 ntartgr,_sedisque
1677 473 1971 540 apostolicae
2001 491 2089 527 ar-

585 538 912 611 chidiaconus
957 554 988 589 a
1025 549 1201 589 sancto
1254 538 1487 611 Maximo
1523 538 1834 611 appellatur,
1882 543 2089 611 ejusque

585 606 933 679 misericordia
962 622 1085 679 erga
1114 621 1383 679 pauperes,
1413 608 1658 676 fortitudo
1678 649 1695 675 ,
1721 617 1873 679 atque
1893 606 2092 679 marty-

585 674 717 724 rium
744 672 999 742 eleganter
1018 672 1342 726 deseribitur.

585 760 857 827 Quamvis,
887 761 1077 815 fratres
1102 762 1379 824 carissimi,
1415 763 1713 831 passionem
1740 779 1857 833 qua:
1886 764 1937 817 in
1963 780 2094 833 pra:-

513 850 653 903 senti
698 849 784 904 die
830 851 897 904 de
942 851 1165 919 perﬁdia
1211 852 1389 907 stcculi
1440 852 1785 923 triumphavit
1813 856 2093 911 universus

513 938 669 994 nobis
710 954 828 992 cum
858 948 1068 1009 stupeat
1093 940 1343 1008 mundus,
1390 944 1660 1011 przecipuo
1692 952 1869 998 tamen
1896 945 2091 1011 gaudio

513 1027 760 1081 virtutem
807 1030 1014 1083 nutritii
1060 1032 1141 1084 sui
1170 1031 1413 1087 Ecclesia
1438 1034 1680 1089 Romana
1709 1036 1952 1090 miratur.
1986 1037 2091 1090 De-

513 1114 605 1169 bet
631 1116 773 1169 enim
820 1116 1055 1184 gaudere
1093 1134 1201 1188 pra:
1229 1122 1436 1175 caeteris
1456 1164 1473 1188 ,
1493 1137 1612 1190 qua:
1639 1131 1786 1178 tanto
1813 1124 2090 1177 nobilitata

511 1205 769 1271 sanguine
797 1207 1121 1273 peculiarem
1154 1209 1548 1277 quodammodo
1590 1211 1851 1279 indigenae
1887 1220 2089 1281 marty-

512 1296 587 1347 ris
612 1295 848 1361 possidet
875 1296 1205 1362 dignitatem.
1254 1298 1352 1353 Hic
1375 1300 1555 1367 igitur,
1584 1300 1711 1353 dum
1736 1301 1787 1353 in
1817 1301 1942 1355 sede
1964 1314 2091 1368 apo-

512 1385 700 1439 stolica
728 1386 1194 1442 archidiaconatus
1223 1388 1531 1457 fungeretur
1557 1389 1753 1452 ofﬁcio,
1785 1398 1841 1444 et
1867 1389 2090 1458 perdere

512 1489 634 1528 eum
680 1490 809 1528 vasa
854 1477 1162 1531 coelestibus
1191 1478 1363 1531 dicata
1394 1479 1659 1547 mysteriis
1688 1493 1880 1533 avarus
1906 1493 2090 1547 perse-

512 1572 669 1617 cutor
695 1574 941 1631 urgeret,
969 1579 1259 1633 egenorum
1288 1566 1627 1619 multitudine
1657 1573 1979 1634 congregata
2006 1566 2089 1619 di-

512 1654 637 1707 visit
674 1654 1090 1709 misericorditer
1119 1655 1198 1708 vir
1238 1654 1571 1709 ﬁdelissimus
1596 1656 1737 1721 quod
1769 1656 2007 1722 redigere
2038 1656 2089 1706 in

2197 507 2303 553 tam
2350 514 2539 554 secura
2586 502 2852 570 possessio
2880 510 2992 565 est,
3022 509 3083 555 ut
3114 501 3391 555 furentem
3432 500 3626 554 rideat
3648 516 3806 555 inun-

2194 588 2341 655 dum,
2369 586 2396 625 ά
2427 597 2485 642 ut
2527 590 2595 644 de
2634 591 2762 658 ipsis
2808 592 3047 660 corporis
3082 592 3165 646 sui
3188 594 3484 661 suppliciis
3506 593 3799 659 glorietur.

2198 677 2497 733 °Exuritur
2538 696 2638 748 pro
2683 681 2796 733 veri
2835 680 2928 733 Dei
2970 681 3270 735 assertione
3320 680 3700 743 Laurentius,
3750 689 3801 736 et

2193 767 2319 821 dum
2345 768 2638 822 mundanas
2670 770 2869 837 pariter
2895 769 3121 823 sustinet
3147 768 3394 823 ﬁammas
3414 811 3431 835 ,
3462 779 3800 839 perpetuum

2192 857 2293 911 sibi
2332 856 2588 924 gehennze
2618 858 2897 924 restinguit
2923 858 3247 912 incendium.
3297 857 3344 911 Ο
3372 859 3607 912 cunctis
3640 859 3803 912 fideli»

2194 948 2292 1001 bus
2320 948 2570 1016 optabilis
2598 948 2865 1002 cruciatus
2883 987 2897 1011 ,
2925 963 3032 1016 quo
3066 949 3157 1001 illa
3181 949 3360 1003 omnis
3381 949 3675 1003 tremendi
3717 949 3801 1017 ju-

2194 1036 2315 1091 dicii
2357 1052 2514 1105 ptena
2553 1037 2893 1091 dissolvitur!
2954 1036 2998 1091 Ο
3044 1038 3179 1105 ignis
3223 1039 3645 1103 desiderabilis,
3693 1056 3799 1106 quo

2194 1126 2295 1194 piis
2323 1126 2588 1179 mentibus
2616 1127 2996 1195 sempiternum
3026 1125 3361 1193 refrigerium
3388 1128 3793 1195 comparatur!

2194 1214 2543 1268 Decoloratur
2570 1215 2786 1284 quidem
2817 1215 3026 1282 ignibus
3055 1229 3181 1268 caro
3212 1213 3516 1275 Laurentii,
3545 1214 3655 1267 sui
3677 1214 3797 1266 ani-

2194 1320 2278 1357 ma
2325 1305 2575 1374 martyris
2620 1306 2941 1369 decoratur;
2992 1302 3346 1357 labefactatur
3392 1318 3654 1371 corpus,
3706 1303 3795 1356 sed

2191 1393 2408 1461 spiritus
2428 1392 2779 1456 convalescit,
2813 1401 2867 1445 et
2894 1394 3249 1446 membrorum
3276 1393 3575 1459 corruptio
3604 1392 3797 1444 ιωωι.

2192 1489 2300 1535 tem
2344 1480 2573 1532 animam
2620 1481 2931 1533 transmittit
2968 1480 3035 1534 ad
3076 1479 3275 1544 Deum,
3324 1488 3383 1533 ut
3412 1496 3629 1549 corpus
3653 1480 3797 1549 quod

2192 1567 2472 1621 tormentis
2494 1583 2590 1636 pro
2612 1568 2837 1621 veritate
2864 1582 2972 1621 non
3004 1569 3195 1631 cessit,
3227 1568 3515 1637 privilegio
3546 1568 3795 1621 victricis

2192 1658 2383 1709 animae
2429 1656 2709 1724 gloriosius
2754 1656 3089 1709 reformaret.
3155 1655 3259 1709 Sed
3305 1656 3600 1709 videamus
3652 1670 3797 1709 nunc

513 1744 745 1813 prmdam
781 1744 1071 1811 sacrilegus
1102 1745 1407 1809 ambiebat;
1440 1745 1732 1812 maluitque
1754 1745 1836 1797 vir
1864 1743 2090 1810 singula-
2121 1760 2163 1819 Β
2190 1759 2294 1812 qua
2327 1745 2448 1797 fidei
2474 1745 2729 1812 patientia
2757 1745 2813 1798 S.
2842 1744 3159 1800 Laurentius
3190 1744 3529 1799 ﬂammarum
3559 1747 3797 1813 pertulit

512 1833 588 1886 ris
628 1833 838 1900 imperii
885 1840 1064 1887 motus
1111 1842 1273 1901 atque
1320 1834 1547 1904 impetus
1571 1834 1829 1900 elexigere
1852 1839 2086 1901 potesta-

514 1931 667 1985 tum,
716 1937 875 1989 quam
924 1924 1227 1975 veneranda
1278 1922 1573 1976 ministeria
1619 1923 1793 1991 impiis
1841 1938 1938 1990 per
1967 1937 2089 1976 eum

513 2010 687 2065 oculis
726 2011 1094 2079 proderentur.
1158 2010 1275 2075 Quo
1321 2010 1722 2079 religiosissime
1766 2009 1905 2064 facto
1952 2010 2087 2077 ejus,

513 2099 865 2153 immoderata
892 2115 1018 2153 mox
1045 2099 1360 2155 crudelitate
1387 2098 1535 2153 furor
1562 2099 1771 2166 gentilis
1796 2097 2087 2167 incanduit,

513 2198 830 2258 raptumque
867 2190 1121 2243 continuo
1162 2190 1430 2245 craticula:
1458 2190 1485 2230 δ
1514 2190 1739 2260 subjecit
1763 2191 1971 2259 ignibus
2009 2206 2092 2244 su-

517 2280 743 2349 perponi
763 2321 778 2347 ,
820 2288 878 2334 ut
904 2280 1143 2348 vigorem
1172 2282 1378 2336 devotus
1399 2284 1591 2337 mentis
1621 2284 1830 2339 ustione
1851 2282 2091 2351 corporis

516 2371 862 2438 approbaret.
894 2370 1073 2426 Nescit
1102 2372 1243 2425 enim
1276 2369 1633 2427 ﬁdelissimum
1663 2383 1850 2443 pectus
1879 2373 2092 2428 mortali

515 2458 761 2513 incendio
800 2460 993 2514 cedere
1017 2500 1033 2525 ,
1079 2462 1222 2530 quod
1268 2463 1321 2515 in
1362 2478 1573 2517 omnem
1603 2464 1964 2518 fortitudinem
1990 2479 2091 2518 sce-

512 2550 621 2603 culi
657 2559 679 2588 ¢
704 2549 812 2617 jam
837 2551 1056 2619 spiritus
1094 2551 1271 2607 fervor
1295 2553 1631 2608 accenderat.
1680 2554 1816 2620 Quid
1844 2556 2089 2624 fortasse,

516 2634 752 2705 Pagane,
779 2637 1044 2693 desaevis?
1073 2638 1208 2705 Quid
1238 2642 1512 2696 meditaris
1541 2642 1754 2697 inania?
1800 2644 1938 2712 Ignis
1968 2653 2088 2702 tuus

514 2741 624 2779 non
654 2735 736 2780 est
778 2726 1048 2783 Laurentii
1092 2744 1249 2798 pmna
1274 2772 1289 2798 ,
1328 2730 1421 2785 sed
1466 2732 1660 2785 lumen.
1712 2731 1947 2786 Flamma
1978 2742 2086 2802 tua,

512 2830 617 2884 qua
646 2831 769 2871 eum
820 2818 1050 2872 cruciari
1092 2828 1248 2887 putas
1273 2860 1287 2886 ,
1332 2820 1655 2873 examinatio
1705 2820 1945 2874 veritatis
1983 2833 2087 2887 est,

514 2920 623 2958 non
649 2906 921 2961 miseratio
950 2906 1256 2961 Christiani.
1322 2907 1451 2961 Nam
1480 2907 1652 2977 quod,
1683 2908 1872 2962 fratres
1925 2911 2091 2964 caris-

511 2994 631 3048 simi
657 3036 673 3061 ,
725 2995 851 3048 talia
887 2996 1095 3065 perpeti
1133 2996 1373 3051 servulos
1402 3012 1527 3051 suos
1554 3005 1791 3066 potestas
1820 2998 1982 3068 586
2008 2998 2088 3052 di-

511 3082 636 3137 vina
664 3084 947 3153 permittit,
977 3085 1276 3154 majestatis
1305 3087 1409 3140 hoc
1432 3093 1647 3139 aeterna:
1667 3092 1774 3149 est,
1807 3100 2087 3140 arcanum-

511 3184 617 3240 que
636 3174 918 3228 consilium
945 3214 963 3242 ,
1011 3182 1278 3244 quatenus
1316 3175 1490 3230 omnis
1520 3173 1800 3230 inﬁdelitas
1827 3189 2085 3243 recogno—
2110 3167 2155 3229 C

2190 1835 2477 1889 cruciatus.
2506 1834 2605 1887 llic
2634 1836 2793 1904 igitur
2820 1836 2944 1889 dum
2972 1836 3327 1905 multiplicato
3356 1837 3500 1902 igne,
3538 1837 3797 1889 canden-

2191 1926 2261 1980 tis
2307 1924 2433 1978 ferri
2471 1924 2749 1979 adustione
2794 1924 3155 1994 perfringitur,
3204 1933 3260 1979 et
3300 1926 3425 1978 dum
3463 1926 3597 1979 diro
3640 1936 3795 1981 actus

2190 2013 2451 2082 supplicio
2505 2011 2731 2067 deﬁcere
2776 2014 2888 2081 jam
2929 2023 3166 2085 putatur,
3219 2014 3400 2068 subito
3446 2014 3795 2082 indignantis

2190 2103 2517 2172 ridentisque
2544 2106 2787 2184 prorupit
2815 2106 2866 2158 in
2894 2121 3082 2159 vocem
3110 2124 3121 2157 :
3166 2104 3388 2160 Vcrsate
3416 2120 3525 2170 me,
3566 2107 3792 2175 inquit;

2190 2210 2307 2259 rex,
2338 2203 2618 2259 manduca,
2642 2194 2751 2263 jam
2779 2204 2991 2249 coctum
3014 2205 3112 2250 est.
3146 2194 3263 2261 Quo
3283 2238 3298 2262 ,
3328 2210 3551 2264 qumso,
3591 2197 3795 2250 crude-

2190 2283 2421 2338 lissimus
2462 2290 2634 2337 tortor
2657 2283 2862 2352 pudore
2888 2284 3140 2340 confusus
3162 2293 3244 2339 est
3261 2322 3276 2347 ,
3318 2300 3441 2337 cum
3473 2286 3630 2339 inter
3658 2301 3793 2355 sup.

2190 2372 2347 2442 plicia
2370 2373 2652 2427 constituti
2678 2374 2907 2427 hominis
2935 2388 3041 2426 non
3086 2374 3259 2428 solum
3297 2374 3443 2427 nulla
3475 2374 3794 2428 honoratus

2190 2471 2273 2517 est
2298 2464 2597 2549 prece,,scd
2626 2464 2967 2531 correptione
2994 2464 3295 2517 insultantis
3319 2472 3399 2517 est
3430 2463 3788 2533 increpatus!

2190 2552 2257 2606 Et
2283 2561 2483 2623 quanto
2502 2568 2624 2607 eum
2646 2552 2958 2607 Laurentius
2982 2552 3209 2607 ludibrio
3232 2551 3532 2621 deputavit,
3572 2564 3638 2607 ut
3668 2570 3789 2609 cum

2190 2644 2291 2699 sibi
2321 2659 2499 2699 escam
2549 2644 2730 2711 opimo
2758 2644 3097 2696 subtraxerat
3124 2643 3385 2711 prandio,
3424 2644 3622 2697 cibum
3654 2646 3791 2699 adu-

2188 2735 2256 2789 sti
2286 2734 2365 2787 sui
2395 2733 2638 2801 corporis
2665 2732 2976 2786 exhiberet!
3022 2731 3145 2786 Haec
3186 2742 3314 2785 sunt
3348 2746 3515 2800 ergo,
3550 2734 3784 2797 fratres,

2190 2821 2461 2876 Laurentii
2509 2821 2730 2885 merita,
2776 2820 2889 2875 haec
2922 2821 3164 2890 martyrii
3191 2821 3306 2888 ejus
3326 2821 3523 2889 gloria.
3575 2822 3789 2878 Ditatit

2187 2927 2468 2982 pauperes,
2500 2918 2834 2965 sacramenta
2862 2909 2882 2948 ί
2915 2926 3021 2964 non
3049 2910 3299 2979 perdidit,
3326 2910 3618 2965 insultavit
3651 2912 3789 2979 igni-

2186 3001 2315 3064 bus,
2365 3009 2421 3055 et
2459 2999 2714 3053 mundum
2744 2999 2918 3053 victor
2942 2998 3252 3066 relinquens
3279 2999 3678 3069 persequentis
3701 3000 3787 3054 in.

2182 3087 2388 3141 saniam
2417 3084 2722 3156 triumphali
2750 3100 2883 3141 voce
2901 3086 3190 3147 damnavit.

1720 3312 1724 3314 γ
1849 3262 2117 3325 SERMO
2161 3260 2425 3324 LXXII.

1364 3361 1445 3418 De
1469 3361 1644 3418 eodem
1672 3360 1836 3415 natali
1856 3358 1919 3415 S.
1946 3359 2213 3414 Laurentii
2242 3360 2407 3413 levita:
2432 3364 2483 3411 et
2508 3356 2750 3427 martyris
2779 3352 2898 3410 111.

1921 3445 2311 3504 ΑΒΜΟΝΙΤΙΟ.

585 3542 744 3623 ⁵87
774 3540 893 3623 Nec
927 3541 1071 3621 hunc
1114 3539 1329 3623 quidem
1376 3541 1517 3623 typis
1557 3539 1858 3623 vulgatum_
1880 3540 2044 3621 fuisse
2074 3538 2324 3623 intelligo,
2358 3552 2518 3607 quem
2546 3534 3504 3623 ex‘co'dice‘vatticalne‘Dttoboniano
3539 3536 3656 3591 106
3683 3553 3786 3595 ex-

511 3605 728 3680 scripsi:
754 3611 896 3679 quod
924 3605 1565 3685 primus'aliorum'trium
1593 3605 1782 3665 sancto
1811 3610 2043 3664 Maximo
2068 3605 2447 3662 attributorum
2475 3622 2585 3675 prae
2610 3621 2670 3661 se
2696 3605 2863 3660 ferret
2888 3605 3126 3672 ejusdem
3148 3619 3365 3659 nomen.

515 3720 1084 3792 Ancuusnrnu._——In
1122 3723 1315 3775 sanctis
1354 3722 1665 3791 martyribus
1711 3723 2088 3792 clariusvfulget

584 3740 906 3776 lGUIENTUI.
928 3740 1084 3774 —m
1122 3740 1315 3775 sanam
1354 3740 1665 3791 martyrum:
1711 3740 2003 3792 ctanusvjut
2038 3740 2088 3777 et

584 3807 733 3844 amor
768 3808 865 3870 quo
903 3790 1424 3872 Denaproaimusque
1450 3792 1697 3873 diligitur.
1740 3791 1969 3845 Mirabili
1991 3740 2089 3861 ﬁt“

586 3859 897 3929 Laurentius
940 3860 1236 3929 fortitudine
1280 3861 1343 3913 de
1384 3859 1570 3913 Christi
1612 3876 1786 3914 amore
1823 3869 2083 3929 concepta.

586 3876 897 3913 Laurentius
940 3876 1236 3929 jormuame
1280 3876 1343 3913 ae
1384 3876 1570 3913 unmu
1612 3876 1786 3914 amore
1823 3876 2083 3928 concepta.

586 3928 949 4007 Hierosolyma
985 3927 1269 3997 clariﬁcata
1288 3945 1321 3980 a
1350 3928 1613 3997 Stephano
1633 3969 1649 3996 ,
1688 3929 1854 3983 Roma
1882 3946 1915 3982 a
1942 3927 2085 3981 Lau-

587 4007 770 4048 rentia.

587 4013 770 4050 renuo.

585 4085 719 4139 Cum
768 4085 1005 4139 omnium
1031 4126 1047 4153 ,
1094 4084 1452 4151 dilectissimi,
1494 4099 1699 4141 summa
1736 4086 1991 4141 virtutum
2031 4092 2087 4139 et

515 4174 682 4229 totius
714 4173 988 4243 plenitudo
1023 4173 1240 4241 justititc
1268 4174 1333 4229 de
1368 4175 1461 4230 illo
1490 4190 1674 4229 amore
1700 4182 1951 4231 nascatur
1976 4189 2085 4244 quo

514 4262 659 4318 Deus
704 4262 1085 4330 proximusque
1131 4262 1396 4331 diligitur;
1447 4264 1499 4317 in
1544 4264 1703 4317 nullis
1739 4263 1979 4332 profecto
1998 4264 2087 4318 hic

513 4365 667 4405 amor
692 4350 969 4403 sublimius
1002 4350 1299 4418 excellere,
1328 4352 1627 4419 clariusque
1668 4350 1895 4421 fulgere,
1926 4367 2085 4421 quam

510 4442 567 4495 in
596 4440 915 4494 beatissimis
942 4441 1263 4511 martyribus
1284 4441 1578 4506 invenitur;
1604 4441 1694 4510 qui
1714 4441 1940 4495 Domino
1960 4440 2085 4496 Jesu
2112 4422 2161 4482 D

511 4526 725 4582 Christo
762 4542 859 4596 pro
895 4528 1141 4583 omnibus
1177 4530 1479 4583 hominibus
1507 4538 1750 4598 mortuo,
1787 4530 2086 4601 propinque

510 4625 635 4671 sunt
674 4616 898 4683 imitati,
931 4625 1037 4671 tam
1072 4617 1264 4671 ardore
1304 4618 1544 4673 caritatis
1570 4633 1732 4687 quam
1771 4634 1935 4688 opere
1961 4633 2086 4687 pas-

508 4704 697 4762 sionis.
725 4707 980 4773 Quamvis
1007 4709 1147 4762 enim
1175 4709 1249 4762 illi
1274 4709 1546 4765 dilectioni
1573 4725 1677 4778 qua
1705 4726 1805 4766 nos
1828 4710 2084 4766 Dominus

508 4797 736 4851 redemit
780 4798 925 4851 nulla
971 4798 1282 4868 cujusquam
1323 4801 1623 4869 benignitas
1649 4802 1817 4872 possit
1852 4802 2081 4871 aequari;

508 4886 634 4955 quia
663 4887 804 4940 aliud
826 4896 911 4944 est
946 4902 1045 4957 pro
1069 4887 1214 4955 justo
1241 4890 1375 4943 mori
1405 4890 1675 4945 hominem
1693 4929 1708 4955 ,
1738 4891 1819 4945 sui
1843 4891 2079 4945 necessi-

507 4985 621 5032 tate
662 4979 1018 5043 moriturum;
1064 4980 1206 5034 aliud
1243 4996 1341 5050 pro
1385 4981 1559 5051 impiis
1596 4981 2083 5036 occumbereade—

508 5068 622 5123 bito
651 5069 839 5123 mortis
866 5069 1117 5125 alienum.
1168 5068 1390 5124 Multum
1419 5079 1597 5126 tamen
1626 5072 1886 5127 universis
1913 5070 2083 5125 homi-

508 5158 664 5213 nibus
706 5158 868 5213 etiam
913 5167 1178 5230 martyres
1221 5160 1594 5224 contulerunt,
1625 5176 1850 5231 quorum
1877 5158 2084 5213 fortitu-

504 5248 630 5303 dine
669 5249 740 5302 ita
791 5250 906 5318 ejus
950 5250 1179 5317 largitor
1205 5266 1334 5306 usus
1360 5260 1443 5305 est
1471 5252 1751 5317 Dominus,
1782 5259 1841 5305 ut
1866 5265 2080 5321 pmnam

505 5338 696 5392 mortis
741 5347 796 5392 et
836 5340 1175 5395 atrocitatem
1218 5340 1392 5395 crucis
1431 5340 1589 5397 nullis
1623 5355 1731 5396 non
1767 5341 1930 5396 vellet
1958 5354 2079 5396 esse

579 5482 606 5545 ξ
642 5472 775 5545 Cod.
803 5472 1003 5545 Casin.,
1034 5477 1291 5545 excipere.

574 5541 604 5581 1³
640 5542 783 5619 idem
813 5542 965 5619 cod.,
998 5541 1237 5619 subjectis
1250 5544 1394 5616 jubet
1419 5544 1619 5619 ignibus
1638 5548 1932 5618 superponi.

579 5621 604 5651 ⁸
642 5610 787 5668 Idem
816 5613 937 5671 cod.
960 5610 1157 5669 omittit
1169 5610 1312 5689 jm'u.

2189 3720 2505 3784 terribilem,
2551 3719 2646 3774 sed
2682 3718 2862 3773 multis
2907 3718 3121 3773 fecisset
3164 3718 3502 3773 imitabilem.
3546 3716 3615 3773 Si
3646 3733 3785 3787 ergo

2187 3811 2365 3869 nullus
2394 3810 2566 3864 bonus
2589 3808 2689 3864 sibi
2708 3808 2808 3863 soli
2834 3816 2916 3863 est
2929 3807 3122 3872 bonus,
3145 3822 3245 3862 nec
3264 3808 3516 3875 cuiquam
3534 3795 3788 3877 sapienti

2186 3902 2288 3959 sibi
2333 3908 2540 3955 tantum
2587 3908 2670 3955 est
2714 3900 2884 3954 amica
2930 3898 3223 3968 sapientia;
3262 3905 3319 3952 et
3356 3898 3473 3951 haec
3512 3912 3784 3953 veram

2187 4002 2379 4048 natura
2405 3992 2663 4046 virtutum
2690 3998 2792 4057 est,
2822 3998 2880 4044 ut
2906 3990 3128 4043 multum
3157 4002 3188 4042 a
3217 3988 3507 4042 tenebroso
3534 3987 3787 4043 abducat

2186 4094 2403 4147 errore,
2430 4081 2521 4148 qui
2541 4094 2725 4133 earum
2747 4078 2923 4131 clarus
2951 4084 3033 4131 est
3060 4076 3291 4140 lumine,
3323 4074 3392 4129 ad
3413 4073 3786 4129 erudiendum

2187 4169 2283 4224 Dei
2310 4170 2564 4238 populum
2610 4167 2754 4221 nulla
2799 4174 2881 4220 est
2925 4166 3107 4220 utilior
3152 4164 3540 4231 forma,quam
3560 4173 3786 4235 marty-

2185 4275 2304 4313 rum
2335 4260 2528 4314 invicta
2558 4258 2840 4328 patientia;
2880 4256 3050 4314 facilis
3084 4256 3153 4311 ad
3176 4255 3505 4311 exorandum
3542 4252 3611 4308 ﬁt
3633 4258 3785 4312 ratio

2188 4346 2378 4403 efficax
2414 4346 2481 4401 ad
2508 4346 2855 4402 suadendum.
2903 4345 3176 4401 Validiora
3217 4350 3396 4399 tamen
3422 4350 3548 4398 sunt
3573 4356 3783 4401 exalto

2189 4440 2275 4509 pla
2299 4454 2459 4507 quam
2486 4438 2665 4503 verba,
2696 4446 2751 4493 et
2778 4438 2898 4508 plus
2923 4446 3005 4493 est
3022 4452 3187 4507 opere
3206 4436 3401 4493 docere
3419 4451 3582 4505 quam
3608 4452 3779 4494 voce.

2188 4528 2246 4582 ln
2275 4543 2383 4598 quo
2411 4528 2858 4583 excellentissimo
2883 4541 3079 4596 genere
3113 4526 3371 4582 doctrinae
3398 4526 3589 4579 beatus
3619 4542 3781 4582 mar-

2187 4627 2274 4689 tyr
2302 4617 2618 4673 Laurentius
2642 4657 2657 4682 ,
2707 4617 2859 4686 cujus
2894 4617 3142 4687 passione
3175 4615 3291 4670 dies
3325 4614 3621 4671 hodiernus
3654 4616 3781 4671 illu-

2187 4709 2315 4763 stris
2333 4715 2415 4763 est
2432 4748 2447 4775 ,
2478 4722 2581 4776 qua
2606 4708 2839 4775 gloriosa
2866 4707 3066 4776 polleat
3092 4706 3353 4774 dignitate
3388 4704 3549 4759 etiam
3573 4718 3781 4773 pene-

2186 4807 2401 4853 cutores
2446 4799 2561 4867 ejus
2607 4798 2810 4853 sentire
2853 4805 3162 4868 potuerunt.
3207 4796 3377 4862 Quam
3410 4795 3500 4850 ille
3526 4795 3777 4852 mirabili

2185 4887 2285 4943 fuit
2322 4888 2484 4941 animi
2519 4886 2828 4942 fortitudine
2866 4888 2933 4942 de
2960 4886 3156 4941 Christi
3182 4885 3547 4957 principaliter
3572 4898 3776 4941 amore

2187 4987 2481 5047 concepta;
2530 4992 2649 5046 quae
2685 4992 2793 5031 non
2838 4977 3010 5032 solum
3051 4976 3168 5045 ipsa
3214 4991 3322 5030 non
3366 4973 3587 5030 cederet
3612 5012 3631 5037 ,
3676 4975 3775 5029 sed

2187 5069 2347 5124 etiam
2376 5068 2511 5123 alios
2531 5068 2779 5137 exemplo
2808 5082 2918 5122 suae
2955 5067 3252 5122 tolerantia:
3278 5064 3590 5121 roboraret!
3629 5063 3771 5119 Cum

2187 5162 2329 5215 enim
2380 5161 2529 5215 furor
2571 5158 2798 5215 Gentilis
2851 5160 2905 5214 in
2958 5159 3250 5217 lectissima
3294 5173 3517 5229 qumque
3559 5155 3769 5211 Christi

2186 5249 2425 5304 membra
2464 5249 2705 5313 stcviret,
2749 5264 2815 5303 ac
2841 5248 3106 5319 prmeipue
3138 5263 3235 5303 eos
3258 5249 3421 5319 588
3438 5249 3529 5316 qui
3556 5247 3768 5301 culinis

2185 5347 2341 5394 erant
2366 5339 2717 5395 sacerdotalis
2744 5340 3043 5409 impeteret,
3071 5339 3125 5394 in
3149 5338 3373 5396 levitam
3392 5335 3761 5403 Laurentina,

2255 5472 2282 5513 ά
2320 5474 2464 5529 Idem
2487 5473 2630 5539 cod.,
2662 5483 2713 5527 et
2732 5474 2813 5528 de.

2258 5554 2282 5583 σ
2321 5542 2463 5597 ldem
2493 5542 2635 5608 cod.,
2667 5542 2919 5597 Exaritur
2943 5559 3085 5611 ergo.

2263 5612 2283 5652 ί
2322 5611 2464 5667 ldctu
2494 5612 2636 5680 cod.,
2668 5629 2767 5668 non
2789 5612 3037 5683 prodidit.
