3896 6250
77 328 175 384 cst
1500 315 1733 373 ssnuo
1763 280 1998 382 LXXIV.
3279 310 3386 366 sse

76 440 169 505 qui
200 453 318 492 non
349 440 538 494 solum
567 435 861 493 ministerio
889 439 1377 491 sacramentorum,
1409 427 1502 482 sed
1532 427 1695 481 etiam
1725 430 1775 490 Α
1802 438 1984 481 serum
2009 422 2219 478 alterna
2239 424 2534 479 mutatione
2551 427 2912 479 membrorum
2941 421 3094 478 ﬂeret
3113 424 3390 478 cruciatus

75 521 507 596 dispensatione
536 525 911 581 ecclesiastica:
939 520 1254 580 substantiae
1285 516 1692 589 praeeminebat,
1799 515 2194 578 vehementior,
2233 523 2289 570 et
2316 530 2472 586 pecua
2498 515 2828 586 productior.
2860 515 3000 570 Nihil
3020 514 3259 595 obtines,
3294 515 3373 568 ni-

75 617 283 685 impius
315 623 648 685 perseeutor
675 612 940 669 eﬂ‘erbuit.
989 609 1267 680 Duplicem
1310 607 1412 662 sibi
1440 607 1697 676 preponit
1773 604 1872 658 ‘hil
1923 603 2135 674 proficis
2157 643 2174 668 ,
2235 619 2375 659 saava
2418 601 2739 670 crudelitas;
2791 605 2918 659 dum
2969 603 3290 661 Laurentius
3325 606 3379 659 in

75 706 325 774 praedam
377 706 452 760 de
498 721 608 760 uno
649 705 790 772 viro,
819 718 980 773 quem
1007 702 1052 756 si
1081 700 1312 762 fecisset,
1343 711 1510 752 sacra:
1529 711 1696 766 pecu-
1796 696 1948 752 caelis
1975 696 2279 764 alleviatur,
2310 704 2367 750 tu
2394 695 2577 751 delicis
2601 696 2831 750 ﬂammis
2855 696 2979 751 tuis.
3008 691 3262 766 Superari
3291 711 3380 749 en.-

73 798 180 849 nia:
210 796 554 850 traditorem
576 795 812 857 faceret,
844 794 1004 848 etiam
1029 807 1174 846 vera:
1201 789 1478 858 religionis
1502 803 1694 842 exsor-
1796 785 1972 840 ritatis
1997 784 2195 841 Christi
2223 785 2437 841 ﬂamma
2456 801 2566 840 non
2587 787 2783 855 potuit,
2807 793 2863 841 et
2883 786 3100 854 segnior
3125 785 3223 842 fuit
3247 787 3383 854 ignis

73 895 211 938 tem.
275 885 552 938 Armatur
597 885 780 952 itaque
824 880 1037 951 gemina
1083 880 1200 936 face
1244 879 1408 934 homo
1455 877 1695 948 pectmiae

72 973 311 1042 cupidus
343 981 409 1028 et
437 974 679 1031 veritatis
707 973 954 1027 inimicus
978 989 990 1024 :
1022 970 1248 1024 avaritia
1268 1011 1284 1036 ,
1313 977 1374 1023 ut
1399 968 1576 1038 rapiat
1598 983 1695 1022 au-

75 1079 194 1117 rum
218 1081 234 1130 ;
292 1064 619 1133 impietate,
670 1071 732 1117 ut
761 1061 971 1117 auferat
1000 1061 1291 1134 Christum.
1322 1058 1564 1114 Postulat
1591 1057 1693 1113 sibi

73 1153 143 1205 ab
191 1149 561 1208 immaculato
622 1167 776 1207 sacro
826 1151 1056 1221 prmsule
1103 1165 1234 1220 opes
1277 1141 1692 1226 ecclesiasticas,

73 1243 660 1311 quibusavidissitnus
689 1242 927 1297 inhiabat
955 1241 1158 1297 inferri.
1186 1239 1284 1297 Cui
1314 1241 1476 1294 levita
1504 1241 1694 1295 castis-

73 1334 248 1389 simus
279 1334 382 1390 ubi
415 1349 508 1388 eas
539 1333 807 1404 repositas
831 1332 1058 1387 haberet
1083 1331 1404 1394 ostendens,
1433 1344 1692 1385 numero-

73 1423 330 1478 sissimos
359 1433 674 1478 sanctorum
700 1437 1000 1493 pauperum
1020 1421 1218 1477 obtulit
1243 1435 1451 1490 greges,
1485 1422 1538 1475 in
1559 1435 1696 1490 quo-

75 1527 202 1566 rum
257 1513 424 1570 victu
469 1523 630 1581 atque
694 1513 892 1567 vestitu
951 1510 1329 1565 inamissibiles
1375 1509 1694 1566 condiderat

75 1589 398 1656 facultates.
443 1602 572 1668 Qum
608 1611 760 1657 tanto
787 1601 1049 1670 integrius
1076 1601 1233 1655 erant
1258 1599 1448 1661 salvae,
1487 1605 1694 1670 quanto
1792 1598 1967 1653 stituit
2001 1604 2058 1652 et
2085 1599 2411 1667 exemplum.
2446 1598 2623 1667 Atque
2654 1599 2728 1652 ita
2758 1613 2858 1668 per
2885 1598 3193 1653 universum
3225 1597 3384 1650 mmi—

76 1695 330 1748 sanctius
367 1695 737 1764 probabantur
780 1691 1050 1764 expensas.
1097 1691 1304 1746 Fremit
1342 1691 1529 1760 praedo
1578 1690 1690 1744 fru-
1794 1687 1921 1742 dum
1945 1689 2260 1745 clariﬁcavit
2286 1690 2514 1758 gloriam
2535 1692 2716 1757 suam,
2748 1697 2808 1745 ut
2846 1705 2876 1745 a
2910 1690 3043 1772 solis
3063 1695 3188 1758 ortu
3212 1703 3382 1758 oscine

74 1792 286 1838 stratus
307 1825 326 1851 ,
385 1793 442 1839 et
468 1786 522 1839 in
552 1785 677 1840 odio
703 1784 1008 1853 religionis,
1041 1796 1160 1852 quae
1185 1782 1348 1835 talem
1377 1781 1686 1834 divitiarum
1718 1782 1761 1839 Β
1789 1780 1855 1833 ad
1895 1795 2149 1836 occasum
2189 1779 2526 1837 leviticorum
2565 1782 2827 1837 luminum
2874 1782 3077 1836 lumina
3120 1795 3377 1836 corusca-

78 1888 238 1928 usum
285 1875 618 1930 instituisset
663 1876 994 1938 ardescens,
1031 1873 1411 1942 .direptionem
1450 1870 1693 1925 thesauri
1792 1880 1933 1938 rent,
1966 1881 2021 1926 et
2047 1888 2208 1942 quam
2236 1872 2527 1927 clarificata
2554 1881 2636 1927 est
2662 1872 3035 1943 Hierosolyma
3077 1890 3108 1926 ει
3146 1861 3381 1942 Stepha-

78 1962 317 2031 potioris
361 1965 698 2032 aggreditur,
733 1963 878 2033 apud
913 1976 1076 2032 quem
1115 1961 1318 2016 nullam
1346 1959 1690 2016 denariorum
1795 1978 1898 2026 no,
1929 1970 2039 2016 tam
2068 1963 2291 2018 illustris
2333 1961 2489 2019 ﬂeret
2516 1963 2689 2018 Roma
2716 1962 3026 2018 Laurentio.
3070 1963 3235 2033 Cujus
3252 1979 3383 2019 ora-

73 2052 452 2107 substantiam
492 2056 815 2124 reperisset;
843 2053 973 2108 illud
1002 2052 1306 2124 depositum
1323 2093 1342 2120 ,
1369 2066 1480 2121 quo
1506 2066 1690 2124 sacra-

1795 877 1888 945 qui
1911 876 2042 931 foris
2067 877 2222 942 ussit,
2246 891 2408 945 quam
2432 878 2524 948 qui
2546 878 2691 932 intus
2712 877 2975 932 accendit.
3004 876 3238 947 Saevisti,
3264 892 3389 948 pcr-

1794 954 2032 1030 secutor,
2081 965 2341 1038 martyri,
2386 974 2444 1021 et
2482 966 2680 1035 auxisti
2724 966 2954 1037 palmam
2992 966 3122 1022 dum
3159 980 3385 1043 aggeras

1793 1069 2029 1124 pinnam.
2071 1055 2204 1109 Nam
2239 1054 2365 1126 quid
2392 1071 2498 1110 non
2524 1055 2592 1110 ad
2622 1056 2843 1111 victoris
2861 1056 3090 1126 gloriam
3108 1056 3383 1124 ingenium

1795 1153 1943 1200 tuum
1968 1146 2203 1215 reperit,
2233 1145 2452 1216 quando
2475 1145 2531 1200 in
2555 1146 2817 1202 honorem
2839 1147 3169 1201 transierunt
3194 1147 3385 1200 trium-

1779 1237 1888 1306 phi
1917 1237 2081 1291 etiam
2117 1237 2472 1291 instrumenta
2511 1237 2795 1308 supplicii?
2831 1235 3173 1291 Gaudeamus
3201 1235 3381 1304 igitur,

1793 1325 2166 1392 dilectissimi,
2214 1327 2412 1396 gaudio
2456 1327 2838 1398 spiritualide
2865 1326 3171 1383 felicissitno
3199 1325 3378 1398 inclyti

1794 1418 1894 1472 viri
1943 1417 2068 1472 line.
2118 1416 2424 1472 Gloriembr
2461 1418 2516 1472 in
2564 1417 2811 1482 Domino,
2855 1415 2998 1488 quod
3037 1415 3297 1471 mirabilis
3324 1415 3392 1468 in'

1795 1510 1960 1581 589
1978 1500 2188 1564 sanctis
2221 1508 2331 1562 suis
2354 1550 2371 1575 ,
2416 1509 2469 1562 in
2504 1509 2698 1578 quibus
2735 1509 2890 1563 nobis
2917 1507 3220 1578 praesidium
3248 1521 3380 1561 con-

1796 2054 1941 2109 tione
1969 2063 2024 2109 et
2045 2055 2350 2126 patrocinio
2378 2055 2710 2124 adjuvandos
2744 2056 2860 2111 sine
2892 2057 3191 2112 cessatione
3218 2055 3382 2127 590

80 2145 189 2197 tius
217 2152 347 2198 «rat
375 2145 547 2213 dives,
577 2145 846 2210 auferret,
875 2145 1188 2200 renuntiare
1216 2142 1563 2199 Laurentium
1598 2143 1692 2212 ju-

81 2233 192 2297 bet,
219 2241 286 2287 et
310 2235 703 2289 solidissimum
731 2235 876 2289 illam
900 2234 1100 2290 levitici
1127 2234 1290 2288 animi
1320 2231 1689 2288 fortitudinem

81 2322 214 2379 diris
246 2332 412 2394 parat
449 2340 640 2392 urgere
669 2325 972 2394 suppliciis;
1001 2340 1230 2394 quorum
1257 2325 1350 2379 ubi
1376 2323 1551 2394 prima
1581 2338 1690 2378 non

80 2415 363 2477 obtinent,
395 2417 802 2471 vehementiora
831 2417 1165 2472 succedunt:
1200 2415 1408 2471 laceros
1443 2423 1596 2470 artus
1635 2422 1692 2469 et

81 2504 258 2560 multa
289 2506 583 2562 verberum
623 2509 862 2562 sectione
887 2510 1135 2562 concisos
1159 2507 1404 2576 subjecto
1431 2509 1693 2579 praecepit

83 2595 212 2662 igne
256 2598 495 2664 torreri;
543 2606 603 2652 ut
644 2613 742 2667 per
780 2606 985 2652 cratem
1031 2598 1293 2663 ferream,
1338 2615 1458 2669 qua:
1481 2598 1595 2667 jam
1624 2597 1692 2651 de

80 2683 319 2741 More
345 2687 604 2744 continuo
635 2688 748 2742 vim
779 2688 830 2741 in
858 2702 919 2741 se
947 2687 1174 2741 haberet
1199 2686 1412 2749 urendi,
1457 2702 1688 2742 conver-

1791 2145 2131 2210 conlidimus,
2161 2153 2221 2201 ut
2245 2146 2370 2218 quia
2389 2161 2613 2215 omnes,
2643 2146 2781 2202 sicut
2810 2146 3100 2217 Apostolus
3120 2145 3226 2211 ait,
3257 2147 3383 2216 qui-

1793 2250 2006 2304 cunque
2041 2236 2131 2307 pie
2167 2237 2360 2292 volunt
2381 2236 2436 2292 in
2462 2235 2919 2303 Christo‘vivcre,
2947 2238 3406 2307 persecutiouenr

1795 2324 2092 2394 patiuntur,
2105 2327 2523 2380 corroboremur
2547 2325 2737 2395 spiritu
2765 2326 3026 2391 caritatis,
3043 2333 3098 2378 et
3118 2323 3188 2379 ad
3213 2339 3380 2395 supe-

1791 2415 1993 2470 randas
2019 2430 2208 2471 omnes
2233 2416 2560 2473 tentationes
2583 2417 2886 2472 constantis
2926 2414 3050 2472 ﬁdei
3077 2418 3386 2473 constantia

1797 2509 2118 2577 muniamur.
2163 2505 2270 2563 Per
2303 2506 2588 2562 Dominum
2625 2516 2866 2563 nostrum
2901 2507 3082 2563 Iesum
3108 2507 3379 2562 Christum

1795 2596 2065 2651 viventem
2111 2605 2167 2651 et
2208 2606 2524 2667 regnantem
2569 2613 2693 2653 cum
2733 2597 2893 2654 Patre
2937 2605 2993 2654 et
3031 2613 3154 2654 cum
3176 2596 3380 2669 Spiritu

1796 2695 1985 2746 sancto
2009 2688 2073 2741 in
2095 2688 2289 2743 saecula
2320 2689 2658 2744 seculorum.
2689 2688 2880 2744 Amen.

1400 2778 1672 2839 SERMO
1717 2778 2009 2840 LXXIII.

955 2877 1034 2933 De
1059 2878 1237 2933 eodem
1277 2877 1444 2932 natali
1475 2878 1537 2932 S.
1570 2875 1840 2948 Laurentii
1867 2879 2036 2933 levita
2060 2886 2112 2932 et
2137 2879 2383 2948 martyris
2414 2878 2518 2934 IV.

1541 2942 1934 3020 Aoubmrio.

156 3055 220 3113 In
247 3050 531 3113 codicibus
559 3055 830 3126 Vaticanis
859 3053 992 3108 6451
1018 3068 1142 3124 pag.
1168 3053 1305 3126 l55,
1323 3063 1378 3109 et
1402 3053 1541 3126 64_54
1568 3070 1693 3126 pag.
1723 3053 1849 3120 355,
1875 3058 2038 3125 inque
2053 3055 2438 3113 Casinensibus
2467 3058 2587 3125 £00,
2621 3052 2726 3115 102
2745 3069 2807 3116 et
2835 3060 2937 3116 ΜΩ
2963 3062 3056 3116 fni.
3081 3061 3171 3126 87,
3202 3063 3379 3120 brevis

87 3127 178 3181 hic
201 3142 390 3182 sermo
407 3126 588 3203 sancti
627 3125 864 3203 Maximi
892 3123 1118 3203 ornatur
1166 3125 1403 3203 nomine.
1453 3123 1535 3178 Ex
1566 3123 1680 3194 ipsa
1710 3134 1891 3181 autem
1919 3123 2188 3182 stribendi
2217 3128 2426 3183 ratione
2458 3123 2782 3191 uenalium,
2811 3131 2914 3185 nisi
2944 3123 3232 3187 Maximum
3261 3133 3379 3203 ejus

90 3208 373 3257 auctorem
399 3195 582 3259 fuisse,
616 3196 867 3263 cognosci
894 3195 1054 3263 plane
1083 3209 1244 3263 posse
1275 3201 1543 3261 putamus.

92 3287 270 3370 539,
290 3289 680 3376 Assanitarum
719 3316 791 3327 --
829 3281 1426 3376 ι’ἱάαὶεςὶφωηωξςιές
1457 3280 1694 3376 Lauren-
1723 3289 1770 3349 (ζ
1799 3298 1952 3339 mare
1976 3287 2098 3353 quis
2125 3284 2339 3340 valeat?
2378 3284 2482 3352 Qui
2512 3286 2566 3340 in
2589 3293 2738 3342 tanta
2782 3289 3080 3347 acerbitate
3106 3292 3377 3376 spppllcii,

164 3352 266 3412 ἷίιῖε
289 3357 463 3410 divino
485 3357 604 3425 igne
628 3370 894 3425 accensus.
914 3353 1157 3425 mortales
1176 3352 1419 3425 flammas
1438 3353 1694 3425 patienter

161 3427 410 3480 sustinuit
436 3421 725 3494 ac'forn’ter
744 3423 883 3488 vicit,
899 3422 1162 3493 geminato
1180 3421 1414 3492 quodam
1434 3421 1688 3494 supplicio

163 3504 214 3550 et
239 3495 383 3567 ignis
411 3502 462 3548 et
482 3495 609 3565 ferri
631 3501 814 3547 tortus.

165 3646 306 3702 Cum
338 3645 808 3702 innumerabilium
837 3643 1128 3699 virtutibus
1153 3652 1471 3716 martyrum,
1498 3643 1692 3699 fratres

94 3738 407 3803 carissimi,
449 3736 665 3805 gentilis
691 3750 836 3805 saape
862 3734 1003 3790 victa
1026 3733 1214 3789 fuisset
1238 3734 1520 3804 impietas,
1555 3749 1691 3789 cun-

99 3829 310 3897 ctisque
335 3841 616 3897 pinnarum
654 3825 942 3894 generibus
968 3823 1245 3878 exhaustis
1263 3862 1278 3888 ,
1304 3823 1566 3892 populum
1593 3822 1691 3877 Dei

100 3918 311 3974 videret
335 3934 445 3973 non
473 3918 648 3972 solum
676 3931 784 3970 non
809 3930 972 3986 posse
994 3915 1258 3984 superari,
1289 3914 1386 3969 sed
1411 3914 1521 3970 suis
1549 3913 1692 3968 eﬂlci

93 4011 376 4081 suppliciis
398 4009 681 4075 fortiores,
711 4007 909 4062 furoris
936 4007 1019 4061 sui
1043 4005 1250 4061 facibus
1274 4020 1503 4060 accensa
1531 4003 1690 4061 ﬂam-

100 4103 200 4156 mis
222 4101 533 4170 aggreditur
559 4099 923 4154 beatissimum
951 4112 1147 4152 vexare
1168 4095 1535 4153 Laurentium.
1581 4096 1691 4152 Sed

99 4195 305 4248 invenit
351 4195 405 4247 in
449 4207 519 4247 eo
570 4192 748 4258 ignem
784 4189 1102 4245 durissimus
1147 4196 1480 4258 persecutor,
1527 4204 1688 4259 quem

102 4282 347 4337 mortalis
391 4282 610 4335 vincere
651 4279 864 4333 ﬂamma
893 4294 1000 4334 non
1031 4279 1218 4347 possit.
1262 4277 1356 4332 ille
1385 4278 1528 4332 enim
1554 4276 1687 4333 ﬁde-

103 4371 286 4427 lissimi
335 4371 588 4440 martyris
631 4377 822 4438 pecua
848 4367 1202 4432 accenderat,
1245 4367 1315 4423 de
1341 4382 1449 4436 quo
1477 4369 1690 4424 dicebat

103 4461 362 4518 Dominus
387 4480 399 4514 :
427 4461 610 4533 Ignem
635 4462 751 4514 mi
778 4461 982 4514 mittere
1007 4459 1063 4512 in
1084 4468 1303 4524 terrain,
1331 4468 1389 4511 et
1423 4458 1547 4529 quid
1573 4459 1687 4512 colo

103 4556 200 4608 nisi
223 4563 281 4608 ut
312 4553 626 4608 accendatur
666 4550 819 4623 (Luc.
842 4550 975 4621 xu)?
1022 4549 1202 4620 Usque
1231 4551 1367 4606 adeo
1393 4559 1574 4606 autem
1604 4552 1706 4628 vir

1792 3387 1897 3429 nec
1922 3373 2101 3445 impiis
2137 3375 2308 3431 oculis
2337 3381 2546 3431 .sanetze
2589 3374 2845 3432 Ecclesia:
2882 3373 3173 3449 publicavit
3200 3396 3376 3440 secre-

1792 3472 1907 3519 tum
1931 3503 1946 3529 ,
1994 3479 2098 3521 nec
2139 3465 2513 3535 Redemptoris
2547 3467 2628 3521 sui
2667 3484 2864 3524 nomen
2891 3481 3112 3528 coactus
3141 3484 3222 3531 est
3242 3475 3378 3532 difﬂ-

1792 3556 1916 3611 teri.
1947 3554 2246 3626 Perspicite
2273 3565 2453 3612 autem
2480 3558 2532 3610 in
2553 3573 2720 3628 quam
2735 3562 3125 3628 exsecralﬂlem
3144 3567 3377 3623 crudelis

1792 3647 1957 3705 animi
1983 3646 2248 3701 feritatem
2278 3655 2595 3716 persecqu
2623 3651 2906 3714 exarserit,
2948 3653 3060 3720 qui,
3092 3657 3248 3723 quasi
3274 3657 3376 3710 hu—

1791 3737 1937 3791 mani
1966 3737 2210 3810 corporis
2239 3738 2436 3791 ustioni
2464 3738 2580 3792 sola
2609 3736 2857 3795 sufficere
2885 3739 3098 3798 ﬂamma
3127 3760 3234 3800 non
3255 3762 3379 3817 pos-

1791 3825 1891 3889 sit,
1924 3839 2046 3894 quaa
2063 3825 2328 3894 subjectis
2351 3825 2561 3894 ignibus
2585 3827 2930 3885 inardescens
2952 3833 3251 3889 ministrum
3281 3834 3376 3891 Dei

1791 3916 2162 3971 vehementius
2187 3916 2472 3981 cruciant,
2503 3925 2559 3970 et
2587 3917 2686 3998 sub
2713 3919 2871 3973 unius
2897 3923 3147 3977 tormenti
3175 3925 3376 3994 specie,

1791 4004 2061 4072 geminato
2100 4004 2334 4074 quodam
2362 3997 2648 4075 supplicio,
2680 4008 3374 4087 beatissimum.martyrem

1790 4103 1846 4151 et
1875 4097 2011 4162 ignis
2036 4102 2347 4164 torqueret,
2376 4097 2681 4163 etferrum.
2725 4098 2829 4153 Sed
2862 4109 3134 4160 terrenum
3162 4106 3376 4174 penitus

1792 4187 2017 4241 tabescit
2041 4187 2365 4253 incendium,
2401 4187 2489 4242 ubi
2521 4185 2732 4244 fervore
2753 4187 2927 4246 sancti
2949 4190 3184 4262 Spiritus
3209 4197 3374 4251 cmle-

1790 4281 1888 4335 stis
1913 4281 2125 4334 animus
2165 4280 2458 4352 incalescit.
2510 4279 2620 4335 Nec
2667 4281 2921 4337 candenti
2951 4285 3182 4341 vincitur
3208 4287 3373 4352 ferro,

1789 4371 1880 4439 qui
1909 4371 1960 4424 in
2003 4369 2328 4437 adiutorium
2371 4370 2559 4436 agonis
2605 4371 2706 4436 sui,
2751 4371 2877 4427 ferri
2905 4373 3119 4433 invocat
3145 4375 3373 4434 Creato-

1787 4477 1925 4517 rem.
1965 4461 2138 4531 Atque
2178 4461 2253 4515 ita
2299 4458 2556 4528 contigit,
2598 4470 2657 4520 ut
2690 4462 2759 4518 de
2793 4463 3373 4526 inuitatis-tenacitas

1787 4566 1929 4608 nova
1949 4550 2259 4608 Christiano
2301 4551 2455 4621 militi
2494 4550 2720 4609 victoria
2755 4562 3088 4610 nascentur.
3137 4555 3249 4613 Nec
3274 4575 3372 4613 nos

101 4644 422 4700 tortisimus
465 4640 707 4695 ﬂammas
754 4640 874 4695 illas
919 4640 1189 4711 patienter
1223 4640 1477 4696 sustinuit
1498 4648 1555 4694 et
1575 4640 1687 4694 for-
1713 4655 1766 4715 D
1789 4648 2034 4706 moveat,
2066 4632 2288 4705 fratres,
2316 4638 2462 4707 quod
2487 4647 2696 4695 tantum
2723 4640 2774 4694 in
2803 4651 3019 4699 sanam
3044 4644 3139 4700 Dei
3159 4648 3372 4715 gentili-

102 4736 226 4790 titer
252 4735 412 4802 vicit,
455 4741 515 4788 ut
543 4733 843 4788 iusaniente
866 4732 1156 4797 carniﬁce,
1183 4740 1435 4801 totusque
1460 4732 1682 4787 adustus

1791 4731 1889 4787 bus
1916 4729 2068 4795 licet,
2095 4731 2288 4799 quibus
2320 4730 2393 4785 ob
2417 4729 2522 4786 hoc
2547 4739 2787 4800 petestas
2817 4732 2914 4786 ista
2944 4737 3289 4802 pennittitur,
3313 4749 3371 4796 et

102 4825 390 4892 membris,
439 4838 540 4878 nec
584 4820 860 4875 Christum
898 4821 1206 4888 negaverit,
1245 4835 1348 4876 nec
1373 4821 1682 4876 cmlestibus
1786 4823 1914 4877 dum
1969 4821 2238 4878 crudelius
2295 4821 2542 4888 saeviunt,
2604 4822 2890 4889 gloriosius
2951 4825 3003 4878 in
3048 4831 3370 4899 martyribus

102 4923 306 4970 sacrata
355 4912 623 4984 mysteriis
667 4926 793 4965 vasa
837 4908 1156 4980 prodiderit.
1215 4911 1274 4965 In
1320 4927 1430 4981 qua
1466 4926 1527 4966 re
1559 4926 1680 4980 quae
1787 4914 2196 4984 triumphentur.

103 5005 290 5058 tuentis
320 5003 437 5072 ejus
459 5000 814 5066 conﬁdentia,
845 5001 936 5070 qui
961 5001 1120 5069 uigor
1144 5003 1313 5056 animi
1344 5002 1676 5057 fuerit-testi-

1421 5092 1689 5153 SERMO
1731 5091 2020 5151 LXXIV.

1407 5188 1484 5243 De
1523 5200 1700 5243 sancto
1729 5189 1986 5259 Cypriane
2011 5184 2038 5240 1

167 5353 403 5433 Prisan
700 5359 888 5431 sancto
925 5349 1559 5433 Cyprianohsermonem,
1598 5349 1889 5433 secundum
1920 5357 1974 5433 et
2005 5349 2216 5433 tertium
2249 5349 2451 5433 prinins
2478 5351 2718 5433 gmpium
2749 5354 3360 5433 ex.prm_t_~.l.aro_Arnhm-

103 5424 241 5478 siano
271 5425 463 5478 codice
492 5424 562 5478 cl.
595 5421 921 5477 Muratorius
945 5416 1270 5488 exscripsit,
1321 5427 1483 5488 atque
1531 5420 1583 5472 in
1623 5418 1888 5472 Anecdot.
1922 5427 2069 5472 tumo
2098 5416 2444 5488 lV_vulgavit.
2477 5416 2687 5473 Nullum
2717 5437 2783 5476 ex
2816 5416 2878 5475 iis
2905 5423 3015 5475 ullo
3044 5424 3152 5478 alio
3181 5424 3233 5478 in
3263 5443 3352 5478 co-

101 5493 208 5547 dice
251 5494 577 5561 inquirendo
623 5491 925 5561 comperire
971 5488 1052 5543 fas
1091 5485 1248 5561 nobis
1273 5485 2143 5561 fuitCQuamobrempostremum
2163 5485 2478 5561 Patavinam
2509 5491 2908 5561 Auecdotorum
2941 5492 3216 5548 Muratorii
3245 5495 3360 5547 edi-

103 5563 292 5616 tionem
332 5557 509 5616 secuti
557 5557 763 5614 ειιιιιιιδξ
826 5559 882 5611 ld
911 5573 1074 5612 unum
1121 5559 1632 5620 animadvertimus,
1682 5557 1955 5626 quidpiam
2007 5559 2250 5626 speciale,
2294 5567 2362 5610 ut
2398 5559 2707 5614 Gennadius
2757 5568 3003 5622 testatur.
3053 5563 3122 5617 de
3168 5575 3360 5617 sancto

101 5627 358 5700 Cypriano
403 5640 646 5684 sanctum
697 5629 989 5700 Maximum
1008 5628 1342 5700 scripsisse;
1388 5629 1532 5695 quod
1577 5628 1644 5681 de
1693 5627 1926 5680 homiliis
1956 5627 2162 5680 duabus
2192 5641 2312 5695 pag.
2344 5627 2449 5681 255
2479 5637 2533 5682 et
2562 5643 2677 5697 seq.
2710 5630 2865 5696 huius
2892 5632 3179 5688 voluminis
3204 5634 3363 5686 editis

104 5697 234 5771 aque
265 5717 331 5754 ac
358 5700 428 5754 de
455 5701 600 5755 hisce
626 5697 963 5753 sermonibus
991 5697 1091 5749 diri
1122 5706 1318 5763 potest.
1823 5703 1827 5705 '

371 5794 637 5852 Partum.
692 5790 875 5850 LVII.
3033 5793 3113 5853 22
