3896 6250
580 301 687 357 635

1861 303 2113 357 MAXlMi'
2141 305 2585 362 TAURINENSIS
3704 314 3781 367 GM

566 409 1139 487 591_Anat'_utzsrt:_at.
1164 445 1231 453 —-
1256 415 1421 487 Mento
1441 412 1555 487 iam
1576 417 1738 487 sancti
1760 413 2003 483 Cypriani
2034 414 2133 487 Ec;
2164 421 2208 476 Α
2239 417 2501 471 variarum
2532 434 2742 487 semper
2771 422 3019 474 virtutum
3050 430 3131 477 est
3172 423 3349 477 la'tata
3384 424 3655 477 thesauro.
3699 424 3781 479 Nec

628 480 783 558 cant;
811 482 929 558 colit
949 522 963 545 ,
1006 481 1152 558 cujus
1172 498 1274 558 non
1298 482 1721 558 minusaoclrina
1744 480 1896 558 quant
1917 484 2132 553 sangui-

629 566 693 602 ne
720 548 987 620 gloriatur.
1010 548 1327 620 Alfomplures
1346 550 1576 618 ﬁdelium
1604 548 1822 620 martem
1845 548 2137 620 Cyprianus

631 616 802 669 docuit
841 633 942 670 non
981 616 1179 671 timere.
1227 618 1305 669 Att
1345 616 1543 671 omnem
1582 620 1750 672 sancti
1783 616 2011 672 Cornelii
2040 620 2136 674 hoc

630 687 810 806 sufficit
828 684 1042 767 tandem
1066 725 1083 752 ,
1112 688 1246 755 quod
1280 689 1615 757 apostolicam
1645 689 1818 741 sedem
1840 705 1931 742 suo
1960 705 2138 743 cruore

665 765 907 806 ecoramt.

665 765 907 808 ecoram‘t.

634 864 751 917 Non
798 864 1088 932 immerito,
1113 865 1305 933 fratres
1333 866 1627 939 carissimi,
1663 866 1880 934 speciali
1906 865 2136 934 quadam

562 954 897 1023 celebritate,
921 945 1657 1028 frequentissimo'eoucursu,
1678 956 1984 1009 beatissimo
2006 970 2142 1007 mar-

566 1044 667 1116 tyri
698 1043 965 1114 Cypriane
994 1043 1259 1112 pnecipua
1290 1036 1553 1119 exhibeti‘s
1578 1043 1862 1111 obsequia,
1894 1057 2051 1111 quem
2082 1049 2138 1094 et

565 1135 629 1187 ad
657 1134 848 1188 summi
890 1132 1176 1187 sacerdotii
1216 1132 1427 1201 apicem
1471 1133 1825 1201 praerogativa
1850 1132 1974 1184 vita:
2004 1146 2136 1199 pra:-

563 1224 802 1279 cedentis
830 1223 1033 1287 evexit,
1079 1230 1134 1275 et
1172 1222 1429 1291 pontificii
1457 1220 1571 1289 ejus
1600 1221 1753 1275 ﬁdele
1783 1217 2134 1274 ministerium

562 1312 627 1365 ad
652 1312 882 1379 palmam
913 1312 1151 1380 martyrii
1190 1305 1502 1365 sublevavit.
1542 1309 1752 1364 Iustum
1796 1325 1983 1367 revera
2020 1309 2135 1378 dig-

564 1416 795 1469 numque
839 1410 921 1455 est
966 1410 1026 1455 ut
1070 1401 1380 1455 memoriam
1429 1399 1779 1455 confessionis
1808 1400 1925 1468 ejus
1972 1399 2134 1451 devo-

566 1490 702 1543 tiore
726 1488 870 1543 colat
893 1488 1091 1542 Christi
1120 1480 1613 1553 honore'Ecclesia,
1644 1486 1794 1555 cujus
1822 1502 1926 1541 non
1962 1486 2136 1539 mitms

562 1579 804 1633 doctrina
850 1594 1011 1647 quam
1053 1578 1311 1645 sanguine
1352 1576 1627 1645 gloriatur.
1662 1577 1799 1642 Quid
1825 1577 1967 1631 enim
1996 1577 2133 1643 apud

561 1650 956 1725 ecclesiasticos
1000 1670 1144 1731 viros
1183 1679 1420 1739 martyre
1463 1670 1744 1725 sanctius?
1777 1670 1998 1724 doctore
2021 1670 2133 1724 cla-

2220 505 2530 574 ‘iucougrue
2545 507 2685 562 illius
2696 507 2983 562 ditissimus
3008 525 3069 564 ac
3087 508 3398 580 splendidus
3412 512 3611 565 dicitur
3620 526 3782 573 senon,

2237 594 2388 665 cujus
2427 605 2575 651 tanto
2622 597 2822 652 lumine
2860 596 3233 668 prmfulgidum
3255 601 3496 655 radiavit
3523 602 3779 669 eloquium.
3864 594 3865 665 l

2239 693 2297 738 ut
2326 686 2465 739 inter
2498 687 2801 756 iniquorum
2844 689 3015 743 minas
3052 690 3609 759 persequentiumquc
3644 699 3760 743 term

2240 789 2324 828 res
2367 772 2549 829 ﬁdeles
2577 776 2842 843 erigeret,
2874 778 3217 832 confirmaret
3242 778 3476 841 dubios.
3520 780 3781 835 incredulos
3864 820 3865 823 η

2238 863 2558 919 confutaret.
2610 865 2793 937 Neque
2837 868 2978 922 enim
3025 868 3135 922 ullo
3179 869 3396 923 avocari
3428 850 3643 939 poterat
3667 883 3779 923 metu

2238 954 2522 1021 quominus
2569 955 2712 1007 illam
2762 956 2979 1011 doceret
3030 955 3183 1010 ﬁdem
3233 974 3329 1025 pro
3369 973 3483 1025 qua
3524 958 3592 1013 de
3622 958 3779 1013 Christi
3864 1020 3865 1039 χ

2237 1043 2591 1111 promissione
2636 1060 2855 1099 securus
2905 1061 3012 1100 non
3062 1046 3381 1101 formidabat
3429 1048 3623 1101 occidi.
3681 1048 3780 1113 ρυευ

2237 1142 2415 1187 autem
2447 1133 2565 1187 ﬁdei
2595 1135 2710 1201 ejus
2747 1134 3073 1190 confidentia
3111 1136 3209 1189 fuit
3235 1145 3289 1190 et
3318 1137 3573 1192 virtutis!
3604 1136 3778 1202 Quanta

2237 1223 2566 1294 constantia!
2603 1225 2692 1291 qui
2723 1241 2825 1277 non
2852 1225 3023 1278 solum
3055 1226 3404 1295 semetipsum
3434 1236 3621 1280 contra
3642 1226 3778 1292 impe-
3864 1268 3865 1285 η

2238 1319 2346 1364 tum
2367 1313 2546 1366 s'eeuli
2564 1313 2746 1381 vigore
2771 1300 3257 1382 generose‘mentis
3277 1316 3533 1378 amtavit,
3564 1314 3775 1369 sedentu-

2236 1403 2416 1472 plures
2444 1402 2671 1458 ﬁdelium
2718 1421 2869 1475 spem
2914 1405 3103 1459 futura:
3144 1405 3500 1459 beatitudinis
3526 1404 3777 1457 astruendo

2236 1500 2463 1546 mortem
2489 1490 2673 1547 docuit
2703 1509 2807 1546 non
2837 1494 3045 1547 timere.
3078 1492 3229 1548 Unde
3250 1504 3501 1563 apparet,
3534 1494 3776 1553 carissimi,

2236 1589 2433 1649 quanta
2456 1580 2592 1635 inter
2620 1582 2887 1648 angelieos
2906 1582 3102 1637 choros
3127 1600 3267 1637 nunc
3296 1584 3555 1638 claritate
3582 1583 3775 1651 resplen-

2234 1671 2360 1724 deat
2384 1672 2475 1741 qui
2501 1681 2557 1726 et
2585 1673 2797 1742 propria
2827 1675 3077 1742 passione
3098 1684 3179 1730 est
3204 1676 3489 1741 mirabilis,
3511 1684 3564 1729 et
3588 1677 3776 1729 alienun

561 1756 710 1814 rius?
749 1759 1034 1816 'sacerdote
1079 1760 1390 1815 sublimius?
1429 1758 1704 1826 Pretiosa,
1729 1760 1904 1836 inquit
1938 1760 2127 1815 beatus
2160 1769 2200 1826 Β
2230 1760 2654 1816 confessionibus
2697 1754 2989 1830 gloriosus.
3032 1764 3199 1817 Tanta
3247 1765 3394 1819 enim
3445 1766 3564 1834 ejus
3602 1766 3776 1818 fuerunt

563 1848 728 1902 David
752 1887 768 1913 ,
825 1850 881 1903 in
921 1859 1194 1919 conspectu
1238 1848 1449 1903 Domini
1497 1866 1635 1904 mors
1683 1862 1977 1905 sanctorum
2019 1850 2129 1920 ejus

561 1940 734 2008 (Psal.
779 1941 925 2012 cry).
976 1940 1182 2008 Quanta
1222 1953 1369 2006 ergo,
1418 1938 1634 2003 fratres,
1685 1956 1718 1994 a
1759 1939 2001 1995 fidelibus
2044 1940 2132 1995 hic

567 2030 904 2085 veneratione
949 2018 1030 2085 est
1068 2029 1451 2097 honorandus,
1499 2028 1650 2098 cujus
1694 2044 1804 2084 non
1848 2029 2023 2084 solum
2075 2029 2129 2083 in

560 2128 848 2190 conspectu
888 2120 1096 2175 Domini
1133 2120 1400 2189 pretidsus
1427 2120 1682 2188 occasus,
1710 2118 1804 2175 sed
1832 2120 1931 2176 sub
1958 2121 2131 2176 abun-

559 2213 737 2268 dantia
764 2210 907 2281 fidei,
936 2219 991 2269 et
1016 2212 1121 2267 vita
1144 2211 1379 2281 locuples
1400 2210 1516 2277 fuit,
1530 2220 1586 2266 et
1605 2227 1783 2267 sermo
1802 2211 2131 2267 ditissimus?

562 2302 747 2367 [let-te,
785 2311 848 2360 ut
868 2317 1010 2368 reor,
1056 2302 1171 2371 ejus
1205 2302 1312 2356 vita
1342 2302 1579 2372 locuples
1602 2302 1940 2373 praedicatur,
1972 2301 2133 2374 592

559 2394 710 2462 cujus
742 2402 925 2449 sancta
966 2394 1303 2449 conversatio
1332 2394 1593 2449 bonorum
1637 2394 1789 2465 copia
1814 2410 2047 2461 morum,
2076 2403 2132 2448 et

2230 1849 2545 1919 spiritalium
2574 1860 2889 1905 ornamenta
2917 1853 3223 1919 verborum,
3262 1862 3319 1907 et
3351 1855 3651 1909 antestium
3674 1869 3776 1908 sco-

2230 1940 2515 1993 tentiarum
2563 1955 2786 1995 censura
2833 1950 2941 1994 tam
2992 1943 3314 2007 vehemens,
3365 1954 3428 1997 ut
3477 1944 3775 1997 credentium

2232 2038 2439 2083 mentes
2480 2029 2599 2098 plus
2624 2029 2739 2097 ejus
2765 2029 3089 2094 adhortatio,
3121 2046 3278 2099 quam
3299 2033 3579 2085 satvientis
3603 2030 3769 2084 inimici

2232 2118 2439 2187 gladius
2475 2126 2830 2187 permoveret.
2880 2117 2954 2172 De
2999 2119 3158 2173 beato
3188 2110 3366 2172 autem
3399 2118 3649 2173 Cornelio
3671 2118 3773 2185 quid

2236 2223 2336 2277 ego
2376 2206 2704 2278 memorem?
2747 2208 2832 2261 cui
2873 2204 2941 2260 ad
2976 2222 3186 2261 omnem
3216 2208 3316 2260 hoc
3350 2206 3551 2262 sufﬁcit
3578 2207 3774 2265 laudem,

2236 2298 2378 2367 quod
2390 2291 2749 2367 ‘apostolieam
2778 2298 2958 2352 sedem
2976 2338 2992 2363 ,
3022 2305 3182 2368 quam
3206 2298 3400 2354 merito
3429 2299 3669 2369 indeptus
3692 2308 3775 2363 est,
3864 2328 3865 2337 ι

2235 2387 2526 2445 venerandi
2548 2390 2755 2445 cruoris
2775 2403 2993 2444 munere
3020 2388 3310 2445 decoravit.

1899 2522 2166 2586 SERMO
2210 2519 2463 2581 LXXV.

1783 2645 1871 2704 De
1907 2644 2110 2705 eodem
2140 2643 2209 2703 S.
2248 2640 2581 2720 Cypriane.

561 2788 943 2843 Aucuusnwu.
964 2821 1029 2832 —
1056 2787 1119 2841 In
1147 2788 1291 2842 libris
1315 2787 1373 2843 S.
1405 2786 1649 2856 Cypriani
1672 2787 1952 2841 advertitur
1970 2802 2129 2858 quan-

632 2859 754 2928 tain
777 2858 866 2912 illo
889 2859 1038 2927 fuerit
1064 2859 1315 2928 castitatis
1339 2858 1554 2928 paritas,
1585 2858 1833 2912 sanctitas
1862 2857 2124 2928 bonitatis,

626 2926 749 3008 Elei
769 2926 1179 3008 magnitudoln
1201 2926 1399 3008 omnem
1425 2936 1613 2981 terram
1633 2928 1745 3008 ejus
1764 2943 1922 2981 sonus
1950 2926 2124 2979 exivit.

640 2995 767 3067 Vere
792 2995 1070 3067 spirituaiis
1087 2996 1176 3050 ille
1200 2998 1448 3067 magister
1472 3006 1521 3050 et
1555 2995 1797 3067 medicus,
1825 3012 1972 3067 quem
1991 3011 2129 3067 meu-

628 3066 692 3118 tis
711 3064 1056 3136 sennonisque
1077 3064 1319 3135 perfectio
1348 3065 1544 3119 clarum
1569 3065 1759 3120 sacqu
1784 3074 1833 3119 et
1860 3064 1986 3119 οωιο
2008 3065 2114 3118 red~

629 3135 761 3187 didit
789 3134 1084 3204 gloriosum.

628 3244 823 3311 Quanti
851 3244 1044 3307 meriti,
1077 3242 1265 3299 fratres
1291 3244 1569 3308 carissimi,
1600 3245 1790 3300 beatus
1808 3242 2123 3315 Cyprianus,

557 3345 875 3406 quantaeque
902 3335 971 3389 sit
993 3335 1177 3403 gloriae
1214 3342 1270 3389 et
1313 3334 1619 3390 venerabile
1646 3334 1762 3403 ejus
1788 3332 2122 3404 martyrium,

556 3436 610 3482 ct
638 3434 762 3481 nota
792 3424 1038 3480 omnibus
1064 3423 1302 3503 doctrina
1351 3432 1594 3480 testatur.
1643 3424 1753 3480 Nec
1780 3424 1920 3479 enim
1948 3431 2127 3479 extra-

556 3517 669 3572 neis
695 3524 816 3584 eget
842 3514 1115 3578 laudibus,
1162 3530 1321 3584 quem
1357 3514 1496 3584 apud
1524 3529 1712 3570 omnes
1743 3514 1989 3597 homines
2014 3527 2127 3566 ma-

556 3605 859 3675 guiiiccntia
912 3605 1114 3675 proprii
1167 3605 1430 3659 sermonis
1479 3604 1725 3658 illustrat.
1789 3603 2025 3672 Denique
2068 3610 2128 3656 ut

559 3701 735 3748 tantus
761 3692 828 3748 ad
854 3704 1088 3747 nostram
1118 3706 1329 3761 quoque
1356 3692 1660 3762 perveniret
1683 3699 1927 3758 aetatem,
1958 3690 2128 3744 admi-

557 3781 721 3837 randa
768 3780 1072 3851 eloquentia
1128 3779 1246 3848 ejus
1291 3791 1638 3835 monumenta
1690 3778 1958 3845 fecerunt;
2001 3795 2122 3834 nam

558 3873 683 3925 dum
706 3870 937 3926 creditos
959 3869 1065 3923 sibi
1080 3870 1305 3938 populos
1334 3870 1386 3923 in
1408 3870 1803 3929 observantiam
1831 3869 2124 3925 cmlestium

558 3959 925 4013 mandatorum
953 3960 1141 4013 solitus
1164 3959 1418 4026 magister
1445 3958 1639 4023 erudit,
1671 3974 1820 4013 suam
1850 3958 1915 4011 ad
1942 3965 2125 4027 poste—

558 4063 646 4103 ros
672 4048 834 4101 vitam
857 4045 1119 4115 fidemque
1144 4047 1454 4101 transmisit.
1501 4044 1655 4112 Quod
1683 4047 1758 4100 ita
1792 4061 1911 4100 esse
1951 4046 2123 4100 omnis

560 4150 766 4191 mecum
807 4134 1076 4189 studiosus
1124 4135 1401 4202 agnoscit,
1448 4135 1700 4203 quoniam
1752 4134 1983 4188 inlibris
2009 4134 2125 4202 ejus

556 4224 851 4279 advertitur
894 4230 1092 4292 quanta
1141 4225 1193 4277 in
1242 4224 1332 4279 illo
1385 4223 1546 4279 fuerit
1594 4226 1856 4281 castitatis
1899 4228 2121 4296 puritas,

556 4313 809 4369 sanctitas
844 4312 1097 4367 bonitatis
1118 4350 1132 4376 ,
1182 4312 1303 4366 fidei
1332 4313 1661 4382 magnitudo.
1692 4313 1826 4368 Nam
1852 4314 1979 4368 dum
2006 4329 2125 4383 pec-

553 4403 787 4458 cantium
817 4402 939 4455 vitia
964 4416 1150 4457 severa
1177 4401 1543 4470 objurgatione
1570 4402 1825 4469 castigat,
1854 4403 1979 4457 dum
2000 4418 2123 4456 san-

554 4505 764 4549 ctorum
808 4493 1001 4547 merita
1047 4491 1204 4559 digna
1246 4491 1402 4546 laude
1450 4482 1811 4561 prosequitur,
1851 4493 2119 4547 caelestem

556 4585 730 4638 inesse
772 4580 924 4637 cordi
970 4597 1067 4637 suo
1110 4582 1283 4650 aperit
1309 4581 1664 4652 disciplinam.
1712 4579 1864 4635 Unde
1892 4582 1979 4635 hic
2004 4581 2119 4637 sine

2225 2790 2473 2852 suscepta
2491 2798 2588 2853 pra
2609 2782 2809 2838 Christi
2830 2783 3044 2838 nomine
3063 2783 3333 2852 passione,
3357 2783 3615 2848 calcavit;
3644 2794 3776 2851 atque

2225 2874 2299 2929 ita
2347 2873 2539 2929 factum
2566 2882 2676 2943 est,
2727 2882 2783 2929 ut
2810 2889 3022 2929 omnem
3061 2874 3268 2931 ﬁdelem
3298 2876 3365 2929 ad
3396 2876 3666 2931 subeunda
3689 2892 3767 2945 pro

2228 2965 2491 3032 religione
2534 2973 2803 3027 tormenta
2855 2982 2961 3021 non
3009 2960 3181 3021 solum
3211 2979 3525 3023 sanctorum
3555 2970 3773 3023 adhorta-

2230 3053 2377 3108 tione
2403 3052 2717 3121 verborum,
2754 3054 2849 3108 sed
2878 3054 3167 3110 fortissimo
3200 3058 3476 3124 sanguinis
3499 3058 3581 3113 sui
3608 3072 3773 3127 proro-

2229 3150 2378 3207 caret
2422 3144 2689 3213 exemplo.
2740 3144 2880 3199 Vere
2924 3146 3013 3200 hic
3059 3146 3126 3200 ab
3165 3148 3416 3201 omnibus
3445 3163 3510 3202 ac
3535 3155 3644 3201 toto
3670 3146 3775 3199 orbe

2231 3229 2585 3292 venerandus,
2611 3232 2700 3299 qui
2731 3239 2843 3285 tota
2872 3232 3198 3301 perfectione
3220 3233 3415 3287 divina:
3444 3235 3651 3289 virtutis
3666 3248 3774 3300 opus

2154 3301 2198 3361 (ἶ
2228 3328 2283 3374 et
2307 3321 2535 3376 asseruit
2562 3328 2616 3374 et
2640 3320 2893 3390 implevit.

2304 3407 2463 3483 593
2493 3380 2806 3482 Subjicirnus
2834 3412 2916 3465 hic
2943 3414 3282 3485 fragmentum
3317 3415 3533 3468 alterius
3561 3418 3775 3468 sermonis

2230 3502 2290 3557 S.
2338 3499 2560 3555 Maximi
2587 3501 2653 3555 de
2691 3501 2752 3556 S.
2785 3500 3066 3572 Cypriane,
3089 3502 3224 3571 quod
3249 3520 3281 3554 a
3310 3501 3602 3558 Muratorio
3628 3504 3773 3572 πάρα·
3864 3500 3865 3543 ἶ

2229 3601 2335 3645 tum
2385 3591 2638 3661 reperitur
2687 3600 2801 3661 post
2850 3608 3135 3646 sermonem
3180 3593 3215 3645 '5
3261 3593 3323 3647 de
3368 3593 3431 3648 S.
3490 3593 3771 3651 Laurentio.
3864 3640 3865 3661 η

2226 3681 2473 3755 Anecdot.
2500 3689 2623 3735 tam.
2654 3680 2744 3748 IV,
2772 3699 2893 3753 pag.
2924 3681 3011 3736 65.

2225 3861 2530 3926 eustodivit,
2568 3875 2755 3930 pacem
2797 3846 2974 3915 verbis
2997 3862 3187 3929 suasit,
3218 3876 3406 3931 pacem
3434 3862 3597 3916 corde
3617 3874 3770 3915 εει-νπ-
3864 3902 3865 3905 η

2225 3951 2322 4013 vit,
2352 3949 2637 4019 omniaque
2666 3949 2791 4005 vitia
2834 3959 3023 4005 sancto
3061 3965 3156 4005 ore
3192 3952 3415 4019 respuit,
3458 3959 3633 4005 mente
3672 3964 3771 4002 san—

2225 4040 2394 4094 ctiore
2414 4038 2720 4104 damnavit;
2743 4039 2821 4093 sic
2840 4039 3161 4107 pullulantes
3180 4040 3517 4095 diversorum
3542 4040 3770 4095 scelerum

2224 4138 2406 4185 sentes
2451 4129 2761 4183 acutissimo
2801 4128 2993 4199 linguae
3030 4145 3139 4185 sua:
3169 4146 3424 4187 mucrone
3450 4132 3699 4190 desecuit.
3724 4135 3770 4179 ut

2224 4220 2392 4287 magis
2417 4233 2481 4273 ea
2508 4218 2841 4288 inculpabilis
2868 4220 2992 4273 vita:
3020 4219 3325 4290 integritate
3351 4227 3636 4276 truncant.
3666 4216 3769 4271 Erat
3864 4238 3865 4255 ι

2223 4309 2405 4373 etiam,
2454 4317 2513 4362 ut
2556 4324 2685 4363 vere
2728 4308 3017 4378 spiritualis
3067 4309 3337 4377 magister,
3380 4324 3596 4363 amarus
3630 4306 3765 4364 vitii!»
3864 4304 3865 4307 “

2226 4398 2509 4453 virtutibus
2546 4396 2795 4464 blandus,
2828 4404 2885 4451 et
2912 4398 3349 4467 tranquillitatem
3388 4396 3679 4469 peccatoris
3702 4391 3767 4449 sui

2223 4486 2613 4541 medicamento
2659 4486 2884 4541 acrioris
2928 4487 3151 4542 remedii
3196 4488 3519 4557 condiebat,
3565 4497 3621 4542 ut
3657 4485 3767 4553 quos
3864 4518 3865 4527 ι

2224 4575 2479 4630 bonitatis
2517 4575 2635 4645 ejus
2675 4576 2958 4631 clementia
3011 4578 3231 4632 minime
3274 4581 3582 4642 coercebat,
3623 4577 3767 4631 inae-
3864 4584 3865 4589 ‘

554 4672 717 4728 dubio
744 4687 811 4726 ex
840 4671 944 4726 illis
980 4678 1064 4725 est
1098 4669 1217 4724 irati
1232 4670 1353 4724 ibus
1383 4670 1451 4725 de
1478 4670 1668 4739 quibus
1690 4669 1891 4724 dictum
1922 4679 2005 4724 est
2027 4684 2123 4739 per
2152 4654 2201 4715 Ι)
2226 4666 2404 4735 pantis
2430 4664 2623 4733 linguae
2649 4681 2874 4722 censura
2903 4659 3149 4722 terreret.
3171 4667 3259 4723 Sic
3285 4668 3766 4725 acrimoniamsustl

555 4762 873 4832 prophetam
900 4777 912 4812 :
944 4748 1021 4813 In'
1035 4775 1233 4814 omnem
1262 4767 1451 4812 terram
1480 4759 1634 4834 etririt
1654 4773 1808 4812 sonus
1836 4775 2033 4815 eorum.
2070 4768 2120 4813 et

502 4895 522 4916 ,
552 4855 607 4905 in
635 4852 767 4921 fines
803 4849 939 4905 orbis
977 4857 1125 4903 terrae
1163 4847 1315 4902 verba
1349 4864 1523 4903 eorum
1545 4847 1715 4916 (Psul.
1749 4849 1914 4913 xvm).
1948 4848 2122 4903 Exivit

556 4924 739 5010 utique
769 4940 821 4993 in
851 4953 1064 4994 omnem
1095 4947 1291 4994 terram
1328 4954 1493 4993 sonus
1530 4938 1820 4994 beatissimi
1849 4938 2116 5009 Cypriani,

555 5029 807 5099 quoniam
833 5028 932 5081 sub
962 5027 1207 5081 universo
1235 5027 1394 5095 emlo,
1440 5034 1496 5081 et
1536 5027 1799 5095 passionis
1826 5028 1943 5095 ejus
1971 5029 2123 5082 inno-

558 5119 657 5172 tuit
677 5118 878 5185 gloria,
898 5124 954 5171 et
978 5116 1284 5171 clarissima:
1312 5115 1501 5184 lingua:
1528 5116 1643 5184 ejus
1671 5117 1793 5170 tuba
1823 5117 2120 5186 personuit.

558 5207 624 5261 Et
659 5221 787 5262 vere
824 5207 965 5261 tuba:
993 5206 1253 5261 sermonis
1287 5205 1404 5274 ejus
1445 5206 1664 5273 clangor
1691 5206 1974 5276 increpuit,
1996 5220 2120 5259 cum

556 5297 848 5353 Ecclesiam
874 5296 969 5353 Dei
1004 5297 1229 5367 spiritali
1266 5298 1449 5367 prmlio
1476 5298 1837 5353 decertantem
1865 5298 2125 5353 adversus

554 5389 727 5443 minas
753 5395 1096 5457 terroresque
1138 5388 1414 5458 gentilium
1454 5388 1629 5443 sonitu
1661 5387 1895 5461 cmlestis
1922 5386 2122 5456 eloquii

553 5474 817 5541 accendit,
842 5482 994 5531 etne
1021 5475 1295 5532 videretur
1321 5475 1529 5546 plebem
1559 5475 1653 5531 Dei
1682 5476 1735 5530 in
1754 5484 2118 5545 contemptum

552 5567 829 5637 prmsentis
868 5567 991 5622 vita:
1035 5566 1291 5633 eloquens
1332 5567 1501 5635 magis
1520 5581 1680 5635 quam
1702 5565 1855 5621 fortis
1880 5581 2113 5629 armare,

555 5666 805 5725 Ino-tem,
830 5673 987 5727 quam
1018 5655 1355 5726 przcdicando
1380 5657 1636 5712 docuerat
1675 5673 1781 5711 non
1804 5656 2114 5718 tuuendam,

2225 4755 2472 4809 admixtaa
2512 4755 2749 4810 lenitatis
2777 4755 3053 4810 dulcedine
3086 4757 3378 4822 molliebat,
3409 4766 3471 4813 ut
3497 4772 3631 4828 saepe
3651 4753 3765 4810 solet

2225 4844 2366 4898 unda
2412 4843 2702 4899 ferventior
2740 4859 2893 4913 aqua:
2921 4843 3138 4913 frigida:
3184 4846 3454 4903 stillicidio
3493 4842 3762 4917 temperari.

2224 4931 2518 4988 Nonuullos
2543 4946 2673 4986 sane
2700 4933 2877 4987 animo
2906 4931 3154 4989 duriores
3190 4934 3381 4987 armati
3409 4936 3522 4989 oris
3545 4933 3624 4990 sui
3645 4920 3760 4986 saltt-

2227 5020 2393 5076 tiferis
2410 5021 2601 5090 jaculis
2628 5020 2923 5086 sauciabat,
2955 5028 3016 5075 ut
3039 5022 3232 5090 quibus
3255 5037 3383 5076 cura
3406 5021 3611 5092 placida
3630 5015 3762 5089 prod-

2224 5124 2345 5165 esse
2380 5126 2487 5164 non
2526 5118 2761 5179 poterat,
2788 5110 3048 5179 spiritalia
3083 5111 3305 5166 vulnera
3338 5112 3685 5167 subvenirent.
3709 5103 3762 5159 Et

2224 5200 2329 5255 hoc
2372 5200 2678 5269 peritissimi
2723 5216 2874 5255 more
2913 5200 3126 5265 medici,
3173 5203 3266 5271 qui
3306 5217 3429 5257 cum
3477 5204 3531 5257 in
3573 5211 3759 5271 απναε

2224 5289 2456 5345 hominis
2501 5290 2719 5345 letbalia
2764 5291 2923 5345 altius
2964 5292 3142 5347 ulcera
3185 5293 3450 5363 repererit
3495 5289 3757 5349 desedbt.

2227 5378 2388 5452 594
2416 5396 2539 5437 cum
2568 5382 2741 5438 bonus
2769 5391 2931 5453 atque
2957 5383 3193 5454 optimus
3231 5385 3320 5451 sit,
3352 5382 3499 5441 velut
3529 5388 3757 5452 sumpt:

2224 5476 2560 5544 crudelitate,
2602 5474 2744 5533 ferro
2784 5478 3090 5546 aggreditur
3126 5479 3317 5534 noxias
3342 5489 3594 5534 emortum
3616 5472 3759 5532 cautis

2222 5565 2473 5621 desecare
2494 5565 2826 5635 putredines,
2858 5574 2913 5619 et
2939 5582 3202 5622 summam
3229 5567 3479 5625 medendi
3500 5576 3655 5623 artem
3671 5576 3757 5617 υοπ

2222 5656 2419 5723 parcit,
2452 5669 2511 5711 ut
2556 5667 2771 5727 parcat;
2823 5641 3110 5723 irascitur,
3140 5669 3202 5714 ut
3244 5670 3559 5727 succurrat,
3597 5662 3647 5711 et
3681 5664 3757 5722 pro
