3896 6250
597 269 699 322 687

1811 281 1867 336 S.
1909 282 2148 338 MAXIM
2189 283 2638 345 TAURINENSIS
3715 295 3783 348 633
3840 239 3841 282 Ὺ

595 385 846 453 passione
877 400 980 438 non
1021 389 1215 456 potuit.
1249 389 1314 443 Et
1344 389 1464 446 inde
1491 401 1574 447 est
1609 393 1752 461 quod
1791 396 1860 450 ab
1900 398 2047 451 omni
2075 411 2173 452 eo-
2197 405 2249 463 Α
2274 417 2374 456 nos
2400 401 2513 457 Deo
2540 402 2723 456 vivere
2750 409 2805 456 et
2830 417 2928 472 pro
2956 402 3066 457 Deo
3097 404 3231 457 mori
3273 420 3387 458 non
3413 405 3580 460 solum
3606 421 3788 461 more

594 480 822 546 denique
867 478 1005 542 viro,
1048 488 1104 533 et
1148 481 1461 539 inolfensam
1496 493 1643 539 recte
1669 485 1880 539 vivendi
1909 488 2168 554 regulam,

594 577 650 621 et
679 567 1022 623 fortissimum
1045 572 1283 641 martyrii
1309 581 1549 628 tenemus
1567 575 1894 643 exemplum.
1919 575 2013 630 llle
2033 577 2175 630 enim

2279 491 2480 557 docuit,
2509 492 2602 548 sed
2628 501 2685 546 et
2711 506 2874 560 opere
2901 490 3258 546 confirmavit.

1908 666 2176 725 SERMO
2221 666 2536 726 LXXVII.

1822 763 1895 818 De
1931 764 2109 819 eodem
2139 767 2198 820 S.
2229 764 2489 834 Cypriano
2522 763 2624 819 IV.

2021 852 2408 908 ΑΒΜΟΝΙΤΙΟ.

664 928 1067 1019 lignicilegi‘mus
1093 940 1478 1019 sermoneij
1807 943 2018 1019 Sanctae
2040 941 2228 997 Crucis
2254 945 2304 997 in
2327 943 2623 1019 Jerusalem
2645 944 2713 1000 90
2733 963 2878 1002 num.
2902 949 2953 1011 8,
2977 957 3032 1002 et
3060 947 3132 1003 99
3157 965 3300 1004 num.
3340 950 3430 1014 77,
3459 961 3612 1019 atque
3633 952 3783 1005 inlau-

593 1001 836 1086 εςξξιίειηο
863 1001 1063 1086 ξίΡιυιο
1096 1022 1185 1086 ιιι
1214 1023 1333 1086 rae.-
1351 1009 1493 1086 ,ἔδεον
1515 1013 1688 1086 musti
1709 1011 2204 1086 Μεμξιιιῑαιιιιοιιιξο
2228 1014 2463 1086 ηοεηίιιε·
2491 1013 2550 1086 ιιι
2574 1015 2678 1070 hoc
2705 1001 2883 1070 autem
2914 1001 3188 1085 postremo
3200 1001 3400 1074 ξδιιίέέ

593 1067 979 1156 εδειθΐθ
1007 1067 1262 1156 θυπξόθῐίι
1279 1067 1527 1156 vidimus,
1554 1081 1710 1156 cujus
1736 1081 1945 1156 initium
1973 1089 2055 1134 est
2085 1099 2116 1156 _:_
2135 1081 2317 1156 Sa_ncti
2357 1067 3184 1156 Cypriani'festiri‘tatein

591 1137 1268 1222 ito‘niiliispumeravimus)
1299 1162 1420 1200 cum
1443 1137 1796 1222 inscriptione
1815 1150 2118 1222 hujusmodi
2145 1168 2157 1202 :
2185 1149 2315 1222 item
2338 1137 2626 1222 sequentia,
2645 1137 3181 1210 'conneaiioﬂliltiﬁnii:
3195 1137 3394 1222 6.1;};
3407 1137 3514 1210 63};
3539 1137 3789 1210 ἐξέὲῆἰὶιὲώὶ

591 1205 808 1261 Gillotio
837 1208 977 1265 hunc
1002 1211 1172 1280 ipsum
1202 1205 1512 1271 sermonem
1542 1205 1732 1273 sancto
1760 1205 2042 1273 Ambrosio
2063 1233 2166 1273 ascl

2266 1221 2373 1286 :nti,
2403 1205 2534 1273 édn.
2568 1205 2739 1275 Pin-iis.
2768 1205 3725 1293 i569opp."é.‘1i‘rﬁiros:'hiﬁfﬁ

593 1320 977 1399 Λιισυιιεκτωι.
1017 1352 1089 1399 _——
1125 1326 1254 1399 Cum
1303 1337 1514 1382 sanctus
1558 1328 1846 1399 Cyprianus
1884 1344 2065 1397 passus
2105 1329 2173 1381 sit

659 1399 886 1468 tempore
919 1394 1310 1468 vindemiarum,
1340 1394 1680 1468 impinguaeit
1717 1398 1811 1451 illa
1853 1394 1966 1468 nos,
2007 1399 2174 1467 inquit

663 1460 1025 1544 Maximus,_et
1053 1466 1232 1544 refecit
1263 1460 1430 1544 musto
1469 1460 1707 1544 martyrii
1744 1469 1844 1520 sui.
1890 1460 1969 1520 De
2005 1460 2171 1519 musto

665 1531 801 1599 quod
826 1532 992 1599 reﬁcit
1035 1540 1085 1584 et
1111 1531 1332 1586 inebriat
1358 1531 1740 1599 Christianum;
1770 1552 1868 1599 quo
1894 1543 2059 1589 musto
2087 1551 2173 1588 re-

661 1598 785 1667 pleti
811 1598 1050 1679 apostoli,
1091 1601 1220 1654 ebrii
1247 1611 1299 1656 et
1333 1603 1511 1656 sobrii.
1555 1598 1829 1657 Nonnulla
1859 1604 1928 1658 de
1955 1621 2052 1658 una
2081 1604 2174 1657 de—

662 1683 759 1731 que
775 1683 959 1735 spinis.

660 1777 797 1832 Ante
823 1779 939 1834 dies
964 1795 1087 1836 cum
1130 1782 1421 1837 beatissimi
1465 1785 1714 1855 martyris
1740 1783 1992 1855 Cypriani
2029 1784 2173 1839 cele-

591 1869 870 1924 braremus
922 1873 1156 1927 natalem
1181 1914 1198 1939 ,
1249 1875 1564 1930 suavissime
1609 1875 1662 1929 in
1717 1875 1834 1943 ejus
1885 1874 2175 1930 festivitate

586 1959 864 2028 iucundati
893 1978 1106 2028 sumus;
1128 1965 1254 2034 quia
1282 1981 1404 2019 cum
1433 1966 1536 2020 hoc
1555 1966 1943 2021 vindemiarum
1964 1968 2015 2020 in
2037 1975 2174 2022 tem-

589 2064 721 2118 pore
747 2066 936 2121 passus
965 2061 1068 2118 est,
1099 2063 1352 2123 tanquam
1380 2063 1436 2110 et
1467 2071 1566 2110 nos
1592 2057 1660 2112 de
1691 2057 1958 2111 vindemia
1986 2056 2174 2112 dulces

582 2152 642 2197 et
668 2144 848 2199 varios
876 2144 1078 2201 fructus
1113 2161 1182 2201 ex
1220 2145 1336 2215 ejus
1375 2149 1623 2217 passione
1648 2158 1675 2186 ι
1704 2149 2036 2218 collegimus.
2069 2148 2174 2203 lin-

588 2232 867 2302 pinguavit
894 2235 1036 2287 enim
1067 2249 1167 2289 nos
1193 2241 1249 2289 et
1268 2235 1457 2291 refecit
1483 2248 1661 2292 musto
1688 2238 1928 2308 martyrii
1955 2239 2058 2293 sui.
2081 2236 2175 2292 Est

586 2321 730 2374 enim
768 2329 1002 2375 mustum
1047 2323 1192 2391 quod
1228 2325 1404 2379 reiicit
1440 2334 1496 2379 et
1535 2326 1765 2381 inebriat
1789 2324 2170 2393 Christianum,

584 2410 681 2464 sed
709 2411 943 2465 ebrietas
970 2412 1061 2466 illa
1101 2414 1272 2482 magis
1307 2415 1548 2468 sobrium
1593 2414 1720 2469 facit
1751 2431 1763 2468 :
1794 2416 1887 2484 qui
1913 2416 2059 2470 enim
2091 2417 2174 2471 iu-

583 2502 827 2556 ebriatur
858 2504 1063 2558 scelesti
1089 2506 1285 2572 gratia,
1312 2505 1651 2560 exsobriatur
1677 2507 1888 2561 sarcina
1917 2492 2170 2576 peccato-

587 2605 729 2644 rum.
763 2589 879 2646 Hoc
908 2607 1137 2660 namque
1157 2602 1336 2649 musto
1357 2595 1550 2664 repleti
1569 2596 1738 2649 sancti
1763 2597 2011 2664 apostoli,
2035 2598 2174 2653 sicut

587 2681 666 2732 ait
692 2678 966 2751 Scriptura
997 2683 1134 2753 (Act.
1175 2685 1257 2752 ιι),
1305 2685 1495 2739 alienis
1533 2685 1726 2752 linguis
1766 2685 1860 2739 Dei
1907 2688 2171 2754 magnalia

583 2767 962 2837 loquebantur.
995 2770 1053 2826 In
1081 2788 1190 2839 quo
1220 2772 1363 2827 facto
1392 2774 1594 2842 pariter
1622 2774 1757 2829 ebrii
1778 2776 2173 2830 essevideban-

584 2866 673 2912 tur
699 2867 757 2913 et
781 2860 980 2926 sobrii;
1009 2861 1145 2916 ebrii
1191 2863 1334 2916 enim
1380 2864 1538 2934 597
1570 2865 1916 2933 putabantur,
1946 2864 2091 2932 quod
2118 2866 2171 2920 in

584 2947 650 3003 iis
678 2949 888 3018 loquela
918 2959 1114 3022 prteter
1148 2961 1396 3007 naturam
1438 2954 1546 3008 alte
1593 2955 1956 3024 personabat;
2005 2958 2170 3011 sobrii

584 3047 760 3101 erant,
803 3039 951 3109 quod
986 3040 1140 3109 juxta
1177 3043 1620 3098 consuetudinem
1653 3046 1848 3098 mentis
1878 3045 2046 3100 Deum
2074 3047 2169 3101 de-
2196 3093 2241 3116 η

585 3130 806 3185 votione
833 3131 1142 3184 laudabant.
1173 3131 1325 3197 Quod
1356 3133 1572 3200 quidem
1603 3149 1709 3187 non
1738 3135 1971 3189 elatione
1991 3135 2168 3204 aliqua

586 3229 676 3273 aut
704 3221 1034 3290 impudentia
1065 3223 1290 3291 contigit
1324 3233 1384 3277 ut
1409 3223 1509 3277 viri
1539 3225 1709 3278 sancti
1736 3225 2021 3292 peregrino
2048 3240 2153 3279 ser-

587 3327 743 3366 mone
770 3313 1134 3380 loquerentur,
1167 3316 1260 3369 sed
1291 3315 1624 3383 providentia
1648 3314 1950 3368 Divinitatis
1970 3314 2164 3369 factum

584 3414 693 3469 est;
727 3411 784 3458 ut
811 3407 934 3472 quia
983 3406 1051 3460 ad
1095 3406 1542 3474 magnificandum
1588 3406 1756 3460 Deum
1804 3423 1908 3459 una
1955 3406 2162 3476 loquela

584 3508 691 3546 non
737 3492 952 3558 sufﬁcit,
985 3510 1082 3564 per
1111 3495 1288 3563 plures
1325 3495 1535 3563 linguas
1568 3496 1762 3548 mentis
1795 3495 2012 3549 devotio
2055 3496 2165 3549 sol-

584 3589 815 3636 veretur.
847 3581 1133 3638 Jucundati
1164 3585 1305 3638 enim
1348 3599 1550 3646 sumus,
1581 3585 1705 3654 quia
1746 3582 1815 3638 de
1861 3585 2013 3638 uinea
2054 3584 2163 3639 Do-

583 3671 712 3726 mini
739 3670 976 3742 Sapaotli
1009 3673 1238 3726 fructum
1277 3672 1583 3728 refectionis
1612 3675 1916 3743 accepimus
1953 3691 1966 3728 :
2001 3673 2165 3728 Vinea

582 3760 722 3814 enim
755 3758 965 3813 Domini
995 3760 1225 3814 Sabaoth
1255 3760 1408 3830 (Isai.
1441 3761 1518 3832 v),
1549 3762 1688 3817 sicut
1714 3762 1842 3816 dicit
1876 3764 2161 3831 propheta,

583 3852 760 3903 domus
793 3849 959 3902 Israel
987 3860 1093 3913 est;
1125 3865 1244 3917 qua:
1271 3851 1462 3905 domus
1491 3867 1589 3906 nos
1615 3868 1818 3906 sumus.
1859 3851 2162 3906 Secundum

582 3941 740 3994 Iidem
763 3941 908 3993 enim
937 3940 1188 3994 Israelita:
1213 3956 1314 3996 nos
1342 3956 1552 4007 sumus;
1584 3943 1723 3997 unde
1764 3943 1895 3997 dicit
1927 3943 2160 4012 Aposto-

581 4035 662 4088 lus
693 4049 706 4085 :
741 4030 840 4095 Qui
878 4046 944 4084 ex
981 4031 1086 4100 ﬁde
1110 4041 1249 4096 sunt,
1282 4032 1333 4085 hi
1361 4033 1458 4102 ﬁlii
1487 4042 1605 4086 sunt
1633 4033 1853 4088 Abrahaz
1881 4032 2026 4100 (Gal.
2057 4035 2157 4108 ιιι).

579 4123 843 4189 Quoniam
876 4124 1034 4192 igitur
1065 4139 1160 4176 nos
1187 4138 1371 4176 sumus
1413 4123 1595 4185 Israel,
1637 4123 1791 4178 vinea
1826 4123 2036 4177 Domini
2065 4140 2159 4179 su-

579 4230 700 4268 mus
729 4231 742 4266 :
770 4213 1046 4268 videamus
1067 4213 1348 4281 diligenter
1374 4227 1440 4266 ne
1463 4227 1530 4266 ex
1551 4213 1772 4279 palmite
1792 4214 1970 4280 operis
1989 4212 2159 4266 nostri

578 4309 687 4357 non
737 4312 985 4358 nascatur
1026 4302 1323 4356 dulcedinis
1365 4318 1487 4365 uva,
1529 4302 1622 4355 sed
1652 4301 1819 4366 fellis;
1859 4318 1925 4356 ne
1952 4302 2161 4357 dicatur

579 4395 735 4450 nobis
778 4392 922 4462 quod
969 4392 1166 4446 Judzeis
1204 4393 1402 4447 dictum
1438 4400 1521 4446 est
1553 4410 1565 4443 :
1600 4392 1855 4454 Sustinui,
1886 4399 1942 4444 ut
1969 4393 2160 4462 faceret

2270 1345 2440 1392 uram,
2470 1333 2597 1400 fecit
2617 1340 2786 1384 autem
2813 1334 3023 1401 spinas;
3046 1350 3147 1387 non
3169 1335 3456 1405 justitiam,
3478 1335 3564 1388 sed
3584 1324 3794 1386 clauim:

2273 1416 2429 1486 (Isai.
2461 1423 2538 1482 v).
2571 1418 2740 1485 Quam
2764 1422 2894 1474 dura
2933 1422 3192 1485 conditio,
3221 1430 3279 1476 ut
3308 1424 3577 1493 possessio
3606 1437 3704 1492 qua:
3725 1421 3790 1473 Do-

2275 1507 2420 1561 mino
2449 1523 2549 1562 suo
2578 1510 2856 1563 suavitatis
2888 1510 3091 1564 fructus
3118 1511 3310 1566 allen-re
3342 1514 3552 1576 debuit,
3582 1513 3790 1579 spinarum

2274 1598 2420 1651 illum
2463 1600 2751 1667 asperitate
2789 1602 3184 1669 compunxerit,
3216 1601 3240 1638 ι’
3272 1602 3382 1656 hoc
3424 1613 3527 1666 est,
3565 1603 3791 1668 suscipere,

2274 1691 2548 1758 spinarum
2588 1706 2709 1743 eum
2753 1701 3146 1745 coronavernnt
3190 1693 3468 1761 passione.
3498 1692 3616 1758 Qua:
3647 1704 3791 1745 eorum

2275 1780 2489 1848 quidem
2533 1790 2784 1849 quantum
2833 1782 2885 1835 in
2932 1781 3127 1836 Judmis
3171 1792 3274 1848 est,
3304 1791 3426 1838 erat
3466 1799 3648 1838 corona
3672 1783 3792 1833 virtu-

2276 1881 2407 1928 tum.
2455 1873 2604 1929 Unde
2646 1875 2722 1928 ait
2758 1873 3032 1943 Scriptura
3081 1883 3260 1928 sancta
3298 1876 3601 1948 {Viderunt
3625 1875 3669 1927 in
3692 1891 3792 1943 quem

2273 1963 2885 2033 compunxeruntann.
2936 1966 3066 2033 xxx).
3119 1965 3300 2033 Igitur,
3348 1965 3560 2028 fratres,
3585 1966 3730 2018 videte
3751 1979 3792 2014 ne

2261 2062 2327 2106 .et
2351 2054 2502 2106 vobis
2531 2055 2740 2108 dicatur
2767 2072 2780 2106 :
2814 2053 3052 2108 Sustinui
3086 2062 3144 2107 ut
3170 2055 3374 2108 faceret
3399 2070 3574 2118 uvam,
3602 2053 3707 2107 fecit
3728 2069 3792 2104 au-

2274 2153 2379 2198 tem
2408 2145 2626 2213 spinas;
2659 2145 2824 2215 598
2864 2159 2999 2213 quas
3037 2144 3262 2198 Domino
3294 2144 3468 2200 Judaei
3497 2145 3705 2199 cruentis
3728 2144 3792 2195 im-

2273 2242 2568 2303 posuerunt
2594 2235 2859 2303 manibus,
2882 2251 2982 2289 nos
3010 2235 3206 2304 iniquis
3228 2237 3483 2290 sensum
3499 2247 3790 2304 apponanms,

2273 2336 2328 2380 et
2355 2339 2776 2394 compungamus
2815 2341 2936 2379 eum
2984 2341 3092 2380 non
3140 2327 3436 2396 asperitate
3473 2327 3701 2386 sentiam,
3729 2323 3792 2374 sed

2271 2431 2495 2485 operum
2523 2417 2804 2485 pravitate.
2834 2415 2970 2470 Sunt
2997 2418 3139 2471 enim
3167 2418 3333 2486 spinae
3361 2417 3560 2480 cordis,
3589 2429 3690 2484 qua:
3714 2428 3793 2464 m-

2272 2504 2396 2558 bum
2445 2504 2538 2558 Dei
2580 2505 2743 2558 etiam
2790 2505 3072 2558 vulnerare
3117 2515 3533 2568 consueverunt,
3561 2504 3623 2558 de
3653 2502 3793 2570 quibus

2273 2595 2514 2648 meminit
2541 2594 2594 2647 in
2623 2593 2914 2661 Evangelia
2945 2593 3161 2662 (Matth.
3211 2595 3324 2663 xm)
3360 2595 3606 2649 Salvator
3640 2592 3792 2652 dicens,

2271 2684 2584 2737 seminantis
2623 2698 2805 2737 semen
2847 2684 3105 2738 cecidisse
3145 2685 3284 2738 inter
3313 2686 3521 2753 spinas,
3548 2693 3601 2738 et
3620 2681 3792 2737 crevisse

2271 2790 2384 2839 eas,
2410 2782 2465 2829 et
2490 2772 2784 2828 sull‘ocasse
2807 2774 2952 2841 quod
2979 2782 3153 2827 satum
3192 2781 3292 2828 est.
3326 2773 3460 2840 Qum
3488 2783 3653 2827 autem
3675 2770 3793 2838 spina

2271 2865 2399 2928 sint,
2429 2864 2542 2932 ipse
2572 2864 2936 2932 prosequitur,
2964 2864 3168 2928 dicens,
3208 2864 3394 2932 utique
3435 2878 3558 2918 esse
3590 2861 3792 2916 sollicita.

2271 2955 2423 3009 dines
2451 2954 2767 3018 mundanas,
2788 2969 2907 3021 qua:
2934 2968 3054 3008 cum
3082 2962 3327 3008 crescunt
3356 2953 3410 3006 in
3442 2952 3600 3008 corde
3620 2947 3792 3004 hominis

2273 3048 2523 3102 mandata
2563 3046 2857 3101 Salvatoris
2899 3047 2950 3099 in
2998 3061 3064 3099 eo
3101 3043 3381 3098 suﬂ‘ocanl.
3415 3044 3547 3110 Quis
3582 3041 3703 3095 enim
3725 3053 3792 3089 un-

2271 3153 2430 3206 quam
2477 3138 2736 3190 sollicitus
2777 3136 2846 3189 de
2894 3135 3109 3195 mundo,
3142 3135 3312 3203 potuit
3351 3135 3610 3189 sollicitus
3633 3145 3730 3185 esse
3750 3127 3792 3177 de

2265 3227 2511 3280 Christo?
2533 3225 2665 3290 Quis
2689 3224 2813 3278 dum
2844 3225 3003 3278 lucris
3041 3223 3231 3278 domus
3257 3239 3367 3278 suae
3407 3223 3660 3290 providet,
3685 3217 3791 3271 utili-

2268 3316 2465 3368 tatibus
2495 3313 2748 3368 Ecclesia:
2777 3315 2949 3383 potuit
2977 3313 3291 3382 providere?
3333 3311 3490 3366 Unde
3523 3314 3594 3364 ait
3617 3312 3790 3376 Aposw-

2264 3404 2346 3456 lus
2378 3422 2390 3455 :
2424 3402 2522 3466 Qui
2551 3404 2663 3456 sine
2689 3418 2851 3455 uxore
2891 3414 2984 3465 est,
3015 3403 3263 3455 sollicitus
3307 3411 3384 3456 est
3423 3417 3540 3473 quc
3580 3408 3684 3454 sunt
3717 3395 3792 3448 Do-

2263 3495 2408 3557 mini,
2439 3493 2691 3564 quomodo
2720 3492 2920 3562 placeat
2947 3492 3092 3556 Deo;
3119 3493 3203 3562 qui
3229 3501 3401 3545 autem
3431 3509 3545 3545 cum
3569 3505 3709 3543 uxore
3727 3495 3792 3542 est.

2263 3584 2510 3637 sollicitus
2539 3593 2617 3636 est
2643 3589 2755 3653 qua!
2793 3590 2910 3636 sunt
2951 3582 3153 3642 mundi,
3186 3582 3442 3652 quomodo
3474 3582 3662 3650 placeat
3681 3574 3791 3629 uari

2266 3672 2318 3742 (I
2342 3671 2461 3725 Cor.
2493 3672 2610 3740 vn).
2639 3670 2796 3739 Ergo,
2830 3670 3042 3735 fratres,
3067 3670 3245 3725 videte
3268 3686 3338 3725 ne
3359 3671 3516 3726 vinea
3541 3679 3696 3724 vestra
3717 3681 3790 3718 non

2264 3777 2412 3826 uvas,
2439 3762 2530 3815 sed
2553 3762 2734 3830 spinas
2761 3761 2939 3824 faciat,
2965 3776 3032 3814 ne
3055 3759 3318 3814 vindemia
3343 3771 3521 3815 vestra
3541 3775 3639 3814 non
3657 3757 3789 3809 vinum

2263 3851 2471 3914 allcrat,
2506 3851 2600 3904 sed
2627 3857 2857 3904 acetum.
2890 3848 3141 3916 Quisquis
3168 3850 3308 3903 enim
3346 3849 3656 3902 vindemiam
3681 3846 3788 3909 legit.

2263 3948 2317 3993 et
2346 3939 2670 4008 pauperibus
2700 3953 2807 3993 non
2835 3938 3079 4005 largitur,
3108 3938 3196 3992 ille
3232 3947 3444 3993 acetum
3489 3938 3692 4004 colligit,
3714 3949 3788 3985 non

2264 4030 2467 4082 vinum.
2518 4027 2769 4097 Quisquis
2817 4042 3017 4082 messes
3064 4029 3340 4095 recondit,
3387 4038 3444 4083 et
3493 4024 3789 4095 indigentibus

2265 4134 2371 4172 non
2415 4119 2699 4181 ministrat,
2735 4117 2836 4172 iste
2872 4133 2978 4170 non
3025 4116 3288 4170 alimonia:
3335 4117 3540 4172 fructus
3581 4110 3787 4183 reposuit.

2262 4207 2358 4262 sed
2389 4209 2610 4262 tribulos
2638 4207 2874 4260 avaritiae
2903 4205 3273 4273 congregavit;
3304 4221 3427 4258 nam
3459 4213 3716 4275 propterea
3737 4197 3787 4248 ait

2261 4298 2534 4367 Scriptura
2562 4298 2628 4351 de
2652 4305 2794 4350 terra
2816 4303 2998 4350 nostra
3027 4312 3040 4347 :
3067 4293 3258 4364 Spiuas
3281 4302 3333 4348 et
3354 4295 3566 4349 tribulos
3584 4289 3788 4365 quasi"

2263 4391 2334 4445 bit
2357 4391 2446 4444 tibi
2473 4391 2625 4461 (Gen.
2654 4391 2752 4458 ιιι).

1877 4501 2146 4562 SERMO
2187 4501 2538 4562 LXXVIII.

1567 4603 1645 4656 De
1671 4602 1836 4656 natali
1865 4611 2178 4667 sanctorum,
2211 4603 2470 4673 prcecipue
2499 4601 2559 4657 S.
2592 4598 2856 4671 Cypriani.

2016 4690 2403 4746 ADMONITIO.

648 4789 836 4842 Exstat
862 4788 950 4842 hic
975 4799 1188 4857 quoque
1212 4799 1390 4857 sermo
1420 4785 1470 4837 in
1501 4782 2068 4857 codice_Ambrosiano
2096 4791 2280 4836 sancto
2302 4781 2535 4857 maximo
2556 4779 2860 4857 inscriptus,
2885 4787 3046 4857 atque
3065 4797 3104 4832 ω
3132 4777 3424 4857 Maratorio
3445 4779 3613 4834 editus
3633 4793 3645 4829 :
3663 4786 3783 4857 quem

572 4861 878 4927 discrepare
901 4874 930 4910 a
959 4847 1208 4911 sermone
1237 4855 1437 4908 tributo
1464 4863 1649 4908 sancto
1680 4853 1975 4920 Augustino
2003 4853 2055 4905 in
2077 4868 2270 4906 comm.
2341 4852 2518 4904 iurim.
2555 4847 2775 4920 martyr.
2805 4847 2969 4902 Rom.
2985 4847 3165 4929 Brem,
3190 4850 3233 4901 si
3265 4857 3548 4929 utrumque
3571 4847 3782 4928 conferas.

577 4932 735 4973 uls-nn.
763 4942 1075 4973 cnannscr-s.
1110 4924 1344 4973 Ulermle
1373 4940 1402 4973 a
1433 4923 1685 4973 Maurinis
1712 4923 1765 4973 in
1794 4922 2089 4973 annendice
2116 4936 2275 4973 serm.
2391 4920 2612 4973 Auttust.
2643 4920 2955 4972 collocatur.
2987 4917 3174 4970 Leonis
3199 4934 3407 4972 norntne
3433 4921 3490 4971 in
3517 4913 3782 4973 αιισιουά·

577 4932 735 4998 plane
753 4922 1083 4998 cognosces.
1110 4924 1344 4998 Uterque
1373 4940 1402 4976 a
1433 4923 1765 4998 Haurinisin
1794 4922 2089 4998 appendice
2115 4936 2275 4998 senm.

2351 4961 2364 4974 .
2391 4920 2612 4986 August.
2643 4913 2955 4972 collocatur.
2987 4917 3174 4970 Leonis
3199 4920 3407 4972 nomine
3433 4913 3490 4971 in
3517 4913 3782 4986 aliquotali-

577 4981 796 5053 Iz'oitibus
823 4981 1058 5072 obliquis
1073 4981 1210 5072 idem
1234 4981 1410 5048 sermo
1438 4993 1605 5045 editus
1637 4981 1976 5072 fuit,_necnon
2008 4991 2062 5042 in
2105 4989 2417 5072 geminat-io
2445 4981 2836 5072 I‘uulindjaconi
2863 4987 3112 5072 editionis,
3130 4986 3557 5072 Basileelssis‘aft:

575 5087 603 5120 a
637 5055 1402 5121 Balleriniis'animadversum
1450 5070 1534 5133 est
1575 5055 1706 5114 tom.
1751 5059 1772 5111 I
1813 5075 1938 5128 opp.
1972 5060 2141 5114 sancti
2179 5058 2392 5133 Leonis,
2421 5071 2542 5133 pag.
2576 5056 2680 5133 2:587
2714 5057 2842 5133 edit.
2876 5055 3371 5133 venet.‘an._l'153.
3407 5057 3474 5133 ᾼι
3503 5056 3553 5110 bi
3580 5069 3672 5133 non

576 5119 741 5192 leoni
760 5119 1102 5191 tribuendum
1122 5133 1450 5200 judicarunt.
1480 5129 1666 5198 Itaque
1692 5145 1816 5184 cum
1852 5119 1970 5182 'n'on
2009 5136 2215 5181 tantum
2252 5127 2304 5180 in
2347 5119 2724 5191 Ambrosiam,
2749 5125 2846 5180 sed
2877 5127 3040 5179 etiam
3079 5125 3133 5178 in
3161 5126 3540 5180 Casiniensibus
3565 5119 3780 5180 codicibus

651 5305 676 5332 ι
705 5293 840 5347 Cod.
867 5291 936 5345 90
960 5292 1016 5345 S.
1048 5288 1235 5344 Crucis
1262 5289 1313 5343 in
1340 5288 1476 5358 Jer.,
1503 5289 1808 5358 colligimus.

2183 5290 2233 5352 ῐ)
2257 5295 2627 5340 coronaverunt
2668 5285 2930 5355 passione,
2969 5301 3083 5354 qua!
3109 5302 3298 5339 corona
3333 5286 3553 5356 quiduis,
3587 5289 3776 5356 quas“!

647 5364 674 5401 ι)
706 5362 843 5416 Cod.
875 5361 942 5414 90
970 5361 1026 5414 S.
1053 5358 1243 5413 Crucis
1287 5361 1338 5412 in
1384 5347 1518 5422 lein,
1565 5347 1660 5411 1ιοὶ
1704 5367 1798 5420 est,
1831 5373 1944 5410 cum
1984 5355 2153 5410 ,Ιαάωί
2187 5347 2220 5352 ⁷
2257 5358 2314 5426 in
2335 5356 2533 5409 Judteis
2556 5366 2651 5418 est,
2669 5347 2791 5407 ἐι-αι
2817 5347 3129 5424 injuriarum
3153 5347 3488 5426 contumelia,

578 5433 842 5488 debuerint
890 5431 1212 5485 Salvatorem
1263 5429 1527 5483 devotione
1563 5429 1839 5494 suscipere,
1887 5428 2154 5495 spinarum

577 5521 689 5557 eum
719 5509 1084 5554 coronaveruut
1113 5502 1366 5568 passione.
1392 5498 1681 5568 Codrvero
1704 5496 1771 5568 9})
1794 5494 1922 5549 item,
1944 5495 1997 5548 S.
2023 5494 2155 5568 Cru-

579 5576 657 5627 cis
683 5575 733 5624 in
763 5571 1055 5624 Jerusalem
1093 5565 1227 5621 {hoc
1254 5579 1349 5630 est,
1373 5584 1490 5621 cum
1517 5567 1689 5621 λιιιίωὶ
1716 5567 2037 5619 Salvatorem
2066 5565 2152 5616 de-

582 5646 778 5693 buerint
812 5655 912 5695 tota
938 5642 1042 5707 ﬁde
1071 5640 1428 5704 dc't'otioneqne
1459 5641 1734 5704 suscipere,
1761 5639 2017 5699 spinarum
2041 5650 2153 5686 eum

2259 5425 2484 5496 Domino
2513 5435 2625 5496 erat
2640 5417 2838 5477 corona
2857 5417 3116 5476 uirtutum.
3140 5417 3640 5496 Compungun‘tenint
3651 5417 3776 5496 ludat"

2259 5495 2558 5556 Dominum,
2590 5495 2708 5546 dum
2737 5502 3033 5564 icoronant;
3073 5503 3441 5564 compungunt,
3472 5495 3590 5548 dunt
3621 5495 3776 5555 crsu]!-

2253 5576 2402 5636 -gnnt.
2442 5564 2590 5617 Unde
2617 5565 2691 5616 ait
2722 5563 3022 5632 Scriptura,
3052 5571 3156 5617 etc.
