3896 6250
99 365 196 418 689

1435 347 1666 403 SERMO
1704 346 1946 402 LXXVII.

3240 345 3347 402 690

96 477 192 528 106
219 475 309 528 l'ol.
344 475 409 527 l9
440 490 471 526 a
503 482 676 539 tergo,
706 477 761 524 et
789 469 884 522 ll‘l
914 466 1005 521 fol.
1035 466 1160 539 (ita
1191 475 1362 539 tergo,
1396 463 1793 539 nomen‘sancti
1819 461 2172 539 Maximipra;
2212 476 2272 539 se
2311 461 2464 539 lerat,
2496 459 2873 539 liuidus-cuni,
2908 468 3224 539 notantem
3256 473 3349 515 aut

97 527 411 610 Augustino,
443 550 539 594 aut
571 527 838 610 Caenum
865 539 915 592 in
946 537 1218 610 codicibus
1247 527 1500 610 la'aurent.
1531 551 1548 610 ι
1572 527 2102 610 Plut._xr.v_pag.‘_5l__,
2127 530 2299 610 Vatic.
2324 529 2481 610 1267,
2506 527 2755 610 Basilus.
2783 527 2925 610 Petri
2959 527 3078 607 105,
3101 529 3348 610 leg-imus,

95 597 209 667 esse
235 597 638 666 attribuendum
667 597 1003 660 arbitramur.
1036 604 1166 658 Illud
1196 603 1684 666 animadvertimus,
1717 603 1770 655 in
1794 597 1880 655 his
1911 597 2183 659 codicibus
2223 600 2429 653 titulum
2459 597 2723 652 sermonis
2749 612 2868 652 esse
2896 597 3198 666 hujusmodi
3231 618 3244 651 :
3275 600 3350 654 De

98 682 197 737 SS.
226 679 629 742 Innocentibus;
652 677 715 729 de
743 676 916 728 natale
941 686 1235 728 sanctorunt
1268 672 1646 725 Innocentium.

100 795 268 874 599,
283 794 678 874 ᾼκουιιηεκῖωι-
707 820 776 828 -
800 785 1185 874 ιςιανευῖεειηοη
1213 782 1493 874 ρωηᾳᾼξά
1509 797 1676 874 ξίιξεεα
1703 783 1754 843 Δ
1779 796 1885 849 sua
1914 779 2212 836 offeruntur
2235 781 2445 850 hostiae,
2479 781 2534 835 in
2574 797 2687 851 qua
2708 783 2965 838 Dominus
2990 793 3070 839 est
3093 787 3348 841 sacerdos

147 852 603 931 fus-tiﬁcataﬂecte
620 873 772 931 super
790 852 1233 931 al_taré_justorum
1261 853 1448 931 animo:
1476 852 1672 931 requie-

164 920 322 992 scunt,
354 930 482 999 quia
506 927 598 980 sub
627 920 792 999 citare
826 920 1239 999 Dominiﬂcorpus
1268 920 1675 999 offerturtlnter

162 989 379 1062 ra'teros'
399 997 496 1050 sub
520 1012 611 1047 ara
660 993 753 1045 Dei
782 1001 991 1045 sanctus
1018 989 1307 1062 Cyprianus
1333 989 1549 1062 assistit,
1567 989 1674 1062 _qui

157 1057 413 1147 martyrio
437 1065 739 1147 perfunctus
764 1063 820 1115 in
844 1057 1132 1116 sacerdotio
1160 1057 1267 1126 pra:
1300 1059 1496 1110 caneris
1526 1057 1675 1126 plura

168 1141 495 1204 conscripsit.

167 1242 624 1309 Quotiescunque,
663 1242 876 1306 fratres,
912 1245 1217 1292 sanctorum
1248 1245 1274 1274 ι
1301 1234 1551 1305 martyria
1581 1247 1675 1287 ce-

105 1333 385 1397 lebramus,
416 1332 584 1386 toties
605 1330 788 1385 laudes
811 1328 1107 1384 Salvatoris
1128 1326 1154 1365 δ
1177 1327 1430 1401 dicimus;
1459 1334 1515 1379 et
1542 1340 1678 1393 quo-

105 1425 199 1476 ties
239 1439 429 1478 eorum
461 1423 748 1477 asserimus
775 1421 1099 1489 passionem,
1129 1419 1290 1497 toties
1327 1414 1526 1472 Christi
1562 1417 1678 1483 glo-

106 1515 229 1566 riam
256 1511 629 1582 praedicamus.
676 1511 792 1564 Non
829 1510 972 1563 enim
1017 1507 1336 1577 suspicimus
1362 1505 1507 1576 quod
1535 1505 1678 1573 passi

105 1611 239 1667 sunt,
268 1602 362 1657 sed
391 1608 618 1671 propter
645 1614 803 1668 quem
827 1598 964 1667 passi
986 1606 1120 1668 sunt
1143 1594 1486 1650 admiramur.
1515 1593 1680 1660 Igitur

107 1707 206 1746 non
232 1707 390 1762 pmna
420 1691 478 1745 in
505 1690 682 1758 laude,
711 1689 805 1743 sed
835 1672 1019 1743 fides.c
1045 1688 1097 1741 in
1125 1687 1350 1740 honore.
1376 1683 1678 1751 Magniﬁca-

108 1799 216 1836 mus
259 1796 388 1851 ergo
435 1789 700 1852 martyres
729 1781 753 1816 ά
787 1795 894 1833 non
920 1779 1042 1847 quia
1083 1777 1333 1846 gravibus
1364 1776 1680 1842 subjacuere

107 1872 387 1945 suppliciis.
419 1871 517 1926 sed
543 1871 667 1940 quia
701 1869 918 1938 iustitia:
945 1884 1104 1923 causa
1153 1867 1341 1921 eadem
1380 1865 1680 1918 toleravere

108 1963 375 2031 supplicia.
407 1961 543 2016 Nam
573 1960 830 2030 plurimos
856 1959 1237 2013 sceleratorum
1258 1955 1471 2025 pejores
1494 1968 1679 2022 plenas

109 2052 322 2108 vidimus
365 2065 489 2105 esse
537 2064 840 2119 perpessos,
869 2047 962 2101 sed
1005 2047 1134 2100 nihil
1169 2046 1249 2100 eis
1278 2051 1524 2114 prosunt,
1552 2043 1678 2110 quia

1771 874 1911 928 sicut
1937 874 2194 942 scriptum
2222 881 2306 925 est
2328 890 2340 924 :
2368 872 2442 924 Tu
2471 889 2523 926 es
2547 873 2788 927 sacerdos
2815 875 2868 925 in
2899 884 3141 928 retentam
3164 892 3349 928 secun-

1773 965 1894 1020 dum
1917 968 2151 1020 ordinem
2177 965 2548 1020 Melchisedech
2569 965 2739 1036 (Psal.
2764 966 2892 1033 cut).
2919 965 3084 1022 Recte
3103 982 3231 1035 ergo
3253 969 3353 1022 sub

1774 1073 1869 1112 ara
1903 1065 2168 1127 martyres
2196 1057 2545 1116 collocantur.
2576 1057 2701 1123 quia
2729 1071 2892 1125 super
2927 1071 3075 1110 aram
3106 1057 3352 1112 Christus

1774 1149 2082 1220 imponitur.
2113 1148 2281 1203 Recte
2317 1148 2415 1201 sub
2444 1147 2612 1202 altare
2635 1147 2900 1215 iustorum
2930 1149 3118 1202 animae
3139 1151 3352 1218 requie-

1774 1224 1950 1306 scunt,
1978 1237 2101 1306 quia
2130 1253 2291 1306 super
2315 1232 2483 1290 altare
2504 1237 2713 1291 Domini
2735 1253 2929 1308 corpus
2948 1238 3190 1293 otl'ertur.
3210 1241 3226 1271 ³
3243 1239 3352 1294 Nec

1775 1329 2042 1383 immerito
2070 1328 2178 1396 illic
2203 1343 2301 1396 pro
2332 1325 2360 1363 i‘
2376 1326 2535 1394 justis
2559 1326 2792 1381 vindicta
2817 1328 3090 1395 sanguinis
3115 1330 3353 1396 postula-

1776 1426 1882 1483 tur,
1911 1418 2002 1472 ubi
2026 1419 2184 1472 etiam
2210 1431 2309 1485 pro
2337 1417 2711 1485 peccatoribus
2730 1416 2926 1472 Christi
2948 1419 3162 1486 sanguis
3183 1419 3353 1473 ellun-

1775 1511 1938 1565 ditur.
1968 1509 2362 1566 Convenienter
2388 1508 2567 1577 igitur,
2596 1515 2651 1562 et
2674 1509 2826 1576 quasi
2848 1525 2946 1578 pro
2965 1499 3196 1577 quodam
3224 1526 3352 1566 con-

1775 1602 1944 1656 sortio
1971 1600 2044 1655 ibi
2071 1600 2394 1669 martyribus
2430 1599 2701 1668 sepultura
2729 1599 2943 1655 decreta
2967 1608 3072 1668 est,
3096 1602 3184 1656 ubi
3210 1618 3355 1657 mors

1776 1692 1988 1747 Domini
2015 1691 2254 1760 quotidie
2282 1691 2606 1760 celebratur,
2646 1691 2782 1747 sicut
2820 1692 2934 1761 ipse
2961 1694 3037 1747 ait
3067 1712 3081 1746 :
3116 1693 3341 1757 Quoties-

1776 1798 1972 1853 cunque
2023 1782 2133 1836 hac
2173 1782 2395 1852 feceritis
2419 1821 2434 1844 ,
2473 1789 2689 1835 mortem
2735 1798 2902 1836 meam
2957 1785 3353 1847 annuntiabitis,

1777 1872 1940 1925 donec
1961 1872 2163 1925 ueniam
2185 1869 2240 1940 (1
2259 1870 2378 1924 Cor.
2407 1869 2506 1939 ιι).
2529 1869 2748 1925 Scilicet
2775 1878 2835 1925 ut
2855 1872 2947 1939 qui
2971 1881 3190 1943 propter
3210 1890 3356 1929 mor-

1779 1969 1888 2016 tem
1930 1961 2045 2029 ejus
2089 1960 2288 2014 mortui
2315 1959 2549 2026 fuerunt,
2594 1960 2916 2015 sacramenti
2947 1961 3063 2030 ejus
3101 1965 3356 2032 mysterio

1779 2050 2076 2120 quiescant.
2123 2049 2241 2116 Non
2292 2049 2586 2116 immerito,
2612 2049 2853 2117 inquam,
2894 2050 3041 2105 velut
3083 2055 3358 2108 consortio

110 2153 358 2212 martyres
375 2155 540 2195 causa
562 2139 837 2208 institit-at,
863 2147 887 2176 ε
910 2137 1202 2192 sceleratos
1227 2133 1555 2190 consolantia
1580 2148 1675 2185 sua
1709 2135 1754 2195 Β
1776 2141 2010 2210 quodam
2042 2140 2057 2192 ί
2105 2140 2212 2195 illic
2255 2140 2423 2195 occisi
2468 2147 2553 2195 est
2596 2140 2828 2195 tumulus
2875 2142 3222 2207 constitutus,
3265 2144 3357 2198 ubi

108 2232 335 2284 damnat.
378 2231 605 2285 Summo
646 2231 807 2296 igitur
835 2236 890 2282 et
915 2227 1183 2297 praecipuo
1211 2227 1331 2280 loco
1352 2232 1584 2294 propter
1610 2222 1674 2273 tl-

111 2320 219 2372 dem
240 2319 472 2375 habendi
492 2327 616 2373 sunt
637 2318 776 2373 beati
799 2325 1081 2388 martyres.
1104 2315 1291 2370 Videte
1318 2322 1496 2369 autem
1516 2327 1676 2382 quem

113 2409 130 2445 ί
163 2410 314 2462 iidem
359 2411 540 2465 locum
589 2409 732 2479 apud
781 2409 1026 2464 homines
1061 2414 1384 2472 mereantur,
1416 2405 1505 2476 qui
1537 2405 1678 2475 apud

113 2499 266 2552 Deum
293 2499 472 2555 locum
502 2508 528 2547 ι
557 2500 655 2555 sub
683 2500 850 2553 altare
876 2505 1205 2554 meruerunt.
1238 2497 1376 2552 Dicit
1407 2497 1550 2551 enim
1587 2511 1677 2550 sa-

112 2607 192 2643 cra
233 2590 510 2663 Scriptura
542 2608 556 2644 :
592 2591 712 2646 Vidi
736 2589 762 2627 δ
785 2591 962 2644 subtus
989 2606 1136 2643 aram
1178 2588 1273 2643 Dei
1310 2589 1512 2642 animas
1537 2589 1676 2641 occi-

114 2697 272 2733 sorum
293 2690 504 2751 propter
522 2681 724 2736 uerbum
744 2678 860 2746 Dei,
883 2687 932 2732 et
951 2689 1158 2750 propter
1179 2678 1524 2732 testimonium
1544 2676 1680 2749 quod

113 2768 373 2830 habebant,
418 2779 472 2823 et
495 2769 857 2823 clamauerunt
884 2767 1069 2838 (Apoc.
1097 2766 1196 2838 vi),
1227 2775 1282 2821 et
1315 2767 1539 2834 reliqua.
1571 2764 1680 2820 Sub

116 2873 220 2919 ara,
245 2858 436 2926 inquit,
466 2858 565 2912 Dei
593 2860 794 2912 animas
823 2859 1126 2912 occisorum.
1158 2856 1297 2922 Quid
1319 2856 1677 2921 reverentius,

117 2961 178 3010 qu
200 2948 231 3000 d
274 2943 642 3003 honorabilius
677 2948 782 3003 dici
817 2954 1016 3017 potest,
1059 2948 1221 3016 ωο
1247 2960 1406 3014 quam
1449 2945 1549 2999 sub
1590 2945 1688 2998 illa

119 3052 202 3090 ara
227 3041 565 3109 requiescere
593 3039 646 3093 in
671 3054 777 3108 qua
806 3038 916 3093 Deo
937 3036 1253 3093 sacriﬁcium
1281 3037 1602 3099 celebratur,
1624 3036 1678 3090 in

186 3177 210 3204 ι
244 3165 372 3222 Cod.
404 3167 666 3222 Vallicell.
696 3166 743 3221 Α
771 3165 857 3234 10,
896 3173 1190 3220 sanctorum
1223 3172 1509 3234 martyrum
1547 3164 1683 3217 cele-

120 3237 312 3290 bramus
339 3237 494 3290 diem.

184 3306 208 3343 δ
237 3299 404 3360 Codd.
439 3306 556 3359 Vat.
582 3305 718 3358 1267
745 3312 800 3360 et
827 3304 1014 3358 Vallic.
1046 3304 1090 3357 Δ
1121 3303 1207 3368 10,
1227 3304 1492 3358 edicimus.

186 3387 208 3443 ς
237 3375 366 3428 Cod.
396 3375 454 3428 S.
489 3375 632 3430 Petri
662 3374 764 3427 105
790 3376 849 3441 C,
877 3375 967 3427 sed
992 3374 1122 3443 ﬁdes
1151 3384 1228 3426 est
1253 3375 1310 3427 in
1337 3373 1560 3427 homine.

187 3442 208 3480 ⁵
239 3443 364 3514 Cod.
395 3443 658 3499 Valliccll.
691 3445 737 3514 Α
765 3443 852 3508 10,
882 3442 1281 3514 Magniﬁcamus
1313 3459 1438 3514 ergo
1483 3448 1682 3514 marty-

1778 2231 2065 2287 occisionis
2091 2229 2373 2286 dominicae
2404 2231 2644 2284 membra
2673 2239 2963 2299 ponuntur,
2995 2238 3055 2286 ut
3076 2247 3213 2300 quos
3234 2250 3358 2288 cum

1779 2321 1994 2376 Christo
2015 2318 2174 2376 unius
2197 2319 2463 2390 passionis
2481 2335 2641 2375 causa
2663 2319 2998 2385 devinxerat,
3021 2322 3176 2376 unius
3197 2323 3357 2377 etiam

1781 2411 1885 2466 loci
1910 2409 2100 2481 religio
2125 2410 2403 2480 copularet
2427 2408 2476 2464 ι.
2502 2409 2750 2480 Legimus
2782 2411 3067 2481 plerosque
3088 2412 3356 2481 iustorum

1782 2499 2008 2555 Abrahae
2034 2500 2239 2556 sinibus
2264 2499 2514 2565 refoveri,
2540 2501 2826 2555 nonnullos
2861 2501 3094 2570 paradisi
3130 2503 3358 2558 alumni-

1782 2597 1894 2644 tate
1927 2587 1944 2627 ι
1976 2591 2171 2655 laetari;
2216 2604 2375 2644 nemo
2414 2596 2592 2644 tamen
2639 2589 2831 2643 melius
2869 2597 3064 2659 prater
3097 2600 3361 2662 martyrcs

1783 2678 2009 2744 meruit;
2039 2667 2250 2734 hoc'est
2277 2688 2316 2715 ω
2344 2679 2699 2747 requiescere,
2726 2681 2814 2735 ubi
2843 2689 2896 2734 et
2923 2681 3096 2735 hostia
3116 2681 3362 2736 Christus

1782 2777 1865 2823 est
1892 2777 1948 2823 et
1974 2768 2242 2824 sacerdos.
2275 2766 2494 2824 Scilicet
2512 2775 2571 2822 ut
2597 2776 2652 2824 et
2677 2769 3107 2838 propitiationem
3129 2770 3196 2825 de
3210 2771 3361 2825 obla-

1783 2858 1933 2912 tione
1969 2858 2157 2912 hostize
2193 2864 2610 2926 consequantur,
2640 2866 2696 2912 et
2722 2858 3147 2913 benedictionem
3176 2869 3204 2896 η
3233 2876 3361 2929 per-

1785 2947 2216 3016 l'unctionemque
2256 2947 2550 3003 sacerdotis
2573 2956 2599 2984 °
2628 2949 2916 3017 excipiant.
2956 2948 3102 3004 [nter
3135 2958 3362 3004 caeteros

1782 3038 1946 3106 igitur
1971 3047 2236 3109 martyres
2261 3052 2398 3108 quos
2423 3037 2524 3093 sub
2563 3051 2656 3091 ara
2685 3036 2780 3092 Dei
2808 3048 2836 3087 Ρ
2869 3039 3163 3094 consistam
3198 3040 3360 3110 θοι

1785 3182 2114 3231 requiescere.

1855 3243 1881 3269 υ
1911 3234 2046 3316 God:
2078 3234 2212 3316 Vat:
2233 3232 2368 3316 1.267
2395 3241 2452 3288 et
2476 3231 2534 3286 S.
2565 3231 2710 3288 Petri
2735 3232 2838 3286 106
2859 3231 2918 3298 C,
2951 3235 3364 3309 funttionemqne

1789 3305 2068 3357 sacerdotis
2103 3305 2381 3372 accipiant.

1859 3382 1884 3408 ο
1912 3373 2046 3427 Cod.
2074 3371 2350 3435 Laurent.,
2380 3371 2655 3440 accipiant.

1859 3453 1886 3491 ρ
1914 3441 1969 3495 ln
1999 3442 2155 3496 codd.
2189 3441 2440 3494 Laurent.
2473 3456 2600 3494 mox
2618 3441 2731 3494 citt..
2765 3441 2906 3495 nulla
2949 3441 3007 3494 lit
3052 3442 3255 3497 mentio
3295 3443 3362 3497 de

123 3529 213 3572 res.
253 3513 342 3566 sed
377 3516 632 3583 pracipue
656 3513 774 3567 illos
808 3514 891 3584 qui
932 3509 1175 3584 nascente
1201 3509 1402 3565 Christo
1421 3509 1686 3584 adlegat:
1717 3568 1756 3584 Α
1786 3510 1843 3564 S.
1877 3511 2162 3584 Cypriano,
2191 3510 2283 3584 sed
2314 3511 2471 3563 ambo
2494 3511 3120 3584 sermonem_adn_ectunt
3147 3520 3363 3584 sancto-

124 3568 651 3700 Eegpem'feliciiatis
680 3568 1030 3662 pervenerunt.
1053 3581 1188 3634 Cod.
1216 3589 1392 3660 autent
1421 3568 1683 3633 Vallicvell.
1713 3568 1758 3630 C
1788 3568 2330 3662 runt'lnnocentium,
2362 3588 2421 3632 ut
2461 3580 2705 3659 sequitur
2736 3598 2748 3631 :
2783 3579 3078 3661 Consistcre
3110 3581 3363 3663 prcrdica-

243 3651 532 3700 concordat
576 3668 627 3700 in
672 3652 909 3700 relmurs.
940 3651 1034 3700 sed
1070 3650 1242 3700 solum
1272 3647 1420 3700 addit
1447 3658 1686 3700 nascente
1787 3667 1899 3700 mus
1924 3661 2077 3700 etiam
2106 3648 2278 3700 beatos
2311 3649 2429 3700 illos
2455 3651 2682 3700 infantes
2709 3649 2972 3700 lactentes.
2994 3664 3079 3700 aut
3103 3666 3194 3700 pro
3215 3649 3363 3700 (.lm-

243 3647 532 3706 concordat
576 3652 627 3706 in
671 3647 909 3719 reliquis,
940 3651 1034 3703 sed
1070 3650 1242 3704 solum
1272 3647 1420 3702 addit
1447 3658 1686 3701 nascente

128 3720 336 3783 Christo,
357 3723 411 3774 in
436 3723 550 3789 ipso
577 3721 811 3782 exordio,
843 3720 1036 3774 deinde
1060 3721 1222 3774 videte
1249 3728 1439 3783 autem,
1471 3729 1577 3772 etc.

194 3798 214 3823 ε
243 3789 372 3842 Cod.
411 3789 532 3843 Vat.
567 3789 722 3851 1265,
750 3789 1006 3842 scelestos.

197 3856 214 3892 '
243 3859 370 3912 Cod.
404 3858 461 3911 S.
496 3859 640 3912 Petri
671 3857 774 3910 105
793 3857 834 3911 C
858 3858 1057 3910 omittit
1083 3857 1257 3910 iidem.

193 3935 216 3971 κ
234 3925 362 3980 Cod.
393 3927 656 3982 Vallicell.
683 3926 727 3980 A
758 3927 845 3982 10.
874 3925 964 3979 sub
993 3927 1203 3979 altario.

193 3967 423 4049 iam:
439 3967 727 4051 321321.?
756 3967 857 4049 ἱόὲ
874 3967 960 4049 ’ῐῖ
991 3967 1216 4049 ἓὶᾜῖιῖ
1265 3993 1418 4053 H67,
1460 3994 1553 4046 sub
1594 4009 1688 4045 ara

132 4059 237 4125 Dei,
265 4073 390 4130 etc.,
420 4073 469 4118 et
496 4066 807 4119 clamabant.
840 4064 973 4118 Cod.
1002 4064 1261 4118 Vallicell.
1291 4061 1338 4116 Α
1365 4061 1573 4127 10,,ειώ
1611 4063 1691 4114 al-

131 4141 230 4183 tare
265 4131 376 4186 Dei.
409 4133 552 4188 Idem
579 4134 701 4188 cod.
733 4134 919 4187 Vallic.
953 4133 993 4185 Β
1022 4133 1074 4198 5,
1106 4143 1154 4184 et
1181 4130 1472 4185 clamabant
1501 4147 1518 4184 :
1559 4131 1690 4184 Vin-

132 4199 256 4262 dica,
289 4201 519 4267 Domine,
556 4205 859 4274 sanguinem
902 4211 1153 4266 nostrum,
1184 4202 1271 4273 qui
1303 4217 1396 4271 pro
1425 4210 1472 4253 te
1499 4200 1691 4268 effusus

132 4273 1070 4422 ‘f'a‘iii'dfeﬁfii'iiiihf‘é’lei‘ém
1109 4337 1210 4392 105
1255 4337 1317 4406 c,
1359 4339 1489 4408 justi
1527 4337 1692 4390 vindi-

135 4416 256 4459 ctam
279 4411 541 4478 sanguinis
572 4410 850 4478 postulant.

200 4476 212 4523 ἰ
249 4477 376 4531 Cod.
407 4478 440 4529 4
476 4479 532 4532 S.
567 4478 750 4532 Crucis
777 4477 968 4532 Minor.
999 4477 1051 4531 in
1076 4476 1351 4543 l.aurent.,
1380 4476 1487 4529 illic
1512 4476 1692 4528 occisis

135 4554 178 4610 et
204 4547 411 4599 tumulus
457 4549 802 4609 constituitur,
842 4545 945 4610 ubi,
993 4555 1096 4600 etc.
1142 4547 1272 4600 ltem
1309 4545 1430 4600 cod.
1462 4561 1479 4598 ι
1511 4544 1692 4608 Laur.;

137 4609 255 4666 Cod.
296 4631 420 4671 vero
460 4617 516 4671 S.
551 4615 694 4670 Petri
733 4615 837 4667 502
872 4609 939 4681 C,
979 4614 1102 4668 Non
1149 4617 1422 4681 immerito,
1464 4614 1691 4683 inquam,

137 4687 427 4806 zmorlt‘ium
455 4684 711 4757 quoddam
739 4685 844 4738 illis
869 4686 1053 4739 occisis
1090 4693 1139 4738 et
1180 4684 1399 4737 tumulus
1429 4683 1696 4736 constitui-

189 4768 230 4806 ι’.
262 4768 291 4806 e
349 4794 362 4806 .

189 4768 230 4810 Γ,
262 4768 362 4806 CIC.

203 4819 225 4856 ι
244 4820 374 4890 Cod.
405 4823 666 4878 Vallicell.
695 4823 754 4875 Β.
789 4820 822 4873 5
847 4829 970 4890 post
990 4837 1176 4874 vocem
1206 4821 1467 4890 copularet
1482 4820 1653 4890 habet
1679 4835 1692 4870 :

138 4889 449 4981 ἕξέέἰεῖὶειιέε
465 4895 552 4981 καί]
579 4908 598 4946 τ
622 4891 947 4981 rasas“:
960 4899 1032 4981 1“.
1044 4889 1424 4981 .‘i?.‘-"99;f""'.:
1434 4889 1519 4981 ξεί
1553 4890 1697 4981 δέξει
1725 4923 1775 4981 υ
1797 4892 2174 4981 ciamus"!

141 4958 352 5031 minim;
399 4974 560 5015 meus.
616 4960 850 5031 Legimus
893 4957 1336 5028 plerosquefetc.
1385 4958 1518 5013 Cod.
1571 4957 1690 5010 Vat.

144 5024 290 5100 tibi,
311 5028 547 5100 Legimus
577 5024 732 5100 enirn.

210 5093 224 5130 ¹
254 5093 464 5153 (Σοᾱῖὃ.
501 5099 646 5152 Petri
677 5097 778 5151 105
803 5096 864 5162 C,
895 5098 1079 5151 (tutari.
1124 5095 1291 5150 Nemo
1323 5106 1490 5149 tamen
1516 5095 1695 5149 melius

144 5173 312 5241 Ριζωιετ
357 5180 608 5239 martyres
657 5170 839 5222 meruit
886 5168 958 5220 ibi
1005 5167 1333 5236 requiescere,
1374 5165 1460 5218 ubi
1505 5174 1553 5218 et
1599 5165 1694 5216 ho-

144 5241 246 5294 stia,
269 5244 368 5290 etc.

205 5309 241 5337 ⁸³
267 5303 391 5360 Cod.
423 5307 455 5360 4
474 5305 530 5361 S.
561 5305 747 5360 Crucis
769 5305 962 5359 minor.
987 5314 1042 5360 et
1069 5321 1082 5359 ι
1113 5303 1386 5366 Laurent.,
1411 5305 1504 5356 hoc
1527 5312 1601 5356 est
1628 5302 1697 5355 ibi

211 5421 238 5491 '_
251 5419 371 5487 Quis
402 5425 528 5477 hinc
564 5439 672 5476 non
701 5421 986 5491 perspiciat
1023 5429 1214 5491 testem
1252 5416 1699 5491 esse__M_aximum

149 5485 326 5560 divinis
347 5494 647 5546 traditionis
676 5485 796 5560 quas
823 5485 905 5544 est
933 5493 1000 5542 de
1041 5488 1208 5541 Missae
1243 5485 1502 5540 sacriﬁcio
1530 5487 1703 5560 deque

153 5558 262 5611 reali
298 5559 484 5616 Christi
532 5562 588 5614 in
639 5556 987 5613 Eucharistim
1015 5565 1354 5610 sacramento
1389 5556 1703 5622 pnnsentia?

154 5630 254 5697 Quo
276 5645 426 5697 porro
447 5647 609 5686 sensu
631 5630 688 5682 S.
713 5630 902 5682 doctor
923 5638 975 5680 et
996 5626 1193 5680 edundi
1219 5625 1533 5697 sanguinem
1552 5624 1705 5697 Chri-

154 5696 210 5747 bti
233 5693 472 5760 iu‘altari,
505 5711 561 5756 et
587 5699 828 5753 membra
850 5697 1042 5750 Christi
1078 5695 1228 5748 alt-.ni
1260 5695 1459 5755 imponi
1487 5693 1703 5757 dixerit,

1787 3667 1899 3702 mus
1924 3651 2077 3702 etiam
2106 3648 2278 3701 beatos
2311 3649 2429 3701 illos
2455 3649 2682 3716 infantes
2709 3649 2972 3712 lactentes,
2994 3650 3079 3717 qui
3102 3666 3194 3717 pro
3215 3649 3364 3702 Chri-

1786 3728 1867 3773 sto
1895 3719 2151 3788 primitias
2191 3728 2473 3787 martyrum
2512 3733 2616 3770 non
2643 3719 2937 3788 loquendo,
2975 3717 3062 3788 sed
3102 3720 3364 3788 moriendo

1789 3784 2008 3858 confessi
2037 3803 2254 3841 coronas
2287 3784 2599 3858 meruerunt.
2634 3784 2816 3858 Neque
2850 3789 2985 3839 enim
3028 3785 3369 3858 dubitandum

1787 3867 1863 3934 est
1888 3856 1974 3910 eos
2002 3859 2056 3909 in
2082 3857 2348 3934 martyrio
2360 3871 2467 3934 prce
2504 3856 2964 3934 ueteris-exorare,
2987 3857 3073 3925 qui
3100 3856 3152 3908 in
3177 3866 3369 3934 marty-

1789 3928 1866 3979 rio
1895 3923 2278 3993 prazcesserunt.
2305 3923 2505 3976 Dicitur
2531 3940 2650 3993 ergo
2675 3924 2780 3977 illis
2807 3923 3080 3977 vindictam
3109 3923 3364 3993 postulan-

1789 3992 1942 4047 tibus.
1963 3994 2096 4047 Cod.
2121 4003 2299 4048 autem
2323 3993 2490 4046 Vatic.
2521 3992 2680 4056 1267,
2700 3995 2977 4048 consistere
2993 3992 3364 4062 praedicamus;

1789 4067 1945 4116 etiam
1967 4063 2136 4131 beatos
2162 4063 2279 4114 illos
2300 4063 2480 4115 choros
2507 4062 2783 4131 infantium
2813 4064 3108 4115 lactentium
3128 4063 3364 4126 dicimus,

1857 4135 1875 4186 i
1920 4149 2013 4202 pro
2055 4129 2258 4184 Christo
2301 4129 2878 4202 primitia'martyrum
2919 4133 3063 4201 facti,
3107 4146 3221 4184 eum
3264 4149 3364 4185 non

1811 4201 2479 4271 aquendo,sedmorien_do
2513 4201 2755 4271 confessi,
2797 4217 3015 4254 coronas
3054 4211 3365 4271 meruerunt.

1793 4269 1973 4339 Neque
2001 4270 2134 4322 enim
2165 4269 2501 4339 dubitandum
2546 4285 2632 4322 eos
2677 4270 2733 4322 in
2777 4271 3028 4338 martyrio
3071 4269 3222 4339 plura
3262 4287 3370 4339 pra:

1791 4337 1989 4393 oratoris
2035 4354 2271 4400 exorare,
2313 4337 2397 4402 qui
2443 4339 2692 4406 martyrio
2729 4337 2948 4407 caeteros
2979 4337 3368 4407 praecesserunt.

1794 4408 1996 4461 Dicitur
2033 4424 2153 4476 ergo
2192 4407 2296 4459 illis
2336 4405 2613 4459 vindictam
2649 4405 3025 4474 postulantibus
3054 4415 3168 4476 post
3195 4409 3370 4461 datum

1793 4494 1998 4540 munus,
2028 4486 2083 4527 ut
2110 4478 2372 4546 quiescant
2397 4485 2550 4546 atque
2569 4478 2894 4546 sustineant,
2923 4476 3082 4530 donec
3110 4478 3364 4546 complea-

1795 4558 1878 4600 tur
1897 4541 2158 4608 numerus,
2183 4553 2290 4614 etc.
2316 4541 2450 4597 Cod.
2467 4541 2533 4596 VS.
2568 4543 2713 4596 Petri
2738 4543 2838 4597 105
2856 4543 2917 4608 C,
2949 4541 3235 4600 consistere
3246 4564 3373 4614 prce-

1795 4616 2025 4668 dicamus
2053 4615 2207 4666 etiam
2239 4612 2566 4681 beatoslillos
2607 4614 2833 4684 infantes
2869 4615 3134 4679 lactentes,
3165 4612 3253 4682 qui
3281 4634 3374 4684 pro

1796 4684 1999 4738 Christo
2027 4684 2267 4750 primitia:
2294 4690 2581 4751 martyrum
2602 4697 2702 4735 non
2733 4682 3002 4752 loquendo,
3035 4684 3127 4737 sed
3152 4682 3375 4737 morien-

1798 4755 1864 4807 do
1883 4754 2102 4824 confessi
2123 4761 2268 4824 sunt,
2285 4750 2506 4804 coronas
2531 4750 2839 4824 meruerunt.
2866 4750 3045 4821 Neque
3071 4753 3207 4824 enim
3228 4753 3375 4806 dubi~

1800 4821 2012 4875 tandum
2041 4833 2116 4874 est
2144 4837 2230 4874 eos
2249 4821 2304 4873 in
2331 4822 2585 4889 martyrio,
2607 4822 2756 4889 plura
2785 4837 2894 4889 pra:
2921 4822 3118 4874 ceteris
3137 4838 3374 4884 exorare,

2220 4906 2328 4957 pra
2371 4891 3001 4959 caterisprazcesserunt.
3052 4890 3111 4942 In
3159 4891 3379 4959 reliquis

1799 4957 2088 5015 conlormis
2125 4967 2208 5012 est
2252 4959 2426 5027 Vatic.
2462 4957 2617 5010 1267.
2661 4958 2718 5010 In
2757 4968 3004 5026 utroque,
3048 4967 3107 5013 ut
3154 4957 3380 5027 quisiiuo

1800 5031 1965 5092 videt,
1993 5030 2059 5082 de
2085 5037 2271 5081 sancto
2305 5026 2572 5092 Cypriane
2610 5027 2758 5081 nihil.
2805 5028 2897 5080 llis
2928 5028 3062 5081 adde
3104 5026 3379 5082 codicibus

1801 5099 2014 5153 codices
2049 5097 2309 5150 Vallicell.
2338 5095 2382 5149 A
2412 5096 2478 5150 10
2511 5105 2565 5148 et
2593 5095 2637 5149 B
2665 5096 2717 5157 5,
2741 5097 2809 5150 in
2839 5097 3032 5164 quibus
3060 5112 3126 5151 ne
3155 5099 3382 5150 verbum

1801 5169 2016 5236 quidem
2045 5167 2112 5236 de
2247 5164 2530 5236 Cypriano.
2568 5164 2700 5220 Cod.
2733 5174 2912 5220 autem
2935 5166 2977 5218 Β
3000 5164 3034 5217 5
3055 5165 3381 5221 conforlnior

1801 5233 1885 5292 est
1915 5237 2036 5291 cod.
2065 5234 2124 5290 S.
2156 5233 2318 5289 Petri.

1803 5430 1961 5469 nemo
1985 5419 2068 5466 est
2090 5409 2510 5464 orthodoxorum
2535 5407 2632 5473 qui
2649 5406 2870 5474 nesciat.
2905 5407 3086 5474 Itaque
3113 5423 3217 5459 non
3249 5423 3381 5474 υνυς

1808 5493 1862 5537 ut
1892 5485 1944 5537 in
1975 5483 2037 5535 iis
2066 5479 2395 5547 explicandis
2419 5491 2638 5547 operam
2682 5489 2801 5547 esse
2820 5476 3259 5547 _cor_tsumcndatn
3286 5493 3382 5542 pll-

1808 5562 1933 5606 tem.
1964 5543 2161 5604 Confer
2190 5558 2320 5600 tom.
2374 5546 2413 5598 ll
2456 5545 2634 5612 operis
2664 5562 2676 5594 :
2711 5544 2773 5593 de
2810 5544 2860 5596 la
2901 5543 3190 5611 Perpétuité
3229 5546 3291 5595 de
3331 5547 3382 5612 la

1807 5623 1898 5692 foi,
1937 5630 2065 5683 etc.,
2107 5617 2347 5716 tou‘c‘hant
2386 5614 2756 5716 t'euc‘h'a'ris'tie,
2786 5611 2875 5664 lib.
2910 5627 3164 5716 "russam,
3195 5629 3314 5680 cap.
3352 5611 3382 5662 8

1807 5707 1933 5716 an..-
2004 5701 2103 5716 ...ιη
2152 5688 2184 5716 '-'.
2225 5685 2253 5716 '7
2282 5698 2407 5716 conn
2519 5701 2528 5716 ι
2556 5697 2568 5716 ι
2687 5697 2787 5716 τινες
2837 5697 2899 5716 ἰη
3007 5696 3051 5716 ιλ

1806 5679 1977 5760 suqu
2004 5679 2122 5757 pag.
2152 5685 2253 5739 507
2282 5698 2454 5751 scqq.,
2487 5681 2611 5733 edit.
2643 5679 2804 5732 Paris.
2837 5697 2920 5733 an.
2962 5679 3109 5732 l672.
