3896 6250
122 326 269 381 ωε.

1520 327 1748 384 SERMO
1786 328 1987 383 LXXX.

3315 346 3422 400 θυι

122 446 310 490 morte
335 438 687 505 praemittere
715 439 934 506 contigit
969 435 1121 501 ﬁlios,
1154 445 1210 492 ut
1251 438 1382 491 nihil
1407 438 1507 494 sibi
1545 437 1612 493 de
1649 439 1727 493 eis
1760 446 1803 502 Α
1838 441 2107 496 transiret.
2155 452 2181 481 ι
2217 442 2327 500 Nec
2364 447 2763 517 requirendum,
2808 448 3021 521 fratres,
3061 469 3166 521 qua
3197 458 3419 525 potissiq

122 525 454 581 vindicaret
506 527 765 582 infernus.
796 527 898 582 Sed
926 538 1048 598 post
1088 530 1201 583 haec
1242 529 1424 583 omnia
1452 529 1736 598 stupenda,

121 616 351 679 mulier,
378 618 586 672 eadem
611 634 717 687 qua
757 619 846 672 ﬁlii
883 620 1216 673 conlessione
1242 618 1512 685 defuncta,
1548 635 1735 674 secura

120 704 503 775 subsequitur
522 722 660 775 quos
690 715 797 761 tam
825 708 1017 763 devota
1044 709 1319 777 prmuisit.
1350 709 1736 765 Justissimum—

121 807 232 858 que
264 794 321 846 in
354 804 667 863 conspectu
700 797 906 851 Domini
936 796 1052 864 fuit,
1084 809 1142 853 ut
1172 808 1253 854 tot
1279 810 1573 873 martyrum
1616 817 1735 855 ma—

123 889 209 936 ter
235 882 310 939 de
340 883 461 940 hoc
491 886 693 941 mundo
732 903 839 942 non
880 889 995 943 sine
1040 890 1281 961 martyrii
1326 874 1735 946 consecratione

1847 547 1990 586 mum
2019 548 2176 603 pmna
2203 534 2647 605 gloriosissimum
2677 539 2929 597 clauserit
2956 542 3126 609 diem;
3158 560 3280 601 cum
3301 558 3422 603 om-

1841 623 1930 677 nia
1954 640 2072 692 qua:
2092 624 2388 681 audivimus
2413 628 2671 697 supplicia
2703 628 2953 698 ﬁliorum,
2975 642 3217 693 materna
3247 649 3420 694 torse-

1837 712 1947 766 rint
1968 713 2194 777 viscera,
2219 722 2274 769 et
2297 715 2412 769 sola
2451 716 2627 773 acrius
2665 721 2892 775 senserit
2915 722 3174 792 quidquid
3218 728 3411 796 singuli

1836 802 2187 873 pertulerunt.

1491 1006 1759 1068 SERMO
1800 1006 2062 1067 LXXX.

1500 1129 1575 1185 De
1618 1128 1933 1183 Machabazis
1977 1127 2061 1183 11.

1583 1237 1968 1295 ADMONITIO.

191 1327 386 1450 φεῖ]
398 1326 528 1381 Non
571 1327 623 1382 in
650 1326 1029 1384 Casinensibus
1057 1329 1217 1385 modo
1243 1329 1515 1385 codicibus
1551 1340 1783 1400 quatuor
1822 1345 1949 1384 mox
1991 1330 2240 1396 laudatis,
2269 1341 2323 1385 et
2352 1332 2404 1386 in
2422 1333 2793 1395 ,Ambrosiano
2820 1337 3085 1392 secundus
3114 1338 3200 1393 hic
3226 1355 3403 1396 sermo

276 1412 345 1450 ac
391 1396 565 1450 abaeis
594 1405 784 1450 sancto
812 1397 1044 1450 Maximo
1072 1400 1359 1450 inscriptus
1388 1400 1597 1450 lenitur.
1623 1400 1717 1450 sed
1742 1399 1903 1450 etiam
1930 1399 1982 1450 in
2012 1399 2185 1450 Vatia.
2216 1400 2374 1450 (ΗΜ-
2416 1401 2508 1450 fni-
2545 1401 2639 1450 lS-l
2675 1420 2704 1450 τι
2742 1414 2892 1450 teram
2917 1406 2999 1450 his
3027 1406 3203 1450 vni-his
3234 1427 3245 1438 -
3282 1410 3399 1450 ςρν.

121 1394 191 1449 de
218 1394 565 1452 Machabaais
594 1405 784 1453 sancto
812 1397 1044 1453 Maximo
1072 1400 1359 1467 inscriptus
1388 1394 1597 1468 legitur,
1623 1400 1708 1453 sed

122 1480 207 1517 mo
228 1466 413 1519 sancti
442 1465 669 1520 Maximi
697 1469 919 1537 cpiscOpi
942 1467 1171 1523 calendis
1190 1470 1408 1539 Augusti
1436 1478 1708 1523 sanctorun

1813 1414 1903 1475 am
1930 1399 1982 1453 in
2012 1399 2185 1464 Vatic.
2216 1394 2374 1468 (ii5l,
2416 1394 2508 1458 fol.
2545 1401 2639 1458 154
2675 1420 2707 1459 a
2742 1414 2892 1475 tergo
2917 1406 2999 1461 his
3027 1406 3203 1461 verbis
3234 1427 3245 1461 :
3280 1394 3399 1464 Ser;

1819 1467 2195 1524 achabazorum.

121 1597 539 1671 Auentinum.
570 1634 643 1644 —
664 1600 744 1654 De
764 1602 1067 1655 mternitatis
1094 1602 1260 1671 gloria
1282 1618 1489 1655 securos
1512 1600 1727 1654 Hac/ta»-

193 1668 363 1736 btcos,
399 1672 568 1739 ferro,
596 1671 840 1738 ﬂammis,
863 1668 1123 1740 variisque
1144 1672 1409 1739 suppliciis
1436 1672 1720 1734 cruciatos;

193 1755 291 1791 nec
344 1742 613 1794 instantis.
641 1740 821 1798 matris
863 1741 1079 1793 inclinat
1118 1741 1346 1809 affectio,
1376 1756 1467 1793 nec
1507 1750 1721 1793 matrem

192 1808 547 1880 morientium
576 1810 773 1880 frangit
812 1809 960 1880 turba
987 1808 1247 1880 natorum.
1286 1808 1416 1862 Vere
1458 1810 1722 1880 gloriosis-

190 1876 345 1930 sima:
372 1877 613 1930 mulieris
635 1876 1052 1947 incomparabilis
1074 1878 1231 1947 fides.

192 1963 379 2017 Unum
413 1980 540 2019 esse
567 1966 813 2033 spiritum
840 1963 976 2019 Novi
1022 1980 1087 2020 ac
1117 1966 1328 2021 Veteris
1357 1965 1718 2029 ~Testamenti,

124 2037 291 2107 etiam
316 2052 347 2091 ι)
375 2053 814 2108 Μαεὴθὺωοῑυω
842 2054 1252 2122 magnanimitas
1284 2053 1520 2123 ﬁdesque
1547 2054 1725 2107 decla-

123 2152 225 2208 rat,
250 2146 345 2213 qui
377 2144 453 2199 de
483 2145 799 2200 aeternitatis
827 2144 1017 2212 gloria,
1045 2144 1156 2199 Deo
1177 2145 1542 2214 promittente,
1569 2158 1723 2225 scen:

122 2233 189 2297 ri,
232 2236 456 2288 cruenti
501 2236 642 2303 regis
668 2235 927 2289 saevitiam
955 2234 1044 2304 pia
1082 2242 1257 2289 morte
1295 2235 1556 2289 vicerunt.
1590 2234 1720 2287 Nam

125 2323 421 2376 Dominum
452 2332 695 2377 nostrum
716 2322 899 2378 Iesum
919 2321 1208 2387 Christum,
1228 2337 1385 2390 quem
1410 2324 1722 2395 testimonio

125 2411 413 2481 Evangelii
442 2414 617 2467 omnis
646 2428 781 2482 pene
823 2413 889 2468 de
928 2414 1065 2468 cmlo
1088 2413 1259 2466 credit
1283 2412 1490 2465 venisse
1510 2412 1721 2479 gentili-

126 2511 224 2563 tus,
260 2504 603 2557 nasciturum
650 2504 703 2557 in
746 2504 904 2558 terris
948 2518 1067 2558 esse
1114 2502 1182 2557 de
1222 2503 1428 2569 virgine
1469 2504 1716 2557 universa

123 2591 325 2645 dudum
370 2609 475 2662 per
513 2594 685 2662 legem
732 2602 892 2663 atque
920 2594 1215 2662 prophetas
1243 2592 1423 2647 Judzea
1454 2593 1713 2647 discebat.

131 2679 193 2733 lit
222 2682 350 2737 inde
386 2696 434 2749 τ’,
466 2684 746 2745 carissimi,
777 2681 923 2753 quod
951 2682 1241 2738 Macbabazi
1270 2683 1462 2737 fratres
1488 2699 1589 2753 pro
1632 2700 1717 2735 re-

126 2775 371 2827 verentia
403 2775 539 2842 legis
566 2783 800 2843 paterna:
838 2783 963 2831 ante
1001 2790 1060 2829 se
1087 2775 1425 2845 passionibus
1464 2775 1717 2829 subdide-

129 2871 251 2914 runt
279 2877 451 2931 quam
481 2864 610 2932 legis
638 2864 894 2918 Dominus
923 2872 1217 2933 pateretur.
1234 2862 1379 2929 Inde,
1402 2864 1546 2933 quod
1568 2866 1713 2933 prius

128 2953 498 3021 despexerunt
532 2963 759 3009 mortem
787 2970 947 3023 quam
976 2953 1002 2993 ά
1040 2970 1137 3024 per
1163 2954 1435 3009 Christum
1466 2956 1713 3010 vincere-

132 3047 216 3093 tur
257 3041 521 3098 infernus.
569 3044 717 3109 Inde,
746 3044 891 3113 quod
918 3052 1076 3099 antea
1120 3052 1217 3113 pro
1244 3045 1450 3099 hanore
1482 3045 1712 3099 Redem-

1827 1602 2172 1673 perﬁdorum.
2233 1603 2251 1643 τ
2282 1605 2471 1673 Agitur
2502 1607 2668 1675 igitur
2695 1623 2815 1664 cum
2856 1611 2935 1665 eis
2981 1609 3142 1677 ferro,
3176 1609 3401 1681 ﬂammis

1827 1694 2096 1761 variisque
2139 1694 2431 1763 suppliciis.
2465 1693 2601 1751 Huic
2628 1696 2789 1764 caput
2812 1705 2933 1754 cute
2962 1698 3193 1759 nudatur
3213 1741 3228 1765 ,
3275 1701 3400 1757 huic

1754 1789 1799 1846 Β
1826 1783 2003 1850 lingua
2035 1783 2373 1852 prmciditur;
2414 1783 2624 1852 frigitur
2650 1771 2771 1850 ille,
2800 1788 3041 1844 manibus
3068 1790 3399 1859 pedibusque

1829 1879 2121 1929 truncatus.
2142 1871 2246 1925 Sed
2273 1872 2412 1925 inter
2433 1882 2538 1925 tam
2563 1871 2799 1928 funestas
2821 1878 3184 1943 torquentium
3209 1894 3398 1933 manus

1826 1974 1925 2013 nec
1955 1957 2091 2013 filios
2135 1959 2385 2014 instantis
2413 1962 2601 2015 matris
2629 1961 2852 2016 inclinat
2877 1961 3107 2028 affectio.
3138 1980 3240 2025 nec
3282 1981 3397 2020 ma-

1825 2060 1959 2107 trem
1984 2050 2304 2109 morientum
2336 2050 2528 2119 frangit
2554 2052 2708 2107 turba
2738 2060 3005 2111 natorum.
3038 2055 3310 2122 Atqueita
3341 2056 3399 2108 iu

1821 2142 2089 2210 germanis
2135 2143 2333 2211 pueris,
2382 2151 2438 2196 et
2485 2142 2707 2198 muliere
2750 2145 3029 2199 senissima
3071 2145 3258 2199 eadem
3296 2160 3394 2213 pro

1821 2232 1937 2300 lege
1965 2233 2059 2289 Dei
2088 2230 2235 2287 fuere
2262 2239 2386 2287 vota
2416 2234 2711 2296 moriendi,
2744 2243 2802 2288 ut
2829 2243 2883 2289 et
2923 2235 3034 2304 ipsa
3064 2236 3306 2290 videatur
3335 2235 3394 2286 ll-

1820 2324 1919 2378 lios
1948 2324 2137 2391 spiritu
2166 2325 2331 2391 magis
2359 2325 2607 2395 genuisse
2632 2338 2793 2392 quam
2842 2339 3025 2392 carne,
3054 2334 3109 2378 ct
3152 2325 3227 2378 illi
3252 2326 3393 2380 testi-

1820 2424 2031 2467 mentur
2059 2428 2165 2466 non
2196 2421 2301 2465 tam
2332 2413 2485 2467 lactis
2510 2413 2864 2468 substantiam
2894 2412 2959 2467 de
2988 2421 3158 2467 matre
3185 2414 3392 2468 suxisse

1817 2498 2145 2570 quamﬁdci.
2174 2499 2302 2567 Quis
2331 2516 2437 2555 non
2461 2502 2783 2571 perﬁdorum
2808 2502 3147 2572 ﬁdeliumque
3170 2505 3394 2558 miretur

1817 2589 1961 2659 quod
2005 2590 2283 2644 senissima
2331 2591 2523 2645 mulier
2564 2598 2643 2644 tot
2683 2591 2918 2646 dulcium
2960 2594 3240 2660 pignorum
3285 2611 3390 2647 nou

1816 2682 2505 2747 congemiscirinteritum?
2534 2680 2665 2748 Quis
2712 2698 2816 2741 non
2858 2683 3200 2753 Obstupescat
3248 2685 3390 2753 quod

1814 2770 1881 2824 de
1902 2775 2012 2827 tam
2030 2770 2332 2824 crudelibus
2353 2768 2577 2825 ﬁliorum
2608 2772 2882 2841 suppliciis
2912 2773 3102 2833 furenti
3128 2775 3239 2841 regi
3270 2775 3386 2829 beta

1813 2868 1987 2917 mater
2015 2869 2039 2907 ε
2084 2860 2319 2929 insultat,
2350 2861 2597 2930 illiusque
2621 2863 2800 2931 potius
2828 2871 3135 2931 persecutor
3164 2879 3387 2932 magna-

1814 2951 2057 3017 nimitate
2087 2958 2386 3019 torquetur,
2417 2966 2574 3021 quem
2607 2950 2628 2986 δ
2660 2951 3005 3008 meditatione
3036 2953 3191 3021 impia
3239 2954 3387 3021 cogi-

1812 3041 1960 3096 tabat
1989 3050 2081 3094 aut
2108 3041 2545 3109 praevaricatione
2572 3040 2832 3108 polluere,
2861 3049 2953 3101 aut
2981 3042 3210 3101 orbitate
3238 3042 3387 3095 dam-

130 3132 298 3195 ptoris
339 3134 623 3201 proprium
663 3134 923 3188 dederunt
966 3134 1305 3202 sanguinem,
1345 3148 1507 3201 quam
1551 3150 1706 3187 suum
1738 3143 1780 3202 ρ
1814 3146 1941 3187 nare
1962 3134 1984 3183 ’ἰ
2008 3124 2140 3183 Nam
2166 3130 2308 3197 quod
2337 3145 2497 3199 supra
2528 3144 2687 3184 omne
2714 3130 3029 3189 miraculum
3058 3138 3161 3194 est,
3186 3130 3385 3201 juniori

132 3234 228 3286 pro
257 3223 339 3277 eis
368 3239 618 3277 cruorem
652 3223 980 3293 Redemptor
1006 3223 1321 3277 effunderet.
1356 3222 1484 3288 Quis
1532 3232 1711 3276 autem

131 3310 337 3366 dubitet
386 3324 497 3366 tam
540 3314 818 3366 innumera
864 3312 1045 3366 mundi
1094 3312 1372 3380 praesentis
1422 3312 1563 3365 mala
1608 3326 1707 3365 nec

133 3402 279 3457 adire
307 3419 428 3470 eos,
451 3420 553 3458 nec
590 3404 823 3458 tolerare
852 3403 1117 3473 potuisse,
1141 3402 1241 3455 nisi
1272 3402 1376 3456 ﬁde
1404 3401 1710 3469 plenissima

133 3492 197 3546 de
241 3494 401 3551 bonis
432 3495 594 3551 futuri
622 3496 801 3551 seculi
844 3496 1235 3551 credidissent?
1277 3494 1464 3562 Nemo,
1496 3496 1705 3559 fratres,

135 3600 290 3640 nemo
321 3597 608 3659 tyrannum
638 3590 860 3659 spernit,
886 3590 990 3642 nisi
1009 3589 1099 3658 qui
1120 3604 1211 3657 spe
1232 3588 1455 3656 legitimi
1478 3588 1711 3656 impera-

135 3675 263 3731 toris
290 3680 541 3747 erigitur;
575 3696 733 3733 ncmo
778 3687 1009 3735 mortem
1047 3678 1260 3749 praefert
1289 3680 1427 3743 vitae,
1472 3679 1573 3733 nisi
1618 3680 1708 3747 qui

135 3763 294 3818 vitam
322 3769 496 3821 credit
538 3784 656 3823 esse
685 3777 806 3837 post
836 3778 1097 3835 mortem;
1128 3786 1285 3823 nemo
1316 3778 1582 3823 tormenta
1610 3786 1706 3824 vo-

137 3848 246 3905 lens
270 3858 588 3925 perpetitur,
621 3858 723 3910 nisi
753 3858 843 3925 qui
874 3866 1053 3925 sperat
1072 3858 1289 3926 prmmia
1315 3866 1439 3927 post
1468 3866 1709 3913 tormen-

136 3947 207 3993 ta.
231 3941 396 4011 Igitur
424 3962 542 4001 cum
574 3948 867 4001 Antiochus
896 3948 949 4000 in
984 3964 1167 4001 servos
1198 3948 1289 4001 Dei
1313 3947 1579 4001 eiimnata
1608 3964 1708 4002 sa“:-

138 4030 268 4085 viret
312 4034 542 4102 insania,
588 4046 793 4106 septem
835 4050 1206 4104 germanorum
1251 4039 1703 4107 religiosissimum

136 4120 347 4176 chorum
372 4126 442 4179 ad
463 4142 617 4179 suum
633 4126 781 4194 jubet
804 4128 1037 4181 tribunal
1057 4144 1174 4183 cum
1196 4130 1358 4198 606
1386 4137 1558 4182 matre
1581 4144 1705 4197 per-

138 4211 271 4277 duci,
300 4222 475 4269 utaut
513 4216 604 4269 illa
644 4225 750 4269 tam
794 4231 1092 4272 numerosae
1125 4218 1290 4285 prolis
1316 4218 1547 4272 cruciata
1576 4234 1703 4286 sup-

138 4296 301 4363 pliciis
336 4303 660 4370 vinceretur,
705 4313 797 4358 aut
826 4305 871 4359 si
902 4320 1061 4373 quem
1091 4304 1229 4359 forte
1258 4322 1325 4365 ex
1353 4308 1534 4375 pueris
1576 4323 1703 4376 pro-

140 4388 275 4451 prius
310 4408 414 4448 non
448 4396 726 4465 terruisset
756 4396 1021 4457 interitus,
1065 4411 1209 4450 mors
1251 4397 1484 4451 fraterna
1518 4398 1701 4451 turba-

1817 3219 1923 3273 lilio
1953 3227 2141 3285 mater,
2172 3234 2329 3288 quem
2362 3235 2391 3271 a
2418 3233 2542 3286 rege
2571 3228 2879 3288 susceperat
2904 3219 3284 3286 inclinandum,
3309 3220 3385 3277 sic

1816 3310 1890 3365 ait
1926 3328 1936 3362 :
1969 3308 2117 3373 Peto,
2160 3310 2258 3377 ﬁli,
2298 3307 2313 3349 ί
2347 3318 2401 3362 ut
2437 3308 2718 3379 condignas
2761 3308 3006 3379 fratribus
3050 3310 3148 3361 luis
3174 3309 3384 3387 emeatus

1812 3399 2062 3468 suscipias
2090 3408 2324 3465 mortem,
2348 3407 2400 3451 ut
2430 3400 2483 3451 in
2508 3397 2601 3452 illa
2627 3398 2983 3453 misericordia
3017 3400 3107 3453 Dei
3129 3416 3239 3457 cum
3269 3402 3383 3471 [ra-

1811 3488 1972 3542 tribus
2013 3490 2111 3543 tuis
2142 3498 2188 3542 te
2217 3489 2458 3558 recipiam
2490 3488 2553 3559 (ΙΙ
2576 3488 2715 3542 Hac.
2746 3490 2860 3557 vn).
2894 3488 3029 3543 Vere
3066 3490 3382 3557 gloriosissi‘

1812 3592 1910 3629 mre
1944 3560 2183 3631 mulieris
2222 3577 2651 3645 ineomparabilis
2680 3574 2850 3631 ﬁdes!
2901 3577 3054 3632 Astat
3082 3579 3134 3637 in
3165 3594 3382 3648 conspe-

1810 3677 1897 3723 ctu
1923 3670 2063 3737 regis
2090 3684 2274 3722 secura
2303 3668 2369 3723 de
2395 3670 2637 3731 mortuis.
2669 3669 2829 3739 607
2861 3669 3064 3738 trepida
3093 3669 3160 3724 de
3191 3670 3378 3725 viven-

1810 3765 1881 3811 te.
1914 3757 2130 3811 Sciebat
2149 3758 2289 3811 enim
2318 3758 2458 3810 hunc
2476 3772 2534 3810 se
2564 3758 2734 3810 solum
2768 3756 2929 3812 ﬁlium
2961 3759 3305 3827 perdituram,
3335 3763 3379 3815 si

1808 3848 1952 3904 solus
1981 3849 2244 3907 timuisset
2272 3848 2466 3909 occidi.
2498 3848 2602 3902 Sed
2634 3865 2741 3901 non
2771 3849 3001 3917 degener
3024 3850 3254 3919 juvenis,
3287 3854 3377 3919 qui

1805 3940 2028 3993 fratrum
2045 3953 2246 4007 agones
2270 3939 2533 4007 patienter
2560 3949 2862 4009 aspexerat,
2896 3947 3120 3995 matrem
3151 3940 3378 3995 libenter

1805 4032 2021 4095 audivit,
2047 4040 2101 4086 et
2123 4039 2459 4099 torquentem
2488 4034 2667 4095 regem
2701 4048 2805 4085 non
2834 4032 3004 4084 solum
3036 4048 3141 4095 non
3166 4034 3369 4094 metuit,

1805 4123 1900 4177 sed
1940 4123 2096 4191 digna
2126 4122 2293 4175 ferum
2323 4122 2689 4190 increpatione
2714 4123 2957 4189 castigat.
3000 4121 3066 4174 Et
3094 4122 3250 4185 bene,
3279 4139 3372 4176 ca-

1803 4214 2017 4277 rissimi,
2041 4213 2295 4266 mirabilis
2317 4210 2530 4273 femina,
2554 4222 2701 4265 certa
2730 4212 2796 4265 de
2825 4211 3052 4267 ﬁliorum
3084 4214 3368 4281 triumpho,

1802 4300 1948 4360 certa
1978 4305 2044 4359 de
2070 4303 2421 4359 retributione
2449 4302 2678 4366 caelesti,
2712 4302 2998 4356 insultabat
3026 4304 3158 4370 regi,
3192 4304 3369 4357 exsul—

1801 4396 1949 4449 tabat
1976 4394 2028 4446 in
2058 4392 2302 4455 Domino,
2320 4405 2441 4458 qua:
2460 4406 2516 4445 se
2548 4400 2672 4444 tunc
2695 4392 2863 4458 magis
2887 4392 3138 4447 credebat
3164 4393 3374 4447 beatius

138 4484 230 4529 ret.
252 4477 353 4533 Sed
378 4484 577 4538 erravit
600 4485 1097 4551 insanus,virtutem
1121 4486 1393 4552 religizinis
1417 4486 1691 4555 ignorans,
1722 4495 1773 4553 Ῑ)
1802 4489 1816 4537 t
1853 4485 2136 4555 parturire,
2166 4498 2289 4538 cum
2311 4481 2515 4563 videret
2537 4481 2673 4536 lilios
2695 4497 2820 4537 suos
2846 4482 3075 4549 gloriosa
3106 4483 3173 4536 ad
3202 4482 3371 4537 Deum

139 4562 189 4616 in
212 4582 310 4635 Qua
342 4582 363 4609 ο
395 4584 479 4629 cst
509 4575 595 4628 illa
624 4576 709 4628 vel
737 4578 966 4629 maxime
997 4577 1184 4644 pietas,
1219 4575 1382 4629 Deum
1427 4577 1692 4640 fratribus,

140 4657 293 4717 Deum
340 4667 479 4732 ﬁliis,
524 4668 691 4723 Deum
739 4669 1030 4738 pnetulisse
1071 4670 1401 4737 parentibus.
1436 4666 1695 4738 Przccepit

138 4756 255 4816 ergo
281 4770 371 4811 eos
396 4768 584 4813 contra
629 4760 843 4813 decreta
874 4761 1108 4817 etulestia
1141 4760 1458 4814 manducare
1501 4776 1693 4817 carnes

138 4841 382 4909 Porcinas,
417 4848 787 4902 recusantibus
809 4848 1022 4901 adhibet
1048 4849 1256 4902 diversa
1280 4863 1471 4915 genera
1503 4866 1692 4917 poma-

136 4938 259 4983 tum.
281 4931 381 4988 Sed
407 4928 654 4991 nesciunt
675 4938 834 4992 corda
862 4938 1092 4992 ﬁdelium
1117 4938 1477 5011 voluntatibus
1497 4939 1689 4995 cedere

200 5128 370 5215 :le.
401 5136 437 5188 ιι
468 5136 647 5215 Laur.3
684 5135 800 5215 Nec
841 5138 1189 5215 requirendus,
1219 5140 1442 5215 fratres,
1486 5140 1569 5205 qui
1598 5156 1689 5205 po-

1801 4585 1973 4631 morte
2000 4574 2317 4644 prtecedere.
2350 4572 2417 4625 Et
2444 4574 2702 4641 supplicia
2741 4573 2905 4643 ϐω
2930 4573 3142 4643 quidem
3194 4576 3373 4629 multi—

1798 4665 2029 4735 plicabat
2069 4662 2364 4717 Antiochus
2391 4661 2530 4718 :Lsed
2562 4660 2732 4717 ﬁdelis
2754 4678 2885 4716 anus
2914 4678 3011 4731 pro
3040 4664 3126 4716 illa
3157 4671 3367 4733 tempo-

1795 4757 1985 4810 ralium
2024 4769 2299 4824 prunarum
2342 4753 2677 4819 multitudine
2707 4753 3143 4821 triumphantium
3177 4770 3372 4823 parvu-

1792 4847 1965 4899 lorum
2007 4846 2225 4914 pnemia
2266 4845 2579 4900 numerabat
2623 4853 2840 4899 (eterna.
2873 4854 2993 4912 post
3020 4860 3245 4912 quorum
3276 4862 3364 4901 oc-

1792 4951 1973 4993 casum
2004 4936 2142 4989 inter
2172 4934 2477 4989 dulcissima
2517 4950 2742 5001 corpora
2773 4934 3075 4989 desiderato
3104 4936 3213 5003 ipsa
3246 4937 3365 4988 obi-

1790 5141 1945 5207 ferro,
1991 5140 2233 5207 ﬂammis,
2264 5139 2514 5207 variisque
2543 5137 2826 5204 suppliciis.
2865 5139 2997 5191 lluic
3026 5150 3177 5208 caput
3206 5141 3366 5192 demt-

140 5194 363 5275 ίδδξῖτζιμημ
384 5222 567 5275 pomus
594 5194 989 5275 gloriosissimus
1012 5194 1251 5262 clauserit
1274 5208 1399 5269 dies,
1426 5194 1557 5267 cum,
1581 5194 1683 5259 etc.

200 5225 363 5255 umth
422 5225 564 5259 amas
594 5225 989 5275 gtortosrsstmus
1012 5225 1251 5262 CL‘lNSC’l'U
1274 5225 1399 5269 αιθε,
1426 5225 1557 5267 cum,
1581 5225 1681 5259 DIC.

200 5263 221 5299 δ
256 5225 419 5327 CodiK
452 5290 502 5330 ιν
548 5274 730 5337 Laur.,
767 5273 945 5327 Casia.
992 5283 1045 5328 et
1082 5275 1221 5340 Vat.,
1268 5275 1681 5329 Muchubworum

141 5330 335 5410 lWrgm
359 5330 780 5410 magnanimitas.
813 5351 918 5396 etc.

206 5404 408 5474 meId.
445 5404 496 5471 λ.
528 5411 651 5474 ΠΛ,
679 5420 733 5464 et
762 5410 963 5473 Casin.,
1000 5411 1065 5463 Et
1113 5414 1231 5465 inde
1267 5422 1359 5473 est,
1404 5414 1674 5465 carissimi.

144 5466 222 5583 nu:
247 5472 407 5534 Codd.
445 5466 566 5534 γἐιι.
595 5466 650 5534 ei
688 5480 892 5543 (λιθία,
923 5466 963 5533 ατ
981 5480 1181 5535 Cmam
1211 5466 1493 5540 vincemur
1520 5485 1680 5551 ίηίεπ-

157 5551 240 5591 ll“.

204 5610 404 5688 :_(_Z«_idd.
435 5616 640 5681 Casin.,
666 5620 719 5671 in
749 5636 848 5688 qua
876 5620 966 5670 illa
1008 5632 1099 5675 cst.
1133 5623 1226 5683 rel,
1258 5631 1359 5675 etc.

207 5674 389 5741 fiidem
412 5688 569 5743 codd.
601 5674 778 5741 Casiu'.
816 5688 994 5755 legunt
1028 5709 1036 5739 :
1073 5674 1247 5754 .lgitelr
1270 5674 1445 5763 itaque
1472 5706 1582 5742 cum
1608 5691 1680 5741 eis

1788 5208 1958 5270 datur,
1983 5209 2096 5259 lmic
2122 5210 2297 5277 lingua
2319 5209 2631 5274 prariditur,
2659 5208 2867 5277 frigitur
2887 5208 2991 5273 ille,
3021 5208 3252 5262 rmmibus
3284 5211 3366 5263 Iu'c

1784 5278 2091 5344 pedibusque
2114 5282 2404 5337 truncatur,
2437 5286 2539 5329 etc.

1859 5355 1881 5389 κ
1910 5345 2039 5399 Cod.
2075 5362 2137 5397 IV‘
2155 5345 2337 5408 [.aur.,
2371 5347 2560 5412 {urenti
2596 5347 2702 5412 regi
2731 5346 2850 5398 (arta
2891 5356 3054 5400 mater
3080 5348 3357 5417 insultans.

1787 5423 2237 5562 .thb.'COd(I.v1lL
2283 5481 2423 5541 6451,
2458 5490 2512 5535 et
2560 5481 2761 5546 Casin.,
2809 5500 2953 5553 quem
3008 5483 3358 5555 persecutione

1914 5572 1960 5602 ΙΙ.
1994 5572 2097 5602 (Ἀρ.

1783 5568 1960 5618 tmpm.
1994 5562 2097 5605 etc.

1866 5624 1875 5655 ‘
1913 5620 2043 5675 Cod.
2071 5618 2270 5675 Casiu..
2304 5630 2355 5672 ut
2388 5622 2590 5688 (lignus.

1863 5690 1874 5738 i
1916 5689 2045 5743 (10d.
2084 5688 2198 5742 Vat.
2232 5688 2389 5754 6151,
2418 5690 2691 5754 μινέιινὶνὶ.
