  <div class='ocr_page' id='page_1' title='image "/cluster/home/n/w/nwhite01/storage/ocr_20150623/57/uva.x000827099/351.png"; bbox 0 0 3896 6250; ppageno 0'>
   <div class='ocr_carea' id='block_1_1' title="bbox 572 303 673 361">
    <p class='ocr_par' dir='ltr' id='par_1_1' title="bbox 572 303 673 361">
     <span class='ocr_line' id='line_1_1' title="bbox 572 303 673 361; baseline 0.05 -5"><span class='ocrx_word' id='word_1_1' title='bbox 572 303 673 361; x_wconf 67' lang='lat'><strong>695</strong></span> 
     </span>
    </p>
   </div>
   <div class='ocr_carea' id='block_1_2' title="bbox 1756 315 2583 373">
    <p class='ocr_par' dir='ltr' id='par_1_2' title="bbox 1756 315 2583 373">
     <span class='ocr_line' id='line_1_2' title="bbox 1756 315 2583 373; baseline 0.005 -4"><span class='ocrx_word' id='word_1_2' title='bbox 1756 315 1812 370; x_wconf 87' lang='lat' dir='ltr'><strong>S.</strong></span> <span class='ocrx_word' id='word_1_3' title='bbox 1855 315 2092 369; x_wconf 72' lang='lat' dir='ltr'><strong>MAXIM!</strong></span> <span class='ocrx_word' id='word_1_4' title='bbox 2134 315 2583 373; x_wconf 74' lang='lat' dir='ltr'><strong>TAURINENSIS</strong></span> 
     </span>
    </p>
   </div>
   <div class='ocr_carea' id='block_1_3' title="bbox 3720 317 3821 371">
    <p class='ocr_par' dir='ltr' id='par_1_3' title="bbox 3720 317 3821 371">
     <span class='ocr_line' id='line_1_3' title="bbox 3720 317 3821 371; baseline 0 -2"><span class='ocrx_word' id='word_1_5' title='bbox 3720 317 3821 371; x_wconf 70' lang='lat'><strong>636</strong></span> 
     </span>
    </p>
   </div>
   <div class='ocr_carea' id='block_1_4' title="bbox 567 422 3814 497">
    <p class='ocr_par' dir='ltr' id='par_1_4' title="bbox 567 422 3814 497">
     <span class='ocr_line' id='line_1_4' title="bbox 567 422 3814 497; baseline 0.003 -25"><span class='ocrx_word' id='word_1_6' title='bbox 567 428 622 472; x_wconf 94' lang='lat' dir='ltr'><strong>tu</strong></span> <span class='ocrx_word' id='word_1_7' title='bbox 675 429 731 473; x_wconf 90' lang='lat' dir='ltr'><strong>et</strong></span> <span class='ocrx_word' id='word_1_8' title='bbox 766 423 986 490; x_wconf 75' lang='lat' dir='ltr'><strong>optabili</strong></span> <span class='ocrx_word' id='word_1_9' title='bbox 1033 422 1131 478; x_wconf 78' lang='lat' dir='ltr'><strong>ille</strong></span> <span class='ocrx_word' id='word_1_10' title='bbox 1175 424 1429 479; x_wconf 74' lang='lat' dir='ltr'><strong>decubuit</strong></span> <span class='ocrx_word' id='word_1_11' title='bbox 1458 428 1496 477; x_wconf 85' lang='lat'><strong>&#39;.</strong></span> <span class='ocrx_word' id='word_1_12' title='bbox 1530 425 1710 494; x_wconf 75' lang='lat' dir='ltr'><strong>Neque</strong></span> <span class='ocrx_word' id='word_1_13' title='bbox 1742 425 1862 480; x_wconf 92' lang='lat' dir='ltr'><strong>ullis</strong></span> <span class='ocrx_word' id='word_1_14' title='bbox 1891 426 2131 480; x_wconf 86' lang='lat' dir='ltr'><strong>terreba-</strong></span> <span class='ocrx_word' id='word_1_15' title='bbox 2161 439 2203 496; x_wconf 68' lang='grc' dir='ltr'><strong>Α</strong></span> <span class='ocrx_word' id='word_1_16' title='bbox 2232 427 2451 496; x_wconf 79' lang='lat' dir='ltr'><strong>pidabat</strong></span> <span class='ocrx_word' id='word_1_17' title='bbox 2497 428 2690 492; x_wconf 83' lang='lat' dir='ltr'><strong>occidi,</strong></span> <span class='ocrx_word' id='word_1_18' title='bbox 2741 443 2860 497; x_wconf 64' lang='lat' dir='ltr'><strong>qua</strong></span> <span class='ocrx_word' id='word_1_19' title='bbox 2907 428 2974 483; x_wconf 91' lang='lat' dir='ltr'><strong>ad</strong></span> <span class='ocrx_word' id='word_1_20' title='bbox 3025 430 3169 482; x_wconf 74' lang='lat' dir='ltr'><strong>illam</strong></span> <span class='ocrx_word' id='word_1_21' title='bbox 3216 427 3507 482; x_wconf 77' lang='lat' dir='ltr'><strong>festinabat</strong></span> <span class='ocrx_word' id='word_1_22' title='bbox 3535 427 3718 488; x_wconf 79' lang='lat' dir='ltr'><strong>vitam.</strong></span> <span class='ocrx_word' id='word_1_23' title='bbox 3750 430 3814 482; x_wconf 69' lang='lat' dir='ltr'><strong>ad</strong></span> 
     </span>
    </p>
   </div>
   <div class='ocr_carea' id='block_1_5' title="bbox 564 511 2128 584">
    <p class='ocr_par' dir='ltr' id='par_1_5' title="bbox 564 511 2128 584">
     <span class='ocr_line' id='line_1_5' title="bbox 564 511 2128 584; baseline 0.004 -22"><span class='ocrx_word' id='word_1_24' title='bbox 564 522 654 564; x_wconf 90' lang='lat' dir='ltr'><strong>tur</strong></span> <span class='ocrx_word' id='word_1_25' title='bbox 681 511 771 566; x_wconf 88' lang='lat' dir='ltr'><strong>illa</strong></span> <span class='ocrx_word' id='word_1_26' title='bbox 810 514 1100 583; x_wconf 81' lang='lat' dir='ltr'><strong>suppliciis,</strong></span> <span class='ocrx_word' id='word_1_27' title='bbox 1131 530 1246 583; x_wconf 76' lang='lat' dir='ltr'><strong>qua:</strong></span> <span class='ocrx_word' id='word_1_28' title='bbox 1275 516 1452 569; x_wconf 88' lang='lat' dir='ltr'><strong>omnia</strong></span> <span class='ocrx_word' id='word_1_29' title='bbox 1475 515 1584 584; x_wconf 88' lang='lat' dir='ltr'><strong>jam</strong></span> <span class='ocrx_word' id='word_1_30' title='bbox 1623 525 2008 569; x_wconf 82' lang='lat' dir='ltr'><strong>tormentorum</strong></span> <span class='ocrx_word' id='word_1_31' title='bbox 2034 530 2128 582; x_wconf 87' lang='lat' dir='ltr'><strong>ge-</strong></span> 
     </span>
    </p>
   </div>
   <div class='ocr_carea' id='block_1_6' title="bbox 564 603 2132 676">
    <p class='ocr_par' dir='ltr' id='par_1_6' title="bbox 564 603 2132 676">
     <span class='ocr_line' id='line_1_6' title="bbox 564 603 2132 676; baseline 0.004 -22"><span class='ocrx_word' id='word_1_32' title='bbox 564 615 690 656; x_wconf 90' lang='lat' dir='ltr'><strong>nera</strong></span> <span class='ocrx_word' id='word_1_33' title='bbox 721 603 916 658; x_wconf 76' lang='lat' dir='ltr'><strong>vicerat</strong></span> <span class='ocrx_word' id='word_1_34' title='bbox 945 606 998 659; x_wconf 91' lang='lat' dir='ltr'><strong>in</strong></span> <span class='ocrx_word' id='word_1_35' title='bbox 1039 606 1324 661; x_wconf 70' lang='lat' dir='ltr'><strong>visceribus</strong></span> <span class='ocrx_word' id='word_1_36' title='bbox 1353 606 1601 660; x_wconf 81' lang='lat' dir='ltr'><strong>filiorum.</strong></span> <span class='ocrx_word' id='word_1_37' title='bbox 1636 605 1819 676; x_wconf 80' lang='lat' dir='ltr'><strong>Neque</strong></span> <span class='ocrx_word' id='word_1_38' title='bbox 1846 607 1991 659; x_wconf 90' lang='lat' dir='ltr'><strong>enim</strong></span> <span class='ocrx_word' id='word_1_39' title='bbox 2018 614 2132 660; x_wconf 87' lang='lat' dir='ltr'><strong>tre-</strong></span> 
     </span>
    </p>
   </div>
   <div class='ocr_carea' id='block_1_7' title="bbox 2231 522 3387 592">
    <p class='ocr_par' dir='ltr' id='par_1_7' title="bbox 2231 522 3387 592">
     <span class='ocr_line' id='line_1_7' title="bbox 2231 522 3387 592; baseline -0.002 -16"><span class='ocrx_word' id='word_1_40' title='bbox 2231 537 2391 591; x_wconf 85' lang='lat' dir='ltr'><strong>quam</strong></span> <span class='ocrx_word' id='word_1_41' title='bbox 2419 539 2514 578; x_wconf 87' lang='lat' dir='ltr'><strong>sua</strong></span> <span class='ocrx_word' id='word_1_42' title='bbox 2544 531 2765 578; x_wconf 82' lang='lat' dir='ltr'><strong>noverat</strong></span> <span class='ocrx_word' id='word_1_43' title='bbox 2790 523 3011 592; x_wconf 79' lang='lat' dir='ltr'><strong>pignora</strong></span> <span class='ocrx_word' id='word_1_44' title='bbox 3040 522 3387 592; x_wconf 70' lang='lat' dir='ltr'><strong>prmmisisse.</strong></span> 
     </span>
    </p>
   </div>
   <div class='ocr_carea' id='block_1_8' title="bbox 1878 692 2482 754">
    <p class='ocr_par' dir='ltr' id='par_1_8' title="bbox 1878 692 2482 754">
     <span class='ocr_line' id='line_1_8' title="bbox 1878 692 2482 754; baseline -0.005 0"><span class='ocrx_word' id='word_1_45' title='bbox 1878 694 2145 754; x_wconf 82' lang='lat' dir='ltr'><strong>SERMO</strong></span> <span class='ocrx_word' id='word_1_46' title='bbox 2188 692 2482 754; x_wconf 84' lang='lat' dir='ltr'><strong>LXXXI.</strong></span> 
     </span>
    </p>
   </div>
   <div class='ocr_carea' id='block_1_9' title="bbox 1372 786 2990 859">
    <p class='ocr_par' dir='ltr' id='par_1_9' title="bbox 1372 786 2990 859">
     <span class='ocr_line' id='line_1_9' title="bbox 1372 786 2990 859; baseline 0.001 -18"><span class='ocrx_word' id='word_1_47' title='bbox 1372 788 1446 843; x_wconf 88' lang='lat' dir='ltr'><strong>De</strong></span> <span class='ocrx_word' id='word_1_48' title='bbox 1471 788 1579 844; x_wconf 86' lang='lat' dir='ltr'><strong>SS.</strong></span> <span class='ocrx_word' id='word_1_49' title='bbox 1617 788 1926 859; x_wconf 73' lang='lat' dir='ltr'><strong>martyribus</strong></span> <span class='ocrx_word' id='word_1_50' title='bbox 1951 789 2267 852; x_wconf 77' lang='lat' dir='ltr'><strong>Alexandro,</strong></span> <span class='ocrx_word' id='word_1_51' title='bbox 2303 788 2559 859; x_wconf 78' lang='lat' dir='ltr'><strong>Martyrio</strong></span> <span class='ocrx_word' id='word_1_52' title='bbox 2587 799 2636 841; x_wconf 90' lang='lat' dir='ltr'><strong>et</strong></span> <span class='ocrx_word' id='word_1_53' title='bbox 2665 788 2897 842; x_wconf 81' lang='lat' dir='ltr'><strong>Sisinnio</strong></span> <span class='ocrx_word' id='word_1_54' title='bbox 2941 786 2990 842; x_wconf 93' lang='grc'><strong><em>1.</em></strong></span> 
     </span>
    </p>
   </div>
   <div class='ocr_carea' id='block_1_10' title="bbox 1993 875 2380 931">
    <p class='ocr_par' dir='ltr' id='par_1_10' title="bbox 1993 875 2380 931">
     <span class='ocr_line' id='line_1_10' title="bbox 1993 875 2380 931; baseline 0.003 -1"><span class='ocrx_word' id='word_1_55' title='bbox 1993 875 2380 931; x_wconf 76' lang='grc' dir='ltr'><strong>ΔΠΜΟΝΙΤΙυ.</strong></span> 
     </span>
    </p>
   </div>
   <div class='ocr_carea' id='block_1_11' title="bbox 627 946 3804 1035">
    <p class='ocr_par' dir='ltr' id='par_1_11' title="bbox 627 946 3804 1035">
     <span class='ocr_line' id='line_1_11' title="bbox 627 946 3804 1035; baseline 0.001 -20"><span class='ocrx_word' id='word_1_56' title='bbox 627 958 1184 1035; x_wconf 63' lang='lat' dir='ltr'><strong>Auctoritatecodicis</strong></span> <span class='ocrx_word' id='word_1_57' title='bbox 1225 963 1557 1035; x_wconf 83' lang='lat' dir='ltr'><strong>Ambrosiani</strong></span> <span class='ocrx_word' id='word_1_58' title='bbox 1597 973 1785 1021; x_wconf 89' lang='lat' dir='ltr'><strong>sancto</strong></span> <span class='ocrx_word' id='word_1_59' title='bbox 1820 964 2054 1021; x_wconf 81' lang='lat' dir='ltr'><strong>Maximo</strong></span> <span class='ocrx_word' id='word_1_60' title='bbox 2092 979 2370 1035; x_wconf 82' lang='lat' dir='ltr'><strong>sermones</strong></span> <span class='ocrx_word' id='word_1_61' title='bbox 2404 965 2473 1035; x_wconf 16' lang='lat' dir='ltr'><strong>Ade</strong></span> <span class='ocrx_word' id='word_1_62' title='bbox 2492 946 2704 1035; x_wconf 27' lang='lat' dir='ltr'><strong>‘sancli‘s</strong></span> <span class='ocrx_word' id='word_1_63' title='bbox 2745 964 3054 1035; x_wconf 79' lang='lat' dir='ltr'><strong>martyribus</strong></span> <span class='ocrx_word' id='word_1_64' title='bbox 3082 964 3415 1035; x_wconf 45' lang='lat' dir='ltr'><strong>Alexandro,</strong></span> <span class='ocrx_word' id='word_1_65' title='bbox 3454 961 3732 1035; x_wconf 52' lang='lat' dir='ltr'><strong>gmw.</strong></span> <span class='ocrx_word' id='word_1_66' title='bbox 3759 979 3804 1017; x_wconf 77' lang='lat' dir='ltr'><strong>et</strong></span> 
     </span>
    </p>
   </div>
   <div class='ocr_carea' id='block_1_12' title="bbox 557 1028 3800 1103">
    <p class='ocr_par' dir='ltr' id='par_1_12' title="bbox 557 1028 3800 1103">
     <span class='ocr_line' id='line_1_12' title="bbox 557 1028 3800 1103; baseline 0.002 -22"><span class='ocrx_word' id='word_1_67' title='bbox 557 1028 789 1103; x_wconf 59' lang='lat' dir='ltr'><strong>Sisinnio</strong></span> <span class='ocrx_word' id='word_1_68' title='bbox 818 1033 1004 1088; x_wconf 86' lang='lat' dir='ltr'><strong>tribuit</strong></span> <span class='ocrx_word' id='word_1_69' title='bbox 1051 1032 1386 1098; x_wconf 79' lang='lat' dir='ltr'><strong>Muratorius,</strong></span> <span class='ocrx_word' id='word_1_70' title='bbox 1415 1034 1507 1101; x_wconf 91' lang='lat' dir='ltr'><strong>qui</strong></span> <span class='ocrx_word' id='word_1_71' title='bbox 1554 1043 1866 1102; x_wconf 88' lang='lat' dir='ltr'><strong>sequuntur,</strong></span> <span class='ocrx_word' id='word_1_72' title='bbox 1913 1036 2070 1090; x_wconf 90' lang='lat' dir='ltr'><strong>duos.</strong></span> <span class='ocrx_word' id='word_1_73' title='bbox 2122 1034 2231 1090; x_wconf 85' lang='lat' dir='ltr'><strong>Hos</strong></span> <span class='ocrx_word' id='word_1_74' title='bbox 2259 1033 2453 1090; x_wconf 89' lang='lat' dir='ltr'><strong>deinde</strong></span> <span class='ocrx_word' id='word_1_75' title='bbox 2479 1032 2786 1088; x_wconf 85' lang='lat' dir='ltr'><strong>Gallandius</strong></span> <span class='ocrx_word' id='word_1_76' title='bbox 2825 1028 2956 1090; x_wconf 74' lang='lat' dir='ltr'><strong>tom.</strong></span> <span class='ocrx_word' id='word_1_77' title='bbox 3000 1050 3052 1088; x_wconf 76' lang='grc' dir='ltr'><strong>ιι</strong></span> <span class='ocrx_word' id='word_1_78' title='bbox 3081 1033 3216 1087; x_wconf 86' lang='lat' dir='ltr'><strong>Bibl.</strong></span> <span class='ocrx_word' id='word_1_79' title='bbox 3247 1041 3419 1087; x_wconf 89' lang='lat' dir='ltr'><strong>veter.</strong></span> <span class='ocrx_word' id='word_1_80' title='bbox 3452 1028 3681 1088; x_wconf 65' lang='lat' dir='ltr'><strong>Patnfm</strong></span> <span class='ocrx_word' id='word_1_81' title='bbox 3710 1051 3800 1103; x_wconf 79' lang='lat' dir='ltr'><strong>pu-</strong></span> 
     </span>
    </p>
   </div>
   <div class='ocr_carea' id='block_1_13' title="bbox 556 1098 788 1154">
    <p class='ocr_par' dir='ltr' id='par_1_13' title="bbox 556 1098 788 1154">
     <span class='ocr_line' id='line_1_13' title="bbox 556 1098 788 1154; baseline 0.013 -5"><span class='ocrx_word' id='word_1_82' title='bbox 556 1098 788 1154; x_wconf 86' lang='lat' dir='ltr'><strong>hlicavit.</strong></span> 
     </span>
    </p>
   </div>
   <div class='ocr_carea' id='block_1_14' title="bbox 555 1190 2120 1262">
    <p class='ocr_par' dir='ltr' id='par_1_14' title="bbox 555 1190 2120 1262">
     <span class='ocr_line' id='line_1_14' title="bbox 555 1190 2120 1262; baseline 0.003 -20"><span class='ocrx_word' id='word_1_83' title='bbox 555 1191 937 1262; x_wconf 67' lang='lat' dir='ltr'><strong>Ancuumwu.</strong></span> <span class='ocrx_word' id='word_1_84' title='bbox 971 1221 1041 1262; x_wconf 61' lang='lat'><strong>-_-:</strong></span> <span class='ocrx_word' id='word_1_85' title='bbox 1077 1190 1157 1245; x_wconf 87' lang='lat' dir='ltr'><strong>De</strong></span> <span class='ocrx_word' id='word_1_86' title='bbox 1207 1193 1376 1247; x_wconf 81' lang='lat' dir='ltr'><strong>causis</strong></span> <span class='ocrx_word' id='word_1_87' title='bbox 1425 1193 1488 1245; x_wconf 83' lang='lat' dir='ltr'><strong>ob</strong></span> <span class='ocrx_word' id='word_1_88' title='bbox 1533 1208 1660 1262; x_wconf 71' lang='lat' dir='ltr'><strong>quas</strong></span> <span class='ocrx_word' id='word_1_89' title='bbox 1707 1192 1813 1246; x_wconf 87' lang='lat' dir='ltr'><strong>SS.</strong></span> <span class='ocrx_word' id='word_1_90' title='bbox 1870 1201 2120 1262; x_wconf 77' lang='lat' dir='ltr'><strong>martyres</strong></span> 
     </span>
    </p>
   </div>
   <div class='ocr_carea' id='block_1_15' title="bbox 621 1259 2117 1331">
    <p class='ocr_par' dir='ltr' id='par_1_15' title="bbox 621 1259 2117 1331">
     <span class='ocr_line' id='line_1_15' title="bbox 621 1259 2117 1331; baseline -0.001 -17"><span class='ocrx_word' id='word_1_91' title='bbox 621 1261 933 1331; x_wconf 69' lang='lat' dir='ltr'><strong>Alexander,</strong></span> <span class='ocrx_word' id='word_1_92' title='bbox 983 1259 1286 1331; x_wconf 60' lang='lat' dir='ltr'><strong>Martyrius,</strong></span> <span class='ocrx_word' id='word_1_93' title='bbox 1330 1272 1486 1331; x_wconf 77' lang='lat' dir='ltr'><strong>atque</strong></span> <span class='ocrx_word' id='word_1_94' title='bbox 1535 1259 1798 1316; x_wconf 82' lang='lat' dir='ltr'><strong>Sisinnius</strong></span> <span class='ocrx_word' id='word_1_95' title='bbox 1845 1264 1982 1315; x_wconf 67' lang='lat' dir='ltr'><strong>omni</strong></span> <span class='ocrx_word' id='word_1_96' title='bbox 2009 1259 2117 1314; x_wconf 51' lang='lat' dir='ltr'><strong>&#39;de-</strong></span> 
     </span>
    </p>
   </div>
   <div class='ocr_carea' id='block_1_16' title="bbox 620 1329 2120 1400">
    <p class='ocr_par' dir='ltr' id='par_1_16' title="bbox 620 1329 2120 1400">
     <span class='ocr_line' id='line_1_16' title="bbox 620 1329 2120 1400; baseline 0.002 -19"><span class='ocrx_word' id='word_1_97' title='bbox 620 1329 1137 1400; x_wconf 73' lang='lat' dir='ltr'><strong>beant__oeneratione</strong></span> <span class='ocrx_word' id='word_1_98' title='bbox 1161 1330 1278 1391; x_wconf 88' lang='lat' dir='ltr'><strong>coli,</strong></span> <span class='ocrx_word' id='word_1_99' title='bbox 1327 1329 1486 1400; x_wconf 71' lang='lat' dir='ltr'><strong>deque</strong></span> <span class='ocrx_word' id='word_1_100' title='bbox 1531 1347 1704 1384; x_wconf 78' lang='lat' dir='ltr'><strong>eorum</strong></span> <span class='ocrx_word' id='word_1_101' title='bbox 1733 1332 1973 1400; x_wconf 82' lang='lat' dir='ltr'><strong>passione</strong></span> <span class='ocrx_word' id='word_1_102' title='bbox 1996 1345 2120 1383; x_wconf 87' lang='lat' dir='ltr'><strong>san-</strong></span> 
     </span>
    </p>
   </div>
   <div class='ocr_carea' id='block_1_17' title="bbox 619 1397 1300 1468">
    <p class='ocr_par' dir='ltr' id='par_1_17' title="bbox 619 1397 1300 1468">
     <span class='ocr_line' id='line_1_17' title="bbox 619 1397 1300 1468; baseline 0 -18"><span class='ocrx_word' id='word_1_103' title='bbox 619 1407 730 1451; x_wconf 80' lang='lat' dir='ltr'><strong>ctus</strong></span> <span class='ocrx_word' id='word_1_104' title='bbox 754 1397 1017 1452; x_wconf 69' lang='lat' dir='ltr'><strong>Maximus</strong></span> <span class='ocrx_word' id='word_1_105' title='bbox 1043 1400 1300 1468; x_wconf 84' lang='lat' dir='ltr'><strong>proponit.</strong></span> 
     </span>
    </p>
   </div>
   <div class='ocr_carea' id='block_1_18' title="bbox 2229 1187 3798 1256">
    <p class='ocr_par' dir='ltr' id='par_1_18' title="bbox 2229 1187 3798 1256">
     <span class='ocr_line' id='line_1_18' title="bbox 2229 1187 3798 1256; baseline -0.001 -12"><span class='ocrx_word' id='word_1_106' title='bbox 2229 1191 2325 1256; x_wconf 93' lang='lat' dir='ltr'><strong>tio,</strong></span> <span class='ocrx_word' id='word_1_107' title='bbox 2354 1189 2450 1245; x_wconf 89' lang='lat' dir='ltr'><strong>sed</strong></span> <span class='ocrx_word' id='word_1_108' title='bbox 2473 1189 2772 1245; x_wconf 88' lang='lat' dir='ltr'><strong>Christiana</strong></span> <span class='ocrx_word' id='word_1_109' title='bbox 2792 1189 3024 1244; x_wconf 87' lang='lat' dir='ltr'><strong>devotio.</strong></span> <span class='ocrx_word' id='word_1_110' title='bbox 3047 1188 3178 1242; x_wconf 84' lang='lat' dir='ltr'><strong>Nam</strong></span> <span class='ocrx_word' id='word_1_111' title='bbox 3198 1204 3318 1243; x_wconf 90' lang='lat' dir='ltr'><strong>cum</strong></span> <span class='ocrx_word' id='word_1_112' title='bbox 3341 1189 3396 1242; x_wconf 91' lang='lat' dir='ltr'><strong>in</strong></span> <span class='ocrx_word' id='word_1_113' title='bbox 3427 1187 3696 1242; x_wconf 71' lang='lat' dir='ltr'><strong>Anaun&#39;ue</strong></span> <span class='ocrx_word' id='word_1_114' title='bbox 3715 1203 3798 1242; x_wconf 86' lang='lat' dir='ltr'><strong>re—</strong></span> 
     </span>
    </p>
   </div>
   <div class='ocr_carea' id='block_1_19' title="bbox 2223 1277 3802 1348">
    <p class='ocr_par' dir='ltr' id='par_1_19' title="bbox 2223 1277 3802 1348">
     <span class='ocr_line' id='line_1_19' title="bbox 2223 1277 3802 1348; baseline -0.001 -16"><span class='ocrx_word' id='word_1_115' title='bbox 2223 1281 2386 1348; x_wconf 90' lang='lat' dir='ltr'><strong>gione</strong></span> <span class='ocrx_word' id='word_1_116' title='bbox 2429 1279 2646 1348; x_wconf 89' lang='lat' dir='ltr'><strong>proprio</strong></span> <span class='ocrx_word' id='word_1_117' title='bbox 2691 1288 2904 1347; x_wconf 88' lang='lat' dir='ltr'><strong>sumptu</strong></span> <span class='ocrx_word' id='word_1_118' title='bbox 2940 1277 3232 1332; x_wconf 86' lang='lat' dir='ltr'><strong>Ecclesiam</strong></span> <span class='ocrx_word' id='word_1_119' title='bbox 3271 1285 3652 1332; x_wconf 64' lang='lat' dir='ltr'><strong>construentes</strong></span> <span class='ocrx_word' id='word_1_120' title='bbox 3688 1277 3802 1346; x_wconf 80' lang='lat' dir='ltr'><strong>ejus</strong></span> 
     </span>
    </p>
   </div>
   <div class='ocr_carea' id='block_1_20' title="bbox 2223 1365 3799 1436">
    <p class='ocr_par' dir='ltr' id='par_1_20' title="bbox 2223 1365 3799 1436">
     <span class='ocr_line' id='line_1_20' title="bbox 2223 1365 3799 1436; baseline -0.004 -12"><span class='ocrx_word' id='word_1_121' title='bbox 2223 1376 2410 1424; x_wconf 88' lang='lat' dir='ltr'><strong>sancto</strong></span> <span class='ocrx_word' id='word_1_122' title='bbox 2438 1367 2628 1421; x_wconf 88' lang='lat' dir='ltr'><strong>altario</strong></span> <span class='ocrx_word' id='word_1_123' title='bbox 2649 1367 3015 1436; x_wconf 72' lang='lat' dir='ltr'><strong>przesiderent,</strong></span> <span class='ocrx_word' id='word_1_124' title='bbox 3036 1365 3295 1435; x_wconf 82' lang='lat' dir='ltr'><strong>siquidem</strong></span> <span class='ocrx_word' id='word_1_125' title='bbox 3318 1380 3461 1420; x_wconf 90' lang='lat' dir='ltr'><strong>unus</strong></span> <span class='ocrx_word' id='word_1_126' title='bbox 3488 1381 3560 1420; x_wconf 89' lang='lat' dir='ltr'><strong>ex</strong></span> <span class='ocrx_word' id='word_1_127' title='bbox 3580 1366 3670 1420; x_wconf 88' lang='lat' dir='ltr'><strong>his</strong></span> <span class='ocrx_word' id='word_1_128' title='bbox 3687 1365 3799 1418; x_wconf 87' lang='lat' dir='ltr'><strong>dia-</strong></span> 
     </span>
    </p>
   </div>
   <div class='ocr_carea' id='block_1_21' title="bbox 2223 1452 3798 1530">
    <p class='ocr_par' dir='ltr' id='par_1_21' title="bbox 2223 1452 3798 1530">
     <span class='ocr_line' id='line_1_21' title="bbox 2223 1452 3798 1530; baseline -0.003 -20"><span class='ocrx_word' id='word_1_129' title='bbox 2223 1463 2468 1530; x_wconf 87' lang='lat' dir='ltr'><strong>conatus,</strong></span> <span class='ocrx_word' id='word_1_130' title='bbox 2513 1454 2622 1510; x_wconf 89' lang='lat' dir='ltr'><strong>duo</strong></span> <span class='ocrx_word' id='word_1_131' title='bbox 2661 1453 2942 1509; x_wconf 80' lang='lat' dir='ltr'><strong>clericatus</strong></span> <span class='ocrx_word' id='word_1_132' title='bbox 2976 1452 3150 1508; x_wconf 77' lang='lat' dir='ltr'><strong>ofﬁcio</strong></span> <span class='ocrx_word' id='word_1_133' title='bbox 3188 1453 3560 1520; x_wconf 76' lang='lat' dir='ltr'><strong>fungerentur,</strong></span> <span class='ocrx_word' id='word_1_134' title='bbox 3589 1462 3652 1508; x_wconf 89' lang='lat' dir='ltr'><strong>et</strong></span> <span class='ocrx_word' id='word_1_135' title='bbox 3687 1453 3798 1520; x_wconf 84' lang='lat' dir='ltr'><strong>ejus</strong></span> 
     </span>
    </p>
   </div>
   <div class='ocr_carea' id='block_1_22' title="bbox 619 1541 2111 1629">
    <p class='ocr_par' dir='ltr' id='par_1_22' title="bbox 619 1555 2111 1629">
     <span class='ocr_line' id='line_1_22' title="bbox 619 1555 2111 1629; baseline 0.003 -20"><span class='ocrx_word' id='word_1_136' title='bbox 619 1555 753 1609; x_wconf 89' lang='lat' dir='ltr'><strong>Cum</strong></span> <span class='ocrx_word' id='word_1_137' title='bbox 803 1571 991 1612; x_wconf 84' lang='lat' dir='ltr'><strong>omnes</strong></span> <span class='ocrx_word' id='word_1_138' title='bbox 1035 1558 1227 1612; x_wconf 88' lang='lat' dir='ltr'><strong>beatos</strong></span> <span class='ocrx_word' id='word_1_139' title='bbox 1270 1568 1532 1628; x_wconf 84' lang='lat' dir='ltr'><strong>martyres</strong></span> <span class='ocrx_word' id='word_1_140' title='bbox 1571 1576 1708 1629; x_wconf 86' lang='lat' dir='ltr'><strong>quos</strong></span> <span class='ocrx_word' id='word_1_141' title='bbox 1760 1561 1912 1615; x_wconf 88' lang='lat' dir='ltr'><strong>nobis</strong></span> <span class='ocrx_word' id='word_1_142' title='bbox 1959 1562 2111 1614; x_wconf 88' lang='lat' dir='ltr'><strong>tradit</strong></span> 
     </span>
    </p>
   </div>
   <div class='ocr_carea' id='block_1_23' title="bbox 2212 1541 3796 1629">
    <p class='ocr_par' dir='ltr' id='par_1_23' title="bbox 2222 1541 3796 1613">
     <span class='ocr_line' id='line_1_23' title="bbox 2222 1541 3796 1613; baseline -0.003 -15"><span class='ocrx_word' id='word_1_143' title='bbox 2222 1546 2454 1613; x_wconf 72' lang='lat' dir='ltr'><strong>regionis</strong></span> <span class='ocrx_word' id='word_1_144' title='bbox 2501 1543 2776 1608; x_wconf 90' lang='lat' dir='ltr'><strong>homines,</strong></span> <span class='ocrx_word' id='word_1_145' title='bbox 2824 1541 2964 1610; x_wconf 93' lang='lat' dir='ltr'><strong>apud</strong></span> <span class='ocrx_word' id='word_1_146' title='bbox 3009 1557 3143 1610; x_wconf 84' lang='lat' dir='ltr'><strong>quos</strong></span> <span class='ocrx_word' id='word_1_147' title='bbox 3188 1541 3553 1596; x_wconf 85' lang='lat' dir='ltr'><strong>Christianum</strong></span> <span class='ocrx_word' id='word_1_148' title='bbox 3600 1557 3796 1595; x_wconf 81' lang='lat' dir='ltr'><strong>nomen</strong></span> 
     </span>
    </p>
   </div>
   <div class='ocr_carea' id='block_1_24' title="bbox 555 1645 2119 1720">
    <p class='ocr_par' dir='ltr' id='par_1_24' title="bbox 555 1645 2119 1720">
     <span class='ocr_line' id='line_1_24' title="bbox 555 1645 2119 1720; baseline 0.005 -21"><span class='ocrx_word' id='word_1_149' title='bbox 555 1645 839 1712; x_wconf 62' lang='lat' dir='ltr'><strong>antiquitas</strong></span> <span class='ocrx_word' id='word_1_150' title='bbox 876 1646 1282 1700; x_wconf 78' lang='lat' dir='ltr'><strong>honoriﬁcentia</strong></span> <span class='ocrx_word' id='word_1_151' title='bbox 1325 1648 1482 1715; x_wconf 86' lang='lat' dir='ltr'><strong>digna</strong></span> <span class='ocrx_word' id='word_1_152' title='bbox 1527 1651 1804 1717; x_wconf 88' lang='lat' dir='ltr'><strong>miremur,</strong></span> <span class='ocrx_word' id='word_1_153' title='bbox 1853 1652 2119 1720; x_wconf 72' lang='lat' dir='ltr'><strong>prtecipue</strong></span> 
     </span>
    </p>
   </div>
   <div class='ocr_carea' id='block_1_25' title="bbox 559 1735 2115 1808">
    <p class='ocr_par' dir='ltr' id='par_1_25' title="bbox 559 1735 2115 1808">
     <span class='ocr_line' id='line_1_25' title="bbox 559 1735 2115 1808; baseline 0.004 -21"><span class='ocrx_word' id='word_1_154' title='bbox 559 1746 728 1787; x_wconf 84' lang='lat' dir='ltr'><strong>&#39;nnen</strong></span> <span class='ocrx_word' id='word_1_155' title='bbox 756 1743 970 1795; x_wconf 81' lang='lat' dir='ltr'><strong>sanctos</strong></span> <span class='ocrx_word' id='word_1_156' title='bbox 990 1735 1368 1800; x_wconf 78' lang='lat' dir='ltr'><strong>Alexandrum,</strong></span> <span class='ocrx_word' id='word_1_157' title='bbox 1387 1736 1696 1808; x_wconf 78' lang='lat' dir='ltr'><strong>Martyrium</strong></span> <span class='ocrx_word' id='word_1_158' title='bbox 1729 1749 1785 1793; x_wconf 89' lang='lat' dir='ltr'><strong>et</strong></span> <span class='ocrx_word' id='word_1_159' title='bbox 1806 1739 2115 1800; x_wconf 86' lang='lat' dir='ltr'><strong>Sisinnium.</strong></span> 
     </span>
    </p>
   </div>
   <div class='ocr_carea' id='block_1_26' title="bbox 550 1823 2121 1893">
    <p class='ocr_par' dir='ltr' id='par_1_26' title="bbox 550 1823 2121 1893">
     <span class='ocr_line' id='line_1_26' title="bbox 550 1823 2121 1893; baseline 0.004 -17"><span class='ocrx_word' id='word_1_160' title='bbox 550 1823 640 1890; x_wconf 81' lang='lat' dir='ltr'><strong>qui</strong></span> <span class='ocrx_word' id='word_1_161' title='bbox 671 1823 1002 1892; x_wconf 80' lang='lat' dir='ltr'><strong>temporibus</strong></span> <span class='ocrx_word' id='word_1_162' title='bbox 1041 1826 1239 1884; x_wconf 84' lang='lat' dir='ltr'><strong>nostris</strong></span> <span class='ocrx_word' id='word_1_163' title='bbox 1256 1827 1400 1893; x_wconf 82' lang='lat' dir='ltr'><strong>passi</strong></span> <span class='ocrx_word' id='word_1_164' title='bbox 1429 1836 1574 1891; x_wconf 87' lang='lat' dir='ltr'><strong>sunt,</strong></span> <span class='ocrx_word' id='word_1_165' title='bbox 1602 1827 1858 1882; x_wconf 84' lang='lat' dir='ltr'><strong>debemus</strong></span> <span class='ocrx_word' id='word_1_166' title='bbox 1886 1836 1999 1882; x_wconf 90' lang='lat' dir='ltr'><strong>tota</strong></span> <span class='ocrx_word' id='word_1_167' title='bbox 2025 1844 2121 1882; x_wconf 85' lang='lat' dir='ltr'><strong>ve-</strong></span> 
     </span>
    </p>
   </div>
   <div class='ocr_carea' id='block_1_27' title="bbox 550 1913 2119 1987">
    <p class='ocr_par' dir='ltr' id='par_1_27' title="bbox 550 1913 2119 1987">
     <span class='ocr_line' id='line_1_27' title="bbox 550 1913 2119 1987; baseline 0.006 -24"><span class='ocrx_word' id='word_1_168' title='bbox 550 1913 826 1966; x_wconf 88' lang='lat' dir='ltr'><strong>neratione</strong></span> <span class='ocrx_word' id='word_1_169' title='bbox 853 1914 1143 1982; x_wconf 86' lang='lat' dir='ltr'><strong>suscipere.</strong></span> <span class='ocrx_word' id='word_1_170' title='bbox 1171 1913 1360 1968; x_wconf 84' lang='lat' dir='ltr'><strong>Nescio</strong></span> <span class='ocrx_word' id='word_1_171' title='bbox 1380 1932 1487 1984; x_wconf 92' lang='lat' dir='ltr'><strong>quo</strong></span> <span class='ocrx_word' id='word_1_172' title='bbox 1517 1918 1658 1971; x_wconf 91' lang='lat' dir='ltr'><strong>enim</strong></span> <span class='ocrx_word' id='word_1_173' title='bbox 1683 1929 1840 1986; x_wconf 85' lang='lat' dir='ltr'><strong>pacto</strong></span> <span class='ocrx_word' id='word_1_174' title='bbox 1861 1918 2119 1987; x_wconf 86' lang='lat' dir='ltr'><strong>majorem</strong></span> 
     </span>
    </p>
   </div>
   <div class='ocr_carea' id='block_1_28' title="bbox 548 2002 2120 2076">
    <p class='ocr_par' dir='ltr' id='par_1_28' title="bbox 548 2002 2120 2076">
     <span class='ocr_line' id='line_1_28' title="bbox 548 2002 2120 2076; baseline 0.004 -21"><span class='ocrx_word' id='word_1_175' title='bbox 548 2002 692 2056; x_wconf 86' lang='lat' dir='ltr'><strong>circa</strong></span> <span class='ocrx_word' id='word_1_176' title='bbox 720 2016 815 2056; x_wconf 85' lang='lat' dir='ltr'><strong>eos</strong></span> <span class='ocrx_word' id='word_1_177' title='bbox 853 2002 1112 2058; x_wconf 79' lang='lat' dir='ltr'><strong>habemus</strong></span> <span class='ocrx_word' id='word_1_178' title='bbox 1141 2003 1410 2068; x_wconf 82' lang='lat' dir='ltr'><strong>affectum,</strong></span> <span class='ocrx_word' id='word_1_179' title='bbox 1441 2021 1576 2076; x_wconf 82' lang='lat' dir='ltr'><strong>quos</strong></span> <span class='ocrx_word' id='word_1_180' title='bbox 1607 2009 1932 2061; x_wconf 87' lang='lat' dir='ltr'><strong>conscientia</strong></span> <span class='ocrx_word' id='word_1_181' title='bbox 1970 2008 2120 2062; x_wconf 88' lang='lat' dir='ltr'><strong>novit</strong></span> 
     </span>
    </p>
   </div>
   <div class='ocr_carea' id='block_1_29' title="bbox 550 2092 2118 2162">
    <p class='ocr_par' dir='ltr' id='par_1_29' title="bbox 550 2092 2118 2162">
     <span class='ocr_line' id='line_1_29' title="bbox 550 2092 2118 2162; baseline 0.004 -18"><span class='ocrx_word' id='word_1_182' title='bbox 550 2092 786 2160; x_wconf 88' lang='lat' dir='ltr'><strong>propria,</strong></span> <span class='ocrx_word' id='word_1_183' title='bbox 829 2107 987 2161; x_wconf 88' lang='lat' dir='ltr'><strong>quam</strong></span> <span class='ocrx_word' id='word_1_184' title='bbox 1014 2109 1149 2162; x_wconf 88' lang='lat' dir='ltr'><strong>quos</strong></span> <span class='ocrx_word' id='word_1_185' title='bbox 1177 2094 1335 2148; x_wconf 91' lang='lat' dir='ltr'><strong>docet</strong></span> <span class='ocrx_word' id='word_1_186' title='bbox 1363 2095 1604 2150; x_wconf 86' lang='lat' dir='ltr'><strong>historia.</strong></span> <span class='ocrx_word' id='word_1_187' title='bbox 1635 2095 1759 2151; x_wconf 88' lang='lat' dir='ltr'><strong>Illos</strong></span> <span class='ocrx_word' id='word_1_188' title='bbox 1784 2097 1926 2151; x_wconf 90' lang='lat' dir='ltr'><strong>enim</strong></span> <span class='ocrx_word' id='word_1_189' title='bbox 1953 2098 2118 2151; x_wconf 83' lang='lat' dir='ltr'><strong>exsti-</strong></span> 
     </span>
    </p>
   </div>
   <div class='ocr_carea' id='block_1_30' title="bbox 548 2181 2116 2256">
    <p class='ocr_par' dir='ltr' id='par_1_30' title="bbox 548 2181 2116 2256">
     <span class='ocr_line' id='line_1_30' title="bbox 548 2181 2116 2256; baseline 0.005 -24"><span class='ocrx_word' id='word_1_190' title='bbox 548 2181 675 2236; x_wconf 87' lang='lat' dir='ltr'><strong>tisse</strong></span> <span class='ocrx_word' id='word_1_191' title='bbox 719 2190 982 2253; x_wconf 86' lang='lat' dir='ltr'><strong>martyres</strong></span> <span class='ocrx_word' id='word_1_192' title='bbox 1023 2183 1273 2245; x_wconf 86' lang='lat' dir='ltr'><strong>lectione,</strong></span> <span class='ocrx_word' id='word_1_193' title='bbox 1319 2185 1450 2238; x_wconf 82' lang='lat' dir='ltr'><strong>istos</strong></span> <span class='ocrx_word' id='word_1_194' title='bbox 1479 2185 1757 2240; x_wconf 89' lang='lat' dir='ltr'><strong>oculorum</strong></span> <span class='ocrx_word' id='word_1_195' title='bbox 1784 2186 2116 2256; x_wconf 83' lang='lat' dir='ltr'><strong>contempla-</strong></span> 
     </span>
    </p>
   </div>
   <div class='ocr_carea' id='block_1_31' title="bbox 549 2273 2119 2344">
    <p class='ocr_par' dir='ltr' id='par_1_31' title="bbox 549 2273 2119 2344">
     <span class='ocr_line' id='line_1_31' title="bbox 549 2273 2119 2344; baseline 0.003 -19"><span class='ocrx_word' id='word_1_196' title='bbox 549 2275 694 2328; x_wconf 92' lang='lat' dir='ltr'><strong>tione</strong></span> <span class='ocrx_word' id='word_1_197' title='bbox 715 2275 1107 2342; x_wconf 71' lang='lat' dir='ltr'><strong>cognoscimus.</strong></span> <span class='ocrx_word' id='word_1_198' title='bbox 1132 2273 1348 2329; x_wconf 89' lang='lat' dir='ltr'><strong>Illorum</strong></span> <span class='ocrx_word' id='word_1_199' title='bbox 1379 2276 1654 2344; x_wconf 89' lang='lat' dir='ltr'><strong>passiones</strong></span> <span class='ocrx_word' id='word_1_200' title='bbox 1681 2277 1819 2330; x_wconf 91' lang='lat' dir='ltr'><strong>fama</strong></span> <span class='ocrx_word' id='word_1_201' title='bbox 1841 2276 2119 2331; x_wconf 85' lang='lat' dir='ltr'><strong>nuntiante</strong></span> 
     </span>
    </p>
   </div>
   <div class='ocr_carea' id='block_1_32' title="bbox 548 2362 2120 2433">
    <p class='ocr_par' dir='ltr' id='par_1_32' title="bbox 548 2362 2120 2433">
     <span class='ocr_line' id='line_1_32' title="bbox 548 2362 2120 2433; baseline 0.003 -17"><span class='ocrx_word' id='word_1_202' title='bbox 548 2362 927 2428; x_wconf 87' lang='lat' dir='ltr'><strong>condiscimus,</strong></span> <span class='ocrx_word' id='word_1_203' title='bbox 951 2364 1173 2417; x_wconf 89' lang='lat' dir='ltr'><strong>istorum</strong></span> <span class='ocrx_word' id='word_1_204' title='bbox 1194 2364 1452 2433; x_wconf 87' lang='lat' dir='ltr'><strong>supplicia</strong></span> <span class='ocrx_word' id='word_1_205' title='bbox 1478 2365 1654 2419; x_wconf 89' lang='lat' dir='ltr'><strong>vultus</strong></span> <span class='ocrx_word' id='word_1_206' title='bbox 1670 2367 1977 2421; x_wconf 89' lang='lat' dir='ltr'><strong>testimonio</strong></span> <span class='ocrx_word' id='word_1_207' title='bbox 1988 2381 2120 2421; x_wconf 85' lang='lat' dir='ltr'><strong>con-</strong></span> 
     </span>
    </p>
   </div>
   <div class='ocr_carea' id='block_1_33' title="bbox 550 2451 2117 2521">
    <p class='ocr_par' dir='ltr' id='par_1_33' title="bbox 550 2451 2117 2521">
     <span class='ocr_line' id='line_1_33' title="bbox 550 2451 2117 2521; baseline 0.004 -16"><span class='ocrx_word' id='word_1_208' title='bbox 550 2453 797 2508; x_wconf 88' lang='lat' dir='ltr'><strong>tinemus.</strong></span> <span class='ocrx_word' id='word_1_209' title='bbox 828 2451 1084 2520; x_wconf 69' lang='lat' dir='ltr'><strong>Majorem</strong></span> <span class='ocrx_word' id='word_1_210' title='bbox 1113 2467 1242 2521; x_wconf 88' lang='lat' dir='ltr'><strong>ergo</strong></span> <span class='ocrx_word' id='word_1_211' title='bbox 1274 2452 1523 2510; x_wconf 78' lang='lat' dir='ltr'><strong>allectum</strong></span> <span class='ocrx_word' id='word_1_212' title='bbox 1549 2455 1620 2508; x_wconf 90' lang='lat' dir='ltr'><strong>ibi</strong></span> <span class='ocrx_word' id='word_1_213' title='bbox 1649 2455 1840 2521; x_wconf 87' lang='lat' dir='ltr'><strong>debeo,</strong></span> <span class='ocrx_word' id='word_1_214' title='bbox 1871 2455 1962 2510; x_wconf 89' lang='lat' dir='ltr'><strong>ubi</strong></span> <span class='ocrx_word' id='word_1_215' title='bbox 1994 2471 2117 2510; x_wconf 86' lang='lat' dir='ltr'><strong>cre-</strong></span> 
     </span>
    </p>
   </div>
   <div class='ocr_carea' id='block_1_34' title="bbox 547 2544 2112 2615">
    <p class='ocr_par' dir='ltr' id='par_1_34' title="bbox 547 2544 2112 2615">
     <span class='ocr_line' id='line_1_34' title="bbox 547 2544 2112 2615; baseline 0.002 -18"><span class='ocrx_word' id='word_1_216' title='bbox 547 2544 825 2597; x_wconf 84' lang='lat' dir='ltr'><strong>dulitatem</strong></span> <span class='ocrx_word' id='word_1_217' title='bbox 855 2559 1028 2597; x_wconf 89' lang='lat' dir='ltr'><strong>meam</strong></span> <span class='ocrx_word' id='word_1_218' title='bbox 1057 2545 1305 2598; x_wconf 87' lang='lat' dir='ltr'><strong>hortatur</strong></span> <span class='ocrx_word' id='word_1_219' title='bbox 1332 2545 1535 2615; x_wconf 89' lang='lat' dir='ltr'><strong>opinio.</strong></span> <span class='ocrx_word' id='word_1_220' title='bbox 1568 2544 1841 2614; x_wconf 69' lang='lat' dir='ltr'><strong>Maiorem,</strong></span> <span class='ocrx_word' id='word_1_221' title='bbox 1879 2547 2112 2615; x_wconf 87' lang='lat' dir='ltr'><strong>inquam,</strong></span> 
     </span>
    </p>
   </div>
   <div class='ocr_carea' id='block_1_35' title="bbox 546 2631 2120 2704">
    <p class='ocr_par' dir='ltr' id='par_1_35' title="bbox 546 2631 2120 2704">
     <span class='ocr_line' id='line_1_35' title="bbox 546 2631 2120 2704; baseline 0.001 -18"><span class='ocrx_word' id='word_1_222' title='bbox 546 2631 795 2688; x_wconf 78' lang='lat' dir='ltr'><strong>affectum</strong></span> <span class='ocrx_word' id='word_1_223' title='bbox 825 2633 933 2687; x_wconf 92' lang='lat' dir='ltr'><strong>illic</strong></span> <span class='ocrx_word' id='word_1_224' title='bbox 968 2632 1162 2700; x_wconf 83' lang='lat' dir='ltr'><strong>debeo,</strong></span> <span class='ocrx_word' id='word_1_225' title='bbox 1192 2634 1282 2687; x_wconf 91' lang='lat' dir='ltr'><strong>ubi</strong></span> <span class='ocrx_word' id='word_1_226' title='bbox 1313 2647 1409 2703; x_wconf 89' lang='lat' dir='ltr'><strong>per</strong></span> <span class='ocrx_word' id='word_1_227' title='bbox 1439 2649 1500 2688; x_wconf 91' lang='lat' dir='ltr'><strong>ea</strong></span> <span class='ocrx_word' id='word_1_228' title='bbox 1527 2649 1645 2703; x_wconf 78' lang='lat' dir='ltr'><strong>qua:</strong></span> <span class='ocrx_word' id='word_1_229' title='bbox 1673 2634 1799 2694; x_wconf 84' lang='lat' dir='ltr'><strong>vidi,</strong></span> <span class='ocrx_word' id='word_1_230' title='bbox 1824 2634 2120 2704; x_wconf 90' lang='lat' dir='ltr'><strong>compellor</strong></span> 
     </span>
    </p>
   </div>
   <div class='ocr_carea' id='block_1_36' title="bbox 546 2721 2114 2792">
    <p class='ocr_par' dir='ltr' id='par_1_36' title="bbox 546 2721 2114 2792">
     <span class='ocr_line' id='line_1_36' title="bbox 546 2721 2114 2792; baseline 0.003 -17"><span class='ocrx_word' id='word_1_231' title='bbox 546 2723 790 2776; x_wconf 89' lang='lat' dir='ltr'><strong>devotius</strong></span> <span class='ocrx_word' id='word_1_232' title='bbox 828 2721 1052 2777; x_wconf 85' lang='lat' dir='ltr'><strong>credere</strong></span> <span class='ocrx_word' id='word_1_233' title='bbox 1080 2723 1243 2777; x_wconf 90' lang='lat' dir='ltr'><strong>etiam</strong></span> <span class='ocrx_word' id='word_1_234' title='bbox 1273 2723 1360 2776; x_wconf 89' lang='lat' dir='ltr'><strong>illa</strong></span> <span class='ocrx_word' id='word_1_235' title='bbox 1390 2739 1510 2792; x_wconf 63' lang='lat' dir='ltr'><strong>quas</strong></span> <span class='ocrx_word' id='word_1_236' title='bbox 1536 2740 1642 2778; x_wconf 91' lang='lat' dir='ltr'><strong>non</strong></span> <span class='ocrx_word' id='word_1_237' title='bbox 1684 2723 1807 2779; x_wconf 88' lang='lat' dir='ltr'><strong>vidi.</strong></span> <span class='ocrx_word' id='word_1_238' title='bbox 1839 2725 1970 2779; x_wconf 81' lang='lat' dir='ltr'><strong>Nam</strong></span> <span class='ocrx_word' id='word_1_239' title='bbox 1993 2740 2114 2780; x_wconf 88' lang='lat' dir='ltr'><strong>cum</strong></span> 
     </span>
    </p>
   </div>
   <div class='ocr_carea' id='block_1_37' title="bbox 546 2810 2114 2884">
    <p class='ocr_par' dir='ltr' id='par_1_37' title="bbox 546 2810 2114 2884">
     <span class='ocr_line' id='line_1_37' title="bbox 546 2810 2114 2884; baseline 0.005 -22"><span class='ocrx_word' id='word_1_240' title='bbox 546 2810 725 2864; x_wconf 85' lang='lat' dir='ltr'><strong>audita</strong></span> <span class='ocrx_word' id='word_1_241' title='bbox 763 2810 1034 2880; x_wconf 89' lang='lat' dir='ltr'><strong>aliquanta</strong></span> <span class='ocrx_word' id='word_1_242' title='bbox 1061 2812 1192 2865; x_wconf 91' lang='lat' dir='ltr'><strong>mihi</strong></span> <span class='ocrx_word' id='word_1_243' title='bbox 1233 2812 1577 2882; x_wconf 85' lang='lat' dir='ltr'><strong>impossibilia</strong></span> <span class='ocrx_word' id='word_1_244' title='bbox 1619 2813 1946 2878; x_wconf 89' lang='lat' dir='ltr'><strong>viderentur,</strong></span> <span class='ocrx_word' id='word_1_245' title='bbox 1976 2815 2114 2884; x_wconf 66' lang='lat' dir='ltr'><strong>coepi</strong></span> 
     </span>
    </p>
   </div>
   <div class='ocr_carea' id='block_1_38' title="bbox 544 2898 2185 2983">
    <p class='ocr_par' dir='ltr' id='par_1_38' title="bbox 544 2898 2185 2983">
     <span class='ocr_line' id='line_1_38' title="bbox 544 2898 2185 2983; baseline 0.005 -31"><span class='ocrx_word' id='word_1_246' title='bbox 544 2913 607 2952; x_wconf 90' lang='lat' dir='ltr'><strong>ca</strong></span> <span class='ocrx_word' id='word_1_247' title='bbox 638 2898 858 2954; x_wconf 87' lang='lat' dir='ltr'><strong>credere</strong></span> <span class='ocrx_word' id='word_1_248' title='bbox 886 2901 1126 2969; x_wconf 88' lang='lat' dir='ltr'><strong>potuisse</strong></span> <span class='ocrx_word' id='word_1_249' title='bbox 1154 2899 1292 2969; x_wconf 87' lang='lat' dir='ltr'><strong>ﬂeri,</strong></span> <span class='ocrx_word' id='word_1_250' title='bbox 1314 2901 1439 2955; x_wconf 86' lang='lat' dir='ltr'><strong>dum</strong></span> <span class='ocrx_word' id='word_1_251' title='bbox 1466 2902 1659 2957; x_wconf 86' lang='lat' dir='ltr'><strong>similia</strong></span> <span class='ocrx_word' id='word_1_252' title='bbox 1687 2904 1823 2983; x_wconf 77' lang='lat' dir='ltr'><strong>facta</strong></span> <span class='ocrx_word' id='word_1_253' title='bbox 1845 2917 1963 2958; x_wconf 85' lang='lat' dir='ltr'><strong>esse</strong></span> <span class='ocrx_word' id='word_1_254' title='bbox 1985 2918 2116 2959; x_wconf 88' lang='lat' dir='ltr'><strong>cou-</strong></span> <span class='ocrx_word' id='word_1_255' title='bbox 2139 2945 2185 2983; x_wconf 62' lang='grc' dir='ltr'>ρ</span> 
     </span>
    </p>
   </div>
   <div class='ocr_carea' id='block_1_39' title="bbox 544 2987 2114 3062">
    <p class='ocr_par' dir='ltr' id='par_1_39' title="bbox 544 2987 2114 3062">
     <span class='ocr_line' id='line_1_39' title="bbox 544 2987 2114 3062; baseline 0.005 -22"><span class='ocrx_word' id='word_1_256' title='bbox 544 2987 716 3056; x_wconf 88' lang='lat' dir='ltr'><strong>spexi.</strong></span> <span class='ocrx_word' id='word_1_257' title='bbox 749 2987 818 3042; x_wconf 85' lang='lat' dir='ltr'><strong>Et</strong></span> <span class='ocrx_word' id='word_1_258' title='bbox 841 2988 963 3044; x_wconf 90' lang='lat' dir='ltr'><strong>ideo</strong></span> <span class='ocrx_word' id='word_1_259' title='bbox 993 2990 1248 3060; x_wconf 88' lang='lat' dir='ltr'><strong>temporis</strong></span> <span class='ocrx_word' id='word_1_260' title='bbox 1274 2991 1441 3044; x_wconf 90' lang='lat' dir='ltr'><strong>nostri</strong></span> <span class='ocrx_word' id='word_1_261' title='bbox 1471 2992 1648 3060; x_wconf 88' lang='lat' dir='ltr'><strong>passio</strong></span> <span class='ocrx_word' id='word_1_262' title='bbox 1676 2992 1778 3046; x_wconf 81' lang='lat' dir='ltr'><strong>hoc</strong></span> <span class='ocrx_word' id='word_1_263' title='bbox 1798 2992 1952 3047; x_wconf 90' lang='lat' dir='ltr'><strong>nobis</strong></span> <span class='ocrx_word' id='word_1_264' title='bbox 1977 3007 2114 3062; x_wconf 78' lang='lat' dir='ltr'><strong>pra:-</strong></span> 
     </span>
    </p>
   </div>
   <div class='ocr_carea' id='block_1_40' title="bbox 543 3077 2109 3151">
    <p class='ocr_par' dir='ltr' id='par_1_40' title="bbox 543 3077 2109 3151">
     <span class='ocr_line' id='line_1_40' title="bbox 543 3077 2109 3151; baseline 0.004 -21"><span class='ocrx_word' id='word_1_265' title='bbox 543 3077 698 3142; x_wconf 86' lang='lat' dir='ltr'><strong>stitit,</strong></span> <span class='ocrx_word' id='word_1_266' title='bbox 730 3085 789 3132; x_wconf 93' lang='lat' dir='ltr'><strong>ut</strong></span> <span class='ocrx_word' id='word_1_267' title='bbox 814 3087 1136 3148; x_wconf 69' lang='lat' dir='ltr'><strong>przesentem</strong></span> <span class='ocrx_word' id='word_1_268' title='bbox 1173 3078 1420 3134; x_wconf 90' lang='lat' dir='ltr'><strong>conferre</strong></span> <span class='ocrx_word' id='word_1_269' title='bbox 1440 3081 1664 3148; x_wconf 91' lang='lat' dir='ltr'><strong>gratiam</strong></span> <span class='ocrx_word' id='word_1_270' title='bbox 1704 3089 1759 3135; x_wconf 92' lang='lat' dir='ltr'><strong>et</strong></span> <span class='ocrx_word' id='word_1_271' title='bbox 1787 3081 1942 3137; x_wconf 84' lang='lat' dir='ltr'><strong>tidem</strong></span> <span class='ocrx_word' id='word_1_272' title='bbox 1970 3096 2109 3151; x_wconf 69' lang='lat' dir='ltr'><strong>prae-</strong></span> 
     </span>
    </p>
   </div>
   <div class='ocr_carea' id='block_1_41' title="bbox 546 3165 2110 3239">
    <p class='ocr_par' dir='ltr' id='par_1_41' title="bbox 546 3165 2110 3239">
     <span class='ocr_line' id='line_1_41' title="bbox 546 3165 2110 3239; baseline 0.004 -20"><span class='ocrx_word' id='word_1_273' title='bbox 546 3167 756 3220; x_wconf 86' lang='lat' dir='ltr'><strong>teritam</strong></span> <span class='ocrx_word' id='word_1_274' title='bbox 784 3165 1142 3223; x_wconf 76' lang='lat' dir='ltr'><strong>conﬁrmaret.</strong></span> <span class='ocrx_word' id='word_1_275' title='bbox 1175 3167 1521 3239; x_wconf 86' lang='lat' dir='ltr'><strong>Supradictos</strong></span> <span class='ocrx_word' id='word_1_276' title='bbox 1547 3171 1708 3238; x_wconf 84' lang='lat' dir='ltr'><strong>igitur</strong></span> <span class='ocrx_word' id='word_1_277' title='bbox 1755 3171 1940 3226; x_wconf 89' lang='lat' dir='ltr'><strong>beatos</strong></span> <span class='ocrx_word' id='word_1_278' title='bbox 1966 3172 2110 3226; x_wconf 88' lang='lat' dir='ltr'><strong>viros</strong></span> 
     </span>
    </p>
   </div>
   <div class='ocr_carea' id='block_1_42' title="bbox 545 3253 2110 3329">
    <p class='ocr_par' dir='ltr' id='par_1_42' title="bbox 545 3253 2110 3329">
     <span class='ocr_line' id='line_1_42' title="bbox 545 3253 2110 3329; baseline 0.004 -22"><span class='ocrx_word' id='word_1_279' title='bbox 545 3262 659 3310; x_wconf 92' lang='lat' dir='ltr'><strong>tota</strong></span> <span class='ocrx_word' id='word_1_280' title='bbox 703 3253 961 3311; x_wconf 87' lang='lat' dir='ltr'><strong>debemus</strong></span> <span class='ocrx_word' id='word_1_281' title='bbox 1007 3258 1353 3313; x_wconf 84' lang='lat' dir='ltr'><strong>veneratione</strong></span> <span class='ocrx_word' id='word_1_282' title='bbox 1390 3261 1681 3328; x_wconf 84' lang='lat' dir='ltr'><strong>suscipere,</strong></span> <span class='ocrx_word' id='word_1_283' title='bbox 1731 3259 1957 3328; x_wconf 91' lang='lat' dir='ltr'><strong>primum</strong></span> <span class='ocrx_word' id='word_1_284' title='bbox 1986 3260 2110 3329; x_wconf 87' lang='lat' dir='ltr'><strong>quia</strong></span> 
     </span>
    </p>
   </div>
   <div class='ocr_carea' id='block_1_43' title="bbox 542 3344 2110 3416">
    <p class='ocr_par' dir='ltr' id='par_1_43' title="bbox 542 3344 2110 3416">
     <span class='ocr_line' id='line_1_43' title="bbox 542 3344 2110 3416; baseline 0.002 -18"><span class='ocrx_word' id='word_1_285' title='bbox 542 3344 661 3399; x_wconf 88' lang='lat' dir='ltr'><strong>dies</strong></span> <span class='ocrx_word' id='word_1_286' title='bbox 689 3344 808 3400; x_wconf 75' lang='lat' dir='ltr'><strong>vita:</strong></span> <span class='ocrx_word' id='word_1_287' title='bbox 836 3353 1031 3400; x_wconf 63' lang='lat' dir='ltr'><strong>nostra</strong></span> <span class='ocrx_word' id='word_1_288' title='bbox 1056 3346 1297 3416; x_wconf 85' lang='lat' dir='ltr'><strong>pretioso</strong></span> <span class='ocrx_word' id='word_1_289' title='bbox 1325 3348 1583 3414; x_wconf 85' lang='lat' dir='ltr'><strong>sanguine</strong></span> <span class='ocrx_word' id='word_1_290' title='bbox 1609 3362 1708 3401; x_wconf 86' lang='lat' dir='ltr'><strong>suo</strong></span> <span class='ocrx_word' id='word_1_291' title='bbox 1738 3347 2004 3402; x_wconf 88' lang='lat' dir='ltr'><strong>illustrare</strong></span> <span class='ocrx_word' id='word_1_292' title='bbox 2030 3347 2110 3401; x_wconf 82' lang='lat' dir='ltr'><strong>di-</strong></span> 
     </span>
    </p>
   </div>
   <div class='ocr_carea' id='block_1_44' title="bbox 541 3435 2110 3507">
    <p class='ocr_par' dir='ltr' id='par_1_44' title="bbox 541 3435 2110 3507">
     <span class='ocr_line' id='line_1_44' title="bbox 541 3435 2110 3507; baseline 0.001 -19"><span class='ocrx_word' id='word_1_293' title='bbox 541 3436 687 3504; x_wconf 82' lang='lat' dir='ltr'><strong>gnati</strong></span> <span class='ocrx_word' id='word_1_294' title='bbox 731 3445 885 3503; x_wconf 85' lang='lat' dir='ltr'><strong>sunt;</strong></span> <span class='ocrx_word' id='word_1_295' title='bbox 937 3435 1150 3503; x_wconf 88' lang='lat' dir='ltr'><strong>deinde,</strong></span> <span class='ocrx_word' id='word_1_296' title='bbox 1189 3437 1332 3506; x_wconf 90' lang='lat' dir='ltr'><strong>quod</strong></span> <span class='ocrx_word' id='word_1_297' title='bbox 1359 3438 1764 3507; x_wconf 74' lang='lat' dir='ltr'><strong>prmrogativam</strong></span> <span class='ocrx_word' id='word_1_298' title='bbox 1791 3437 1944 3491; x_wconf 90' lang='lat' dir='ltr'><strong>nobis</strong></span> <span class='ocrx_word' id='word_1_299' title='bbox 1970 3436 2110 3506; x_wconf 83' lang='lat' dir='ltr'><strong>apud</strong></span> 
     </span>
    </p>
   </div>
   <div class='ocr_carea' id='block_1_45' title="bbox 540 3524 2111 3594">
    <p class='ocr_par' dir='ltr' id='par_1_45' title="bbox 540 3524 2111 3594">
     <span class='ocr_line' id='line_1_45' title="bbox 540 3524 2111 3594; baseline -0.001 -14"><span class='ocrx_word' id='word_1_300' title='bbox 540 3524 709 3580; x_wconf 86' lang='lat' dir='ltr'><strong>Deum</strong></span> <span class='ocrx_word' id='word_1_301' title='bbox 737 3540 844 3580; x_wconf 91' lang='lat' dir='ltr'><strong>non</strong></span> <span class='ocrx_word' id='word_1_302' title='bbox 873 3526 1150 3579; x_wconf 87' lang='lat' dir='ltr'><strong>minimam</strong></span> <span class='ocrx_word' id='word_1_303' title='bbox 1186 3527 1549 3594; x_wconf 88' lang='lat' dir='ltr'><strong>contulerunt,</strong></span> <span class='ocrx_word' id='word_1_304' title='bbox 1577 3526 1920 3582; x_wconf 84' lang='lat' dir='ltr'><strong>ostendentes</strong></span> <span class='ocrx_word' id='word_1_305' title='bbox 1939 3526 2111 3593; x_wconf 86' lang='lat' dir='ltr'><strong>qualis</strong></span> 
     </span>
    </p>
   </div>
   <div class='ocr_carea' id='block_1_46' title="bbox 541 3615 2110 3683">
    <p class='ocr_par' dir='ltr' id='par_1_46' title="bbox 541 3615 2110 3683">
     <span class='ocr_line' id='line_1_46' title="bbox 541 3615 2110 3683; baseline -0.003 -12"><span class='ocrx_word' id='word_1_306' title='bbox 541 3624 688 3671; x_wconf 86' lang='lat' dir='ltr'><strong>esset</strong></span> <span class='ocrx_word' id='word_1_307' title='bbox 732 3624 891 3670; x_wconf 67' lang='lat' dir='ltr'><strong>astate</strong></span> <span class='ocrx_word' id='word_1_308' title='bbox 933 3624 1117 3670; x_wconf 87' lang='lat' dir='ltr'><strong>nostra</strong></span> <span class='ocrx_word' id='word_1_309' title='bbox 1163 3615 1216 3670; x_wconf 89' lang='lat' dir='ltr'><strong>in</strong></span> <span class='ocrx_word' id='word_1_310' title='bbox 1256 3615 1571 3671; x_wconf 85' lang='lat' dir='ltr'><strong>Christianis</strong></span> <span class='ocrx_word' id='word_1_311' title='bbox 1609 3616 1757 3680; x_wconf 80' lang='lat' dir='ltr'><strong>fides,</strong></span> <span class='ocrx_word' id='word_1_312' title='bbox 1789 3615 1856 3669; x_wconf 91' lang='lat' dir='ltr'><strong>de</strong></span> <span class='ocrx_word' id='word_1_313' title='bbox 1884 3629 2110 3683; x_wconf 88' lang='lat' dir='ltr'><strong>quorum</strong></span> 
     </span>
    </p>
   </div>
   <div class='ocr_carea' id='block_1_47' title="bbox 541 3703 2110 3776">
    <p class='ocr_par' dir='ltr' id='par_1_47' title="bbox 541 3703 2110 3776">
     <span class='ocr_line' id='line_1_47' title="bbox 541 3703 2110 3776; baseline -0.001 -16"><span class='ocrx_word' id='word_1_314' title='bbox 541 3707 817 3760; x_wconf 88' lang='lat' dir='ltr'><strong>consortio</strong></span> <span class='ocrx_word' id='word_1_315' title='bbox 837 3707 1070 3760; x_wconf 80' lang='lat' dir='ltr'><strong>existere</strong></span> <span class='ocrx_word' id='word_1_316' title='bbox 1090 3713 1354 3776; x_wconf 88' lang='lat' dir='ltr'><strong>martyres</strong></span> <span class='ocrx_word' id='word_1_317' title='bbox 1367 3714 1717 3761; x_wconf 89' lang='lat' dir='ltr'><strong>mererentur.</strong></span> <span class='ocrx_word' id='word_1_318' title='bbox 1743 3704 1946 3771; x_wconf 88' lang='lat' dir='ltr'><strong>Tertio,</strong></span> <span class='ocrx_word' id='word_1_319' title='bbox 1966 3703 2110 3773; x_wconf 76' lang='lat' dir='ltr'><strong>quod</strong></span> 
     </span>
    </p>
   </div>
   <div class='ocr_carea' id='block_1_48' title="bbox 541 3795 2110 3860">
    <p class='ocr_par' dir='ltr' id='par_1_48' title="bbox 541 3795 2110 3860">
     <span class='ocr_line' id='line_1_48' title="bbox 541 3795 2110 3860; baseline 0 -11"><span class='ocrx_word' id='word_1_320' title='bbox 541 3796 702 3849; x_wconf 90' lang='lat' dir='ltr'><strong>iidem</strong></span> <span class='ocrx_word' id='word_1_321' title='bbox 731 3803 836 3848; x_wconf 89' lang='lat' dir='ltr'><strong>tam</strong></span> <span class='ocrx_word' id='word_1_322' title='bbox 861 3805 1060 3850; x_wconf 65' lang='lat' dir='ltr'><strong>sanctas</strong></span> <span class='ocrx_word' id='word_1_323' title='bbox 1087 3797 1505 3851; x_wconf 75' lang='lat' dir='ltr'><strong>conversationis</strong></span> <span class='ocrx_word' id='word_1_324' title='bbox 1533 3795 1746 3860; x_wconf 79' lang='lat' dir='ltr'><strong>fuerint,</strong></span> <span class='ocrx_word' id='word_1_325' title='bbox 1773 3804 1832 3849; x_wconf 86' lang='lat' dir='ltr'><strong>nt</strong></span> <span class='ocrx_word' id='word_1_326' title='bbox 1856 3809 2110 3849; x_wconf 86' lang='lat' dir='ltr'><strong>coronam</strong></span> 
     </span>
    </p>
   </div>
   <div class='ocr_carea' id='block_1_49' title="bbox 541 3884 2111 3955">
    <p class='ocr_par' dir='ltr' id='par_1_49' title="bbox 541 3884 2111 3955">
     <span class='ocr_line' id='line_1_49' title="bbox 541 3884 2111 3955; baseline 0.001 -18"><span class='ocrx_word' id='word_1_327' title='bbox 541 3885 779 3954; x_wconf 87' lang='lat' dir='ltr'><strong>martyrii</strong></span> <span class='ocrx_word' id='word_1_328' title='bbox 813 3892 1056 3954; x_wconf 89' lang='lat' dir='ltr'><strong>tempore</strong></span> <span class='ocrx_word' id='word_1_329' title='bbox 1083 3886 1233 3955; x_wconf 83' lang='lat' dir='ltr'><strong>pacis</strong></span> <span class='ocrx_word' id='word_1_330' title='bbox 1259 3886 1575 3940; x_wconf 89' lang='lat' dir='ltr'><strong>invenerint.</strong></span> <span class='ocrx_word' id='word_1_331' title='bbox 1605 3884 1738 3939; x_wconf 90' lang='lat' dir='ltr'><strong>Cum</strong></span> <span class='ocrx_word' id='word_1_332' title='bbox 1767 3885 1911 3939; x_wconf 90' lang='lat' dir='ltr'><strong>enim</strong></span> <span class='ocrx_word' id='word_1_333' title='bbox 1935 3885 2111 3939; x_wconf 80' lang='lat' dir='ltr'><strong>nullus</strong></span> 
     </span>
    </p>
   </div>
   <div class='ocr_carea' id='block_1_50' title="bbox 543 3975 2110 4044">
    <p class='ocr_par' dir='ltr' id='par_1_50' title="bbox 543 3975 2110 4044">
     <span class='ocr_line' id='line_1_50' title="bbox 543 3975 2110 4044; baseline 0.001 -16"><span class='ocrx_word' id='word_1_334' title='bbox 543 3989 636 4028; x_wconf 87' lang='lat' dir='ltr'><strong>rex</strong></span> <span class='ocrx_word' id='word_1_335' title='bbox 675 3983 988 4043; x_wconf 87' lang='lat' dir='ltr'><strong>persecutor</strong></span> <span class='ocrx_word' id='word_1_336' title='bbox 1023 3984 1253 4042; x_wconf 87' lang='lat' dir='ltr'><strong>urgeret,</strong></span> <span class='ocrx_word' id='word_1_337' title='bbox 1302 3975 1477 4029; x_wconf 91' lang='lat' dir='ltr'><strong>nullus</strong></span> <span class='ocrx_word' id='word_1_338' title='bbox 1518 3975 1807 4042; x_wconf 89' lang='lat' dir='ltr'><strong>sacrilegus</strong></span> <span class='ocrx_word' id='word_1_339' title='bbox 1853 3983 2110 4044; x_wconf 85' lang='lat' dir='ltr'><strong>tyrannus</strong></span> 
     </span>
    </p>
   </div>
   <div class='ocr_carea' id='block_1_51' title="bbox 541 4063 2108 4133">
    <p class='ocr_par' dir='ltr' id='par_1_51' title="bbox 541 4063 2108 4133">
     <span class='ocr_line' id='line_1_51' title="bbox 541 4063 2108 4133; baseline -0.001 -14"><span class='ocrx_word' id='word_1_340' title='bbox 541 4066 830 4128; x_wconf 86' lang='lat' dir='ltr'><strong>insisteret,</strong></span> <span class='ocrx_word' id='word_1_341' title='bbox 854 4066 980 4120; x_wconf 90' lang='lat' dir='ltr'><strong>fecit</strong></span> <span class='ocrx_word' id='word_1_342' title='bbox 1007 4080 1102 4120; x_wconf 90' lang='lat' dir='ltr'><strong>eos</strong></span> <span class='ocrx_word' id='word_1_343' title='bbox 1125 4063 1464 4118; x_wconf 89' lang='lat' dir='ltr'><strong>confessores</strong></span> <span class='ocrx_word' id='word_1_344' title='bbox 1489 4079 1593 4120; x_wconf 90' lang='lat' dir='ltr'><strong>non</strong></span> <span class='ocrx_word' id='word_1_345' title='bbox 1617 4065 1826 4133; x_wconf 89' lang='lat' dir='ltr'><strong>publica</strong></span> <span class='ocrx_word' id='word_1_346' title='bbox 1854 4079 2108 4133; x_wconf 82' lang='lat' dir='ltr'><strong>persecu-</strong></span> 
     </span>
    </p>
   </div>
   <div class='ocr_carea' id='block_1_52' title="bbox 2151 1605 3797 1705">
    <p class='ocr_par' dir='ltr' id='par_1_52' title="bbox 2151 1605 3797 1705">
     <span class='ocr_line' id='line_1_52' title="bbox 2151 1605 3797 1705; baseline -0.004 -14"><span class='ocrx_word' id='word_1_347' title='bbox 2151 1605 2192 1662; x_wconf 74' lang='grc' dir='ltr'><strong><em>Β</em></strong></span> <span class='ocrx_word' id='word_1_348' title='bbox 2220 1605 2490 1705; x_wconf 75' lang='lat' dir='ltr'><strong>cognitum</strong></span> <span class='ocrx_word' id='word_1_349' title='bbox 2512 1644 2670 1688; x_wconf 87' lang='lat' dir='ltr'><strong>antea</strong></span> <span class='ocrx_word' id='word_1_350' title='bbox 2698 1605 2806 1687; x_wconf 84' lang='lat' dir='ltr'><strong>non</strong></span> <span class='ocrx_word' id='word_1_351' title='bbox 2835 1605 3041 1696; x_wconf 71' lang='lat' dir='ltr'><strong>fuisset,</strong></span> <span class='ocrx_word' id='word_1_352' title='bbox 3070 1640 3285 1686; x_wconf 88' lang='lat' dir='ltr'><strong>assueto</strong></span> <span class='ocrx_word' id='word_1_353' title='bbox 3311 1631 3624 1699; x_wconf 85' lang='lat' dir='ltr'><strong>sacrilegio,</strong></span> <span class='ocrx_word' id='word_1_354' title='bbox 3653 1632 3797 1699; x_wconf 81' lang='lat' dir='ltr'><strong>quod</strong></span> 
     </span>
    </p>
   </div>
   <div class='ocr_carea' id='block_1_53' title="bbox 2218 1721 3797 1791">
    <p class='ocr_par' dir='ltr' id='par_1_53' title="bbox 2218 1721 3797 1791">
     <span class='ocr_line' id='line_1_53' title="bbox 2218 1721 3797 1791; baseline -0.005 -11"><span class='ocrx_word' id='word_1_355' title='bbox 2218 1727 2444 1780; x_wconf 89' lang='lat' dir='ltr'><strong>lustrum</strong></span> <span class='ocrx_word' id='word_1_356' title='bbox 2484 1723 2700 1788; x_wconf 90' lang='lat' dir='ltr'><strong>dicunt,</strong></span> <span class='ocrx_word' id='word_1_357' title='bbox 2740 1724 2857 1777; x_wconf 90' lang='lat' dir='ltr'><strong>loca</strong></span> <span class='ocrx_word' id='word_1_358' title='bbox 2895 1723 3092 1777; x_wconf 91' lang='lat' dir='ltr'><strong>vellent</strong></span> <span class='ocrx_word' id='word_1_359' title='bbox 3131 1721 3380 1776; x_wconf 87' lang='lat' dir='ltr'><strong>universa</strong></span> <span class='ocrx_word' id='word_1_360' title='bbox 3418 1722 3692 1791; x_wconf 85' lang='lat' dir='ltr'><strong>polluere,</strong></span> <span class='ocrx_word' id='word_1_361' title='bbox 3737 1735 3797 1773; x_wconf 85' lang='lat' dir='ltr'><strong>ac</strong></span> 
     </span>
    </p>
   </div>
   <div class='ocr_carea' id='block_1_54' title="bbox 2217 1808 3795 1883">
    <p class='ocr_par' dir='ltr' id='par_1_54' title="bbox 2217 1808 3795 1883">
     <span class='ocr_line' id='line_1_54' title="bbox 2217 1808 3795 1883; baseline -0.005 -13"><span class='ocrx_word' id='word_1_362' title='bbox 2217 1815 2390 1871; x_wconf 90' lang='lat' dir='ltr'><strong>sancti</strong></span> <span class='ocrx_word' id='word_1_363' title='bbox 2415 1814 2514 1868; x_wconf 87' lang='lat' dir='ltr'><strong>viri</strong></span> <span class='ocrx_word' id='word_1_364' title='bbox 2539 1820 2826 1883; x_wconf 89' lang='lat' dir='ltr'><strong>arguerent</strong></span> <span class='ocrx_word' id='word_1_365' title='bbox 2853 1827 2971 1878; x_wconf 90' lang='lat' dir='ltr'><strong>eos,</strong></span> <span class='ocrx_word' id='word_1_366' title='bbox 2997 1825 3314 1879; x_wconf 86' lang='lat' dir='ltr'><strong>erroresque</strong></span> <span class='ocrx_word' id='word_1_367' title='bbox 3340 1825 3531 1865; x_wconf 87' lang='lat' dir='ltr'><strong>eorum</strong></span> <span class='ocrx_word' id='word_1_368' title='bbox 3560 1808 3795 1863; x_wconf 79' lang='lat' dir='ltr'><strong>manife-</strong></span> 
     </span>
    </p>
   </div>
   <div class='ocr_carea' id='block_1_55' title="bbox 2217 1900 3797 1969">
    <p class='ocr_par' dir='ltr' id='par_1_55' title="bbox 2217 1900 3797 1969">
     <span class='ocr_line' id='line_1_55' title="bbox 2217 1900 3797 1969; baseline -0.005 -9"><span class='ocrx_word' id='word_1_369' title='bbox 2217 1912 2422 1960; x_wconf 89' lang='lat' dir='ltr'><strong>stanter</strong></span> <span class='ocrx_word' id='word_1_370' title='bbox 2467 1901 2773 1957; x_wconf 89' lang='lat' dir='ltr'><strong>rationabili</strong></span> <span class='ocrx_word' id='word_1_371' title='bbox 2817 1901 3168 1969; x_wconf 86' lang='lat' dir='ltr'><strong>castigatione</strong></span> <span class='ocrx_word' id='word_1_372' title='bbox 3211 1900 3623 1966; x_wconf 72' lang='lat' dir='ltr'><strong>convincerent,</strong></span> <span class='ocrx_word' id='word_1_373' title='bbox 3672 1907 3797 1952; x_wconf 78' lang='lat' dir='ltr'><strong>mne</strong></span> 
     </span>
    </p>
   </div>
   <div class='ocr_carea' id='block_1_56' title="bbox 2219 1988 3795 2062">
    <p class='ocr_par' dir='ltr' id='par_1_56' title="bbox 2219 1988 3795 2062">
     <span class='ocr_line' id='line_1_56' title="bbox 2219 1988 3795 2062; baseline -0.006 -13"><span class='ocrx_word' id='word_1_374' title='bbox 2219 1995 2296 2049; x_wconf 92' lang='lat' dir='ltr'><strong>illi</strong></span> <span class='ocrx_word' id='word_1_375' title='bbox 2324 1992 2572 2048; x_wconf 86' lang='lat' dir='ltr'><strong>inebriati</strong></span> <span class='ocrx_word' id='word_1_376' title='bbox 2613 1991 2734 2062; x_wconf 87' lang='lat' dir='ltr'><strong>plus</strong></span> <span class='ocrx_word' id='word_1_377' title='bbox 2762 1990 2944 2045; x_wconf 86' lang='lat' dir='ltr'><strong>furore</strong></span> <span class='ocrx_word' id='word_1_378' title='bbox 2984 2004 3144 2058; x_wconf 90' lang='lat' dir='ltr'><strong>quam</strong></span> <span class='ocrx_word' id='word_1_379' title='bbox 3172 1988 3300 2043; x_wconf 90' lang='lat' dir='ltr'><strong>vino</strong></span> <span class='ocrx_word' id='word_1_380' title='bbox 3327 1996 3636 2057; x_wconf 88' lang='lat' dir='ltr'><strong>rapuerunt</strong></span> <span class='ocrx_word' id='word_1_381' title='bbox 3683 2002 3795 2051; x_wconf 80' lang='lat' dir='ltr'><strong>eos,</strong></span> 
     </span>
    </p>
   </div>
   <div class='ocr_carea' id='block_1_57' title="bbox 2217 2079 3798 2145">
    <p class='ocr_par' dir='ltr' id='par_1_57' title="bbox 2217 2079 3798 2145">
     <span class='ocr_line' id='line_1_57' title="bbox 2217 2079 3798 2145; baseline -0.005 -6"><span class='ocrx_word' id='word_1_382' title='bbox 2217 2093 2272 2139; x_wconf 89' lang='lat' dir='ltr'><strong>et</strong></span> <span class='ocrx_word' id='word_1_383' title='bbox 2298 2083 2445 2140; x_wconf 72' lang='lat' dir='ltr'><strong>caade</strong></span> <span class='ocrx_word' id='word_1_384' title='bbox 2471 2083 2834 2138; x_wconf 75' lang='lat' dir='ltr'><strong>crudelissima</strong></span> <span class='ocrx_word' id='word_1_385' title='bbox 2861 2081 3185 2145; x_wconf 88' lang='lat' dir='ltr'><strong>sauciarunt,</strong></span> <span class='ocrx_word' id='word_1_386' title='bbox 3233 2079 3308 2133; x_wconf 92' lang='lat' dir='ltr'><strong>ita</strong></span> <span class='ocrx_word' id='word_1_387' title='bbox 3345 2086 3406 2133; x_wconf 90' lang='lat' dir='ltr'><strong>ut</strong></span> <span class='ocrx_word' id='word_1_388' title='bbox 3431 2093 3570 2133; x_wconf 72' lang='lat' dir='ltr'><strong>unm</strong></span> <span class='ocrx_word' id='word_1_389' title='bbox 3599 2092 3675 2132; x_wconf 89' lang='lat' dir='ltr'><strong>ex</strong></span> <span class='ocrx_word' id='word_1_390' title='bbox 3719 2079 3798 2132; x_wconf 82' lang='lat' dir='ltr'><strong>his</strong></span> 
     </span>
    </p>
   </div>
   <div class='ocr_carea' id='block_1_58' title="bbox 2214 2165 3795 2242">
    <p class='ocr_par' dir='ltr' id='par_1_58' title="bbox 2214 2165 3795 2242">
     <span class='ocr_line' id='line_1_58' title="bbox 2214 2165 3795 2242; baseline -0.005 -14"><span class='ocrx_word' id='word_1_391' title='bbox 2214 2181 2340 2242; x_wconf 89' lang='lat' dir='ltr'><strong>post</strong></span> <span class='ocrx_word' id='word_1_392' title='bbox 2383 2172 2547 2226; x_wconf 89' lang='lat' dir='ltr'><strong>multa</strong></span> <span class='ocrx_word' id='word_1_393' title='bbox 2576 2170 2835 2241; x_wconf 88' lang='lat' dir='ltr'><strong>supplicia</strong></span> <span class='ocrx_word' id='word_1_394' title='bbox 2862 2169 3147 2223; x_wconf 84' lang='lat' dir='ltr'><strong>semivivus</strong></span> <span class='ocrx_word' id='word_1_395' title='bbox 3178 2175 3522 2237; x_wconf 86' lang='lat' dir='ltr'><strong>exspectaret</strong></span> <span class='ocrx_word' id='word_1_396' title='bbox 3549 2181 3616 2222; x_wconf 88' lang='lat' dir='ltr'><strong>ac</strong></span> <span class='ocrx_word' id='word_1_397' title='bbox 3643 2165 3795 2220; x_wconf 83' lang='lat' dir='ltr'><strong>vide-</strong></span> 
     </span>
    </p>
   </div>
   <div class='ocr_carea' id='block_1_59' title="bbox 2215 2253 3794 2324">
    <p class='ocr_par' dir='ltr' id='par_1_59' title="bbox 2215 2253 3794 2324">
     <span class='ocr_line' id='line_1_59' title="bbox 2215 2253 3794 2324; baseline -0.004 -9"><span class='ocrx_word' id='word_1_398' title='bbox 2215 2269 2299 2316; x_wconf 88' lang='lat' dir='ltr'><strong>ret</strong></span> <span class='ocrx_word' id='word_1_399' title='bbox 2317 2274 2426 2314; x_wconf 63' lang='grc' dir='ltr'><strong>ειη</strong></span> <span class='ocrx_word' id='word_1_400' title='bbox 2447 2259 2633 2314; x_wconf 89' lang='lat' dir='ltr'><strong>mortis</strong></span> <span class='ocrx_word' id='word_1_401' title='bbox 2653 2260 2884 2324; x_wconf 89' lang='lat' dir='ltr'><strong>exitum;</strong></span> <span class='ocrx_word' id='word_1_402' title='bbox 2907 2272 3031 2311; x_wconf 89' lang='lat' dir='ltr'><strong>nam</strong></span> <span class='ocrx_word' id='word_1_403' title='bbox 3050 2256 3318 2310; x_wconf 90' lang='lat' dir='ltr'><strong>destructa</strong></span> <span class='ocrx_word' id='word_1_404' title='bbox 3347 2253 3606 2310; x_wconf 64' lang='lat' dir='ltr'><strong>Ecclesia</strong></span> <span class='ocrx_word' id='word_1_405' title='bbox 3635 2255 3794 2308; x_wconf 86' lang='lat' dir='ltr'><strong>fabri-</strong></span> 
     </span>
    </p>
   </div>
   <div class='ocr_carea' id='block_1_60' title="bbox 2215 2343 3793 2420">
    <p class='ocr_par' dir='ltr' id='par_1_60' title="bbox 2215 2343 3793 2420">
     <span class='ocr_line' id='line_1_60' title="bbox 2215 2343 3793 2420; baseline -0.006 -15"><span class='ocrx_word' id='word_1_406' title='bbox 2215 2365 2280 2405; x_wconf 87' lang='lat' dir='ltr'><strong>ca</strong></span> <span class='ocrx_word' id='word_1_407' title='bbox 2300 2363 2486 2420; x_wconf 76' lang='lat' dir='ltr'><strong>pyram</strong></span> <span class='ocrx_word' id='word_1_408' title='bbox 2504 2347 2572 2402; x_wconf 91' lang='lat' dir='ltr'><strong>de</strong></span> <span class='ocrx_word' id='word_1_409' title='bbox 2589 2346 2708 2416; x_wconf 84' lang='lat' dir='ltr'><strong>ejus</strong></span> <span class='ocrx_word' id='word_1_410' title='bbox 2729 2346 2967 2400; x_wconf 87' lang='lat' dir='ltr'><strong>trabibus</strong></span> <span class='ocrx_word' id='word_1_411' title='bbox 2986 2351 3380 2411; x_wconf 72' lang='lat' dir='ltr'><strong>mnstruentes,</strong></span> <span class='ocrx_word' id='word_1_412' title='bbox 3393 2343 3628 2398; x_wconf 88' lang='lat' dir='ltr'><strong>ﬂammis</strong></span> <span class='ocrx_word' id='word_1_413' title='bbox 3639 2343 3793 2397; x_wconf 66' lang='lat' dir='ltr'><strong>bmta</strong></span> 
     </span>
    </p>
   </div>
   <div class='ocr_carea' id='block_1_61' title="bbox 2215 2433 3793 2506">
    <p class='ocr_par' dir='ltr' id='par_1_61' title="bbox 2215 2433 3793 2506">
     <span class='ocr_line' id='line_1_61' title="bbox 2215 2433 3793 2506; baseline -0.006 -13"><span class='ocrx_word' id='word_1_414' title='bbox 2215 2451 2442 2506; x_wconf 89' lang='lat' dir='ltr'><strong>corpora</strong></span> <span class='ocrx_word' id='word_1_415' title='bbox 2470 2433 2823 2490; x_wconf 90' lang='lat' dir='ltr'><strong>tradiderunt.</strong></span> <span class='ocrx_word' id='word_1_416' title='bbox 2852 2433 2992 2487; x_wconf 74' lang='lat' dir='ltr'><strong>Vere</strong></span> <span class='ocrx_word' id='word_1_417' title='bbox 3033 2433 3191 2487; x_wconf 89' lang='lat' dir='ltr'><strong>beata</strong></span> <span class='ocrx_word' id='word_1_418' title='bbox 3230 2447 3480 2501; x_wconf 88' lang='lat' dir='ltr'><strong>corpora,</strong></span> <span class='ocrx_word' id='word_1_419' title='bbox 3523 2446 3652 2500; x_wconf 71' lang='lat' dir='ltr'><strong>qua</strong></span> <span class='ocrx_word' id='word_1_420' title='bbox 3687 2446 3793 2484; x_wconf 86' lang='lat' dir='ltr'><strong>non</strong></span> 
     </span>
    </p>
   </div>
   <div class='ocr_carea' id='block_1_62' title="bbox 2216 2522 3791 2598">
    <p class='ocr_par' dir='ltr' id='par_1_62' title="bbox 2216 2522 3791 2598">
     <span class='ocr_line' id='line_1_62' title="bbox 2216 2522 3791 2598; baseline -0.005 -14"><span class='ocrx_word' id='word_1_421' title='bbox 2216 2528 2284 2584; x_wconf 89' lang='lat' dir='ltr'><strong>ad</strong></span> <span class='ocrx_word' id='word_1_422' title='bbox 2309 2541 2524 2598; x_wconf 71' lang='lat' dir='ltr'><strong>ptenam</strong></span> <span class='ocrx_word' id='word_1_423' title='bbox 2556 2525 2685 2581; x_wconf 90' lang='lat' dir='ltr'><strong>idoli</strong></span> <span class='ocrx_word' id='word_1_424' title='bbox 2710 2523 2952 2579; x_wconf 89' lang='lat' dir='ltr'><strong>funestus</strong></span> <span class='ocrx_word' id='word_1_425' title='bbox 2979 2523 3114 2592; x_wconf 84' lang='lat' dir='ltr'><strong>ignis</strong></span> <span class='ocrx_word' id='word_1_426' title='bbox 3139 2524 3449 2593; x_wconf 82' lang='lat' dir='ltr'><strong>assumpsit,</strong></span> <span class='ocrx_word' id='word_1_427' title='bbox 3482 2522 3578 2578; x_wconf 83' lang='lat' dir='ltr'><strong>sed</strong></span> <span class='ocrx_word' id='word_1_428' title='bbox 3611 2523 3684 2576; x_wconf 88' lang='lat' dir='ltr'><strong>ad</strong></span> <span class='ocrx_word' id='word_1_429' title='bbox 3710 2538 3791 2577; x_wconf 81' lang='lat' dir='ltr'><strong>re-</strong></span> 
     </span>
    </p>
   </div>
   <div class='ocr_carea' id='block_1_63' title="bbox 2215 2612 3790 2688">
    <p class='ocr_par' dir='ltr' id='par_1_63' title="bbox 2215 2612 3790 2688">
     <span class='ocr_line' id='line_1_63' title="bbox 2215 2612 3790 2688; baseline -0.003 -15"><span class='ocrx_word' id='word_1_430' title='bbox 2215 2619 2393 2688; x_wconf 90' lang='lat' dir='ltr'><strong>quiem</strong></span> <span class='ocrx_word' id='word_1_431' title='bbox 2420 2616 2702 2672; x_wconf 71' lang='lat' dir='ltr'><strong>dominica:</strong></span> <span class='ocrx_word' id='word_1_432' title='bbox 2727 2615 2919 2670; x_wconf 89' lang='lat' dir='ltr'><strong>domus</strong></span> <span class='ocrx_word' id='word_1_433' title='bbox 2943 2614 3106 2684; x_wconf 78' lang='lat'><strong>609</strong></span> <span class='ocrx_word' id='word_1_434' title='bbox 3133 2621 3320 2672; x_wconf 83' lang='lat' dir='ltr'><strong>sancta</strong></span> <span class='ocrx_word' id='word_1_435' title='bbox 3365 2612 3579 2667; x_wconf 85' lang='lat' dir='ltr'><strong>ﬂamma</strong></span> <span class='ocrx_word' id='word_1_436' title='bbox 3603 2629 3790 2668; x_wconf 86' lang='lat' dir='ltr'><strong>susce-</strong></span> 
     </span>
    </p>
   </div>
   <div class='ocr_carea' id='block_1_64' title="bbox 2215 2704 3790 2780">
    <p class='ocr_par' dir='ltr' id='par_1_64' title="bbox 2215 2704 3790 2780">
     <span class='ocr_line' id='line_1_64' title="bbox 2215 2704 3790 2780; baseline -0.004 -17"><span class='ocrx_word' id='word_1_437' title='bbox 2215 2711 2312 2780; x_wconf 90' lang='lat' dir='ltr'><strong>pit.</strong></span> <span class='ocrx_word' id='word_1_438' title='bbox 2351 2707 2544 2762; x_wconf 86' lang='lat' dir='ltr'><strong>Sancta</strong></span> <span class='ocrx_word' id='word_1_439' title='bbox 2571 2707 2730 2776; x_wconf 91' lang='lat' dir='ltr'><strong>plane</strong></span> <span class='ocrx_word' id='word_1_440' title='bbox 2772 2706 3002 2771; x_wconf 89' lang='lat' dir='ltr'><strong>ﬂamma,</strong></span> <span class='ocrx_word' id='word_1_441' title='bbox 3032 2718 3150 2773; x_wconf 69' lang='lat' dir='ltr'><strong>quae</strong></span> <span class='ocrx_word' id='word_1_442' title='bbox 3178 2704 3299 2759; x_wconf 88' lang='lat' dir='ltr'><strong>ideo</strong></span> <span class='ocrx_word' id='word_1_443' title='bbox 3320 2705 3558 2773; x_wconf 85' lang='lat' dir='ltr'><strong>suscepit</strong></span> <span class='ocrx_word' id='word_1_444' title='bbox 3587 2713 3790 2773; x_wconf 78' lang='lat' dir='ltr'><strong>marty-</strong></span> 
     </span>
    </p>
   </div>
   <div class='ocr_carea' id='block_1_65' title="bbox 2214 2795 3794 2866">
    <p class='ocr_par' dir='ltr' id='par_1_65' title="bbox 2214 2795 3794 2866">
     <span class='ocr_line' id='line_1_65' title="bbox 2214 2795 3794 2866; baseline -0.004 -10"><span class='ocrx_word' id='word_1_445' title='bbox 2214 2815 2321 2866; x_wconf 87' lang='lat' dir='ltr'><strong>res,</strong></span> <span class='ocrx_word' id='word_1_446' title='bbox 2353 2814 2462 2854; x_wconf 90' lang='lat' dir='ltr'><strong>non</strong></span> <span class='ocrx_word' id='word_1_447' title='bbox 2489 2805 2548 2852; x_wconf 94' lang='lat' dir='ltr'><strong>ut</strong></span> <span class='ocrx_word' id='word_1_448' title='bbox 2591 2812 2688 2853; x_wconf 90' lang='lat' dir='ltr'><strong>eos</strong></span> <span class='ocrx_word' id='word_1_449' title='bbox 2715 2796 2876 2851; x_wconf 91' lang='lat' dir='ltr'><strong>noxio</strong></span> <span class='ocrx_word' id='word_1_450' title='bbox 2905 2795 3098 2849; x_wconf 84' lang='lat' dir='ltr'><strong>ardore</strong></span> <span class='ocrx_word' id='word_1_451' title='bbox 3124 2803 3485 2859; x_wconf 89' lang='lat' dir='ltr'><strong>consumeret,</strong></span> <span class='ocrx_word' id='word_1_452' title='bbox 3515 2795 3612 2849; x_wconf 91' lang='lat' dir='ltr'><strong>sed</strong></span> <span class='ocrx_word' id='word_1_453' title='bbox 3644 2804 3703 2849; x_wconf 87' lang='lat' dir='ltr'><strong>ut</strong></span> <span class='ocrx_word' id='word_1_454' title='bbox 3726 2796 3794 2850; x_wconf 84' lang='lat' dir='ltr'><strong>ab</strong></span> 
     </span>
    </p>
   </div>
   <div class='ocr_carea' id='block_1_66' title="bbox 2213 2884 3794 2958">
    <p class='ocr_par' dir='ltr' id='par_1_66' title="bbox 2213 2884 3794 2958">
     <span class='ocr_line' id='line_1_66' title="bbox 2213 2884 3794 2958; baseline -0.003 -13"><span class='ocrx_word' id='word_1_455' title='bbox 2213 2891 2298 2946; x_wconf 89' lang='lat' dir='ltr'><strong>his</strong></span> <span class='ocrx_word' id='word_1_456' title='bbox 2323 2905 2513 2944; x_wconf 90' lang='lat' dir='ltr'><strong>manus</strong></span> <span class='ocrx_word' id='word_1_457' title='bbox 2533 2889 2816 2956; x_wconf 71' lang='lat' dir='ltr'><strong>sam-ilegas</strong></span> <span class='ocrx_word' id='word_1_458' title='bbox 2844 2887 3168 2958; x_wconf 88' lang='lat' dir='ltr'><strong>prohiberet.</strong></span> <span class='ocrx_word' id='word_1_459' title='bbox 3196 2884 3311 2939; x_wconf 87' lang='lat' dir='ltr'><strong>Tali</strong></span> <span class='ocrx_word' id='word_1_460' title='bbox 3339 2895 3518 2940; x_wconf 88' lang='lat' dir='ltr'><strong>autem</strong></span> <span class='ocrx_word' id='word_1_461' title='bbox 3544 2887 3794 2941; x_wconf 86' lang='lat' dir='ltr'><strong>incendio</strong></span> 
     </span>
    </p>
   </div>
   <div class='ocr_carea' id='block_1_67' title="bbox 2215 2975 3792 3043">
    <p class='ocr_par' dir='ltr' id='par_1_67' title="bbox 2215 2975 3792 3043">
     <span class='ocr_line' id='line_1_67' title="bbox 2215 2975 3792 3043; baseline -0.004 -9"><span class='ocrx_word' id='word_1_462' title='bbox 2215 2979 2491 3034; x_wconf 85' lang='lat' dir='ltr'><strong>beatorum</strong></span> <span class='ocrx_word' id='word_1_463' title='bbox 2539 2984 2848 3032; x_wconf 88' lang='lat' dir='ltr'><strong>consecrata</strong></span> <span class='ocrx_word' id='word_1_464' title='bbox 2894 2984 3022 3030; x_wconf 89' lang='lat' dir='ltr'><strong>sunt</strong></span> <span class='ocrx_word' id='word_1_465' title='bbox 3072 2975 3311 3043; x_wconf 87' lang='lat' dir='ltr'><strong>viscera,</strong></span> <span class='ocrx_word' id='word_1_466' title='bbox 3364 2991 3474 3030; x_wconf 89' lang='lat' dir='ltr'><strong>non</strong></span> <span class='ocrx_word' id='word_1_467' title='bbox 3530 2985 3792 3030; x_wconf 73' lang='lat' dir='ltr'><strong>cr&#39;etnata.</strong></span> 
     </span>
    </p>
   </div>
   <div class='ocr_carea' id='block_1_68' title="bbox 2214 3066 3795 3137">
    <p class='ocr_par' dir='ltr' id='par_1_68' title="bbox 2214 3066 3795 3137">
     <span class='ocr_line' id='line_1_68' title="bbox 2214 3066 3795 3137; baseline -0.003 -13"><span class='ocrx_word' id='word_1_468' title='bbox 2214 3068 2480 3125; x_wconf 87' lang='lat' dir='ltr'><strong>Convenit</strong></span> <span class='ocrx_word' id='word_1_469' title='bbox 2502 3067 2627 3123; x_wconf 89' lang='lat' dir='ltr'><strong>huic</strong></span> <span class='ocrx_word' id='word_1_470' title='bbox 2648 3067 2903 3137; x_wconf 86' lang='lat' dir='ltr'><strong>passioni,</strong></span> <span class='ocrx_word' id='word_1_471' title='bbox 2925 3066 3066 3135; x_wconf 89' lang='lat' dir='ltr'><strong>quod</strong></span> <span class='ocrx_word' id='word_1_472' title='bbox 3089 3068 3164 3120; x_wconf 90' lang='lat' dir='ltr'><strong>ait</strong></span> <span class='ocrx_word' id='word_1_473' title='bbox 3192 3066 3479 3135; x_wconf 80' lang='lat' dir='ltr'><strong>Apostolus</strong></span> <span class='ocrx_word' id='word_1_474' title='bbox 3503 3085 3517 3119; x_wconf 92' lang='lat'><strong>:</strong></span> <span class='ocrx_word' id='word_1_475' title='bbox 3549 3066 3677 3136; x_wconf 80' lang='lat' dir='ltr'><strong>Ipse</strong></span> <span class='ocrx_word' id='word_1_476' title='bbox 3701 3085 3795 3120; x_wconf 81' lang='lat' dir='ltr'><strong>eu-</strong></span> 
     </span>
    </p>
   </div>
   <div class='ocr_carea' id='block_1_69' title="bbox 2215 3155 3790 3228">
    <p class='ocr_par' dir='ltr' id='par_1_69' title="bbox 2215 3155 3790 3228">
     <span class='ocr_line' id='line_1_69' title="bbox 2215 3155 3790 3228; baseline -0.002 -14"><span class='ocrx_word' id='word_1_477' title='bbox 2215 3169 2315 3214; x_wconf 86' lang='lat' dir='ltr'><strong>tem</strong></span> <span class='ocrx_word' id='word_1_478' title='bbox 2335 3162 2505 3214; x_wconf 76' lang='lat' dir='ltr'><strong>salvus</strong></span> <span class='ocrx_word' id='word_1_479' title='bbox 2529 3161 2648 3226; x_wconf 87' lang='lat' dir='ltr'><strong>erit,</strong></span> <span class='ocrx_word' id='word_1_480' title='bbox 2674 3160 2749 3212; x_wconf 87' lang='lat' dir='ltr'><strong>sic</strong></span> <span class='ocrx_word' id='word_1_481' title='bbox 2775 3167 2945 3211; x_wconf 84' lang='lat' dir='ltr'><strong>tamen</strong></span> <span class='ocrx_word' id='word_1_482' title='bbox 2972 3159 3119 3227; x_wconf 85' lang='lat' dir='ltr'><strong>quasi</strong></span> <span class='ocrx_word' id='word_1_483' title='bbox 3146 3173 3237 3228; x_wconf 87' lang='lat' dir='ltr'><strong>per</strong></span> <span class='ocrx_word' id='word_1_484' title='bbox 3266 3158 3434 3227; x_wconf 69' lang='lat' dir='ltr'><strong>ignem</strong></span> <span class='ocrx_word' id='word_1_485' title='bbox 3458 3155 3513 3226; x_wconf 96' lang='grc'><strong><em>(1</em></strong></span> <span class='ocrx_word' id='word_1_486' title='bbox 3533 3155 3658 3210; x_wconf 82' lang='lat' dir='ltr'><strong>Cor.</strong></span> <span class='ocrx_word' id='word_1_487' title='bbox 3691 3160 3790 3223; x_wconf 89' lang='grc' dir='ltr'>ιιι).</span> 
     </span>
    </p>
   </div>
   <div class='ocr_carea' id='block_1_70' title="bbox 2215 3245 3784 3315">
    <p class='ocr_par' dir='ltr' id='par_1_70' title="bbox 2215 3245 3784 3315">
     <span class='ocr_line' id='line_1_70' title="bbox 2215 3245 3784 3315; baseline -0.002 -11"><span class='ocrx_word' id='word_1_488' title='bbox 2215 3248 2361 3304; x_wconf 86' lang='lat' dir='ltr'><strong>Salvi</strong></span> <span class='ocrx_word' id='word_1_489' title='bbox 2381 3250 2525 3305; x_wconf 91' lang='lat' dir='ltr'><strong>enim</strong></span> <span class='ocrx_word' id='word_1_490' title='bbox 2567 3250 2653 3304; x_wconf 89' lang='lat' dir='ltr'><strong>isti</strong></span> <span class='ocrx_word' id='word_1_491' title='bbox 2681 3249 2806 3304; x_wconf 87' lang='lat' dir='ltr'><strong>facti</strong></span> <span class='ocrx_word' id='word_1_492' title='bbox 2833 3255 2982 3315; x_wconf 89' lang='lat' dir='ltr'><strong>sunt,</strong></span> <span class='ocrx_word' id='word_1_493' title='bbox 3008 3246 3135 3302; x_wconf 90' lang='lat' dir='ltr'><strong>dum</strong></span> <span class='ocrx_word' id='word_1_494' title='bbox 3154 3246 3473 3302; x_wconf 75' lang='lat' dir='ltr'><strong>venerabilis</strong></span> <span class='ocrx_word' id='word_1_495' title='bbox 3491 3245 3784 3301; x_wconf 53' lang='lat' dir='ltr'><strong>confaio-</strong></span> 
     </span>
    </p>
   </div>
   <div class='ocr_carea' id='block_1_71' title="bbox 2216 3333 3789 3405">
    <p class='ocr_par' dir='ltr' id='par_1_71' title="bbox 2216 3333 3789 3405">
     <span class='ocr_line' id='line_1_71' title="bbox 2216 3333 3789 3405; baseline -0.001 -13"><span class='ocrx_word' id='word_1_496' title='bbox 2216 3339 2298 3392; x_wconf 85' lang='lat' dir='ltr'><strong>nis</strong></span> <span class='ocrx_word' id='word_1_497' title='bbox 2342 3345 2466 3392; x_wconf 91' lang='lat' dir='ltr'><strong>sunt</strong></span> <span class='ocrx_word' id='word_1_498' title='bbox 2509 3336 2756 3392; x_wconf 89' lang='lat' dir='ltr'><strong>incendio</strong></span> <span class='ocrx_word' id='word_1_499' title='bbox 2783 3335 3130 3391; x_wconf 86' lang='lat' dir='ltr'><strong>concremati.</strong></span> <span class='ocrx_word' id='word_1_500' title='bbox 3161 3335 3324 3405; x_wconf 74' lang='lat'><strong>610</strong></span> <span class='ocrx_word' id='word_1_501' title='bbox 3348 3333 3476 3390; x_wconf 68' lang='lat' dir='ltr'><strong>Haec</strong></span> <span class='ocrx_word' id='word_1_502' title='bbox 3517 3349 3650 3403; x_wconf 83' lang='lat' dir='ltr'><strong>ergo</strong></span> <span class='ocrx_word' id='word_1_503' title='bbox 3679 3344 3789 3390; x_wconf 89' lang='lat' dir='ltr'><strong>tota</strong></span> 
     </span>
    </p>
   </div>
   <div class='ocr_carea' id='block_1_72' title="bbox 2214 3423 3788 3496">
    <p class='ocr_par' dir='ltr' id='par_1_72' title="bbox 2214 3423 3788 3496">
     <span class='ocr_line' id='line_1_72' title="bbox 2214 3423 3788 3496; baseline -0.003 -13"><span class='ocrx_word' id='word_1_504' title='bbox 2214 3441 2372 3483; x_wconf 90' lang='lat' dir='ltr'><strong>causa</strong></span> <span class='ocrx_word' id='word_1_505' title='bbox 2399 3426 2662 3496; x_wconf 85' lang='lat' dir='ltr'><strong>passionis</strong></span> <span class='ocrx_word' id='word_1_506' title='bbox 2687 3433 2789 3489; x_wconf 92' lang='lat' dir='ltr'><strong>est,</strong></span> <span class='ocrx_word' id='word_1_507' title='bbox 2824 3423 3036 3488; x_wconf 79' lang='lat' dir='ltr'><strong>fratres,</strong></span> <span class='ocrx_word' id='word_1_508' title='bbox 3066 3433 3287 3494; x_wconf 89' lang='lat' dir='ltr'><strong>propter</strong></span> <span class='ocrx_word' id='word_1_509' title='bbox 3311 3439 3476 3493; x_wconf 89' lang='lat' dir='ltr'><strong>quam</strong></span> <span class='ocrx_word' id='word_1_510' title='bbox 3502 3426 3666 3479; x_wconf 88' lang='lat' dir='ltr'><strong>morti</strong></span> <span class='ocrx_word' id='word_1_511' title='bbox 3695 3425 3788 3479; x_wconf 79' lang='lat' dir='ltr'><strong>ad-</strong></span> 
     </span>
    </p>
   </div>
   <div class='ocr_carea' id='block_1_73' title="bbox 2213 3512 3787 3571">
    <p class='ocr_par' dir='ltr' id='par_1_73' title="bbox 2213 3512 3787 3571">
     <span class='ocr_line' id='line_1_73' title="bbox 2213 3512 3787 3571; baseline -0.003 0"><span class='ocrx_word' id='word_1_512' title='bbox 2213 3516 2340 3571; x_wconf 90' lang='lat' dir='ltr'><strong>dicti</strong></span> <span class='ocrx_word' id='word_1_513' title='bbox 2363 3516 2533 3570; x_wconf 89' lang='lat' dir='ltr'><strong>sancti</strong></span> <span class='ocrx_word' id='word_1_514' title='bbox 2563 3515 2661 3570; x_wconf 88' lang='lat' dir='ltr'><strong>viri</strong></span> <span class='ocrx_word' id='word_1_515' title='bbox 2683 3514 2860 3570; x_wconf 87' lang='lat' dir='ltr'><strong>cursui</strong></span> <span class='ocrx_word' id='word_1_516' title='bbox 2887 3512 3086 3568; x_wconf 88' lang='lat' dir='ltr'><strong>similes</strong></span> <span class='ocrx_word' id='word_1_517' title='bbox 3112 3527 3228 3568; x_wconf 87' lang='lat' dir='ltr'><strong>esse</strong></span> <span class='ocrx_word' id='word_1_518' title='bbox 3255 3520 3484 3567; x_wconf 71' lang='lat' dir='ltr'><strong>ceteros</strong></span> <span class='ocrx_word' id='word_1_519' title='bbox 3510 3512 3787 3566; x_wconf 87' lang='lat' dir='ltr'><strong>hortaren-</strong></span> 
     </span>
    </p>
   </div>
   <div class='ocr_carea' id='block_1_74' title="bbox 2215 3599 3787 3668">
    <p class='ocr_par' dir='ltr' id='par_1_74' title="bbox 2215 3599 3787 3668">
     <span class='ocr_line' id='line_1_74' title="bbox 2215 3599 3787 3668; baseline -0.003 -11"><span class='ocrx_word' id='word_1_520' title='bbox 2215 3613 2303 3658; x_wconf 88' lang='lat' dir='ltr'><strong>tur</strong></span> <span class='ocrx_word' id='word_1_521' title='bbox 2333 3622 2346 3657; x_wconf 90' lang='lat'><strong>:</strong></span> <span class='ocrx_word' id='word_1_522' title='bbox 2377 3619 2500 3659; x_wconf 85' lang='lat' dir='ltr'><strong>nam</strong></span> <span class='ocrx_word' id='word_1_523' title='bbox 2528 3602 2831 3658; x_wconf 83' lang='lat' dir='ltr'><strong>exhortatio</strong></span> <span class='ocrx_word' id='word_1_524' title='bbox 2859 3601 3072 3656; x_wconf 90' lang='lat' dir='ltr'><strong>illorum</strong></span> <span class='ocrx_word' id='word_1_525' title='bbox 3109 3600 3164 3654; x_wconf 90' lang='lat' dir='ltr'><strong>in</strong></span> <span class='ocrx_word' id='word_1_526' title='bbox 3191 3609 3400 3653; x_wconf 91' lang='lat' dir='ltr'><strong>tantum</strong></span> <span class='ocrx_word' id='word_1_527' title='bbox 3448 3599 3698 3668; x_wconf 88' lang='lat' dir='ltr'><strong>profecit,</strong></span> <span class='ocrx_word' id='word_1_528' title='bbox 3728 3609 3787 3652; x_wconf 87' lang='lat' dir='ltr'><strong>ut</strong></span> 
     </span>
    </p>
   </div>
   <div class='ocr_carea' id='block_1_75' title="bbox 2216 3687 3788 3756">
    <p class='ocr_par' dir='ltr' id='par_1_75' title="bbox 2216 3687 3788 3756">
     <span class='ocr_line' id='line_1_75' title="bbox 2216 3687 3788 3756; baseline -0.005 -8"><span class='ocrx_word' id='word_1_529' title='bbox 2216 3693 2318 3748; x_wconf 86' lang='lat' dir='ltr'><strong>illis</strong></span> <span class='ocrx_word' id='word_1_530' title='bbox 2363 3707 2395 3746; x_wconf 90' lang='lat' dir='ltr'><strong>e</strong></span> <span class='ocrx_word' id='word_1_531' title='bbox 2420 3692 2616 3747; x_wconf 64' lang='lat' dir='ltr'><strong>saeculo</strong></span> <span class='ocrx_word' id='word_1_532' title='bbox 2654 3689 3026 3746; x_wconf 87' lang='lat' dir='ltr'><strong>recedentibus</strong></span> <span class='ocrx_word' id='word_1_533' title='bbox 3067 3687 3202 3742; x_wconf 91' lang='lat' dir='ltr'><strong>ﬂdes</strong></span> <span class='ocrx_word' id='word_1_534' title='bbox 3227 3702 3417 3742; x_wconf 83' lang='lat' dir='ltr'><strong>eomm</strong></span> <span class='ocrx_word' id='word_1_535' title='bbox 3446 3688 3682 3756; x_wconf 85' lang='lat' dir='ltr'><strong>regionis</strong></span> <span class='ocrx_word' id='word_1_536' title='bbox 3708 3689 3788 3756; x_wconf 82' lang='lat' dir='ltr'><strong>ip-</strong></span> 
     </span>
    </p>
   </div>
   <div class='ocr_carea' id='block_1_76' title="bbox 2214 3774 3786 3849">
    <p class='ocr_par' dir='ltr' id='par_1_76' title="bbox 2214 3774 3786 3849">
     <span class='ocr_line' id='line_1_76' title="bbox 2214 3774 3786 3849; baseline -0.005 -13"><span class='ocrx_word' id='word_1_537' title='bbox 2214 3782 2325 3838; x_wconf 87' lang='lat' dir='ltr'><strong>sius</strong></span> <span class='ocrx_word' id='word_1_538' title='bbox 2369 3781 2486 3835; x_wconf 87' lang='lat' dir='ltr'><strong>loca</strong></span> <span class='ocrx_word' id='word_1_539' title='bbox 2513 3781 2760 3834; x_wconf 87' lang='lat' dir='ltr'><strong>universa</strong></span> <span class='ocrx_word' id='word_1_540' title='bbox 2788 3777 3101 3849; x_wconf 86' lang='lat' dir='ltr'><strong>pervaserit.</strong></span> <span class='ocrx_word' id='word_1_541' title='bbox 3129 3775 3208 3830; x_wconf 87' lang='lat' dir='ltr'><strong>Ita</strong></span> <span class='ocrx_word' id='word_1_542' title='bbox 3233 3774 3499 3840; x_wconf 88' lang='lat' dir='ltr'><strong>Christus,</strong></span> <span class='ocrx_word' id='word_1_543' title='bbox 3540 3775 3630 3829; x_wconf 88' lang='lat' dir='ltr'><strong>ubi</strong></span> <span class='ocrx_word' id='word_1_544' title='bbox 3663 3785 3786 3829; x_wconf 86' lang='lat' dir='ltr'><strong>tunc</strong></span> 
     </span>
    </p>
   </div>
   <div class='ocr_carea' id='block_1_77' title="bbox 2209 3869 3784 3943">
    <p class='ocr_par' dir='ltr' id='par_1_77' title="bbox 2209 3869 3784 3943">
     <span class='ocr_line' id='line_1_77' title="bbox 2209 3869 3784 3943; baseline -0.004 -17"><span class='ocrx_word' id='word_1_545' title='bbox 2209 3875 2262 3927; x_wconf 90' lang='lat' dir='ltr'><strong>in</strong></span> <span class='ocrx_word' id='word_1_546' title='bbox 2288 3874 2458 3928; x_wconf 85' lang='lat' dir='ltr'><strong>tribus</strong></span> <span class='ocrx_word' id='word_1_547' title='bbox 2489 3872 2810 3943; x_wconf 86' lang='lat' dir='ltr'><strong>martyribus</strong></span> <span class='ocrx_word' id='word_1_548' title='bbox 2833 3869 3261 3940; x_wconf 86' lang='lat' dir='ltr'><strong>persecutionem</strong></span> <span class='ocrx_word' id='word_1_549' title='bbox 3289 3883 3483 3938; x_wconf 87' lang='lat' dir='ltr'><strong>passus</strong></span> <span class='ocrx_word' id='word_1_550' title='bbox 3510 3875 3610 3931; x_wconf 87' lang='lat' dir='ltr'><strong>est,</strong></span> <span class='ocrx_word' id='word_1_551' title='bbox 3643 3882 3784 3921; x_wconf 86' lang='lat' dir='ltr'><strong>nunc</strong></span> 
     </span>
    </p>
   </div>
   <div class='ocr_carea' id='block_1_78' title="bbox 2209 3957 3640 4031">
    <p class='ocr_par' dir='ltr' id='par_1_78' title="bbox 2209 3957 3640 4031">
     <span class='ocr_line' id='line_1_78' title="bbox 2209 3957 3640 4031; baseline -0.003 -14"><span class='ocrx_word' id='word_1_552' title='bbox 2209 3965 2317 4018; x_wconf 93' lang='lat' dir='ltr'><strong>illic</strong></span> <span class='ocrx_word' id='word_1_553' title='bbox 2342 3963 2580 4031; x_wconf 88' lang='lat' dir='ltr'><strong>plurimis</strong></span> <span class='ocrx_word' id='word_1_554' title='bbox 2603 3961 3024 4017; x_wconf 89' lang='lat' dir='ltr'><strong>Christianorum</strong></span> <span class='ocrx_word' id='word_1_555' title='bbox 3063 3957 3295 4014; x_wconf 88' lang='lat' dir='ltr'><strong>exsultet</strong></span> <span class='ocrx_word' id='word_1_556' title='bbox 3323 3957 3376 4012; x_wconf 92' lang='lat' dir='ltr'><strong>in</strong></span> <span class='ocrx_word' id='word_1_557' title='bbox 3405 3957 3640 4030; x_wconf 85' lang='lat' dir='ltr'><strong>populis.</strong></span> 
     </span>
    </p>
   </div>
   <div class='ocr_carea' id='block_1_79' title="bbox 1845 4155 2471 4223">
    <p class='ocr_par' dir='ltr' id='par_1_79' title="bbox 1845 4155 2471 4223">
     <span class='ocr_line' id='line_1_79' title="bbox 1845 4155 2471 4223; baseline 0.013 -8"><span class='ocrx_word' id='word_1_558' title='bbox 1845 4155 2110 4219; x_wconf 81' lang='lat' dir='ltr'><strong>SERMO</strong></span> <span class='ocrx_word' id='word_1_559' title='bbox 2151 4161 2471 4223; x_wconf 79' lang='lat' dir='ltr'><strong>LXXXII.</strong></span> 
     </span>
    </p>
   </div>
   <div class='ocr_carea' id='block_1_80' title="bbox 1726 4258 2592 4335">
    <p class='ocr_par' dir='ltr' id='par_1_80' title="bbox 1726 4258 2592 4335">
     <span class='ocr_line' id='line_1_80' title="bbox 1726 4258 2592 4335; baseline 0.009 -24"><span class='ocrx_word' id='word_1_560' title='bbox 1726 4258 1799 4313; x_wconf 84' lang='lat' dir='ltr'><strong>De</strong></span> <span class='ocrx_word' id='word_1_561' title='bbox 1823 4261 2004 4314; x_wconf 78' lang='lat' dir='ltr'><strong>iisdem</strong></span> <span class='ocrx_word' id='word_1_562' title='bbox 2033 4261 2138 4317; x_wconf 90' lang='lat' dir='ltr'><strong>SS.</strong></span> <span class='ocrx_word' id='word_1_563' title='bbox 2169 4265 2476 4335; x_wconf 69' lang='lat' dir='ltr'><strong>martyribus</strong></span> <span class='ocrx_word' id='word_1_564' title='bbox 2503 4263 2592 4319; x_wconf 93' lang='grc'><strong><em>11.</em></strong></span> 
     </span>
    </p>
   </div>
   <div class='ocr_carea' id='block_1_81' title="bbox 541 4348 3778 4426">
    <p class='ocr_par' dir='ltr' id='par_1_81' title="bbox 541 4348 3778 4426">
     <span class='ocr_line' id='line_1_81' title="bbox 541 4348 3778 4426; baseline -0.001 -20"><span class='ocrx_word' id='word_1_565' title='bbox 541 4353 928 4426; x_wconf 59' lang='grc' dir='ltr'>Ακςυιιειῃιιιι.</span> <span class='ocrx_word' id='word_1_566' title='bbox 967 4383 1040 4426; x_wconf 57' lang='grc' dir='ltr'><strong>τ-</strong></span> <span class='ocrx_word' id='word_1_567' title='bbox 1081 4350 1301 4426; x_wconf 74' lang='lat' dir='ltr'><strong>Sanctos</strong></span> <span class='ocrx_word' id='word_1_568' title='bbox 1356 4350 1705 4426; x_wconf 71' lang='lat' dir='ltr'><strong>Alexandrum</strong></span> <span class='ocrx_word' id='word_1_569' title='bbox 1731 4392 1771 4426; x_wconf 29' lang='grc' dir='ltr'><strong>,Α</strong></span> <span class='ocrx_word' id='word_1_570' title='bbox 1794 4348 2104 4426; x_wconf 69' lang='lat' dir='ltr'><strong>Martyrium</strong></span> <span class='ocrx_word' id='word_1_571' title='bbox 2132 4355 2178 4413; x_wconf 91' lang='lat' dir='ltr'><strong>D</strong></span> <span class='ocrx_word' id='word_1_572' title='bbox 2204 4369 2325 4409; x_wconf 85' lang='lat' dir='ltr'><strong>nam</strong></span> <span class='ocrx_word' id='word_1_573' title='bbox 2372 4356 2511 4426; x_wconf 87' lang='lat' dir='ltr'><strong>rapti</strong></span> <span class='ocrx_word' id='word_1_574' title='bbox 2536 4361 2680 4423; x_wconf 89' lang='lat' dir='ltr'><strong>sunt,</strong></span> <span class='ocrx_word' id='word_1_575' title='bbox 2711 4353 2855 4423; x_wconf 92' lang='lat' dir='ltr'><strong>quod</strong></span> <span class='ocrx_word' id='word_1_576' title='bbox 2899 4352 3304 4421; x_wconf 88' lang='lat' dir='ltr'><strong>increparentur</strong></span> <span class='ocrx_word' id='word_1_577' title='bbox 3339 4348 3607 4416; x_wconf 86' lang='lat' dir='ltr'><strong>sacrilegi,</strong></span> <span class='ocrx_word' id='word_1_578' title='bbox 3636 4351 3778 4417; x_wconf 79' lang='lat' dir='ltr'><strong>quod</strong></span> 
     </span>
    </p>
   </div>
   <div class='ocr_carea' id='block_1_82' title="bbox 607 4419 2104 4492">
    <p class='ocr_par' dir='ltr' id='par_1_82' title="bbox 607 4419 2104 4492">
     <span class='ocr_line' id='line_1_82' title="bbox 607 4419 2104 4492; baseline 0 -18"><span class='ocrx_word' id='word_1_579' title='bbox 607 4431 768 4492; x_wconf 76' lang='lat' dir='ltr'><strong>atque</strong></span> <span class='ocrx_word' id='word_1_580' title='bbox 781 4422 1067 4475; x_wconf 83' lang='lat' dir='ltr'><strong>Sisinnium</strong></span> <span class='ocrx_word' id='word_1_581' title='bbox 1087 4423 1206 4492; x_wconf 76' lang='lat' dir='ltr'><strong>fecit</strong></span> <span class='ocrx_word' id='word_1_582' title='bbox 1227 4429 1473 4492; x_wconf 75' lang='lat' dir='ltr'><strong>martyres</strong></span> <span class='ocrx_word' id='word_1_583' title='bbox 1485 4419 1722 4490; x_wconf 80' lang='lat' dir='ltr'><strong>religiosa</strong></span> <span class='ocrx_word' id='word_1_584' title='bbox 1736 4419 1954 4492; x_wconf 67' lang='lat' dir='ltr'><strong>deuotio,</strong></span> <span class='ocrx_word' id='word_1_585' title='bbox 1968 4421 2104 4492; x_wconf 81' lang='lat' dir='ltr'><strong>quod</strong></span> 
     </span>
    </p>
   </div>
   <div class='ocr_carea' id='block_1_83' title="bbox 607 4491 2102 4559">
    <p class='ocr_par' dir='ltr' id='par_1_83' title="bbox 607 4491 2102 4559">
     <span class='ocr_line' id='line_1_83' title="bbox 607 4491 2102 4559; baseline -0.001 -15"><span class='ocrx_word' id='word_1_586' title='bbox 607 4491 712 4546; x_wconf 73' lang='lat' dir='ltr'><strong>m</strong></span> <span class='ocrx_word' id='word_1_587' title='bbox 734 4491 1107 4544; x_wconf 68' lang='lat' dir='ltr'><strong>dissimulat-int</strong></span> <span class='ocrx_word' id='word_1_588' title='bbox 1134 4491 1362 4544; x_wconf 73' lang='lat' dir='ltr'><strong>homines</strong></span> <span class='ocrx_word' id='word_1_589' title='bbox 1387 4491 1546 4543; x_wconf 74' lang='lat' dir='ltr'><strong>lustro</strong></span> <span class='ocrx_word' id='word_1_590' title='bbox 1573 4491 1920 4559; x_wconf 64' lang='lat' dir='ltr'><strong>superstitioso</strong></span> <span class='ocrx_word' id='word_1_591' title='bbox 1953 4491 2102 4542; x_wconf 83' lang='lat' dir='ltr'><strong>dedi-</strong></span> 
     </span>
    </p>
   </div>
   <div class='ocr_carea' id='block_1_84' title="bbox 607 4557 2103 4626">
    <p class='ocr_par' dir='ltr' id='par_1_84' title="bbox 607 4557 2103 4626">
     <span class='ocr_line' id='line_1_84' title="bbox 607 4557 2103 4626; baseline -0.003 -12"><span class='ocrx_word' id='word_1_592' title='bbox 607 4571 707 4622; x_wconf 85' lang='lat' dir='ltr'><strong>tas,</strong></span> <span class='ocrx_word' id='word_1_593' title='bbox 739 4560 829 4614; x_wconf 81' lang='lat' dir='ltr'><strong>sed</strong></span> <span class='ocrx_word' id='word_1_594' title='bbox 849 4560 1052 4613; x_wconf 84' lang='lat' dir='ltr'><strong>eosdem</strong></span> <span class='ocrx_word' id='word_1_595' title='bbox 1077 4562 1370 4613; x_wconf 82' lang='lat' dir='ltr'><strong>constanter</strong></span> <span class='ocrx_word' id='word_1_596' title='bbox 1421 4557 1754 4626; x_wconf 64' lang='lat' dir='ltr'><strong>increpui-int.</strong></span> <span class='ocrx_word' id='word_1_597' title='bbox 1797 4557 2103 4626; x_wconf 73' lang='lat' dir='ltr'><strong>Exemplum</strong></span> 
     </span>
    </p>
   </div>
   <div class='ocr_carea' id='block_1_85' title="bbox 610 4627 2102 4684">
    <p class='ocr_par' dir='ltr' id='par_1_85' title="bbox 610 4627 2102 4684">
     <span class='ocr_line' id='line_1_85' title="bbox 610 4627 2102 4684; baseline -0.002 -2"><span class='ocrx_word' id='word_1_598' title='bbox 610 4639 904 4684; x_wconf 79' lang='lat' dir='ltr'><strong>sanctorum</strong></span> <span class='ocrx_word' id='word_1_599' title='bbox 953 4629 1172 4682; x_wconf 69' lang='lat' dir='ltr'><strong>virorum</strong></span> <span class='ocrx_word' id='word_1_600' title='bbox 1211 4629 1483 4681; x_wconf 82' lang='lat' dir='ltr'><strong>imitemur.</strong></span> <span class='ocrx_word' id='word_1_601' title='bbox 1521 4627 1656 4678; x_wconf 84' lang='lat' dir='ltr'><strong>Nam</strong></span> <span class='ocrx_word' id='word_1_602' title='bbox 1702 4630 1745 4679; x_wconf 89' lang='lat' dir='ltr'><strong>si</strong></span> <span class='ocrx_word' id='word_1_603' title='bbox 1768 4627 1988 4680; x_wconf 79' lang='lat' dir='ltr'><strong>videntes</strong></span> <span class='ocrx_word' id='word_1_604' title='bbox 2010 4628 2102 4680; x_wconf 81' lang='lat' dir='ltr'><strong>hoc</strong></span> 
     </span>
    </p>
   </div>
   <div class='ocr_carea' id='block_1_86' title="bbox 607 4697 2103 4758">
    <p class='ocr_par' dir='ltr' id='par_1_86' title="bbox 607 4697 2103 4758">
     <span class='ocr_line' id='line_1_86' title="bbox 607 4697 2103 4758; baseline -0.003 -6"><span class='ocrx_word' id='word_1_605' title='bbox 607 4709 849 4758; x_wconf 82' lang='lat' dir='ltr'><strong>tacemus,</strong></span> <span class='ocrx_word' id='word_1_606' title='bbox 873 4715 988 4751; x_wconf 88' lang='lat' dir='ltr'><strong>reos</strong></span> <span class='ocrx_word' id='word_1_607' title='bbox 1009 4714 1102 4751; x_wconf 70' lang='lat' dir='ltr'><strong>rios</strong></span> <span class='ocrx_word' id='word_1_608' title='bbox 1140 4697 1563 4751; x_wconf 73' lang='lat' dir='ltr'><strong>dissimulationis</strong></span> <span class='ocrx_word' id='word_1_609' title='bbox 1593 4712 1803 4749; x_wconf 57' lang='lat' dir='ltr'><strong>manu</strong></span> <span class='ocrx_word' id='word_1_610' title='bbox 1829 4698 2103 4757; x_wconf 53' lang='lat' dir='ltr'><strong>conuincti:</strong></span> 
     </span>
    </p>
   </div>
   <div class='ocr_carea' id='block_1_87' title="bbox 609 4769 1087 4840">
    <p class='ocr_par' dir='ltr' id='par_1_87' title="bbox 609 4769 1087 4840">
     <span class='ocr_line' id='line_1_87' title="bbox 609 4769 1087 4840; baseline -0.006 -18"><span class='ocrx_word' id='word_1_611' title='bbox 609 4771 777 4840; x_wconf 74' lang='lat' dir='ltr'><strong>tiaque</strong></span> <span class='ocrx_word' id='word_1_612' title='bbox 799 4769 1087 4822; x_wconf 73' lang='lat' dir='ltr'><strong>statuimus.</strong></span> 
     </span>
    </p>
   </div>
   <div class='ocr_carea' id='block_1_88' title="bbox 609 4892 2106 4963">
    <p class='ocr_par' dir='ltr' id='par_1_88' title="bbox 609 4892 2106 4963">
     <span class='ocr_line' id='line_1_88' title="bbox 609 4892 2106 4963; baseline -0.003 -12"><span class='ocrx_word' id='word_1_613' title='bbox 609 4900 746 4952; x_wconf 79' lang='lat' dir='ltr'><strong>Ante</strong></span> <span class='ocrx_word' id='word_1_614' title='bbox 797 4896 912 4951; x_wconf 88' lang='lat' dir='ltr'><strong>dies</strong></span> <span class='ocrx_word' id='word_1_615' title='bbox 953 4911 1073 4950; x_wconf 90' lang='lat' dir='ltr'><strong>cum</strong></span> <span class='ocrx_word' id='word_1_616' title='bbox 1103 4903 1408 4950; x_wconf 90' lang='lat' dir='ltr'><strong>sanctorum</strong></span> <span class='ocrx_word' id='word_1_617' title='bbox 1456 4892 1758 4958; x_wconf 82' lang='lat' dir='ltr'><strong>Alexandri,</strong></span> <span class='ocrx_word' id='word_1_618' title='bbox 1791 4892 2023 4963; x_wconf 77' lang='lat' dir='ltr'><strong>Martyrii</strong></span> <span class='ocrx_word' id='word_1_619' title='bbox 2049 4903 2106 4947; x_wconf 88' lang='lat' dir='ltr'><strong>et</strong></span> 
     </span>
    </p>
   </div>
   <div class='ocr_carea' id='block_1_89' title="bbox 534 4981 2100 5051">
    <p class='ocr_par' dir='ltr' id='par_1_89' title="bbox 534 4981 2100 5051">
     <span class='ocr_line' id='line_1_89' title="bbox 534 4981 2100 5051; baseline -0.004 -9"><span class='ocrx_word' id='word_1_620' title='bbox 534 4986 752 5042; x_wconf 87' lang='lat' dir='ltr'><strong>Sisinnii</strong></span> <span class='ocrx_word' id='word_1_621' title='bbox 793 4984 1025 5040; x_wconf 87' lang='lat' dir='ltr'><strong>natalem</strong></span> <span class='ocrx_word' id='word_1_622' title='bbox 1050 4985 1388 5039; x_wconf 81' lang='lat' dir='ltr'><strong>festivissime</strong></span> <span class='ocrx_word' id='word_1_623' title='bbox 1412 4997 1740 5046; x_wconf 86' lang='lat' dir='ltr'><strong>curaremus,</strong></span> <span class='ocrx_word' id='word_1_624' title='bbox 1769 4981 1874 5036; x_wconf 92' lang='lat' dir='ltr'><strong>hoc</strong></span> <span class='ocrx_word' id='word_1_625' title='bbox 1915 4982 2100 5051; x_wconf 64' lang='lat' dir='ltr'><strong>praeci-</strong></span> 
     </span>
    </p>
   </div>
   <div class='ocr_carea' id='block_1_90' title="bbox 534 5061 2098 5148">
    <p class='ocr_par' dir='ltr' id='par_1_90' title="bbox 534 5061 2098 5148">
     <span class='ocr_line' id='line_1_90' title="bbox 534 5061 2098 5148; baseline -0.004 -15"><span class='ocrx_word' id='word_1_626' title='bbox 534 5094 639 5148; x_wconf 87' lang='lat' dir='ltr'><strong>pue</strong></span> <span class='ocrx_word' id='word_1_627' title='bbox 665 5077 721 5132; x_wconf 85' lang='lat' dir='ltr'><strong>in</strong></span> <span class='ocrx_word' id='word_1_628' title='bbox 741 5091 926 5131; x_wconf 91' lang='lat' dir='ltr'><strong>eorum</strong></span> <span class='ocrx_word' id='word_1_629' title='bbox 957 5076 1203 5146; x_wconf 89' lang='lat' dir='ltr'><strong>passione</strong></span> <span class='ocrx_word' id='word_1_630' title='bbox 1222 5061 1570 5137; x_wconf 83' lang='lat' dir='ltr'><strong>laudavimus,</strong></span> <span class='ocrx_word' id='word_1_631' title='bbox 1601 5071 1745 5140; x_wconf 89' lang='lat' dir='ltr'><strong>quod</strong></span> <span class='ocrx_word' id='word_1_632' title='bbox 1781 5071 1907 5126; x_wconf 82' lang='lat' dir='ltr'><strong>dum</strong></span> <span class='ocrx_word' id='word_1_633' title='bbox 1933 5073 2098 5126; x_wconf 83' lang='lat' dir='ltr'><strong>sacri-</strong></span> 
     </span>
    </p>
   </div>
   <div class='ocr_carea' id='block_1_91' title="bbox 534 5162 2099 5238">
    <p class='ocr_par' dir='ltr' id='par_1_91' title="bbox 534 5162 2099 5238">
     <span class='ocr_line' id='line_1_91' title="bbox 534 5162 2099 5238; baseline -0.005 -14"><span class='ocrx_word' id='word_1_634' title='bbox 534 5169 667 5238; x_wconf 80' lang='lat' dir='ltr'><strong>legis</strong></span> <span class='ocrx_word' id='word_1_635' title='bbox 687 5166 961 5233; x_wconf 87' lang='lat' dir='ltr'><strong>resistunt,</strong></span> <span class='ocrx_word' id='word_1_636' title='bbox 982 5179 1102 5220; x_wconf 87' lang='lat' dir='ltr'><strong>esse</strong></span> <span class='ocrx_word' id='word_1_637' title='bbox 1123 5173 1384 5235; x_wconf 87' lang='lat' dir='ltr'><strong>martyres</strong></span> <span class='ocrx_word' id='word_1_638' title='bbox 1404 5169 1732 5226; x_wconf 84' lang='lat' dir='ltr'><strong>meruerunt,</strong></span> <span class='ocrx_word' id='word_1_639' title='bbox 1763 5169 1818 5217; x_wconf 87' lang='lat' dir='ltr'><strong>et</strong></span> <span class='ocrx_word' id='word_1_640' title='bbox 1837 5162 1964 5216; x_wconf 87' lang='lat' dir='ltr'><strong>dum</strong></span> <span class='ocrx_word' id='word_1_641' title='bbox 2002 5176 2099 5216; x_wconf 85' lang='lat' dir='ltr'><strong>eo-</strong></span> 
     </span>
    </p>
   </div>
   <div class='ocr_carea' id='block_1_92' title="bbox 533 5253 2103 5327">
    <p class='ocr_par' dir='ltr' id='par_1_92' title="bbox 533 5253 2103 5327">
     <span class='ocr_line' id='line_1_92' title="bbox 533 5253 2103 5327; baseline -0.006 -11"><span class='ocrx_word' id='word_1_642' title='bbox 533 5276 652 5316; x_wconf 89' lang='lat' dir='ltr'><strong>rum</strong></span> <span class='ocrx_word' id='word_1_643' title='bbox 701 5256 1163 5327; x_wconf 70' lang='lat' dir='ltr'><strong>supeutitionibus</strong></span> <span class='ocrx_word' id='word_1_644' title='bbox 1197 5255 1593 5322; x_wconf 80' lang='lat' dir='ltr'><strong>contradicunt,</strong></span> <span class='ocrx_word' id='word_1_645' title='bbox 1631 5255 1863 5324; x_wconf 82' lang='lat' dir='ltr'><strong>palmam</strong></span> <span class='ocrx_word' id='word_1_646' title='bbox 1884 5253 2103 5322; x_wconf 67' lang='lat' dir='ltr'><strong>iustitiae</strong></span> 
     </span>
    </p>
   </div>
   <div class='ocr_carea' id='block_1_93' title="bbox 531 5343 2106 5416">
    <p class='ocr_par' dir='ltr' id='par_1_93' title="bbox 531 5343 2106 5416">
     <span class='ocr_line' id='line_1_93' title="bbox 531 5343 2106 5416; baseline -0.004 -12"><span class='ocrx_word' id='word_1_647' title='bbox 531 5358 656 5404; x_wconf 84' lang='lat' dir='ltr'><strong>sunt</strong></span> <span class='ocrx_word' id='word_1_648' title='bbox 681 5345 884 5416; x_wconf 73' lang='lat' dir='ltr'><strong>adepti.</strong></span> <span class='ocrx_word' id='word_1_649' title='bbox 901 5345 1023 5402; x_wconf 79' lang='lat' dir='ltr'><strong>Non</strong></span> <span class='ocrx_word' id='word_1_650' title='bbox 1049 5346 1191 5401; x_wconf 88' lang='lat' dir='ltr'><strong>enim</strong></span> <span class='ocrx_word' id='word_1_651' title='bbox 1220 5360 1286 5401; x_wconf 81' lang='lat' dir='ltr'><strong>ea</strong></span> <span class='ocrx_word' id='word_1_652' title='bbox 1312 5360 1471 5400; x_wconf 89' lang='lat' dir='ltr'><strong>causa</strong></span> <span class='ocrx_word' id='word_1_653' title='bbox 1501 5345 1661 5399; x_wconf 88' lang='lat' dir='ltr'><strong>morti</strong></span> <span class='ocrx_word' id='word_1_654' title='bbox 1681 5344 1876 5399; x_wconf 88' lang='lat' dir='ltr'><strong>addicti</strong></span> <span class='ocrx_word' id='word_1_655' title='bbox 1895 5351 2022 5399; x_wconf 85' lang='lat' dir='ltr'><strong>sunt</strong></span> <span class='ocrx_word' id='word_1_656' title='bbox 2038 5343 2106 5397; x_wconf 84' lang='lat' dir='ltr'><strong>ab</strong></span> 
     </span>
    </p>
   </div>
   <div class='ocr_carea' id='block_1_94' title="bbox 532 5437 2105 5510">
    <p class='ocr_par' dir='ltr' id='par_1_94' title="bbox 532 5437 2105 5510">
     <span class='ocr_line' id='line_1_94' title="bbox 532 5437 2105 5510; baseline -0.003 -15"><span class='ocrx_word' id='word_1_657' title='bbox 532 5443 616 5495; x_wconf 83' lang='lat' dir='ltr'><strong>his</strong></span> <span class='ocrx_word' id='word_1_658' title='bbox 644 5440 732 5510; x_wconf 91' lang='lat' dir='ltr'><strong>qui</strong></span> <span class='ocrx_word' id='word_1_659' title='bbox 760 5438 1045 5493; x_wconf 87' lang='lat' dir='ltr'><strong>Christiani</strong></span> <span class='ocrx_word' id='word_1_660' title='bbox 1066 5446 1262 5502; x_wconf 86' lang='lat' dir='ltr'><strong>essent,</strong></span> <span class='ocrx_word' id='word_1_661' title='bbox 1286 5437 1380 5492; x_wconf 89' lang='lat' dir='ltr'><strong>sed</strong></span> <span class='ocrx_word' id='word_1_662' title='bbox 1403 5445 1686 5507; x_wconf 88' lang='lat' dir='ltr'><strong>propterea</strong></span> <span class='ocrx_word' id='word_1_663' title='bbox 1707 5438 1880 5505; x_wconf 77' lang='lat' dir='ltr'><strong>magis</strong></span> <span class='ocrx_word' id='word_1_664' title='bbox 1901 5437 1965 5490; x_wconf 87' lang='lat' dir='ltr'><strong>ad</strong></span> <span class='ocrx_word' id='word_1_665' title='bbox 1988 5451 2105 5505; x_wconf 73' lang='lat' dir='ltr'><strong>pm-</strong></span> 
     </span>
    </p>
   </div>
   <div class='ocr_carea' id='block_1_95' title="bbox 607 5569 2101 5643">
    <p class='ocr_par' dir='ltr' id='par_1_95' title="bbox 607 5569 2101 5643">
     <span class='ocr_line' id='line_1_95' title="bbox 607 5569 2101 5643; baseline -0.006 -11"><span class='ocrx_word' id='word_1_666' title='bbox 607 5583 618 5610; x_wconf 85' lang='lat'>&#39;</span> <span class='ocrx_word' id='word_1_667' title='bbox 663 5578 758 5632; x_wconf 92' lang='lat' dir='ltr'><strong>llic</strong></span> <span class='ocrx_word' id='word_1_668' title='bbox 784 5577 976 5630; x_wconf 81' lang='lat' dir='ltr'><strong>desinit</strong></span> <span class='ocrx_word' id='word_1_669' title='bbox 1017 5591 1192 5630; x_wconf 87' lang='lat' dir='ltr'><strong>sermo</strong></span> <span class='ocrx_word' id='word_1_670' title='bbox 1214 5574 1362 5643; x_wconf 83' lang='lat' dir='ltr'><strong>juxta</strong></span> <span class='ocrx_word' id='word_1_671' title='bbox 1394 5580 1612 5643; x_wconf 84' lang='lat' dir='ltr'><strong>textum</strong></span> <span class='ocrx_word' id='word_1_672' title='bbox 1644 5570 1844 5643; x_wconf 76' lang='lat' dir='ltr'><strong>codicis</strong></span> <span class='ocrx_word' id='word_1_673' title='bbox 1872 5569 2101 5643; x_wconf 77' lang='lat' dir='ltr'><strong>Ambro-</strong></span> 
     </span>
    </p>
   </div>
   <div class='ocr_carea' id='block_1_96' title="bbox 533 5637 2087 5714">
    <p class='ocr_par' dir='ltr' id='par_1_96' title="bbox 533 5637 2087 5714">
     <span class='ocr_line' id='line_1_96' title="bbox 533 5637 2087 5714; baseline -0.009 -9"><span class='ocrx_word' id='word_1_674' title='bbox 533 5650 686 5708; x_wconf 76' lang='lat' dir='ltr'><strong>siani.</strong></span> <span class='ocrx_word' id='word_1_675' title='bbox 716 5647 807 5705; x_wconf 87' lang='lat' dir='ltr'><strong>scd</strong></span> <span class='ocrx_word' id='word_1_676' title='bbox 851 5645 1006 5700; x_wconf 86' lang='lat' dir='ltr'><strong>linem</strong></span> <span class='ocrx_word' id='word_1_677' title='bbox 1040 5646 1190 5700; x_wconf 86' lang='lat' dir='ltr'><strong>nobis</strong></span> <span class='ocrx_word' id='word_1_678' title='bbox 1214 5637 1486 5714; x_wconf 51' lang='lat' dir='ltr'><strong>&#39;pncstant</strong></span> <span class='ocrx_word' id='word_1_679' title='bbox 1515 5642 1670 5698; x_wconf 88' lang='lat' dir='ltr'><strong>ambo</strong></span> <span class='ocrx_word' id='word_1_680' title='bbox 1711 5639 1920 5695; x_wconf 87' lang='lat' dir='ltr'><strong>codices</strong></span> <span class='ocrx_word' id='word_1_681' title='bbox 1953 5637 2087 5692; x_wconf 73' lang='lat' dir='ltr'><strong>Lau-</strong></span> 
     </span>
    </p>
   </div>
   <div class='ocr_carea' id='block_1_97' title="bbox 2202 4439 3774 4516">
    <p class='ocr_par' dir='ltr' id='par_1_97' title="bbox 2202 4439 3774 4516">
     <span class='ocr_line' id='line_1_97' title="bbox 2202 4439 3774 4516; baseline -0.005 -15"><span class='ocrx_word' id='word_1_682' title='bbox 2202 4445 2493 4501; x_wconf 84' lang='lat' dir='ltr'><strong>Christiani</strong></span> <span class='ocrx_word' id='word_1_683' title='bbox 2518 4445 2804 4516; x_wconf 83' lang='lat' dir='ltr'><strong>devothue</strong></span> <span class='ocrx_word' id='word_1_684' title='bbox 2829 4458 2936 4498; x_wconf 85' lang='lat' dir='ltr'><strong>non</strong></span> <span class='ocrx_word' id='word_1_685' title='bbox 2957 4449 3156 4497; x_wconf 86' lang='lat' dir='ltr'><strong>essent.</strong></span> <span class='ocrx_word' id='word_1_686' title='bbox 3185 4439 3340 4495; x_wconf 85' lang='lat' dir='ltr'><strong>Pacis</strong></span> <span class='ocrx_word' id='word_1_687' title='bbox 3364 4452 3496 4507; x_wconf 87' lang='lat' dir='ltr'><strong>ergo</strong></span> <span class='ocrx_word' id='word_1_688' title='bbox 3515 4448 3774 4507; x_wconf 83' lang='lat' dir='ltr'><strong>tempore,</strong></span> 
     </span>
    </p>
   </div>
   <div class='ocr_carea' id='block_1_98' title="bbox 2202 4537 3775 4607">
    <p class='ocr_par' dir='ltr' id='par_1_98' title="bbox 2202 4537 3775 4607">
     <span class='ocr_line' id='line_1_98' title="bbox 2202 4537 3775 4607; baseline -0.008 -16"><span class='ocrx_word' id='word_1_689' title='bbox 2202 4553 2310 4607; x_wconf 91' lang='lat' dir='ltr'><strong>quo</strong></span> <span class='ocrx_word' id='word_1_690' title='bbox 2339 4537 2513 4592; x_wconf 86' lang='lat' dir='ltr'><strong>nullus</strong></span> <span class='ocrx_word' id='word_1_691' title='bbox 2550 4551 2647 4591; x_wconf 90' lang='lat' dir='ltr'><strong>rex</strong></span> <span class='ocrx_word' id='word_1_692' title='bbox 2671 4541 2986 4606; x_wconf 83' lang='lat' dir='ltr'><strong>persecutor</strong></span> <span class='ocrx_word' id='word_1_693' title='bbox 3028 4538 3201 4598; x_wconf 87' lang='lat' dir='ltr'><strong>urget,</strong></span> <span class='ocrx_word' id='word_1_694' title='bbox 3229 4537 3453 4584; x_wconf 84' lang='lat' dir='ltr'><strong>sanctos</strong></span> <span class='ocrx_word' id='word_1_695' title='bbox 3472 4542 3604 4583; x_wconf 87' lang='lat' dir='ltr'><strong>vero</strong></span> <span class='ocrx_word' id='word_1_696' title='bbox 3630 4542 3775 4580; x_wconf 81' lang='lat' dir='ltr'><strong>mar-</strong></span> 
     </span>
    </p>
   </div>
   <div class='ocr_carea' id='block_1_99' title="bbox 2202 4617 3774 4699">
    <p class='ocr_par' dir='ltr' id='par_1_99' title="bbox 2202 4617 3774 4699">
     <span class='ocr_line' id='line_1_99' title="bbox 2202 4617 3774 4699; baseline -0.007 -19"><span class='ocrx_word' id='word_1_697' title='bbox 2202 4637 2348 4699; x_wconf 85' lang='lat' dir='ltr'><strong>tyres</strong></span> <span class='ocrx_word' id='word_1_698' title='bbox 2371 4627 2494 4682; x_wconf 90' lang='lat' dir='ltr'><strong>fecit</strong></span> <span class='ocrx_word' id='word_1_699' title='bbox 2513 4642 2620 4681; x_wconf 91' lang='lat' dir='ltr'><strong>non</strong></span> <span class='ocrx_word' id='word_1_700' title='bbox 2640 4625 2849 4695; x_wconf 83' lang='lat' dir='ltr'><strong>publica</strong></span> <span class='ocrx_word' id='word_1_701' title='bbox 2869 4622 3194 4692; x_wconf 87' lang='lat' dir='ltr'><strong>persecutio,</strong></span> <span class='ocrx_word' id='word_1_702' title='bbox 3218 4619 3312 4673; x_wconf 87' lang='lat' dir='ltr'><strong>sed</strong></span> <span class='ocrx_word' id='word_1_703' title='bbox 3339 4619 3589 4687; x_wconf 84' lang='lat' dir='ltr'><strong>religiosa</strong></span> <span class='ocrx_word' id='word_1_704' title='bbox 3616 4617 3774 4672; x_wconf 86' lang='lat' dir='ltr'><strong>devo-</strong></span> 
     </span>
    </p>
   </div>
   <div class='ocr_carea' id='block_1_100' title="bbox 2203 4705 3773 4778">
    <p class='ocr_par' dir='ltr' id='par_1_100' title="bbox 2203 4705 3773 4778">
     <span class='ocr_line' id='line_1_100' title="bbox 2203 4705 3773 4778; baseline -0.007 -7"><span class='ocrx_word' id='word_1_705' title='bbox 2203 4719 2298 4772; x_wconf 91' lang='lat' dir='ltr'><strong>tio.</strong></span> <span class='ocrx_word' id='word_1_706' title='bbox 2330 4717 2445 4772; x_wconf 83' lang='lat' dir='ltr'><strong>Non</strong></span> <span class='ocrx_word' id='word_1_707' title='bbox 2478 4716 2620 4770; x_wconf 90' lang='lat' dir='ltr'><strong>enim</strong></span> <span class='ocrx_word' id='word_1_708' title='bbox 2656 4715 2950 4769; x_wconf 88' lang='lat' dir='ltr'><strong>timuerunt</strong></span> <span class='ocrx_word' id='word_1_709' title='bbox 2984 4711 3170 4764; x_wconf 88' lang='lat' dir='ltr'><strong>salutis</strong></span> <span class='ocrx_word' id='word_1_710' title='bbox 3205 4709 3439 4778; x_wconf 63' lang='lat' dir='ltr'><strong>proprias</strong></span> <span class='ocrx_word' id='word_1_711' title='bbox 3482 4706 3664 4762; x_wconf 65' lang='lat' dir='ltr'><strong>entire</strong></span> <span class='ocrx_word' id='word_1_712' title='bbox 3689 4705 3773 4760; x_wconf 81' lang='lat' dir='ltr'><strong>di-</strong></span> 
     </span>
    </p>
   </div>
   <div class='ocr_carea' id='block_1_101' title="bbox 2202 4795 3773 4872">
    <p class='ocr_par' dir='ltr' id='par_1_101' title="bbox 2202 4795 3773 4872">
     <span class='ocr_line' id='line_1_101' title="bbox 2202 4795 3773 4872; baseline -0.009 -10"><span class='ocrx_word' id='word_1_713' title='bbox 2202 4808 2452 4870; x_wconf 86' lang='lat' dir='ltr'><strong>scrimen,</strong></span> <span class='ocrx_word' id='word_1_714' title='bbox 2467 4805 2595 4860; x_wconf 89' lang='lat' dir='ltr'><strong>dum</strong></span> <span class='ocrx_word' id='word_1_715' title='bbox 2613 4804 2770 4860; x_wconf 88' lang='lat' dir='ltr'><strong>saluti</strong></span> <span class='ocrx_word' id='word_1_716' title='bbox 2779 4803 2998 4872; x_wconf 87' lang='lat' dir='ltr'><strong>cupiunt</strong></span> <span class='ocrx_word' id='word_1_717' title='bbox 3013 4799 3296 4870; x_wconf 87' lang='lat' dir='ltr'><strong>providere</strong></span> <span class='ocrx_word' id='word_1_718' title='bbox 3315 4795 3773 4851; x_wconf 60' lang='lat' dir='ltr'><strong>multorumJlam</strong></span> 
     </span>
    </p>
   </div>
   <div class='ocr_carea' id='block_1_102' title="bbox 2204 4885 3775 4965">
    <p class='ocr_par' dir='ltr' id='par_1_102' title="bbox 2204 4885 3775 4965">
     <span class='ocr_line' id='line_1_102' title="bbox 2204 4885 3775 4965; baseline -0.008 -15"><span class='ocrx_word' id='word_1_719' title='bbox 2204 4911 2324 4950; x_wconf 89' lang='lat' dir='ltr'><strong>cum</strong></span> <span class='ocrx_word' id='word_1_720' title='bbox 2371 4895 2735 4965; x_wconf 90' lang='lat' dir='ltr'><strong>perspicerent</strong></span> <span class='ocrx_word' id='word_1_721' title='bbox 2787 4893 2841 4946; x_wconf 93' lang='lat' dir='ltr'><strong>in</strong></span> <span class='ocrx_word' id='word_1_722' title='bbox 2886 4890 3108 4958; x_wconf 86' lang='lat' dir='ltr'><strong>regione</strong></span> <span class='ocrx_word' id='word_1_723' title='bbox 3149 4902 3246 4942; x_wconf 89' lang='lat' dir='ltr'><strong>sua</strong></span> <span class='ocrx_word' id='word_1_724' title='bbox 3273 4886 3505 4955; x_wconf 88' lang='lat' dir='ltr'><strong>gentiles</strong></span> <span class='ocrx_word' id='word_1_725' title='bbox 3531 4885 3775 4939; x_wconf 84' lang='lat' dir='ltr'><strong>homines</strong></span> 
     </span>
    </p>
   </div>
   <div class='ocr_carea' id='block_1_103' title="bbox 2205 4977 3774 5053">
    <p class='ocr_par' dir='ltr' id='par_1_103' title="bbox 2205 4977 3774 5053">
     <span class='ocr_line' id='line_1_103' title="bbox 2205 4977 3774 5053; baseline -0.006 -14"><span class='ocrx_word' id='word_1_726' title='bbox 2205 4993 2418 5040; x_wconf 87' lang='lat' dir='ltr'><strong>assueto</strong></span> <span class='ocrx_word' id='word_1_727' title='bbox 2446 4985 2746 5052; x_wconf 87' lang='lat' dir='ltr'><strong>sacrilegio,</strong></span> <span class='ocrx_word' id='word_1_728' title='bbox 2769 4982 2913 5053; x_wconf 90' lang='lat' dir='ltr'><strong>quod</strong></span> <span class='ocrx_word' id='word_1_729' title='bbox 2939 4983 3164 5038; x_wconf 89' lang='lat' dir='ltr'><strong>lustrum</strong></span> <span class='ocrx_word' id='word_1_730' title='bbox 3204 4987 3399 5036; x_wconf 89' lang='lat' dir='ltr'><strong>vocant</strong></span> <span class='ocrx_word' id='word_1_731' title='bbox 3423 4977 3649 5032; x_wconf 85' lang='lat' dir='ltr'><strong>funestis</strong></span> <span class='ocrx_word' id='word_1_732' title='bbox 3667 4977 3774 5031; x_wconf 85' lang='lat' dir='ltr'><strong>eir-</strong></span> 
     </span>
    </p>
   </div>
   <div class='ocr_carea' id='block_1_104' title="bbox 2204 5067 3774 5141">
    <p class='ocr_par' dir='ltr' id='par_1_104' title="bbox 2204 5067 3774 5141">
     <span class='ocr_line' id='line_1_104' title="bbox 2204 5067 3774 5141; baseline -0.008 -12"><span class='ocrx_word' id='word_1_733' title='bbox 2204 5073 2525 5129; x_wconf 88' lang='lat' dir='ltr'><strong>cuitionibus</strong></span> <span class='ocrx_word' id='word_1_734' title='bbox 2573 5074 2691 5129; x_wconf 85' lang='lat' dir='ltr'><strong>loca</strong></span> <span class='ocrx_word' id='word_1_735' title='bbox 2735 5073 2982 5128; x_wconf 90' lang='lat' dir='ltr'><strong>universa</strong></span> <span class='ocrx_word' id='word_1_736' title='bbox 3027 5070 3288 5141; x_wconf 87' lang='lat' dir='ltr'><strong>polluere,</strong></span> <span class='ocrx_word' id='word_1_737' title='bbox 3352 5074 3412 5124; x_wconf 85' lang='lat' dir='ltr'><strong>et</strong></span> <span class='ocrx_word' id='word_1_738' title='bbox 3461 5067 3774 5122; x_wconf 63' lang='lat' dir='ltr'><strong>inuocantes</strong></span> 
     </span>
    </p>
   </div>
   <div class='ocr_carea' id='block_1_105' title="bbox 2203 5155 3774 5233">
    <p class='ocr_par' dir='ltr' id='par_1_105' title="bbox 2203 5155 3774 5233">
     <span class='ocr_line' id='line_1_105' title="bbox 2203 5155 3774 5233; baseline -0.004 -16"><span class='ocrx_word' id='word_1_739' title='bbox 2203 5178 2444 5233; x_wconf 88' lang='lat' dir='ltr'><strong>quosque</strong></span> <span class='ocrx_word' id='word_1_740' title='bbox 2467 5163 2553 5218; x_wconf 88' lang='lat' dir='ltr'><strong>vel</strong></span> <span class='ocrx_word' id='word_1_741' title='bbox 2601 5163 2866 5226; x_wconf 88' lang='lat' dir='ltr'><strong>absentes,</strong></span> <span class='ocrx_word' id='word_1_742' title='bbox 2909 5162 2954 5215; x_wconf 86' lang='lat' dir='ltr'><strong>si</strong></span> <span class='ocrx_word' id='word_1_743' title='bbox 2979 5177 3085 5215; x_wconf 90' lang='lat' dir='ltr'><strong>non</strong></span> <span class='ocrx_word' id='word_1_744' title='bbox 3114 5157 3444 5216; x_wconf 79' lang='lat' dir='ltr'><strong>conscientia</strong></span> <span class='ocrx_word' id='word_1_745' title='bbox 3473 5156 3561 5211; x_wconf 80' lang='lat' dir='ltr'><strong>vel</strong></span> <span class='ocrx_word' id='word_1_746' title='bbox 3585 5155 3774 5211; x_wconf 68' lang='lat' dir='ltr'><strong>mimi-</strong></span> 
     </span>
    </p>
   </div>
   <div class='ocr_carea' id='block_1_106' title="bbox 2204 5247 3771 5320">
    <p class='ocr_par' dir='ltr' id='par_1_106' title="bbox 2204 5247 3771 5320">
     <span class='ocr_line' id='line_1_106' title="bbox 2204 5247 3771 5320; baseline -0.003 -12"><span class='ocrx_word' id='word_1_747' title='bbox 2204 5255 2380 5309; x_wconf 86' lang='lat' dir='ltr'><strong>ventia</strong></span> <span class='ocrx_word' id='word_1_748' title='bbox 2408 5255 2705 5320; x_wconf 84' lang='lat' dir='ltr'><strong>maculare;</strong></span> <span class='ocrx_word' id='word_1_749' title='bbox 2736 5253 2968 5311; x_wconf 76' lang='lat' dir='ltr'><strong>maallat</strong></span> <span class='ocrx_word' id='word_1_750' title='bbox 2993 5253 3137 5308; x_wconf 84' lang='lat' dir='ltr'><strong>enim</strong></span> <span class='ocrx_word' id='word_1_751' title='bbox 3155 5249 3499 5307; x_wconf 69' lang='lat' dir='ltr'><strong>coniventia</strong></span> <span class='ocrx_word' id='word_1_752' title='bbox 3519 5262 3644 5303; x_wconf 70' lang='lat' dir='ltr'><strong>eum</strong></span> <span class='ocrx_word' id='word_1_753' title='bbox 3660 5247 3771 5317; x_wconf 70' lang='lat' dir='ltr'><strong>qui,</strong></span> 
     </span>
    </p>
   </div>
   <div class='ocr_carea' id='block_1_107' title="bbox 2205 5339 3771 5416">
    <p class='ocr_par' dir='ltr' id='par_1_107' title="bbox 2205 5339 3771 5416">
     <span class='ocr_line' id='line_1_107' title="bbox 2205 5339 3771 5416; baseline -0.005 -14"><span class='ocrx_word' id='word_1_754' title='bbox 2205 5361 2328 5401; x_wconf 81' lang='lat' dir='ltr'><strong>cum</strong></span> <span class='ocrx_word' id='word_1_755' title='bbox 2352 5345 3080 5416; x_wconf 82' lang='lat' dir='ltr'><strong>contradicendo-prohibere</strong></span> <span class='ocrx_word' id='word_1_756' title='bbox 3106 5344 3281 5414; x_wconf 87' lang='lat' dir='ltr'><strong>potuit</strong></span> <span class='ocrx_word' id='word_1_757' title='bbox 3305 5358 3377 5399; x_wconf 87' lang='lat' dir='ltr'><strong>ne</strong></span> <span class='ocrx_word' id='word_1_758' title='bbox 3406 5341 3579 5407; x_wconf 80' lang='lat' dir='ltr'><strong>ﬂeret,</strong></span> <span class='ocrx_word' id='word_1_759' title='bbox 3599 5350 3661 5395; x_wconf 83' lang='lat' dir='ltr'><strong>ut</strong></span> <span class='ocrx_word' id='word_1_760' title='bbox 3679 5339 3771 5395; x_wconf 84' lang='lat' dir='ltr'><strong>Ie-</strong></span> 
     </span>
    </p>
   </div>
   <div class='ocr_carea' id='block_1_108' title="bbox 2207 5430 3772 5507">
    <p class='ocr_par' dir='ltr' id='par_1_108' title="bbox 2207 5430 3772 5507">
     <span class='ocr_line' id='line_1_108' title="bbox 2207 5430 3772 5507; baseline -0.003 -16"><span class='ocrx_word' id='word_1_761' title='bbox 2207 5443 2290 5492; x_wconf 88' lang='lat' dir='ltr'><strong>ret</strong></span> <span class='ocrx_word' id='word_1_762' title='bbox 2307 5437 2460 5507; x_wconf 86' lang='lat' dir='ltr'><strong>quasi</strong></span> <span class='ocrx_word' id='word_1_763' title='bbox 2478 5436 2856 5493; x_wconf 82' lang='lat' dir='ltr'><strong>dissimulando</strong></span> <span class='ocrx_word' id='word_1_764' title='bbox 2873 5435 3136 5507; x_wconf 83' lang='lat' dir='ltr'><strong>permisit.</strong></span> <span class='ocrx_word' id='word_1_765' title='bbox 3160 5434 3294 5490; x_wconf 87' lang='lat' dir='ltr'><strong>Cum</strong></span> <span class='ocrx_word' id='word_1_766' title='bbox 3318 5433 3480 5504; x_wconf 82' lang='lat' dir='ltr'><strong>igitur</strong></span> <span class='ocrx_word' id='word_1_767' title='bbox 3497 5431 3614 5489; x_wconf 70' lang='lat' dir='ltr'><strong>hae</strong></span> <span class='ocrx_word' id='word_1_768' title='bbox 3633 5430 3772 5487; x_wconf 70' lang='lat' dir='ltr'><strong>belli</strong></span> 
     </span>
    </p>
   </div>
   <div class='ocr_carea' id='block_1_109' title="bbox 2211 5566 3420 5638">
    <p class='ocr_par' dir='ltr' id='par_1_109' title="bbox 2211 5566 3420 5638">
     <span class='ocr_line' id='line_1_109' title="bbox 2211 5566 3420 5638; baseline -0.002 -15"><span class='ocrx_word' id='word_1_769' title='bbox 2211 5571 2457 5638; x_wconf 89' lang='lat' dir='ltr'><strong>rentiani,</strong></span> <span class='ocrx_word' id='word_1_770' title='bbox 2488 5571 2775 5627; x_wconf 82' lang='lat' dir='ltr'><strong>Vaticanus</strong></span> <span class='ocrx_word' id='word_1_771' title='bbox 2802 5568 2958 5634; x_wconf 65' lang='grc'><strong>6451,</strong></span> <span class='ocrx_word' id='word_1_772' title='bbox 2991 5576 3044 5622; x_wconf 89' lang='lat' dir='ltr'><strong>et</strong></span> <span class='ocrx_word' id='word_1_773' title='bbox 3079 5566 3420 5622; x_wconf 84' lang='lat' dir='ltr'><strong>Casinenses.</strong></span> 
     </span>
    </p>
   </div>
  </div>
