3896 6250
152 367 277 421 Si)?
1541 360 1770 416 SERMO
1807 359 2081 416 LXXXIII.
3343 361 3446 414 693

157 480 270 532 viri
305 485 618 541 cernerent,
646 478 1054 546 increpaverunt
1098 488 1192 529 eos
1220 482 1550 538 constanter,
1583 473 1756 529 tideli-
1785 480 1827 534 Α
1861 483 1947 528 tur
1965 472 2248 528 sanctitate
2275 472 2448 534 multi,
2474 472 2544 525 ita
2577 472 2735 528 unius
2761 472 3042 541 sacrilegio
3066 472 3278 541 plurimi
3325 474 3446 542 pol-

161 580 255 620 ter
289 568 671 637 obiurgarunt,
700 574 756 620 et
783 567 885 620 hoc
909 565 1272 635 praestiterunt
1296 572 1355 618 ut
1391 563 1464 617 ibi
1507 573 1769 634 martyres
1870 564 2108 616 luuntur.
2139 560 2208 614 Et
2227 561 2347 614 ideo
2372 561 2590 625 malum,
2622 561 2768 631 quod
2799 561 2925 616 licet
2945 562 3014 615 ab
3037 561 3230 626 altero,
3273 571 3328 617 te
3359 563 3444 616 ta-

160 655 400 718 tierent,
452 664 506 709 et
531 661 903 724 persecutores
942 669 1070 710 suos
1107 653 1444 709 Christianos
1467 653 1763 709 efﬁcerent.

164 743 344 812 Ergo,
404 742 621 810 fratres,
666 744 793 811 quia
843 744 1103 798 habemus
1148 743 1470 813 exemplum,
1501 744 1770 798 imitemur

162 841 407 887 sanctos
435 832 600 896 viros,
631 833 678 887 si
708 848 814 886 non
862 833 1126 902 passionis
1169 834 1448 904 martyrio,
1492 833 1578 887 vel
1622 841 1770 888 certe

164 920 606 976 Christianitatis
633 921 832 976 ofﬁcio.
865 921 933 975 Et
959 923 1084 991 quia
1135 922 1435 977 audivimus
1473 923 1704 977 lustrum
1733 938 1766 978 a

167 1012 461 1066 nonnullis
486 1011 759 1081 sacrilegis
785 1012 924 1066 mitti
952 1012 1130 1068 solere
1157 1012 1409 1082 exemplo
1438 1022 1766 1078 sanctorum,

168 1101 532 1171 obiurgemus
561 1104 771 1173 impios,
793 1103 1114 1171 castigemus
1132 1113 1404 1169 errantes;
1429 1105 1604 1174 portio
1625 1105 1769 1158 enim

169 1191 426 1262 martyrii
455 1199 538 1246 est
566 1191 756 1246 fecisse
783 1192 927 1262 quod
954 1201 1240 1264 martyres.
1289 1193 1573 1256 Caeterum,
1615 1193 1660 1248 si
1687 1193 1771 1247 vi-

167 1280 374 1334 dentes
397 1279 502 1336 hoc
531 1288 788 1347 tacemus,
845 1284 1066 1338 silentes
1111 1291 1168 1339 et
1209 1285 1460 1354 patimur,
1505 1299 1631 1338 reos
1668 1279 1768 1338 tios

166 1372 489 1433 statuimus,
519 1372 565 1426 si
604 1387 711 1426 non
765 1373 1082 1442 operatione
1110 1374 1364 1438 sceleris,
1395 1380 1629 1428 attamen
1660 1373 1772 1428 dis-

166 1461 544 1514 simulationis
569 1477 812 1516 assensu.
843 1461 997 1527 Nam,
1038 1463 1176 1518 sicut
1221 1463 1439 1518 obviare
1474 1462 1770 1532 sacrilegiis

171 1550 648 1605 contradicentem
665 1550 946 1619 iustiﬁcat,
975 1552 1049 1605 ita
1073 1552 1408 1607 dissimulare
1433 1567 1553 1621 quae
1571 1551 1769 1608 videris

173 1639 421 1693 maculat
446 1639 787 1694 reticentem.
830 1640 1019 1694 Solent
1043 1641 1185 1695 enim
1209 1641 1452 1711 plerique
1479 1641 1661 1695 miseri
1685 1641 1770 1695 di-

174 1743 308 1783 cere
334 1746 350 1780 :
381 1728 594 1796 Nescio,
625 1745 733 1783 non
756 1728 912 1798 iussi,
937 1745 1098 1785 causa
1121 1745 1239 1784 mea
1265 1746 1372 1785 non
1401 1739 1501 1794 est,
1533 1746 1639 1785 non
1679 1745 1768 1785 me

1868 666 1992 714 men
2038 650 2242 706 sciente
2286 651 2659 718 committitur,
2691 652 2858 718 tangit
2884 658 2960 716 te,
2987 651 3113 706 dum
3161 659 3251 707 tua
3305 668 3446 709 eon-

1867 744 2088 799 scientia
2109 751 2326 797 tenetur
2349 742 2631 797 inclusum.
2654 741 2844 797 Nescio
2864 751 3062 809 autem,
3085 741 3296 807 fratres,
3315 742 3443 812 quid

1868 833 1998 888 illud
2024 833 2112 897 sit,
2144 831 2289 902 quod
2309 832 2406 886 Dei
2430 840 2696 902 przecepta
2726 840 2834 886 tam
2859 832 3256 887 dissimulanter
3281 847 3442 888 exse-

1868 925 2099 993 quimur,
2123 923 2221 992 qui-
2241 922 2386 992 quod
2429 923 2699 992 principes
2726 922 2904 977 saeculi
2949 921 3222 990 iusserint,
3254 935 3445 976 omnes

1866 1014 2095 1069 sollicite
2114 1010 2427 1077 obaudiunt,
2456 1027 2646 1067 omnes
2673 1026 2860 1066 eorum
2884 1011 3172 1092 vigilanter
3185 1010 3333 1078 iussa
3354 1025 3445 1064 cu-

1865 1102 2122 1157 stodiunt.
2148 1102 2290 1157 Deus
2307 1102 2569 1171 praecipit,
2601 1107 2657 1155 et
2675 1100 2742 1155 ad
2779 1100 2896 1168 eius
2937 1107 3203 1170 prmeepta
3242 1100 3443 1154 dormi-

1867 1206 2005 1245 mus.
2029 1190 2252 1258 Quoties
2294 1191 2568 1246 mandavit
2595 1190 2734 1244 idem
2763 1189 2904 1245 Deus
2929 1189 3195 1244 idolorum
3221 1189 3441 1242 sacrile-

1867 1280 1954 1351 gia
1975 1279 2319 1345 destruenda,
2348 1288 2405 1334 et
2432 1294 2702 1347 nunquam
2727 1279 2797 1333 ad
2826 1280 2968 1334 hanc
2993 1286 3201 1348 partem
3228 1277 3441 1332 solliciti

1866 1385 1989 1426 esse
2007 1371 2292 1426 volumus?
2310 1369 2538 1440 Semper
2565 1369 3033 1430 dissimulavimus,
3061 1383 3274 1438 semper
3299 1381 3442 1436 spre-

1875 1462 2060 1516 vimus.
2102 1459 2297 1519 Postea
2336 1476 2436 1516 nos
2463 1459 2746 1514 admonuit
2785 1459 3063 1528 imperiale
3091 1465 3441 1528 praeceptum.

1872 1548 2060 1605 Videte
2080 1559 2283 1619 quanta
2327 1550 2636 1604 Divinitatis
2659 1550 2730 1603 sit
2747 1548 3028 1617 derogatio
3056 1547 3170 1601 hanc
3196 1546 3441 1600 humanm:

1866 1640 2152 1709 potestatis
2179 1639 2430 1709 adiectio.
2457 1639 2566 1694 Aut
2589 1640 2718 1709 quid
2738 1638 2807 1693 de
2852 1638 3007 1692 nobis
3028 1636 3322 1720 iudicatur,
3349 1634 3441 1703 qui

1866 1745 2028 1799 quam
2055 1730 2310 1800 religiose
2345 1730 2532 1786 vivere
2559 1744 2669 1784 non
2696 1728 2984 1783 devotione
3035 1722 3300 1794 cogimur,
3345 1723 3440 1778 sed

175 1818 374 1886 tangit.
421 1816 529 1873 Sed
556 1819 690 1882 haec,
719 1826 780 1873 ut
803 1818 935 1883 dixi,
977 1819 1213 1888 loquitur
1242 1820 1405 1874 miser
1430 1810 1654 1889 quisque
1680 1819 1766 1874 vel
1802 1834 1842 1892 Β
1868 1827 2093 1874 terrore.
2119 1817 2395 1889 Principes
2431 1818 2649 1890 quidem
2671 1826 2781 1872 tam
2803 1816 2942 1876 boni
2959 1813 3247 1873 Christiani
3293 1814 3440 1883 leges

174 1907 454 1976 trepidus;
485 1916 648 1975 negat
665 1909 810 1963 enim
828 1924 887 1964 se
908 1909 1130 1978 iussisse
1156 1906 1291 1965 ﬁeri.
1340 1909 1432 1977 qui
1475 1908 1646 1963 noluit
1677 1907 1764 1975 iu-

172 1995 312 2050 bere
341 2011 411 2051 ne
438 1995 608 2052 ﬁeret.
640 1997 772 2052 Nam
803 1999 986 2066 utique
1015 1998 1212 2051 malum
1265 1998 1408 2068 quod
1436 1997 1503 2051 de
1531 2012 1762 2052 consue-

173 2083 372 2138 tudine
396 2086 563 2150 venit,
579 2101 703 2141 cum
731 2101 838 2142 non
865 2093 1200 2151 coerceatur,
1224 2085 1545 2140 admittitur.
1563 2085 1757 2150 Causa,

173 2171 377 2240 inquit,
409 2189 529 2228 mea
558 2190 667 2228 non
687 2183 788 2229 est.
813 2174 1034 2230 Falleris
1060 2183 1115 2229 et
1136 2175 1350 2243 ignoras
1375 2193 1388 2229 :
1431 2175 1606 2231 nescis
1632 2175 1760 2244 quia

171 2259 276 2314 Dei
310 2276 473 2316 causa
523 2272 844 2318 cunctorum
893 2271 996 2332 est,
1025 2271 1079 2318 et
1105 2263 1251 2332 quod
1278 2264 1346 2319 ab
1376 2279 1482 2318 uno
1507 2273 1761 2334 peccatur

171 2349 229 2404 in
260 2352 504 2421 pluribus
527 2353 843 2409 vindicatur.
893 2353 1048 2418 Nam,
1077 2354 1219 2408 sicut
1238 2354 1395 2408 unius
1423 2353 1760 2408 sanctiﬁcan-

1867 1925 1968 1980 pro
1995 1910 2255 1977 religione
2279 1910 2644 1979 promulgant,
2687 1908 2782 1964 sed
2809 1923 2902 1962 eas
2935 1913 3280 1961 exsecutores
3329 1919 3440 1958 non

1866 2006 2094 2053 exerunt
2114 2006 2502 2068 competenter.
2523 1997 2594 2051 Et
2615 1997 2736 2052 ideo
2755 2004 2920 2050 exuto
2939 2011 2970 2049 a
2991 1995 3146 2063 culpa
3175 1992 3438 2062 principe.

1866 2095 2154 2142 exsecutor
2178 2093 2422 2142 remanet
2451 2087 2506 2141 in
2533 2095 2708 2154 reatu,
2736 2087 2850 2154 qui,
2877 2085 2922 2139 si
2942 2083 3285 2139 acrimoniam
3307 2081 3440 2149 legi

1865 2184 2104 2244 exercet,
2155 2185 2211 2236 et
2252 2177 2369 2246 ipse
2419 2184 2642 2247 peccato
2688 2175 3005 2239 absolvitur,
3038 2179 3096 2228 et
3146 2186 3245 2241 pro
3265 2169 3439 2226 salute

1863 2268 2154 2322 multorum
2181 2275 2382 2322 mterna
2401 2266 2651 2322 mercede
2673 2265 2972 2321 donabitur.

1477 2447 1744 2507 SERMO
1785 2447 2141 2511 LXXXIII.

870 2546 936 2601 In
963 2548 1127 2602 natali
1156 2548 1263 2604 SS.
1292 2548 1711 2604 Machabworum
1737 2559 1788 2604 et
1815 2551 1876 2607 S.
1910 2551 2121 2607 Eusebii
2156 2551 2489 2608 Verceuatais
2509 2549 2764 2620 episcopi.

1588 2638 1980 2696 ADMONI'I'IO.

247 2725 353 2793 31
369 2729 400 2792 ι
441 2724 580 2779 Nihil
609 2735 691 2779 est
710 2741 884 2782 causa:
903 2742 999 2781 cur
1015 2728 1156 2782 hanc
1174 2743 1476 2783 sermonem
1515 2737 1700 2783 sancto
1732 2729 1966 2785 Maximo
1985 2746 2092 2786 non
2113 2743 2234 2786 esse
2256 2745 2286 2784 a

164 2803 257 2849 est
269 2795 516 2873 oratione
526 2811 590 2849 ac
609 2804 746 2873 stvto
767 2803 1082 2873 ceterorum
1102 2799 1275 2873 sancti
1299 2799 1550 2873 antistitis
1564 2813 1869 2854 sermonum
1890 2799 2093 2873 similis,
2118 2806 2177 2873 ut
2197 2799 2274 2873 nil
2291 2795 2583 2873 desiderari
2603 2798 2825 2873 similius

2421 2738 2532 2784 tum
2553 2727 2893 2784 referendum
2914 2733 3119 2796 putem.
3139 2723 3272 2779 Tam
3295 2724 3437 2780 enim

2421 2799 2583 2853 lerari
2603 2798 2825 2854 similius
2851 2811 3011 2859 posse
3034 2794 3294 2848 videatur.
3315 2793 3434 2859 Quo

168 2864 349 2949 magis
373 2864 429 2949 in
458 2862 719 2949 sententia
749 2865 1057 2949 conﬁrmor,
1082 2866 1235 2949 quod
1261 2867 1554 2949 huncitem
1582 2883 1703 2949 cum
1733 2869 2068 2949 sermonibus
2080 2862 2208 2921 aliis
2226 2868 2466 2949 Maximi_
2480 2869 2534 2922 in
2562 2862 2934 2949 veteri
2963 2862 3435 2949 bibliothecae

166 2930 344 3006 dicae
366 2931 738 3006 Laurentianus
759 2949 906 3006 num.
933 2950 950 2987 ι
981 2930 1124 3006 Plut;
1143 2952 1228 2988 xiv
1253 2949 1374 3005 pag.
1410 2935 1512 2988 144
1540 2939 1804 3004 integrum
1826 2937 2066 2991 exhiberi
2085 2951 2300 2991 cernam
2328 2936 2696 3006 prmferentem
2719 2936 2931 2990 Maximi
2951 2934 3190 3006 eiusdem
3213 2947 3435 3006 nomen.

170 2998 336 3069 Ilunc
364 3000 536 3069 ipsum
560 3017 863 3056 sermonem
893 3003 1002 3057 inte

165 3067 354 3137 deque
381 3067 659 3124 sermones
694 3071 762 3125 de
789 3079 975 3126 sancto

1106 3001 1449 3075 lator'nescio
1477 3007 1598 3074 quis
1618 3001 1859 3075 veterum
1890 3001 2360 3062 monumentorum
2387 3021 2548 3061 ausus
2567 3015 2650 3060 est
2695 3007 2746 3059 in
2795 3001 3434 3075 partesidiscerperetin-

1052 3073 1236 3144 usebio
1265 3089 1362 3128 suo
1392 3069 1653 3144 arbitratu
1683 3074 1919 3129 conﬂare
1959 3075 2115 3139 duos,
2144 3090 2282 3144 quos
2310 3077 2450 3132 inter
2477 3069 2828 3130 Maximianos
2877 3073 3045 3128 edidit
3090 3069 3434 3135 Maratorius.

165 3150 420 3206 quosque
445 3152 546 3206 ego
565 3140 750 3194 censui
772 3140 826 3194 in
856 3141 1205 3210 appendicem
1233 3150 1473 3197 nostram
1501 3142 1652 3213 rejici
1683 3153 1960 3213 oportere.

167 3253 560 3326 Aneuuearpu.
583 3285 653 3326 i-
675 3250 802 3316 Qum
842 3253 1146 3326 _specialiter
1193 3251 1529 3326 Macnabqeis,
1563 3263 1611 3326 et
1639 3271 1752 3326 qua
1780 3257 1828 3320 C
1859 3263 2026 3309 tutem
2056 3269 2155 3311 nec
2187 3256 2344 3311 minae
2370 3255 2553 3310 mundi
2582 3271 2613 3310 a
2641 3256 2754 3312 Deo
2780 3272 2879 3312 suo
2906 3264 3183 3325 revocant,
3213 3272 3315 3312 nec
3341 3271 3433 3311 re-

247 3322 396 3405 beato
443 3321 663 3405 βακρἱ
691 3321 896 3405 ΔῙίηετὶξ
925 3339 1082 3405 causa
1119 3324 1367 3405 certandi.
1414 3321 1750 3405 Singulorum

243 3390 820 3461 ηιαημτὶιιηιιὺεαςίᾳυε
851 3390 1056 3445 Eusebii
1085 3393 1259 3461 passio
1287 3390 1608 3446 describitur.
1625 3392 1750 3446 Non

243 3461 414 3529 impar
440 3469 514 3511 est
541 3459 806 3522 Eusebius,
839 3461 944 3529 qui,
1223 3463 1492 3582 cozlutata
1519 3462 1744 3516 Ariano-

246 3546 378 3591 rum,
408 3529 477 3580 ad
507 3527 669 3582 Deum
693 3539 807 3595 post
837 3539 1087 3582 (armeme
1117 3546 1281 3600 migra
1333 3541 1370 3582 t.

245 3617 324 3670 Ad
350 3616 718 3670 celebritatem
764 3617 1044 3686 praesentis
1085 3617 1210 3682 diei,
1245 3617 1436 3672 fratres
1464 3620 1744 3687 carissimi,

164 3706 316 3759 omni
341 3722 439 3760 nos
463 3722 584 3760 cum
615 3707 893 3761 alacritate
917 3723 1239 3763 concurrere
1261 3709 1477 3764 devotio
1524 3714 1748 3779 gemina:

166 3811 270 3848 nos
291 3795 592 3849 festivitatis
621 3797 828 3858 invitat,
853 3812 1014 3866 quam
1046 3815 1142 3853 nos
1164 3800 1363 3854 habere
1408 3803 1744 3858 manifestum

163 3892 250 3938 est
273 3883 341 3937 de
365 3883 788 3939 Machabzeorum
813 3887 1082 3955 triumpho
1106 3896 1162 3942 et
1188 3889 1411 3944 victoria
1465 3891 1744 3948 confesso-

163 3973 241 4026 ris
271 3969 361 4039 (11
388 3971 564 4026 Much.
591 3974 707 4043 vn).
738 3974 834 4028 Est
858 3990 1091 4045 namque
1117 3977 1272 4032 nobis
1320 3994 1483 4048 super
1531 3980 1746 4036 Macha-

165 4059 314 4112 ba:os
341 4061 589 4128 gaudium
614 4063 864 4129 generale
883 4078 1002 4118 cum
1053 4067 1281 4133 caeteris,
1313 4077 1368 4121 et
1407 4084 1503 4137 per
1527 4070 1744 4125 beatum

164 4149 454 4204 Eusebium
471 4152 776 4209 domestice
796 4156 1167 4222 gratulationis
1184 4159 1417 4226 propria,
1441 4161 1746 4228 peculiaris-

147 4257 270 4316 .que
317 4242 499 4296 lmtitia
529 4255 646 4309 est;
673 4254 729 4298 et
757 4245 880 4299 licet
899 4246 1126 4300 diversis
1155 4249 1503 4317 temporibus,
1523 4251 1740 4308 diverso

163 4331 350 4399 utique
369 4346 541 4400 agone
566 4333 922 4404 conﬂixerint,
954 4352 1092 4390 unus
1113 4345 1290 4393 tamen
1319 4340 1372 4394 in
1401 4341 1503 4394 illis
1525 4343 1741 4411 spiritus

161 4420 456 4474 dimicavit.
499 4421 629 4487 Quis
676 4424 816 4476 enim
859 4424 1066 4478 dubitet
1096 4442 1256 4479 unum
1287 4427 1340 4481 in
1370 4429 1472 4482 illis
1499 4445 1736 4499 sensum,

164 4523 326 4563 unam
375 4519 634 4576 mentem,
663 4527 824 4565 unum
851 4511 1013 4567 fuisse
1042 4515 1312 4583 spiritum,
1361 4532 1481 4570 cum
1524 4518 1598 4570 illi
1639 4534 1736 4587 pro

1852 3347 1938 3414 gia
1993 3347 2358 3402 blandimenta
2396 3347 2681 3403 seducunt.
2734 3347 2922 3417 Itaque
2965 3349 3171 3417 primus
3205 3362 3272 3402 ex
3327 3347 3431 3401 illis

1851 3433 2046 3490 divina:
2089 3436 2442 3505 dispositione
2493 3436 2715 3506 iustitiae
2762 3437 3064 3507 palaestram
3119 3437 3430 3492 certaminis

1850 3527 2082 3582 caelestis
2120 3528 2433 3596 ingreditur,
2472 3537 2532 3582 ut
2574 3530 2667 3596 qui
2704 3537 2864 3585 state
2905 3531 3136 3599 pmiret,
3177 3531 3428 3598 passione

1848 3614 2194 3684 praecederet,
2209 3623 2268 3671 et
2277 3617 2535 3672 nascendi
2548 3618 2681 3672 oedo
2704 3627 2913 3680 teneret
2931 3621 2984 3673 in
3005 3619 3260 3674 fratribus
3278 3621 3428 3674 ordi-

1850 3718 1972 3757 nem
2017 3705 2396 3774 triumphandi.
2428 3706 2527 3762 Hic
2567 3706 2728 3774 igitur
2753 3711 2914 3780 διε
2942 3711 3228 3779 ρήωωνιη
3255 3726 3286 3765 e
3316 3712 3426 3765 fra-

1849 3795 2016 3849 tribus
2036 3797 2305 3864 sartagine
2324 3812 2582 3853 succensa
2612 3797 2730 3866 frigi
2754 3800 3019 3868 iubetura
3048 3815 3198 3869 rege,
3217 3801 3313 3856 sed
3338 3818 3426 3857 re-

1845 3881 2131 3953 frigeretur
2157 3901 2187 3939 a
2209 3886 2354 3952 Deo;
2378 3889 2623 3943 manibus
2649 3891 2978 3961 pedibusque
3006 3899 3305 3960 truncatur,
3326 3891 3424 3947 sed

1845 3976 2074 4028 multum
2100 3976 2168 4029 de
2188 3977 2269 4030 sui
2295 3977 2656 4045 integratione
2683 3995 2924 4048 securus,
2969 3981 3112 4051 quod
3140 3997 3240 4051 pro
3281 3981 3424 4038 illius
3500 4015 3508 4019 -

1845 4064 1959 4119 haec
2004 4079 2064 4120 se
2110 4074 2335 4121 noverat
2384 4068 2508 4135 lege
2553 4070 2684 4137 pati,
2718 4086 2885 4138 penes
2922 4086 3083 4140 quem
3109 4071 3282 4125 solum
3301 4086 3423 4128 esse

1841 4154 2096 4209 credebat
2146 4155 2412 4212 formandi
2465 4160 2860 4230 reparandique
2905 4163 3147 4231 corporis
3182 4171 3423 4232 potesta-

1842 4250 1951 4297 tem
1975 4261 1988 4296 :
2020 4244 2091 4299 ob
2117 4244 2222 4300 hoc
2249 4246 2499 4302 nimirum
2550 4247 2870 4305 fortissimus
2891 4249 3106 4318 iuvenis
3133 4259 3250 4305 toto
3296 4267 3420 4305 cor-

1841 4347 1974 4402 pore
1993 4334 2357 4402 membrisque
2383 4335 2703 4401 conciditur,
2738 4347 2798 4391 ut
2843 4337 3086 4393 advertat
3133 4348 3421 4409 praestante

1841 4425 1952 4479 Deo
1980 4432 2058 4480 tot
2083 4439 2144 4480 se
2191 4428 2446 4496 martyria
2492 4429 2693 4484 habere
2721 4437 2855 4500 quot
2891 4431 3150 4486 membra.
3174 4429 3420 4485 Privatur

1840 4514 1976 4568 alius
2003 4515 2204 4588 lingua,
2231 4516 2369 4572 alius
2387 4518 2579 4587 capitis
2597 4527 2723 4574 cute
2761 4520 3010 4586 nudatur,
3041 4527 3100 4575 ut
3139 4535 3419 4590 pmnarum

167 4599 375 4653 Domini
401 4599 519 4667 lege
538 4601 648 4655 sint
673 4603 838 4670 passi,
865 4603 952 4658 hic
977 4618 1076 4672 pro
1104 4604 1222 4673 ipso
1267 4605 1493 4663 Domino
1524 4617 1735 4676 .protu-
1767 4615 1814 4672 ι)
1838 4604 2121 4662 diversitas
2166 4608 2479 4664 varietatem
2521 4610 2765 4678 gigneret
2805 4613 3168 4682 prmmiorum.
3217 4612 3419 4667 Fremit

166 4689 285 4742 lerit
308 4691 644 4757 passionem?
665 4691 979 4761 Diligentius
1007 4709 1148 4748 nunc
1177 4694 1538 4762 intendamus,
1567 4697 1734 4749 caris-

161 4777 300 4840 simi,
327 4793 446 4847 qua
472 4781 777 4848 specialiter
804 4781 1136 4848 Machabieis,
1160 4799 1278 4853 qua:
1299 4784 1459 4840 beato
1504 4785 1734 4842 Eusebio

165 4868 322 4923 fuerit
346 4885 504 4924 causa
534 4874 790 4927 certandi.
814 4874 978 4943 Igitur
997 4892 1120 4931 cum
1147 4877 1284 4946 apud
1315 4887 1520 4933 vetusta
1542 4881 1733 4935 saecula

167 4960 217 5012 iu
238 4974 424 5015 servos
448 4961 843 5018 Dei-diabolica
870 4965 1080 5019 invidiae
1109 4965 1312 5024 facibus
1332 4969 1600 5035 gentilitas
1643 4986 1735 5026 ac»

165 5064 320 5105 censa
367 5049 616 5117 ferveret,
665 5061 720 5107 et
775 5055 1021 5112 Antiochi
1062 5058 1328 5127 pnecipue
1349 5058 1732 5115 femissimutn

164 5151 346 5211 pectus
373 5138 558 5211 impia'
580 5146 854 5214 suppleret
882 5148 1107 5208 insania,
1158 5149 1491 5204 Hachabteos
1520 5149 1734 5218 fratres,

164 5244 452 5301 eorumque
499 5232 950 5301 religiosissimam
995 5246 1220 5292 matrem
1260 5248 1442 5307 raptos
1471 5239 1537 5293 ad
1568 5240 1733 5295 ferale

163 5321 309 5388 iubet
353 5323 586 5378 tribunal
638 5324 850 5388 adduci,
905 5336 1166 5394 quatenus
1212 5345 1307 5384 eos
1346 5338 1489 5384 metu
1521 5332 1730 5396 mortis,

168 5418 365 5465 terrore
414 5425 716 5481 pcnarum,
761 5415 1122 5471 oblationibus
1148 5433 1450 5484 munerum,
1493 5419 1546 5473 in
1575 5435 1729 5472 suum

165 5501 379 5556 transire
407 5503 659 5558 suaderet
699 5519 958 5560 errorem.
1010 5507 1075 5560 At
1114 5507 1510 5566 devotissimam
1534 5509 1726 5578 iuven-

229 5687 249 5713 ⁸
280 5673 419 5732 Edit.
446 5675 727 5744 “uratum,
760 5695 864 5738 rex.

1832 4710 1963 4765 ergo
2023 4697 2076 4752 in
2132 4712 2348 4756 omnem
2421 4701 2680 4758 szevitiam
2745 4712 3053 4758 sanctorum
3131 4703 3418 4757 virtutibus

1833 4788 2154 4842 exacerbata
2208 4790 2518 4846 crudelitas.
2566 4791 2890 4849 Lasseecunt
2938 4794 3146 4847 lanistae
3193 4809 3415 4861 manus,

1839 4879 2042 4934 cruenti
2072 4880 2355 4937 tabescunt
2384 4883 2547 4956 oculi,
2577 4892 2739 4953 atque
2768 4886 2882 4954 ipsa
2907 4884 3017 4953 iam
3047 4885 3146 4939 sibi
3169 4885 3417 4954 impietas

1830 4969 2123 5038 erubescit,
2148 4981 2516 5043 conversoque
2545 4974 2732 5029 ordine
2779 4977 3087 5044 qumstionis
3107 4976 3272 5042 gemit
3301 4983 3416 5030 tor-

1834 5069 1938 5125 tor,
1971 5070 2024 5116 et
2054 5067 2244 5120 tortori
2272 5081 2372 5120 suo
2400 5076 2570 5120 tortus
2598 5068 2838 5122 insultat.
2867 5068 3036 5122 Caesis
3074 5067 3259 5136 itaque
3315 5082 3416 5136 per

1834 5152 1947 5206 haec
1976 5155 2362 5225 prostratisque
2391 5165 2416 5192 ι
2449 5171 2542 5211 sex
2573 5155 2844 5218 fratribus.
2892 5157 3169 5225 septimus,
3213 5156 3304 5223 qui
3356 5162 3415 5210 et

1827 5238 2010 5307 iunior
2028 5244 2416 5298 examinandus
2438 5245 2696 5312 ingeritur
2719 5262 2731 5297 :
2764 5261 2923 5313 quem
2944 5261 3037 5300 rex
3062 5245 3148 5298 ille
3171 5244 3411 5315 tyranni-

1831 5345 1925 5384 cus
1953 5341 2034 5385 tot
2061 5339 2125 5388 a'e
2172 5335 2366 5389 taliblfs
2403 5336 2653 5406 expensis
2680 5334 2873 5392 frustra
2902 5337 3176 5405 suppliciis
3203 5335 3408 5391 mollis-

1830 5423 1962 5477 sima
1990 5424 2176 5480 nititur
2195 5426 2524 5482 allocutione
2570 5427 2821 5482 mulcere.
2855 5427 3124 5482 Promittit
3145 5440 3293 5495 opes,
3326 5427 3410 5480 of-

1830 5511 1932 5568 fert
1961 5507 2216 5585 honores,
2243 5533 2476 5589 suasque
2502 5520 2721 5597 insuper
2740 5521 3002 5575 amicitias
3029 5520 3331 5592 pollicetur,
3360 5521 3405 5576 si
