3896 6250
523 342 625 399 υ99

1731 323 1783 380 S.
1827 319 2068 381 MAXIM!
2106 315 2549 373 TAUlthENSLS

3660 299 3745 352 700

527 458 696 529 possit
741 470 771 509 a
810 468 974 525 puero
1002 454 1286 521 impetrare
1309 446 1607 516 perﬁdiam.
1638 441 1742 497 Sed
1767 436 2086 493 wnslanlis-
2112 436 2162 498 A
2188 442 2469 511 diendique
2497 440 2733 503 salit-tas,
2763 452 2860 491 nec
2887 430 3317 489 beatissimorum
3350 425 3748 529 tamen-Nacti).

528 550 692 603 simus
706 545 1015 602 adolescens
1035 556 1236 609 regem,
1261 547 1315 593 et
1335 539 1475 605 regis
1492 536 1630 590 dona
1658 531 1976 599 despiciens,
1989 542 2085 596 pa-

530 636 762 691 radisum
805 631 1132 700 cogitatione
1173 626 1539 687 deambulans,
1593 630 1647 675 et
1690 620 1881 675 ccelum
1909 623 2087 670 mente

533 737 867 792 pereamus,
892 720 1148 788 supplicia
1169 716 1269 771 sibi
1286 715 1491 770 censuit
1518 707 1880 767 commodiora
1928 719 2089 774 quam

535 826 779 877 munera,
807 810 1069 877 elegitque
1097 807 1233 860 mori
1261 820 1355 874 pro
1384 804 1492 857 Deo
1538 815 1699 869 quam
1751 798 1930 855 vivere
1968 810 2089 849 cum

537 908 797 970 tyranno;
826 912 925 951 nec
949 911 1077 955 sane
1099 900 1346 963 poterant
1367 907 1486 945 eum
1525 890 1669 955 regia
1694 887 1948 942 inclinare
1969 900 2096 951 pro.

538 991 717 1053 missa,
746 989 905 1055 quem
946 983 1176 1039 fraterna
1208 991 1469 1037 tormenta
1520 995 1625 1036 non
1654 978 1931 1034 ﬂexerant.
1962 973 2094 1038 lmo,

540 1056 794 1132 ut'exitus
817 1076 1019 1139 docuit,
1053 1071 1385 1126 ﬁdelissimus
1413 1084 1545 1138 puer
1584 1069 1636 1127 in
1661 1082 1725 1121 ea
1752 1066 1919 1132 magis
1947 1072 2099 1134 parte

541 1166 822 1221 videbatur
848 1163 1107 1232 torqueri,
1156 1160 1298 1229 quod
1328 1158 1531 1214 tardius
1560 1156 1925 1224 torquebatur.
1958 1153 2101 1207 Inter

542 1258 643 1312 ista
690 1264 865 1311 mater
906 1253 1117 1323 egregia
1148 1252 1215 1306 de
1242 1251 1563 1307 cruciatibus
1606 1245 2103 1302 ﬁliorumdivinitus

545 1347 797 1416 inspirata
826 1343 1103 1412 gaudebat,
1133 1350 1279 1397 certa
1310 1349 1390 1394 tot
1409 1355 1467 1394 se
1492 1337 1849 1395 decorandam
1892 1334 2105 1393 coronis

543 1443 676 1503 quot
727 1433 912 1487 funera
961 1431 1270 1500 pertulisset
1310 1430 1362 1484 iu
1394 1424 1553 1484 'llliis.
1596 1426 1727 1492 Quis
1751 1425 2106 1485 bmaudieus

546 1540 654 1578 non
682 1524 939 1576 miretur?
961 1522 1041 1575 Ob
1068 1522 1329 1576 honorem
1359 1520 1454 1574 Dei
1501 1528 1744 1574 materno
1796 1517 1849 1573 in
1890 1522 2109 1586 pectore

546 1615 806 1681 genuinus
830 1613 1052 1681 tepescit
1072 1610 1310 1675 aﬁ'ectus,
1343 1610 1444 1665 ﬁde
1464 1617 1655 1665 natura
1701 1616 2002 1677 superatur,
2056 1615 2110 1662 et

547 1719 646 1757 suo
672 1703 860 1757 mulier
883 1703 1071 1757 fortior
1089 1716 1222 1757 sexu
1244 1702 1403 1755 docet
1434 1702 1569 1755 ﬁlios
1595 1701 1755 1769 613
1776 1713 1957 1754 amare
1985 1712 2113 1766 sup-

2185 534 2419 588 b:corum
2447 531 2657 587 silentio
2678 540 2759 585 est
2779 528 3146 600 praetereunda
3173 526 3431 589 victoria;
3460 524 3593 600 quia
3621 534 3671 577 et
3694 530 3743 593 ip

2186 640 2275 679 sos
2301 624 2388 679 hic
2415 623 2552 678 idem
2578 623 2693 679 dies
2718 631 2932 691 ereptos
2976 622 3172 676 smculo
3199 634 3399 688 magno
3425 638 3555 676 cum
3584 623 3745 675 trium-

2187 716 2295 785 pho
2323 713 2611 769 transmisit
2642 714 2708 767 ad
2737 713 2947 769 etelum.
2973 711 3036 765 Et
3055 712 3300 780 quamvis
3324 712 3531 771 chorus
3559 713 3645 766 ille
3666 713 3747 765 fur-

2190 806 2425 859 tissimus
2472 804 2538 862 ad
2585 803 2752 857 Deum
2800 818 2951 857 suum
2982 803 3123 859 inter
3168 810 3439 857 tormenta
3474 804 3745 863 transierit,

2194 910 2299 949 non
2328 903 2507 949 tamen
2534 894 2703 961 impar
2720 899 2800 947 est
2825 891 3101 955 Eusebius,
3132 894 3220 960 qui
3244 891 3525 946 confutata
3551 893 3744 961 perﬁdia

2196 985 2261 1043 ad
2290 985 2532 1041 eumdem
2573 984 2737 1038 Deum
2779 984 2919 1037 victa
2959 991 3075 1051 post
3108 991 3376 1037 tormenta
3404 984 3670 1050 migravit.
3696 984 3746 1035 Et

2199 1085 2256 1131 ut
2283 1075 2611 1130 manifestius
2638 1074 2973 1129 advertamus
2998 1073 3210 1129 Eusebii
3237 1073 3404 1143 διε
3430 1134 3435 1137 _
3457 1074 3746 1127 inleriorun

2200 1184 2305 1222 non
2351 1167 2511 1222 fuisse
2555 1167 2851 1231 victoriam,
2901 1165 2976 1219 illi
3004 1166 3171 1219 veteri
3199 1180 3296 1233 pro
3325 1165 3444 1233 lege
3473 1172 3748 1221 certarunt.

2202 1258 2289 1312 hic
2317 1273 2456 1311 novo
2482 1272 2579 1326 pro
2608 1254 2893 1322 Evangelia
2937 1253 3199 1307 militavit.
3229 1252 3309 1307 llli
3336 1268 3438 1322 pro
3494 1254 3753 1321 praeceptis

2203 1348 2415 1416 quidem
2436 1348 2529 1401 Dei
2549 1346 2859 1413 subjacuere
2879 1345 3147 1414 suppliciis
3164 1362 3178 1406 ;
3201 1343 3462 1398 Eusebius
3482 1353 3661 1397 autem
3674 1360 3758 1411 pro

2207 1438 2426 1491 Deitatis
2455 1437 2616 1505 ipsius
2644 1436 2867 1513 veritate
2892 1434 3145 1491 conﬂixit.
3179 1433 3518 1488 Restiterunt
3568 1432 3641 1486 illi
3668 1433 3757 1484 An-

2207 1528 2387 1582 tiocho
2406 1526 2535 1594 regi,
2562 1540 2629 1580 ne
2653 1525 2848 1579 illicitis
2875 1531 3000 1579 tunc
3020 1524 3269 1580 carnibus
3289 1532 3665 1583 vescerentur;
3685 1524 3761 1575 ob-

2207 1618 2343 1672 stitit
2370 1617 2469 1671 iste
2495 1615 2727 1679 diabolo,
2758 1630 2825 1669 ne
2852 1614 3083 1669 haeretici
3107 1615 3371 1668 sermonis
3400 1613 3664 1667 fermento
3682 1628 3760 1681 pa-

2212 1722 2333 1761 nem
2358 1706 2511 1761 nobis
2536 1706 2858 1761 dominicum
2879 1706 3188 1758 macularet.
3212 1703 3561 1758 Exsultemus
3581 1704 3764 1771 itaque.

551 1793 727 1862 plicia.
752 1791 1070 1872 .Przemissis
1117 1792 1280 1857 igitur
1323 1791 1391 1844 ad
1428 1788 1596 1845 Deum
1642 1790 1971 1859 pignoribus,
2000 1780 2144 1857 ipsa

2231 1796 2426 1859 'ratres,
2456 1796 2566 1851 Deo
2611 1805 2795 1849 nostro
2839 1803 3055 1862 agentes
3103 1795 3346 1862 gratiam,
3380 1796 3507 1863 quia
3558 1796 3655 1847 sub
3683 1796 3765 1846 hac

550 1883 713 1936 etiam
757 1889 940 1951 spreto
967 1880 1168 1935 mundo
1193 1881 1573 1949 gloriosissima
1601 1888 1777 1934 morte
1800 1878 2114 1933 succumbit.

550 1967 618 2023 Et
652 1969 866 2035 dignum
915 1984 1100 2024 revera
1151 1978 1269 2022 erat
1314 1978 1373 2023 ut
1409 1976 1581 2025 mater
1627 1976 1919 2037 martyrum
1954 1966 2118 2024 vitam

553 2057 808 2127 martyrio
838 2056 1163 2117 terminaret.
1199 2059 1215 2091 ⁸

624 2148 751 2202 Post
790 2149 909 2216 ista,
952 2150 1301 2210 dilectissimi,
1352 2163 1730 2205 recenseamus
1775 2164 1915 2207 nunc
1962 2156 2123 2216 prout

554 2255 854 2310 possumus,
904 2256 1021 2308 qua)
1062 2241 1398 2303 beatissimus
1440 2248 1592 2309 pater
1638 2250 1821 2294 noster
1864 2239 2123 2294 Eusebius

557 2348 654 2399 pro
687 2331 807 2384 fidei
838 2331 1149 2385 defensione
1172 2332 1468 2400 pertulerit,
1504 2340 1561 2383 ut
1586 2332 1928 2385 advertamus
1955 2346 2127 2399 quan.

558 2431 645 2475 tus
665 2438 786 2475 cum
811 2422 979 2485 labor,
1007 2438 1189 2490 qumvc
1213 2423 1399 2474 merita
1430 2421 1496 2474 ad
1520 2432 1718 2475 tantam
1741 2422 1876 2475 hanc
1919 2420 2125 2476 confes-

560 2512 726 2568 sionis
754 2512 975 2578 gloriam
1007 2521 1383 2579 provexerunt.
1418 2512 1515 2567 llic
1544 2513 1718 2579 igitur,
1746 2520 1803 2571 ut
1830 2512 2019 2573 relatio
2042 2527 2127 2579 pa-

562 2600 715 2655 terna
739 2617 836 2654 nos
856 2602 1086 2664 instruit,
1114 2602 1213 2654 hac
1242 2614 1422 2654 nostra
1444 2613 1631 2670 raptus
1660 2618 1723 2655 ex
1748 2604 1878 2656 urbe
1904 2601 2129 2670 Scytho-

563 2691 725 2760 polim
768 2690 994 2752 ducitur,
1047 2690 1229 2757 ibique
1279 2691 1619 2749 trucidandus
1649 2690 1872 2751 traditur
1898 2691 2127 2749 Arianis.

564 2781 683 2835 Non
722 2789 804 2837 est
858 2781 1203 2847 incognitum,
1247 2781 1455 2845 fratres,
1497 2791 1748 2852 quantam
1778 2783 1946 2852 possit
1973 2799 2129 2837 exer-

565 2884 689 2926 cere
737 2870 1026 2937 nequitiam
1076 2870 1290 2926 inimico
1331 2872 1581 2927 saeviendi
1609 2874 1863 2941 permissa
1892 2874 2127 2927 libertas.

566 2961 587 2989 '
618 2958 748 3017 Nam
773 2967 829 3011 ut
869 2959 1174 3027 passionum
1204 2960 1319 3027 ejus
1347 2962 1622 3029 sequentia
1666 2962 2027 3026 decurramus,
2052 2962 2135 3015 di-

566 3048 706 3100 citur
727 3055 847 3115 post
873 3047 1017 3099 illum
1038 3048 1184 3100 velut
1206 3050 1574 3117 prepheticum
1595 3052 1856 3105 scalarum
1886 3060 2132 3116 tractum,

569 3138 676 3191 tale
731 3137 805 3190 illi
848 3138 915 3191 ab
946 3137 1155 3191 Arianis
1184 3140 1498 3208 supplicium
1532 3142 1878 3195 constitutum
1907 3157 2046 3207 esse,
2080 3150 2135 3193 ut
2163 3127 2207 3186 C

570 3228 622 3280 in
646 3228 1008 3295 superioribus
1028 3229 1213 3283 domus
1235 3230 1587 3285 arctissimum
1614 3232 1662 3285 ei
1690 3232 1987 3285 cubiculum
2010 3248 2138 3300 pne-

572 3325 843 3384 pararent,
877 3324 985 3369 tam
1012 3317 1192 3385 breve,
1216 3328 1321 3373 tam
1344 3320 1544 3373 humile
1566 3330 1779 3390 tamque
1806 3321 2135 3389 depre-sum,

572 3412 629 3457 ut
676 3421 783 3458 non
840 3414 949 3459 tam
1005 3418 1223 3476 caperet
1267 3410 1534 3464 hominem
1574 3426 1733 3479 quam
1765 3421 2054 3479 torqueret,
2087 3420 2141 3465 et

573 3495 858 3563 hospitium
880 3498 1130 3551 Arianum
1155 3506 1296 3553 esset
1324 3502 1492 3570 magis
1520 3516 1676 3570 pmna
1700 3517 1858 3569 quam
1906 3505 2134 3573 requies.

574 3586 771 3640 Ferunt
824 3587 968 3641 enim
1014 3588 1149 3642 adeo
1195 3598 1475 3656 angustum
1530 3591 1659 3644 illud
1702 3591 1884 3659 fuisse,
1916 3594 2047 3645 utin
2076 3608 2142 3647 eo

577 3686 781 3745 martyr
820 3676 1005 3744 jacens
1036 3694 1142 3736 non
1192 3690 1373 3748 posset
1401 3680 1586 3748 pedem
1616 3683 1966 3750 praetendere,
1998 3693 2143 3738 stans

577 3782 683 3819 non
708 3768 907 3821 valeret
934 3776 1092 3838 caput
1120 3771 1345 3836 erigere,
1393 3772 1485 3825 sed
1513 3783 1655 3827 esset
1684 3790 1895 3843 semper
1931 3781 2145 3829 contra-

576 3867 712 3922 ctus,
756 3858 981 3912 inclinus
1026 3868 1081 3913 et
1110 3861 1339 3924 humilis,
1381 3870 1435 3915 et
1463 3864 1591 3916 nihil
1621 3864 1761 3917 aliud
1803 3873 1997 3932 pneter
2027 3863 2146 3917 ﬁdei

577 3952 822 4019 spiritum
852 3952 1073 4004 liberum
1108 3966 1316 4018 gerens.
1352 3952 1659 4021 Torpebant
1705 3953 1915 4021 quidem
1946 3969 2051 4007 uno
2094 3956 2146 4006 in

582 4040 702 4094 loco
722 4041 836 4107 ejus
863 4040 1020 4093 defixi
1048 4042 1230 4108 pedes,
1260 4042 1350 4095 sed
1384 4042 1685 4109 paradisum
1734 4039 1851 4095 fidei
1882 4042 2149 4108 gressibus

582 4118 1149 4197 ambulabat,'jacebat
1176 4130 1229 4182 in
1252 4145 1316 4183 eo
1346 4130 1652 4197 depressum
1682 4138 1857 4198 caput,
1887 4130 1977 4182 sed
2006 4131 2151 4183 Chri-

582 4230 694 4275 stus
721 4222 771 4274 in
796 4236 861 4275 eo
890 4229 1050 4288 caput
1080 4221 1331 4287 erigebat.
1367 4221 1488 4275 llaec
1518 4222 1677 4287 igitur
1717 4222 1904 4275 beatus
1950 4230 2151 4290 martyr

586 4309 639 4361 in
694 4309 1062 4363 luereticorum
1119 4311 1420 4377 patiebatur
1466 4308 1713 4378 hospitio,
1749 4325 1851 4363 non
1880 4310 2018 4377 quod
2052 4312 2151 4362 ista

587 4398 909 4452 deberentur
936 4400 1175 4469 martyri,
1207 4400 1295 4452 sed
1350 4400 1491 4468 quod
1539 4400 1658 4461 talis
1704 4401 1772 4453 sit
1819 4401 2150 4467 hospitalitas

589 4490 804 4555 Ariana,
836 4498 894 4544 ut
921 4490 1035 4557 ejus
1063 4491 1420 4544 habitaculum
1450 4507 1606 4559 poma
1653 4492 1719 4545 sit
1748 4493 1990 4553 carceris,
2043 4507 2148 4544 non

590 4570 933 4634 humanitatis
977 4581 1285 4650 hospitium.
1310 4580 1376 4635 Et
1420 4598 1720 4651 quanquam
1748 4582 1814 4636 de
1846 4582 2107 4635 suavitate
2130 4582 2150 4612 ³

590 4680 857 4739 gestorqu
911 4668 1026 4738 ejus
1071 4670 1212 4725 nulla
1261 4672 1330 4725 sit
1382 4671 1605 4725 invicem
1636 4671 1789 4725 nobis
1816 4671 2025 4724 dicendi
2056 4687 2148 4727 au-

2218 1884 2492 1955 praesentis
2519 1884 2622 1937 diei
2650 1883 2934 1937 devotione
2960 1883 3168 1950 gemina
3198 1882 3492 1936 festivitate
3522 1883 3764 1937 lrctamur.
3820 1880 3823 1941 ξ

2219 1972 2432 2028 Eusebii
2458 1973 2651 2041 quippe
2673 1971 3020 2038 suscipientes
3040 1970 3383 2040 triumphum,
3416 1979 3473 2024 et
3495 1971 3769 2024 victricium

2222 2063 2641 2120 Machabmorum
2668 2068 2933 2120 tormenta
2958 2060 3228 2114 mirantes.
3262 2060 3343 2112 An
3380 2077 3490 2129 ηομ
3521 2060 3773 2113 mirabiles

2225 2153 2532 2219 Machabaﬁ,
2562 2167 2697 2219 quos
2726 2152 3017 2205 nativitatis
3043 2166 3151 2203 sum
3170 2151 3545 2219 passioazisqnc
3573 2165 3771 2204 comer-

2223 2246 2317 2307 tio,
2350 2254 2404 2298 et
2432 2242 2569 2310 apud
2598 2241 2844 2311 saxulum
2874 2240 3033 2293 fuisse
3061 2238 3269 2301 fratres,
3302 2250 3356 2291 et
3385 2240 3439 2292 in
3462 2240 3602 2293 cmlo
3650 2239 3773 2289 vide-

2227 2353 2345 2403 mus
2372 2350 2487 2389 esse
2516 2348 2818 2401 germanos,
2867 2331 2957 2399 qui
2978 2331 3323 2399 pinguissimo
3354 2331 3587 2397 egregia:
3614 2327 3776 2380 matris

2227 2427 2293 2479 ab
2318 2426 2561 2478 ubere’et
2599 2423 2949 2476 substantiam
2979 2420 3207 2482 vivendi,
3250 2428 3303 2472 et
3328 2420 3579 2473 vincendi
3608 2432 3777 2473 suxere

2230 2517 2496 2573 virtutem.
2525 2513 2580 2566 lu
2613 2502 2813 2568 tantam
2844 2514 2983 2565 enim
3012 2510 3393 2579 perfectionem
3426 2512 3569 2564 lacte
3590 2519 3641 2563 et
3685 2524 3781 2563 se:-

2228 2620 2387 2661 mone
2417 2604 2694 2657 adolevere
2726 2612 2985 2663 materno,
3018 2609 3074 2654 ut
3103 2602 3470 2670 inseparabilis
3500 2610 3643 2654 e5set
3668 2610 3714 2653 et
3740 2600 3781 2650 in

2230 2695 2391 2750 corde
2410 2708 2592 2748 eorum
2622 2692 2913 2761 sapientia,
2934 2700 2989 2745 et
3014 2692 3065 2744 in
3086 2676 3310 2759 corpore
3342 2691 3621 2744 fortitudo.
3648 2689 3785 2742 Dcizi-

2231 2799 2335 2852 que
2387 2783 2679 2837 Antiochus
2722 2781 3038 2835 lectissimos
3077 2780 3302 2847 juvenes
3350 2780 3453 2833 ﬁde
3482 2780 3715 2849 propria,
3744 2786 3789 2831 et

2234 2883 2472 2929 matertta
2501 2872 2873 2927 adhortatione
2897 2878 3221 2933 constantes,
3250 2878 3357 2922 uta
3385 2872 3689 2924 reverentia
3710 2886 3792 2937 pa-

2236 2974 2399 3019 ternae
2428 2964 2558 3031 legis
2587 2969 2871 3027 averteret,
2900 2976 3007 3013 non
3035 2959 3309 3013 acerrimis
3340 2968 3544 3014 terrere
3601 2962 3791 3027 suppli-

2237 3056 2353 3119 ciis,
2408 3069 2511 3107 non
2558 3052 2761 3119 magnis
2804 3052 2979 3119 potuit
3025 3064 3248 3104 avocare
3276 3051 3576 3118 promissis.
3610 3050 3797 3103 Tantus

2238 3148 2377 3200 enim
2402 3146 2453 3197 in
2483 3143 2733 3197 membris
2753 3158 2937 3196 eorum
2967 3142 3135 3210 vigor,
3166 3150 3346 3194 tantus
3378 3141 3429 3193 in
3463 3150 3686 3209 pet-tore
3710 3140 3801 3207 spi-

2240 3236 2388 3295 ritus,
2424 3242 2567 3287 tanta
2596 3242 2711 3285 erat
2739 3232 2791 3285 in
2822 3231 3169 3298 responsione
3194 3230 3457 3293 doctrina,
3490 3238 3549 3283 ut
3579 3240 3635 3283 et
3663 3245 3801 3297 sper-

2241 3326 2414 3380 nendo
2438 3338 2641 3393 pmnas,
2666 3330 2717 3375 et
2738 3319 3061 3375 confutando
3091 3318 3366 3388 perﬁdiam
3414 3321 3560 3387 impii
3594 3321 3729 3385 regis
3754 3328 3803 3370 et

2241 3429 2496 3475 terrorem
2549 3416 2822 3468 vincerent
2868 3422 2921 3466 et
2965 3412 3219 3466 furorem.
3269 3412 3607 3465 Venerabilis
3636 3420 3803 3463 autem

2241 3516 2409 3561 mater
2436 3503 2766 3559 confessione
2795 3502 2944 3571 parili
2972 3510 3025 3555 et
3051 3500 3315 3555 consimili
3335 3510 3511 3554 morte
3541 3500 3802 3559 defuncta,

2243 3598 2414 3651 laetior
2437 3594 2502 3647 ad
2523 3595 2743 3663 pignora
2771 3608 2865 3647 sua
2890 3592 2955 3644 de
2985 3592 3088 3644 hoc
3108 3591 3303 3644 szecnlo
3325 3588 3567 3657 profecta
3619 3592 3801 3657 migra-

2242 3688 2335 3741 vit.
2370 3686 2476 3740 Nec
2503 3686 2693 3739 mirum
2723 3684 2766 3738 si
2794 3683 3047 3736 saevitiam
3072 3683 3210 3748 regis
3232 3682 3285 3733 in
3323 3682 3671 3749 semetipsum
3701 3696 3804 3732 ma-

2244 3777 2563 3845 gnanimiter
2606 3774 2845 3842 pertulit,
2872 3788 2989 3842 qua:
3020 3781 3125 3825 tam
3154 3772 3363 3825 fortiter
3410 3787 3532 3824 eam
3564 3773 3733 3841 potuit
3762 3782 3803 3822 et

2248 3870 2297 3921 in
2333 3866 2451 3921 ﬁliis
2478 3866 2759 3920 sustinere.
2790 3864 2927 3918 Vere
2964 3864 3119 3917 beata
3150 3864 3357 3925 mulier,
3389 3874 3556 3931 atque
3581 3864 3806 3917 omnium

2248 3956 2617 4027 prosequenda
2643 3955 2937 4022 pneconiis,
2966 3968 3124 4021 quam
3153 3969 3251 4021 pro
3283 3952 3385 4005 ﬁde
3416 3953 3510 4006 Dei
3535 3955 3641 4019 sui,
3673 3962 3725 4006 et
3763 3952 3806 4003 in

2250 4048 2526 4102 occasibus
2584 4045 2810 4099 ﬁliorum
2863 4045 3002 4097 nulla
3038 4044 3223 4119 carnis
3264 4040 3419 4109 fregit
3444 4044 3678 4107 affectio,
3707 4053 3806 4097 ets

2252 4139 2528 4193 tormentis
2558 4137 2757 4205 proprii
2779 4136 3020 4204 corporis
3050 4150 3147 4188 nec
3164 4150 3323 4190 sexus
3347 4151 3605 4187 revocare
3624 4135 3805 4202 potuit,

2254 4245 2350 4283 nec
2370 4238 2603 4282 senecta.
2630 4226 2752 4280 llzec
2772 4241 2899 4293 ergo
2918 4235 3059 4287 sunt,
3083 4224 3368 4291 carissimi,
3390 4224 3496 4278 dici
3524 4226 3682 4291 hujus
3701 4238 3807 4291 gau-

2251 4322 2332 4376 dia
2386 4323 2560 4374 votiva
2613 4318 2862 4371 lidelium.
2898 4317 3018 4371 Harc
3064 4331 3277 4385 semper
3323 4317 3481 4369 beato
3512 4316 3737 4370 Eusebio
3764 4322 3809 4367 et

2256 4410 2646 4477 gleriosissimis
2673 4408 2986 4461 Machabmis
3014 4407 3359 4460 exhibeamus
3380 4406 3659 4473 obsequia,
3688 4419 3810 4475 quos

2259 4500 2311 4553 in
2356 4509 2609 4552 aeternum
2659 4511 2877 4565 regnum
2909 4504 3116 4565 tempus
3160 4495 3372 4562 quidem
3400 4495 3690 4559 diversum,
3726 4491 3809 4545 sed

2258 4589 2387 4644 ﬁdes
2410 4589 2594 4643 eadem
2623 4597 2676 4641 et
2703 4588 2819 4643 dics
2844 4602 2948 4642 una
2973 4586 3234 4655 provexit.

1881 4759 2145 4823 SERMO
2187 4759 2533 4819 LXXXIV.

1432 4855 1511 4911 De
1538 4855 1643 4911 SS.
1666 4855 1973 4923 martyribus
2001 4857 2207 4925 Cantia,
2235 4856 2493 4910 Cantiam
2524 4864 2573 4908 et
2612 4852 2946 4909 Cantiamilla.

2028 4948 2411 5003 ADMONITIO.

624 5110 635 5121 ⁸
664 5040 823 5111 615
855 5038 1523 5121 Priecessltyuratorium,
1554 5048 1608 5118 et
1633 5038 2003 5121 Benedictian
2033 5042 2323 5121 monachos
2344 5055 2528 5121 coingr.
2559 5038 2615 5093 S.
2640 5038 2806 5121 Mauri
2826 5040 2887 5119 in
2913 5037 3120 5121 judicio
3152 5035 3309 5121 hujus
3336 5040 3601 5119 sermonis
3638 5038 3810 5121 claris-

594 5105 766 5167 sim'us
783 5105 1094 5167 'cardinalis
1139 5108 1414 5179 B_arooius,
1440 5109 1612 5179 quiin
1658 5109 1797 5179 notis
1842 5112 1906 5161 ad
1948 5109 2377 5179 Martyrologium
2402 5105 2722 5179 Reinanum,
2752 5108 2839 5161 ubi
2868 5105 3056 5162 v‘non.
3089 5105 3255 5174 April.
3279 5110 3597 5179 memoriam
3626 5108 3733 5174 agit
3753 5105 3812 5157 de

595 5179 795 5234 sanctis
824 5179 1144 5248 martyribus
1166 5176 1675 5241 Ravennatensibus,
1701 5178 1858 5233 docet
1878 5176 2121 5232 sanctum
2148 5176 2430 5233 Maiimum
2461 5178 2573 5245 ejus
2603 5188 2875 5233 auctorem
2904 5191 3022 5231 esse
3043 5177 3461 5243 agnoscendum.
3487 5178 3620 5232 Cum
3648 5184 3812 5231 autem

672 5310 688 5340 ι
720 5307 889 5361 Editio
918 5307 1129 5374 Vcnet.,
1159 5321 1279 5377 pag.
1306 5306 1427 5375 l56,
1449 5309 1598 5377 juxta
1621 5311 1745 5364 edit.
1777 5310 1957 5365 Patav.
1984 5314 2157 5367 Anec-

598 5377 737 5450 dot.,
766 5378 1019 5450 Μαι-διον.
1052 5376 1183 5432 tom.
1213 5376 1299 5450 ιγ,
1354 5376 1475 5445 pag.
1518 5379 1605 5443 85,
1664 5381 1734 5433 ita
1777 5386 2153 5450 prosequitur:

600 5447 727 5505 Post
763 5448 885 5511 ἰδία,
926 5450 1131 5519 fratres,
1164 5447 1297 5519 quod
1341 5455 1391 5519 et
1420 5464 1556 5500 meus
1597 5447 1903 5519 concupiscit
1932 5447 2152 5517 animus,

600 5526 729 5588 ct_c.,
772 5517 1100 5588 qtueomnia
1148 5516 1336 5588 desunt
1361 5516 1412 5569 in
1445 5518 1534 5570 cit.
1562 5516 1959 5588 codtL'aurent.
1994 5538 2157 5588 usque

600 5585 667 5661 iltl
697 5587 780 5639 illa
809 5585 970 5639 verba
998 5602 1009 5636 :
1043 5600 1073 5635 α
1102 5583 1275 5652 quibus
1300 5587 1631 5655 separabatur
1665 5586 1941 5652 Eusebius;
1993 5583 2157 5643 inclu-

600 5668 727 5709 blVC.

2336 5316 2358 5346 ³
2388 5312 2564 5382 Usque
2592 5315 2655 5367 ad
2685 5316 2797 5369 haec
2821 5314 2982 5369 verba
3007 5332 3021 5366 :
3051 5315 3291 5370 satiandi
3318 5318 3570 5384 permissa
3598 5317 3811 5378 libatur.

2264 5393 2553 5458 concordat
2578 5384 2744 5438 codex
2766 5400 2886 5437 cum
2906 5385 3244 5451 editionibus,
3275 5386 3368 5439 sed
3389 5401 3511 5454 qua:
3536 5397 3815 5458 sequuntur

2262 5454 2436 5510 omnia
2467 5454 2635 5506 aliena
2664 5461 2805 5507 sunt.

2334 5521 2353 5551 ³
2384 5518 2448 5573 Et
2470 5539 2758 5596 quanquam
2780 5523 2841 5576 de
2868 5524 3135 5596 suavitate,
3164 5534 3268 5596 etc.
3299 5522 3432 5596 Haec
3462 5536 3519 5580 et
3556 5528 3813 5596 superiora

2264 5601 2549 5665 occurrunt
2580 5590 2987 5665 insermonibus
3009 5594 3043 5645 3
3071 5602 3124 5647 et
3151 5593 3182 5645 ι
3211 5594 3279 5649 dc
3308 5590 3369 5645 SI
3395 5590 3635 5651 Eusebio
3655 5599 3704 5651 iu
3734 5616 3815 5665 ap-

2267 5660 2539 5727 pendicem
2573 5662 2768 5714 relatis.
