3896 6250
140 367 235 421 701

1544 354 1771 411 8ΕΙίΜΟ
1807 353 2055 410 LXXXV.

3334 358 3441 412 702

140 486 253 530 tam
283 476 635 529 eximiorum
667 474 902 527 virorum
932 474 1210 528 sentcntiae
1238 467 1747 541 utriusquc_codi_cis
1764 467 1824 541 S.
1849 465 2034 522 Crucis
2055 470 2107 523 in
2127 468 2423 541 Jerusalem
2455 470 2523 525 90
2550 480 2607 527 et
2633 472 2718 536 99,
2751 482 2804 527 ct
2824 472 2943 541 and.
2974 472 3333 541 Sattgallcttsis
3350 483 3443 525 ‘ac-

142 546 338 600 cedant
359 542 655 611 suffragia,
681 558 746 595 eo
778 545 939 597 tutius
977 544 1147 597 eidem
1177 542 1232 597 S.
1259 540 1481 611 antistiti
1508 537 1827 611 _Taurinensi
1859 546 2047 591 contra
2077 540 2314 611 codicem
2347 556 2376 593 ι
2409 540 2823 611 Laurentianum
2855 539 2990 595 Plut.
3022 537 3133 609 xiv,
3165 550 3219 611 et
3242 541 3441 611 editio-

143 629 268 666 nem
299 607 685 667 Parisiensem
712 611 910 666 Gillotii
941 628 1085 665 num.
1118 626 1279 664 serm.
1314 609 1381 662 75
1406 607 1686 659 Ambrosio
1712 616 2035 667 asserentes,
2085 624 2114 662 a
2160 610 2316 664 nobis
2345 611 2645 664 ascribitur.
2678 610 2886 664 Titulus
2928 610 2980 664 in
3012 607 3134 663 cod.
3165 609 3221 663 S.
3253 610 3441 664 Crucis

142 680 212 735 99
238 698 411 735 serm.
449 681 525 732 79
555 691 642 735 est
668 699 681 732 :
734 679 801 733 In
849 682 1021 733 natale
1050 690 1344 734 sanctorum
1374 677 1777 747 Gordianorum;
1820 674 1963 747 in‘90
1992 692 2120 732 vero
2144 694 2305 733 serm.
2337 679 2406 734 15
2432 698 2445 733 :
2476 677 2555 733 De
2582 683 2754 733 natale
2779 690 3073 735 sanctorum
3094 678 3267 747 Canti,
3297 678 3440 732 Can-

143 751 282 805 tiani
305 761 358 803 et
386 749 771 814 Cantianillw;
793 751 882 819 qui
898 751 1045 805 idem
1074 757 1251 804 exstat
1276 749 1329 801 in
1352 746 1538 803 codice
1563 743 1896 811 Sangallensi
1927 760 2090 801 serm.
2116 748 2203 803 13.

143 859 559 912 uomuerunt.
594 884 667 901 -—-
694 855 795 907 His
822 872 855 908 α
899 852 1100 908 Christo
1128 869 1423 926 concessum
1464 859 1557 915 est,
1587 859 1642 903 ut
1672 850 1758 926 qni
1786 854 1830 913 Α
1861 855 2120 925 quadriga
2166 857 2304 913 sicut
2332 858 2479 912 illum
2508 862 2686 917 evexit
2714 862 2779 919 ad
2827 862 3085 926 requiem,
3121 861 3195 915 ita
3248 869 3304 915 et
3341 861 3442 916 hos

215 936 374 980 eram
413 926 879 1004 consangainitate
907 924 1329 1003 {ratresnﬁerent
1356 924 1514 975 etiam
1559 919 1758 974 sancti-

219 1004 327 1055 tate
346 992 643 1065 germanif
658 992 894 1047 Historia
908 992 1151 1061 martyrii
1169 1007 1362 1045 eorum.

220 1124 405 1180 Hodie
436 1123 880 1187 beatissimorum
903 1120 1077 1185 Canti,
1101 1119 1345 1176 Cantlani
1383 1128 1437 1174 et
1462 1118 1757 1174 Cantianil-

150 1217 217 1271 la:
244 1215 457 1270 natalis
487 1222 599 1269 est.
630 1214 801 1280 Quam
846 1213 985 1268 bene
1029 1220 1085 1267 et
1105 1212 1340 1280 jucunde
1362 1219 1471 1265 tres
1497 1218 1759 1280 martyres

150 1322 260 1363 uno
286 1321 437 1377 pene
458 1306 734 1361 vocabulo
756 1314 1153 1374 nuncupantur.
1176 1303 1287 1357 Nec
1330 1303 1524 1355 mirum
1554 1311 1580 1339 ⁸
1610 1302 1655 1357 si
1684 1303 1758 1358 si-

151 1399 310 1453 miles
337 1406 475 1452 sunt
504 1398 729 1451 nomine
757 1398 846 1464 qui
876 1405 999 1451 sunt
1024 1396 1226 1451 similes
1251 1397 1521 1465 passione,
1552 1396 1597 1450 si
1653 1410 1757 1449 una

150 1496 234 1543 est
263 1488 373 1544 illis
403 1486 561 1566 apud
588 1487 833 1540 homines
853 1485 1164 1555 appellatio,
1195 1486 1387 1554 quibus
1409 1486 1548 1553 apud
1589 1485 1755 1539 Deum

150 1593 254 1631 una
282 1586 369 1632 est
392 1578 639 1632 vocatio.
673 1575 699 1614 δ
729 1574 913 1631 Uniter
939 1575 1084 1631 enim
1113 1576 1287 1635 vocati
1309 1584 1435 1630 sunt
1461 1591 1489 1629 a
1507 1576 1753 1641 Domino,

152 1680 260 1720 non
290 1665 634 1735 interposito
662 1674 907 1742 tempore
933 1666 1111 1732 aliter,
1152 1674 1214 1742 et
1267 1666 1423 1720 aliter
1469 1667 1630 1734 passi,
1660 1667 1758 1721 sed

152 1769 344 1809 onmes
394 1754 602 1809 eodem
648 1738 1011 1823 ictu'pariter
1057 1738 1369 1825 martyrium
1402 1756 1756 1824 pertulerunt.

153 1843 307 1911 Quod
328 1842 563 1913 quidem
596 1844 697 1899 illis
738 1854 760 1881 ε
794 1844 1071 1914 parentiva
1100 1845 1332 1913 quadam
1377 1860 1408 1898 a
1437 1844 1650 1899 Christo
1680 1845 1762 1899 af-

154 1935 393 1987 fectione
422 1948 750 1988 concessum
792 1940 896 1997 est,
946 1942 1004 1991 ut
1028 1942 1388 2001 congruerent
1438 1934 1641 1987 meritis
1666 1933 1758 2002 qui

154 2022 439 2077 vocabulis
463 2021 899 2088 concordabant;
924 2030 979 2076 et
1004 2022 1095 2090 qui
1118 2030 1272 2076 erant
1298 2023 1759 2092 consanguinitate

158 2112 370 2177 fratres,
405 2113 611 2168 tierent
637 2114 802 2169 etiam
832 2113 1113 2171 sanctitate
1140 2114 1413 2181 germani;
1447 2122 1500 2167 et
1528 2129 1754 2182 quorum

156 2206 400 2257 membra
436 2204 601 2259 unius
628 2205 870 2274 corporis
894 2206 1193 2260 substantia
1221 2208 1527 2275 vegetabat,
1569 2223 1756 2262 eorum
1791 2197 1834 2255 Β

159 2293 367 2350 animus
398 2295 648 2363 ejusdem
679 2296 801 2349 lidei
825 2295 1089 2349 confessio
1121 2306 1425 2353 coronat-et.
1453 2295 1634 2351 Refert
1663 2314 1758 2353 au—

160 2392 267 2438 tem
316 2386 385 2439 de
414 2387 596 2441 beatis
644 2387 961 2455 supradictis
1016 2388 1278 2450 historia,
1330 2388 1472 2454 quod
1515 2396 1759 2466 tempore

162 2477 456 2545 passiOnis,
488 2494 615 2532 cum
661 2494 756 2533 eos
805 2487 1117 2555 persecutor
1172 2479 1484 2548 inquireret,
1533 2496 1757 2536 ascenso

165 2566 436 2629 vehiculo,
485 2568 691 2636 junctis
723 2570 967 2622 tnulahus
1012 2583 1106 2622 eos
1139 2570 1392 2623 secedere
1421 2570 1669 2635 voluisse,
1704 2584 1757 2631 ct

166 2670 284 2707 cum
315 2670 426 2708 non
450 2656 612 2723 longe
641 2657 707 2709 ab
738 2657 883 2709 urbis
912 2656 1176 2710 tntenibus
1204 2658 1307 2711 iter
1328 2671 1565 2723 agerent,
1595 2676 1756 2713 unum

167 2745 362 2798 animal
389 2747 458 2799 de
488 2745 786 2815 subiunctis
814 2747 993 2801 subito
1020 2748 1306 2813 corruisse,
1340 2758 1499 2819 atque
1540 2750 1612 2813 ita
1641 2752 1761 2814 illos

170 2848 200 2886 a
251 2838 697 2903 persecutoribus
746 2838 1162 2916 comprehensos
1212 2848 1391 2893 tentos
1428 2840 1492 2894 ad
1524 2857 1756 2913 pinnam,

170 2925 320 2989 Quod
353 2924 578 2991 factum,
610 2942 771 2995 quam
820 2928 1115 2997 gloriosum
1168 2930 1257 2994 sit,
1302 2940 1356 2992 et
1410 2947 1438 2984 a
1476 2931 1761 2992 Divinitatc

172 3014 511 3099 dispositum,
567 3014 825 3079 debemus
879 3019 1178 3080 advertere.
1234 3018 1390 3085 Nam,
1440 3023 1577 3084 sicut
1617 3022 1759 3080 Elias

173 3122 329 3161 curru
357 3110 617 3178 applicito
639 3110 788 3177 quasi
817 3109 1056 3165 ascendit
1085 3109 1151 3164 ad
1176 3111 1340 3182 616
1370 3113 1583 3178 cadunt,
1609 3116 1682 3175 ita
1704 3124 1758 3175 et

175 3196 258 3251 isti
282 3200 533 3257 vehiculo
562 3200 782 3259 admoto
810 3201 877 3255 ad
919 3202 1232 3283 martyrium
1278 3215 1669 3273 pervenerunt;
1703 3215 1756 3267 et

1858 949 2093 1015 portavit
2129 948 2197 1004 ad
2224 949 2471 1018 gloriam.
2520 949 2587 1002 Et
2607 950 2851 1019 quamvis
2880 951 2967 1004 illa
2998 951 3152 1017 ignea
3182 950 3441 1019 quadriga

1858 1038 2035 1104 fuerit,
2066 1040 2179 1093 haec
2209 1048 2385 1094 tamen
2414 1039 2634 1094 inferior
2663 1056 2768 1093 non
2799 1038 3043 1093 habenda
3072 1048 3171 1103 est,
3204 1042 3326 1109 quia
3354 1040 3441 1094 illa

1857 1146 2019 1185 unum
2049 1131 2275 1198 gestavit
2302 1130 2644 1200 protihetam,
2675 1131 2787 1185 haec
2838 1139 2948 1192 tres
3003 1139 3268 1201 martyres
3319 1146 3440 1184 sus-

1857 1222 2099 1300 tentavit.
2131 1220 2240 1276 Sed
2266 1222 2408 1275 dicet
2427 1221 2620 1290 aliquis
2646 1240 2659 1274 :
2684 1221 2969 1289 gloriosius
2991 1229 3071 1274 est
3091 1221 3286 1287 gestari
3309 1235 3440 1288 qua-

1857 1311 2006 1379 driga
2056 1312 2205 1379 ignea
2256 1326 2417 1381 quam
2465 1320 2697 1365 terrena.
2740 1309 2764 1348 δ
2799 1310 2912 1364 Non
2943 1311 3047 1363 hoc
3087 1310 3245 1379 plane
3274 1306 3441 1362 defuit

1857 1404 2059 1459 sanctis
2081 1405 2209 1459 viris
2234 1422 2247 1457 :
2273 1419 2417 1468 nam,
2440 1406 2579 1460 sicut
2607 1403 2773 1457 Ellam
2796 1404 2949 1473 ignea
2974 1402 3228 1471 quadriga
3254 1409 3440 1469 porta-

1856 1494 1969 1558 bat,
2000 1494 2071 1547 ittt
2096 1503 2151 1549 ct
2174 1504 2434 1564 martyres
2464 1488 2593 1550 ﬁdes
2615 1495 2768 1561 ignea
2794 1492 2905 1562 jam
2937 1491 3158 1546 ferebat.
3188 1490 3436 1553 Ferebat,

1858 1584 2095 1650 inquam,
2154 1583 2274 1637 illos
2296 1582 2563 1649 Christus,
2594 1583 2685 1652 qui
2716 1582 2894 1635 lumen
2924 1589 3024 1640 est,
3058 1580 3149 1648 qui
3180 1579 3313 1645 ignis
3336 1586 3439 1643 est,

1858 1672 1925 1741 de
1954 1688 2060 1740 quo
2079 1673 2333 1741 scriptum
2356 1680 2439 1727 est
2462 1691 2474 1724 :
2507 1671 2758 1727 Dominus
2781 1681 2954 1724 noster
2980 1671 3116 1739 ignis
3138 1682 3439 1721 consumens

1857 1771 1935 1817 est
1956 1761 2131 1831 (Deut.
2156 1762 2249 1829 tv).
2286 1760 2425 1827 Ergo
2447 1776 2569 1815 cum
2615 1761 2806 1813 beatos
2833 1759 2901 1811 de
2929 1759 3127 1825 quibus
3172 1757 3439 1823 loquimur

1859 1861 2172 1923 persecutor
2220 1860 2454 1920 urgeret,
2507 1852 2806 1904 vehiculum
2852 1848 3294 1903 conscenderunt.
3324 1846 3438 1911 Qua

1864 1942 2061 1998 causa?
2088 1950 2147 2001 ut
2175 1940 2452 2007 fugerent?
2474 1939 2629 1994 absit.
2660 1940 2776 1993 Non
2807 1948 2864 1992 ut
2895 1937 3158 2004 fugerent,
3181 1935 3275 1989 sed
3297 1943 3355 1988 ttt
3374 1934 3441 1987 ad

1860 2032 2173 2102 martyrium
2204 2030 2361 2085 citius
2388 2031 2763 2098 pervenirent;
2799 2043 2902 2081 non
2934 2035 2991 2079 ut
3019 2028 3311 2086 iatitarcnt,
3345 2023 3440 2077 sed

1862 2134 1919 2179 ut
1965 2124 2299 2179 Christianos
2326 2136 2384 2175 se
2411 2122 2618 2176 cunctis
2667 2119 3063 2175 transeuntibus
3108 2114 3440 2168 manifestius

1862 2215 2241 2285 approbarent.
2274 2211 2537 2267 Cteterum
2563 2210 2821 2265 occultius
2852 2210 2989 2261 inter
3013 2208 3193 2275 plures
3224 2206 3275 2257 in
3305 2204 3441 2258 civi-

1862 2316 1973 2363 tate
2000 2308 2167 2361 latere
2191 2313 2498 2374 potuerant,
2531 2304 2694 2357 ttttius
2722 2318 2819 2370 per
2847 2300 3055 2354 diversa
3089 2298 3281 2365 singuli
3305 2296 3440 2366 fugat

1861 2396 2165 2468 praesidium
2210 2395 2605 2449 commendare.
2655 2392 2723 2445 At
2752 2406 2897 2453 vero,
2950 2388 3035 2442 ubi
3065 2388 3184 2455 quis
3209 2398 3438 2451 congre-

1861 2491 2077 2559 gatione
2098 2488 2276 2541 habita
2305 2487 2486 2539 stratis
2504 2484 2764 2547 vehiculis
2785 2490 3042 2550 apparatu
3065 2477 3324 2545 disposito
3348 2490 3439 2543 per

1862 2595 2110 2648 aggerem
2164 2578 2431 2646 publicum
2462 2574 2745 2643 egreditur,
2798 2572 2904 2625 illic
2929 2586 3033 2622 non
3059 2568 3178 2635 fuga
3217 2564 3439 2619 dicenda

1866 2678 1969 2733 est;
1998 2668 2089 2722 sed
2118 2666 2390 2742 proiectus
2418 2673 2519 2719 est.
2551 2663 2733 2721 Sancti
2765 2660 2905 2715 enim
2936 2659 3032 2711 viri
3057 2660 3158 2711 hoc
3188 2654 3327 2708 facto
3346 2669 3441 2706 ve-

1864 2758 1944 2812 lut
1998 2759 2050 2811 in
2098 2741 2402 2824 triumphali
2450 2768 2609 2807 curru
2654 2750 2815 2820 positi
2869 2745 3330 2809 contestabantur,
3360 2741 3439 2793 tli-

1864 2855 2081 2902 centes:
2114 2844 2255 2899 Ecce
2300 2850 2631 2913 persecutor,
2690 2855 2817 2895 ecce
2862 2834 3265 2907 proficiscimur,
3315 2845 3439 2885 ecce

1865 2937 2229 3007 pmedimus,
2252 2933 2378 3003 quid
2404 2932 2641 2987 resides?
2660 2930 2787 2998 quid
2807 2927 3070 2982 moraris?
3116 2924 3440 2988 subsequere

1866 3037 2049 3084 nostra
2080 3027 2334 3095 vestigia;
2363 3024 2612 3087 nolumus
2640 3024 2782 3077 enim
2810 3018 2978 3074 videri
3024 3017 3175 3070 inviti
3203 3013 3323 3067 duci
3372 3011 3438 3064 ad

1864 3135 2076 3189 pmnam
2110 3160 2127 3186 ,
2182 3118 2274 3188 qui
2337 3115 2642 3187 praecedere
2700 3128 2801 3170 nos
2859 3107 3171 3181 proﬁtemur
3218 3104 3283 3160 ad
3322 3103 3439 3171 glo-

1864 3225 2018 3263 nam.

1492 3360 1759 3423 SERMO
1802 3364 2121 3431 LXXXV.

1275 3480 1340 3535 In
1379 3483 1543 3541 natali
1572 3483 1633 3539 S.
1669 3482 1919 3553 Stephani
1940 3484 2350 3553 protomartyris,

1608 3590 1997 3645 ADMONlTlO.

214 3723 825 3806 _Ql-7“Nune.pr_it_t'tum
853 3727 904 3806 in
941 3726 1112 3806 iuc-em
1142 3726 1484 3806 producimus
1507 3723 1985 3806 huncsermoncm,
2009 3739 2167 3806 quem
2193 3740 2260 3779 ex
2286 3726 2475 3806 codice
2501 3733 2809 3806 pervetusto
2830 3720 3437 3806 bibliothecz‘o’emi‘nen;

191 3789 383 3861 inruat
395 3789 671 3849 Francisci
692 3793 902 3849 Xaverii
924 3796 989 3849 de
1008 3789 1200 3847 Zelada
1228 3794 1626 3861 exscripsimus.
1660 3792 1834 3860 ipsum
1852 3792 1907 3845 S.
1927 3789 2138 3853 Maiimi
2155 3810 2347 3849 nomen
2378 3796 2427 3847 in
2451 3789 2625 3849 fronte
2640 3794 2758 3849 defe
2792 3802 2829 3857 t,
2847 3808 2942 3853 nec
2964 3789 3435 3861 subestdubitandi

184 3858 327 3931 locus
346 3865 474 3930 quin
500 3863 647 3917 idem
674 3863 789 3931 ejus
831 3875 1020 3925 auctor
1057 3865 1344 3927 exstiterit,
1390 3858 1507 3917 cum
1553 3862 1651 3931 ipsi
1686 3858 1899 3915 annexa
1944 3864 2245 3931 reperiatur
2271 3864 2487 3916 homilia
2516 3865 2567 3917 in
2611 3864 2774 3917 natali
2805 3862 3042 3930 ejusdem
3074 3858 3141 3931 VS.
3176 3859 3436 3931 Stephani

182 3926 430 4002 leviuc'et
453 3926 727 4002 martyris,
755 3948 915 4001 quam
956 3949 1053 3992 suo
1086 3933 1201 3985 loco
1231 3926 1511 3992 edidimus.

1592 3946 1673 3982 am
1714 3931 1947 3993 diximus
1986 3929 2123 3987 hanc
2168 3933 2327 3986 fuisse
2357 3933 2623 3987 inferioris
2645 3935 2742 3987 tevi
2776 3930 3177 3984 amenuensium
3214 3929 3436 3997 imperi-

184 3998 333 4066 tiam,
364 4011 424 4054 ut
453 4002 537 4063 vel
564 3998 632 4056 ei
660 3998 899 4070 pluribus
928 4002 1261 4062 orationibus
1286 4019 1441 4062 unam
1473 3998 1821 4062 confecerint,
1852 4001 1938 4059 vel
1968 4017 2125 4054 unam
2156 4003 2335 4071 plures
2358 4004 2410 4063 in
2440 4003 2699 4064 lectiones
2727 4002 3023 4063 diviserint.

184 4171 690 4245 Meunenruu._—
732 4170 886 4245 Omni
939 4170 1196 4245 Ecclesite
1232 4169 1407 4245 beatus
1455 4167 1759 4245 Stephanus
1783 4166 1826 4228 C
1860 4168 2017 4229 levita
2046 4172 2290 4242 martyrii
2321 4171 2518 4226 meruit
2558 4170 2937 4245 principatum.
2979 4168 3035 4222 ln
3066 4169 3221 4238 plebe
3262 4169 3437 4223 adhue

248 4188 571 4229 lGUII-INTUII.
619 4198 690 4209 —
732 4188 886 4225 umnt
939 4188 1186 4223 ncuesne
1232 4188 1407 4223 oeatus
1455 4188 1545 4222 ore
1584 4188 1751 4221 nanus

248 4243 397 4297 datus
425 4252 503 4297 est
534 4241 605 4294 ad
639 4243 955 4311 profectum,
984 4241 1069 4309 qui
1106 4240 1479 4311 adhucilaicus
1527 4188 1761 4297 diaconi}

249 4316 428 4435 "tegit
453 4310 784 4377 electionem.
816 4318 865 4371 Cl
902 4311 1052 4365 levita
1081 4310 1318 4379 martyrii
1356 4310 1540 4363 meruit
1567 4311 1760 4375 princi-

248 4398 314 4451 Ρο
371 4401 438 4441 ιη.

252 4534 512 4593 Hesterno
535 4536 621 4591 die
647 4534 883 4589 natalem
904 4532 1188 4587 habuimus
1206 4529 1419 4583 Domini
1439 4528 1755 4585 Salvatoris.

188 4624 349 4681 llodie
376 4642 600 4683 summa:
626 4625 931 4680 devotionis
948 4637 1266 4677 veneramur
1286 4620 1339 4674 S.
1370 4622 1617 4699 martyris
1639 4621 1759 4675 Ste-

187 4715 333 4783 phani
363 4720 693 4787 passionem.
723 4714 1006 4777 Hesterno,
1039 4726 1147 4780 quo
1186 4711 1496 4765 redimimur
1526 4711 1590 4763 ad
1614 4726 1753 4779 prte-

188 4806 372 4873 mlum;
417 4809 724 4869 hodierno,
770 4819 876 4875 quo
921 4816 1279 4872 provocamur
1308 4801 1373 4853 ad
1426 4801 1749 4869 exemplum.

187 4891 321 4950 Bene
346 4914 471 4969 ergo
496 4899 764 4953 hesternae
792 4892 1147 4953 solemnitatis
1192 4886 1456 4945 festivitas
1484 4891 1756 4945 hodiernm

188 4987 417 5041 convicta
454 4997 559 5052 est,
592 4996 651 5040 ut
699 4984 789 5039 illa
836 4981 1121 5038 credentes
1168 4982 1422 5037 eveheret
1450 4979 1518 5033 ad
1549 4980 1750 5044 vitam;

188 5078 291 5133 lucc
316 5080 631 5137 conﬁtentes
658 5077 880 5137 duceret
907 5074 975 5129 ad
1000 5088 1276 5132 coronam.
1315 5070 1471 5125 Omni
1500 5086 1629 5140 ergo
1658 5070 1756 5126 Ec-

189 5174 349 5231 clesia:
373 5175 564 5232 beatus
607 5174 913 5243 Stephanus
939 5174 1102 5243 618
1130 5171 1283 5225 datus
1331 5178 1413 5224 est
1456 5170 1522 5221 ad
1570 5168 1752 5237 profe-

188 5271 338 5322 Ctum.
363 5268 551 5324 Adhuc
590 5267 757 5323 laicus
794 5267 1023 5321 diaconii
1070 5265 1266 5317 meruit
1309 5264 1651 5332 electionem,
1695 5270 1751 5328 et

252 5497 274 5523 '
301 5486 373 5545 ita
424 5491 679 5562 supplent
704 5490 820 5545 citt.
853 5486 1013 5549 codd,
1061 5486 1118 5543 S.
1148 5484 1335 5541 Crucis
1380 5484 1435 5541 in
1461 5482 1594 5547 .ler.,
1625 5491 1679 5537 et
1710 5499 1742 5539 ι

194 5548 317 5611 Plut.
337 5575 419 5619 xtv
443 5548 577 5617 bibl.
609 5559 863 5619 Laurent;

194 5703 215 5739 ⁸
256 5624 436 5686 διάξω
484 5629 610 5688 cod.
658 5644 691 5691 ι
740 5622 1019 5695 laureum
1054 5621 1378 5684 Unanimiter
1405 5624 1538 5678 enim
1586 5623 1748 5677 vocati

217 5705 323 5739 um:

217 5708 241 5742 tt
250 5705 323 5750 nt;

1864 4268 2069 4337 positus
2108 4274 2243 4330 erat,
2299 4266 2395 4323 sed
2438 4274 2544 4317 tam
2576 4264 2861 4323 virtutibus
2911 4264 3209 4327 emittebat;
3249 4262 3437 4321 humili

1864 4367 1980 4412 erat
2007 4358 2148 4429 loco,
2181 4356 2275 4411 sed
2319 4357 2492 4411 celsus
2535 4355 2669 4419 lide;
2707 4355 2998 4423 discipulus
3045 4363 3162 4413 erat
3207 4354 3395 4411 ordine
3420 4395 3436 4417 ,

1863 4451 1955 4516 sed
1986 4450 2157 4510 factus
2198 4459 2274 4515 est
2308 4452 2563 4517 magister
2591 4450 2858 4519 exemplo.
2906 4450 3175 4518 Scriptum
3220 4459 3303 4506 est
3350 4466 3436 4503 au-

1862 4549 1967 4595 tem
1998 4542 2063 4596 de
2092 4556 2157 4594 co
2189 4542 2238 4597 io
2271 4541 2487 4595 Actibus
2514 4542 2899 4611 apostolorum,
2927 4540 3069 4608 quod
3099 4540 3165 4597 ad
3192 4540 3436 4595 ministe-

1861 4630 1996 4683 rium
2031 4630 2306 4684 viduarum
2352 4631 2419 4685 sit
2466 4630 2533 4682 ab
2574 4630 2831 4697 apostolis
2876 4630 3180 4696 deputatus.
3228 4627 3289 4681 ln
3333 4628 3435 4683 hoc

1858 4729 2059 4782 autem,
2093 4720 2234 4788 quod
2263 4720 2581 4788 praepositus
2600 4729 2684 4773 est
2708 4718 3025 4785 ministerio,
3071 4718 3434 4775 testimonium

1858 4811 2055 4863 meruit
2083 4810 2431 4864 sanctissima:
2469 4808 2748 4863 castitatis.
2782 4807 2979 4861 Beatus
3013 4821 3139 4873 ergo
3185 4808 3304 4868 erit,
3336 4805 3436 4858 ira.

1861 4914 1969 4959 tres
1997 4901 2281 4965 carissimi,
2314 4901 2404 4970 qui
2434 4901 2578 4953 hunc
2620 4908 2874 4963 sectatus,
2917 4897 3007 4967 qui
3036 4898 3176 4951 hunc
3199 4897 3436 4951 imitatus

1856 4993 2036 5059 fuerit,
2062 5000 2115 5045 et
2141 4990 2407 5058 pudicitia:
2434 4988 2687 5057 palmam,
2732 4996 2787 5051 et
2814 4986 3051 5056 martyrii
3078 4994 3433 5052 consequetur

1858 5097 2132 5137 coronam.
2184 5079 2261 5133 De
2310 5095 2416 5149 quo
2465 5086 2518 5131 ct
2560 5078 2721 5132 lectio
2759 5077 3123 5147 apostolorum
3173 5075 3430 5139 Actunm,

1856 5188 1974 5240 qua:
2005 5171 2161 5233 hodie
2189 5169 2343 5233 nobis
2369 5169 2504 5231 lecta
2534 5176 2636 5239 est,
2669 5176 2771 5229 etc.

1928 5490 1949 5518 ο
1980 5479 2123 5533 Idem
2161 5483 2280 5535 cod.
2313 5496 2348 5533 ι
2385 5476 2662 5545 Laurent.,
2696 5472 2845 5543 Quod
2866 5472 3069 5547 quidem
3099 5475 3202 5528 illis
3248 5489 3432 5543 paren-

1857 5550 2218 5631 linestunﬂee-
2265 5617 2300 5631 η
2406 5616 2417 5627 .
2475 5617 2487 5629 .
2560 5613 2574 5631 .
2858 5615 2874 5631 .
3195 5613 3237 5631 .,

1896 5616 1951 5739 Id
1977 5613 2147 5742 COdttl.
2173 5619 2230 5679 δ.
2261 5616 2447 5677 Crucis
2475 5617 2529 5673 in
2548 5613 2680 5685 «lein,
2712 5626 2765 5672 cl
2799 5632 2825 5671 ι
2856 5615 3132 5679 Laurent.,
3189 5613 3297 5670 Nec
3340 5615 3432 5670 Ιιοε

1860 5706 1892 5756 p
1916 5704 2033 5750 (me,
2065 5704 2092 5741 c
2121 5706 2166 5743 c.
