3896 6250
1651 280 1706 334 5,
1750 275 1990 330 MAXIM!
2029 274 2474 331 TAURINENSIS

1719 368 1984 443 SERth
2025 382 2380 444 Lxxxu.

1662 481 1737 534 De
1758 481 1918 534 natali
1946 480 2050 534 SS.
2084 490 2372 551 martyrum
2394 480 2445 536 1.

1856 568 2246 624 ADMONITIO.

422 288 524 343 705
1651 280 1706 334 S.
1750 275 1990 330 MAXIM!
2029 274 2474 331 TAURINENSIS
3581 270 3701 325 τω

504 671 614 725 Etsi
643 669 868 725 Mauriui
894 668 1036 721 hunc
1057 679 1356 720 sermonem
1388 663 1439 715 in
1471 660 1832 715 Ambrosianis
1861 674 2006 730 num.
2041 656 2277 730 6l_edit.
2315 674 2449 728 opp.
2481 659 2538 714 S.
2571 660 2839 717 Ambrosii
2881 663 3052 719 Paris.
3076 663 3214 720 l690
3241 677 3553 730 numerent,
3580 670 3702 722 veri

434 751 612 794 tamen
641 755 760 794 esse
801 737 1024 791 similius
1049 737 1374 801 arbitramur
1399 731 1478 801 S.
1509 730 1795 801 Maximum
1843 727 2081 801 ejusdem
2112 727 2275 781 fuisse
2305 727 2757 801 auctorem.‘Jam
2778 747 2907 787 vero
2934 735 3236 801 generalem
3262 751 3390 791 esse
3417 727 3705 791 Inominans

436 811 585 886 aiunt
609 809 676 886 de
700 806 1039 886 martyribus,
1071 818 1191 886 quae
1216 818 1244 854 a
1266 800 1542 886 Gle‘uuai'l‘i‘o
1573 796 1823 886 laudatur
1846 837 1865 886 ,
1902 796 2207 886 legiturque
2247 813 2394 886 unum;
2426 796 2495 878 lg
2523 796 3260 886 in'Sangallensi'codice.nlli
3285 808 3525 886 vetustis

437 877 588 932 cibus
613 877 669 931 S.
694 864 885 930 Crucis
907 875 958 926 in
984 864 1276 926 Jerusalem
1306 869 1374 921 90
1394 876 1449 921 et
1467 868 1535 919 99
1555 882 1662 936 pia:
1689 881 1747 920 se
1771 865 1872 919 fert
1901 864 2324 937 incluserinos.
2348 864 2564 937 Maximi
2585 864 2894 937 inscriptum
2919 886 3138 926 nomen.
3167 871 3537 935 Quamobrem
3567 877 3704 928 nihil

441 958 707 1000 moramur
739 944 1089 1014 posteriorum
1105 943 1418 1014 temporum
1446 932 1819 1014 amanueuscs.
1852 943 1910 1014 ut
1937 933 2110 1014 cudic.
2134 932 2308 1014 Vatic.
2503 950 2626 1014 pag.
2661 932 2761 1003 26,
2782 945 2837 990 et
2877 935 3126 1014 Laurent.
3158 932 3226 1014 δῖ]
3256 941 3400 1014 Plut.
3424 958 3546 1014 gvu
3573 937 3702 1014 pag.

443 1014 562 1076 159,
593 1001 837 1066 eumdem
864 1018 1051 1065 sancto
1091 1001 1371 1080 Ambrosio
1389 1006 1743 1080 inscribentes:
1777 1002 1821 1055 Α
1846 1001 2148 1080 liluratorio
2170 1001 2402 1080 tom._l_V
2433 1001 2873 1080 Anec'dotugpag.
2905 1006 2994 1080 956,
3023 1024 3144 1080 cum
3176 1009 3332 1066 titulo
3367 1027 3382 1064 :
3412 1011 3497 1064 De
3535 1001 3704 1064 natali

446 1070 733 1137 sanctorum
764 1071 1299 1150 martyrum._editum
1331 1075 1491 1150 fuisse
1512 1071 2035 1150 animadvertimus,
2065 1070 2216 1150 cuius
2252 1070 2574 1150 initium__e_st
2609 1070 3064 1150 _:__Sics¢t__s_cimus.
3097 1079 3308 1146 fratres,
3333 1090 3473 1150 rota
3503 1097 3705 1147 semper

449 1150 653 1220 Domini
670 1137 1173 1220 sequitur-"festinans
1203 1143 1532 1220 servulorum?
1556 1141 1623 1220 ln_
1641 1141 1914 1196 codicibus
1945 1137 2199 1193 Urbevet.
2250 1148 2307 1192 et
2334 1156 2383 1193 Iv
2429 1139 2558 1197 bibl.
2605 1142 2800 1197 liuor.
2848 1137 3134 1211 Conventl,
3161 1137 3305 1201 nunc
3327 1149 3382 1203 in
3426 1137 3696 1202 laureas.

450 1218 640 1285 legitur
667 1211 809 1272 idem
837 1211 1015 1272 serino
1035 1215 1154 1268 sine
1181 1215 1396 1267 nomine
1418 1211 1682 1272 auctoris.

453 1329 838 1386 Asculenrun.
869 1358 940 1369 —
969 1324 1374 1380 Resurrectionis
1409 1323 1697 1392 dominica:
1714 1320 1939 1392 gloriam
1965 1317 2028 1372 S.
2062 1317 2108 1378 Α
2136 1324 2202 1378 ad
2234 1325 2394 1378 vitam
2422 1343 2436 1378 ε
2464 1333 2617 1382 notas
2645 1327 2785 1381 enim
2813 1328 2943 1381 mihi
2984 1326 3107 1382 fecit
3133 1329 3246 1382 vias
3274 1329 3414 1392 vitm,
3449 1345 3574 1383 cum
3613 1345 3708 1381 use

525 1389 2029 1485 ῃᾳῖτ,ί¹ηξ⁸ξέ¹ξ,δξ⁶μ.¹¹ξῗζξὲξξξξίξ,ωέξίῗνίξίξξωξηίξζξ
2128 1414 2310 1470 docuit
2333 1415 2511 1477 iidem,
2540 1415 3318 1485 misericordiam,justitiam,t
3350 1389 3661 1472 castitatem
3686 1435 3704 1480 ;

525 1459 1816 1558 ἀξξεξξ,.⁰έ¹ἱα,’1ξὲι.εὲ.Ψῐὲἕζὶἒξξξεοὲῗῗ.⁰⁰²πί’¹⁰
1857 1472 2030 1511 "‘“"
2129 1459 3602 1558 ῐιῖξὲὲζίξιῗᾇζὲιέέὶᾗῖιϊ⁷ὲὶ’ίί;ζιῖὲἑζιῖξζὶι““εζίἰιιεῖια“ῗὲῖΞ

2129 1507 2214 1558 bis
2235 1507 2375 1559 enim
2406 1507 2716 1574 pervenitur
2758 1507 3038 1560 itineribus
3067 1507 3133 1560 ad
3175 1507 3425 1562 salutem.
3460 1507 3531 1560 Et
3569 1508 3708 1562 licet

2134 1609 2231 1647 nos
2251 1593 2277 1630 ἰ
2313 1595 2395 1647 sui
2426 1593 2750 1669 resolutione
2771 1596 3011 1664 corporis
3037 1596 3224 1653 mortis
3260 1597 3449 1652 umbra
3480 1599 3710 1653 cii-emn-

2133 1682 2256 1747 det,
2288 1692 2467 1737 tamen
2507 1698 2720 1751 gressus
2747 1700 2874 1739 suos
2897 1687 3003 1739 vita
3031 1702 3138 1740 non
3176 1686 3396 1751 deserit,
3426 1687 3524 1742 sed
3567 1688 3710 1742 inter

2135 1774 2276 1842 ipsas
2305 1773 2508 1829 medias
2533 1775 2723 1829 inferni
2751 1776 2896 1843 leges
2929 1776 3302 1832 incunctanter
3324 1777 3528 1832 Christi
3548 1779 3712 1831 virtu-

2136 1864 2278 1918 tibus
2321 1865 2671 1920 ambulamus.
2709 1863 2858 1919 Unde
2885 1866 2963 1919 ait
2999 1864 3056 1920 S.
3085 1866 3352 1935 propheta
3388 1884 3401 1919 :
3432 1865 3579 1919 Nam
3611 1868 3728 1920 etsi‘

2136 1952 2463 2007 ambularem
2485 1955 2539 2006 in
2563 1953 2730 2007 medie
2758 1954 2952 2008 umbra
2968 1957 3167 2019 mortis,
3201 1973 3304 2009 non
3332 1957 3521 2010 timebo
3545 1958 3713 2020 male,
3785 1981 3788 1984 ·

2136 2042 2379 2110 quoniam
2415 2050 2468 2094 tu
2496 2059 2689 2096 mecum
2711 2061 2765 2096 es
2788 2045 2805 2112 (
2826 2043 2974 2097 Psal.
3000 2045 3165 2111 xm).
3193 2044 3348 2111 Quod
3375 2047 3715 2101 manifesﬁus

2141 2129 2397 2185 Dominus
2423 2131 2499 2184 ait
2525 2131 2592 2186 de
2622 2131 2784 2197 lideli,
2823 2132 3006 2188 dicens
3038 2151 3050 2185 :
3084 2132 3186 2197 Qui
3225 2143 3398 2188 mitem
3440 2136 3607 2188 credit
3653 2137 3713 2188 in

2143 2235 2241 2283 me,
2262 2229 2300 2255 ω
2321 2235 2424 2272 non
2445 2222 2720 2300 morietur;
2751 2229 2801 2276 et
2820 2222 2937 2276 licet
2960 2223 3210 2278 moriatur
3227 2225 3354 2278 uiset
3376 2223 3561 2291 (Joan.
3591 2241 3647 2279 ιι
3669 2227 3708 2294 ).

530 1690 755 1755 Dignum
781 1694 836 1740 et
857 1699 1152 1752 congruum
1201 1691 1315 1748 est,
1342 1692 1367 1719 ι
1399 1680 1612 1763 fratres,
1643 1688 1702 1734 ut
1743 1685 1864 1749 post
1902 1675 2034 1731 laeti-

462 1782 590 1837 tiam
613 1779 759 1835 beati
787 1775 1036 1842 Pascha,
1057 1789 1218 1843 quam
1246 1772 1564 1839 inEcclcsia
1609 1769 1995 1825 celebravimus
2017 1807 2035 1834 ,

465 1871 657 1940 gaudia
705 1875 889 1922 nostra
939 1853 1062 1920 cum
1106 1863 1431 1933 martyribus
1471 1860 1838 1924 conferamus;
1867 1865 1922 1912 et
1960 1857 2038 1911 eis

466 1959 846 2015 annuntiemus
885 1954 1169 2010 dominicae
1211 1951 1620 2025 resurrectionis
1663 1949 1907 2016 gloriam,
1947 1946 2038 2014 qui

469 2057 752 2106 consortes
771 2055 894 2101 sunt
923 2042 1535 2111 dominicaepassiouis.
1577 2040 1679 2106 Qui
1726 2038 1867 2092 enim
1907 2037 2041 2093 socii

470 2149 594 2194 sunt
621 2135 978 2200 contumeliae,
1009 2133 1205 2188 debent
1229 2139 1285 2186 et
1312 2131 1598 2200 participes
1624 2142 1742 2184 esse
1769 2126 1797 2166 δ
1826 2126 2038 2190 hetitim;

473 2231 547 2283 ita
576 2229 718 2282 enim
760 2226 893 2282 dicit
916 2226 1107 2280 beatus
1147 2222 1437 2292 Apostolus
1467 2239 1480 2273 :
1527 2230 1550 2260 ο
1594 2220 1741 2273 Sicut
1767 2219 1892 2272 socii
1920 2233 2043 2284 pes~

477 2321 678 2372 sianum
699 2318 843 2379 estis,
876 2325 926 2369 et
952 2313 1345 2369 resurrectionis
1371 2311 1515 2364 eritis
1541 2307 1627 2378 (11
1655 2307 1774 2362 Cor.
1811 2307 1902 2374 l);
1933 2304 1957 2342 ἀ
1983 2305 2045 2359 Si
2143 2308 2317 2377 Ergo,
2347 2309 2566 2375 fratres,
2592 2327 2716 2366 cum
2763 2312 2860 2366 SS.
2913 2314 3232 2384 martyribus
3284 2312 3504 2370 Pascha
3538 2325 3568 2352 ι
3614 2317 3716 2370 [ιο.

479 2405 808 2461 tolerabimus
834 2444 851 2472 ,
881 2404 1080 2472 inquit,
1111 2411 1160 2456 et
1196 2397 1621 2470 conregnabimus
1650 2395 1750 2464 (11
1780 2395 1915 2449 Tim.
1944 2393 2043 2461 ιι).

2185 2399 2275 2452 lini
2302 2399 2524 2465 gloriam
2559 2399 2914 2456 conferamus.
2960 2400 3329 2466 Conferamus,
3379 2405 3622 2472 inquam,
3665 2413 3719 2458 et

480 2497 584 2562 Qui
610 2510 742 2565 ergo
779 2495 1145 2549 toleraverunt
1189 2491 1330 2545 mala
1376 2497 1597 2559 propter
1632 2487 1923 2548 Christum,
1953 2485 2047 2539 de-
2146 2489 2274 2544 licet
2308 2489 2502 2560 melius
2527 2491 2775 2544 noverint
2802 2492 3012 2556 omnia,
3041 2499 3217 2546 tamen
3245 2509 3347 2548 nos
3368 2494 3473 2550 illis
3527 2497 3723 2564 pradi-

485 2585 613 2637 bent
641 2592 696 2638 et
721 2582 947 2649 gloriam
974 2581 1174 2634 habere
1207 2581 1368 2650 619
1403 2593 1526 2634 cum
1565 2576 1795 2630 Christo.
1831 2577 2050 2628 Annuu-
2150 2594 2334 2633 cemus
2377 2578 2824 2646 quemadmodum
2888 2581 2957 2636 de
3003 2583 3230 2651 sepulcri
3282 2585 3488 2653 gremio
3546 2601 3723 2639 resur-

488 2672 704 2735 ticmus,
737 2671 953 2738 inquam
976 2709 991 2733 ,
1022 2668 1221 2723 sanctis
1263 2666 1582 2736 martyribus
1612 2675 1636 2702 ·
1663 2663 1914 2719 dominici
1952 2660 2054 2717 Pa-
2086 2658 2129 2716 Β
2154 2668 2354 2722 rexerit
2377 2668 2443 2722 ad
2472 2683 2716 2737 superos.
2743 2669 2824 2723 Illi
2845 2669 2997 2724 nobis
3020 2671 3259 2728 revelent
3280 2687 3389 2740 quo
3408 2682 3575 2743 pacto
3605 2684 3630 2710 °
3661 2675 3729 2728 de

487 2760 634 2814 scine
661 2759 887 2829 gratiam
919 2775 935 2811 :
966 2765 1025 2812 ut
1047 2756 1175 2811 dum
1217 2755 1502 2826 sepulturae
1545 2754 1682 2808 illius
1708 2753 2053 2823 praedicamus
2151 2755 2308 2816 inferi
2333 2756 2596 2827 profundo
2624 2760 2943 2814 remeaverit
2965 2760 3031 2814 ad
3056 2762 3221 2832 620
3244 2763 3577 2832 sepulcrum.
3617 2765 3730 2819 No-

490 2855 728 2905 reserata
751 2848 1004 2911 claustra,
1031 2854 1089 2900 et
1109 2845 1300 2900 horum
1325 2843 1566 2912 sepulcra
1587 2850 1910 2906 reserentur;
1928 2840 2055 2894 dum

2185 2863 2290 2914 um,
2321 2847 2556 2918 inquam,
2585 2849 2741 2905 nobis
2769 2849 2970 2905 faciant
3010 2853 3464 2920 quemadmodum
3511 2855 3569 2909 in
3598 2870 3729 2908 en-

491 2954 690 3008 corpus
717 2937 860 2991 illius
890 2943 1158 2990 mortuum
1185 2934 1410 2988 dicimus
1449 2931 1751 3002 tepentibus
1777 2932 1926 2986 venis
1962 2945 2058 2985 su-
2157 2937 2303 2992 nime
2321 2936 2433 3005 jam
2479 2953 2676 3008 corpus
2706 2946 2768 2993 et
2809 2939 3054 3009 frigidum
3097 2957 3218 2998 sese
3245 2943 3394 2998 calor
3431 2945 3734 3001 insinuave-

499 3030 614 3084 bito
639 3029 892 3097 viguisse,
907 3028 1102 3082 horum
1122 3039 1335 3095 quoque
1362 3024 1596 3079 membra
1611 3023 1723 3091 jam
1750 3020 1936 3089 frigida
1960 3021 2060 3074 im-

497 3120 838 3174 mortalitatis
864 3118 1046 3172 calore
1073 3116 1379 3180 foveantur;
1406 3113 1591 3168 eadem
1633 3110 1652 3150 τ
1697 3112 1833 3164 ratio
1861 3119 2061 3180 marty-

499 3225 587 3264 res
609 3217 663 3263 et
682 3208 927 3274 suscitat,
955 3220 1070 3274 quae
1099 3214 1155 3260 et
1194 3203 1478 3258 Dominum
1503 3201 1793 3257 suscitavit.
1818 3200 1948 3254 Nam
1986 3199 2062 3255 si-

501 3310 593 3357 cut
619 3302 759 3355 viam
788 3299 1049 3369 passionis
1075 3297 1191 3366 ejus
1213 3296 1421 3366 experti
1441 3302 1592 3361 sunt,
1625 3295 1699 3348 ita
1727 3305 1751 3342 κ
1777 3294 2064 3364 experiun-

504 3402 594 3447 tur
632 3401 688 3446 et
728 3392 882 3454 vitae;
913 3390 1170 3459 scriptum
1209 3395 1292 3444 est
1326 3389 1469 3442 enim
1516 3387 1569 3441 in
1617 3387 1864 3456 psalmo:
1896 3383 2064 3439 Notas

506 3482 632 3534 mihi
666 3481 830 3551 fecisti
858 3481 966 3534 eius
995 3480 1111 3532 vita
1137 3477 1316 3547 (Psal.
1366 3477 1492 3546 xv);
1533 3477 1636 3530 hoc
1671 3475 1856 3544 utique
1900 3476 1952 3528 in
1981 3489 2068 3527 re-

508 3570 841 3625 surrectione
859 3583 927 3622 ex
956 3581 1183 3637 persona
1209 3565 1401 3622 dicitur
1427 3564 1737 3629 Salvatoris,
1769 3561 1799 3599 δ
1835 3563 1924 3631 qui
1945 3561 2070 3616 dum

512 3670 634 3731 post
653 3669 880 3714 mortem
917 3659 986 3713 ab
1010 3657 1193 3712 inferis
1226 3657 1365 3711 redit
1391 3656 1459 3710 ad
1480 3671 1723 3724 superos,
1769 3653 1953 3721 incipit
1973 3668 2072 3706 no-

513 3762 620 3806 tam
658 3750 858 3804 habere
884 3749 1021 3802 viam
1049 3748 1188 3813 vitaz,
1237 3761 1355 3816 qua
1389 3755 1512 3800 ante
1550 3745 1844 3800 habebatur
1869 3744 2070 3812 ignota.

515 3843 702 3911 Ignota
729 3840 873 3893 enim
901 3844 1161 3891 eratante
1191 3836 1206 3873 ί
1240 3835 1506 3888 Christum
1532 3834 1621 3887 via
1651 3834 1791 3899 vitaz,
1817 3833 1940 3900 quia
1966 3832 2077 3885 nul-

517 3931 619 3983 lius
662 3927 836 3981 adhuc
876 3923 1200 3992 resurgentis
1227 3921 1400 3976 fuerat
1425 3930 1683 3976 temerata
1724 3921 1976 3989 vestigio;
2022 3928 2077 3974 at

2158 3025 2247 3089 rit,
2277 3025 2493 3094 spiritus
2520 3026 2805 3096 ingesserit
2827 3067 2843 3092 ,
2881 3030 3099 3097 sanguis
3137 3030 3412 3098 infuderit,
3439 3040 3494 3087 et
3521 3034 3732 3102 gelatas

2161 3112 2383 3167 hmnore
2414 3129 2575 3168 venas
2604 3116 2815 3183 pristini
2844 3116 3042 3184 vigoris
3077 3119 3262 3187 pulsus
3289 3121 3596 3188 agitaverit.
3638 3121 3734 3176 No-

2163 3211 2295 3266 tum,
2325 3203 2559 3271 inquam,
2587 3205 2741 3258 nobis
2770 3205 2964 3259 faciant
2990 3207 3435 3273 quemadmodum
3470 3223 3734 3278 organum

2164 3293 2408 3362 corporis
2432 3294 2744 3363 dissipatum
2774 3295 2826 3348 in
2850 3296 3084 3364 priorem
3103 3308 3299 3352 statum
3323 3314 3613 3353 nervorum
3629 3315 3737 3353 rur-

2166 3402 2258 3440 sus
2293 3387 2630 3455 coaptaverit
2674 3387 2908 3442 resoluta
2949 3403 3212 3458 compago
3234 3429 3249 3454 ,
3296 3398 3353 3443 et
3395 3389 3735 3445 harmoniam

2166 3475 2430 3530 viscerum
2446 3475 2558 3550 jam
2590 3475 2836 3532 silentem
2863 3477 2916 3531 in
2946 3488 3183 3532 veterem
3229 3487 3556 3534 concentum
3589 3481 3738 3550 spiri-

2169 3573 2256 3622 tus
2284 3567 2555 3621 vivilicans
2592 3566 2992 3624 animadvertit.
3034 3567 3354 3624 Sacerdotes
3387 3583 3518 3638 ergo
3547 3570 3737 3638 pradi-

2169 3664 2296 3712 ceut
2341 3670 2460 3723 quae
2503 3655 2753 3710 Salvator
2797 3665 2922 3726 post
2965 3659 3414 3714 resurrectionem
3476 3659 3738 3714 mirabilia

2173 3744 2336 3810 gessit
2367 3744 2434 3798 ad
2463 3753 2707 3812 superus.
2737 3743 3000 3815 Martyres
3026 3747 3265 3802 revelent
3305 3755 3509 3815 quanta
3541 3750 3600 3803 in
3628 3749 3734 3818 ipsa

2173 3842 2348 3889 morte
2375 3832 2648 3900 refrigeria
2677 3843 2932 3902 operatus
2952 3834 3024 3888 sit
3048 3835 3099 3888 in
3123 3834 3386 3890 defunctis
3409 3846 3456 3889 ρ.

2247 3924 2384 3979 Vota
2412 3939 2624 3992 semper
2650 3924 2862 3978 Domini
2889 3924 3227 3994 subsequitur
3251 3922 3516 3982 lbstivitas
3561 3943 3740 3983 servu-

519 4018 607 4071 uhi
653 4015 910 4070 Dominus
956 4011 1266 4075 τεθυιτειίιν
1309 4018 1437 4064 ηοω
1475 4009 1612 4064 {acu
1647 4009 1766 4063 εοΙο
1792 4009 1971 4062 attrita
1996 4015 2078 4063 est
2103 3999 2145 4060 C
2179 4013 2381 4078 lorum;
2411 4022 2465 4068 et
2483 4012 2738 4082 gaudium
2765 4013 3157 4084 patrisfamilias
3177 4013 3406 4069 fidelium
3435 4016 3537 4070 sibi
3568 4017 3739 4072 laetitia

521 4107 890 4177 plurimorum,
919 4103 987 4157 de
1013 4103 1204 4172 quibus
1223 4101 1280 4155 S.
1309 4101 1632 4169 evangelista
1658 4100 1733 4153 ait
1757 4117 1772 4152 :
1801 4099 2083 4154 Multorum

521 4213 739 4267 corpora
765 4203 1061 4248 sanctorum
1085 4193 1099 4241 l
1139 4199 1524 4244 resnrrexerunt
1552 4206 1663 4243 cum
1689 4205 1770 4254 eo,
1792 4200 1839 4244 et
1874 4192 2086 4245 introie-

525 4295 640 4342 runt
668 4287 721 4337 in
749 4293 983 4337 sanctam
1009 4282 1261 4335 civitatem
1301 4281 1319 4349 (
1343 4279 1531 4333 Matth.
1564 4279 1755 4348 xxvu).
1791 4277 1937 4334 Unde
1964 4295 2084 4334 cum

528 4377 783 4431 Dominus
813 4376 864 4428 in
912 4371 1304 4428 resurrectione
1342 4385 1437 4423 sua
1476 4369 1671 4423 dixerit
1700 4387 1716 4420 :
1746 4367 1916 4422 Notas
1960 4371 2090 4423 mihi

527 4470 720 4540 fecistis
746 4468 857 4520 eius
882 4466 1018 4529 rita,
1066 4476 1350 4532 possumus
1384 4468 1440 4515 et
1469 4475 1567 4514 nos
1602 4460 1712 4527 jam
1757 4459 1934 4514 dicere
1976 4460 2082 4513 Do-

528 4557 674 4608 iuiuo
702 4573 714 4607 :
746 4563 899 4608 notas
923 4551 1097 4608 fecisti
1125 4549 1280 4605 nobis
1305 4547 1418 4601 vias
1436 4548 1578 4602 vitae.
1619 4546 1736 4616 Ipse
1750 4547 1900 4601 enim
1932 4547 2087 4603 nobis

530 4655 685 4700 notas
708 4645 832 4698 fecit
855 4644 968 4697 vias
995 4643 1135 4702 vitae,
1167 4639 1257 4709 qui
1287 4637 1441 4691 nobis
1467 4636 1709 4691 semitam
1729 4636 2087 4693 manifestavit

2183 4104 2501 4170 comitatur;
2529 4105 2750 4168 scilicet.
2781 4112 2841 4158 nt
2879 4120 3037 4174 quem
3061 4106 3330 4161 subsecuti
3359 4116 3490 4162 sunt
3513 4107 3741 4160 similitu-

2184 4195 2308 4250 dine
2333 4197 2613 4265 passionis,
2658 4211 2784 4251 eum
2832 4198 3157 4253 comitentur
3196 4207 3254 4254 et
3296 4198 3468 4266 gloria
3512 4213 3742 4252 resumi-

2185 4285 2400 4340 ctionis.
2433 4285 2770 4363 Comitantur
2797 4294 2976 4358 autem
3001 4295 3058 4341 et
3093 4287 3258 4355 gloria
3302 4288 3741 4346 resurrectionis.

2187 4375 2399 4430 dicente
2433 4375 2690 4445 Apostolo
2722 4395 2736 4430 :
2771 4374 2922 4440 Quod
2955 4378 3000 4430 si
3018 4378 3143 4431 socii
3188 4379 3491 4445 passionum
3523 4378 3674 4441 estis,
3700 4384 3742 4429 et

2189 4467 2573 4519 resurrectionis
2600 4467 2746 4520 eritis
2777 4464 2879 4536 (II
2906 4463 3025 4520 Cor.
3058 4466 3119 4533 ι).
3160 4464 3254 4519 Est
3279 4479 3410 4534 ergo
3435 4466 3537 4523 SS.
3561 4474 3744 4535 marty-

2185 4552 2332 4607 ribus
2358 4568 2477 4608 cum
2498 4551 2711 4608 Christo
2739 4555 2793 4608 in
2821 4553 2939 4621 ejus
2957 4554 3350 4610 resurrectione
3375 4555 3647 4612 societas?
3667 4554 3743 4608 Est

2187 4642 2372 4713 plane,
2397 4644 2525 4712 quia
2569 4644 2672 4698 etsi
2717 4644 2955 4699 nondum
2994 4653 3340 4700 surrexerant
3367 4658 3621 4717 corpore,
3648 4661 3744 4702 sur-

603 4789 625 4814 ³·
668 4776 810 4847 Cod.
841 4773 1095 4829 Urbevet.
1133 4772 1211 4826 sic
1249 4769 1377 4847 legit
1419 4787 1433 4821 :
1479 4767 1704 4847 Dignum
1737 4774 1787 4819 et
1814 4782 2069 4847 congruum

2199 4781 2321 4847 ante
2338 4771 2530 4847 Christi
2557 4772 2824 4847 auresue!
2836 4773 2931 4847 eia
2957 4773 3092 4826 vita.

532 4859 626 4913 est,
658 4846 846 4919 gaudia
867 4853 1043 4919 nostra
1059 4857 1178 4919 cum
1203 4835 1396 4919 sanctis
1421 4835 1728 4919 martyribus
1747 4835 2091 4907 conferamus.

604 4908 630 4958 Β
658 4908 810 4970 idem
830 4914 952 4969 cod.
985 4911 1259 4972 Urbevet.,
1289 4924 1399 4962 esse
1424 4908 1620 4976 glorias.

608 4999 631 5026 ε
671 4985 805 5040 Cod.
834 4983 955 5041 Vat.
985 4978 1145 5046 6451,
1187 4977 1248 5036 Si
1292 4975 1440 5036 socii,
1465 4976 1760 5048 passionum
1797 4975 1920 5028 estis
1965 4991 1983 5028 :
2023 4976 2100 5028 ita

538 5057 677 5110 erilis
708 5064 755 5108 et
776 5051 1181 5107 resurrectionis.

608 5124 634 5160 ά
672 5123 803 5178 Cod.
844 5121 1120 5186 Urbevet.,
1166 5119 1211 5173 si
1256 5115 1551 5180 toleramus,
1601 5110 1791 5182 inquit,
1831 5117 1882 5164 et
1919 5127 2100 5166 conreo

540 5210 805 5316 Mysiis.
829 5261 951 5314 Vat.
979 5257 1140 5324 6151,
1169 5254 1441 5324 dominica
1482 5249 1867 5324 resurrectionis
1894 5248 2093 5324 gloriae.

2277 4843 2290 4890 i
2339 4841 2481 4896 idem
2501 4842 2621 4896 cod.
2653 4841 2772 4895 Vat.
2801 4839 2958 4905 1264,
2988 4850 3343 4896 surrexerunt.

2275 4909 2300 4981 If
2340 4909 2482 4981 idem
2509 4909 2629 4981 cod.
2659 4908 2779 4981 Vat.
2817 4909 2992 4981 tigri.
3005 4912 3284 4981 caritatem
3309 4927 3410 4981 pro
3454 4914 3742 4968 castitatem

2279 4976 2296 5017 ι
2339 4978 2480 5033 Idem
2508 4977 2628 5033 cod.
2659 4977 2778 5032 Vat.
2804 4977 2963 5045 6451,
2995 4977 3068 5032 Et
3097 4980 3216 5035 licet
3249 4976 3343 5034 nos
3372 4982 3428 5034 iis
3462 4983 3748 5037 resohtiou

2201 5050 2452 5118 corporis,
2474 5055 2576 5102 etc.

2275 5114 2315 5153 ιίι
2354 5115 2496 5170 fdem
2524 5114 2650 5170 cod.
2678 5114 2802 5170 Vat.
2832 5114 2964 5171 6451
2991 5156 3010 5184 ,
3032 5133 3136 5172 non
3155 5117 3401 5172 morietur
3418 5120 3473 5172 in
3504 5129 3746 5178 eternal.

2129 5210 2178 5268 ι)
2203 5195 2254 5240 et
2277 5186 2400 5268 licet
2418 5185 2852 5268 moriet_ur,nui3it.

2276 5263 2304 5290 ⁸³
2340 5254 2481 5308 Idem
2507 5251 2631 5309 cod.
2682 5251 2855 5321 6451,
2903 5256 3292 5310 resurrectionis
3335 5256 3559 5326 gloriam
3601 5257 3749 5324 confo-

615 5331 632 5368 ί
674 5331 805 5386 Cod.
832 5328 902 5385 99
939 5328 997 5385 S.
1036 5318 1222 5383 Crucis
1248 5327 1305 5380 in
1349 5321 1483 5391 εει,
1520 5320 1700 5376 eadem
1743 5318 2100 5390 enim—gratia
2207 5339 2399 5376 ramus.

540 5411 810 5525 "ﬁngis:
841 5468 964 5523 Vat.
992 5465 1148 5527 6451,
1179 5464 1503 5586 experientur
1521 5470 1571 5513 et
1585 5457 1724 5512 vita.

615 5544 636 5576 δι
678 5539 816 5586 Idem
846 5539 966 5586 cod.
990 5537 1111 5586 Val.
1140 5534 1243 5586 645
1282 5574 1295 5586 .
1320 5530 1454 5586 quod
1482 5531 1602 5583 dum
1623 5543 1724 5586 1³084

615 5544 636 5576 δι
678 5539 816 5593 Idem
846 5539 966 5592 cod.
990 5537 1111 5590 Vat.
1140 5530 1295 5596 6451,
1320 5530 1454 5600 quod
1482 5531 1602 5600 dum
1623 5533 1993 5600 pristinorum.

622 5622 633 5647 ι
681 5591 846 5662 una.
875 5591 960 5661 99*
988 5608 1043 5662 s.
1077 5605 1260 5660 Crucis
1285 5591 1349 5656 ἐνὶ
1379 5601 1511 5662 Jer.,
1542 5591 1657 5651 Vat.
1692 5595 1843 5662 1269,
1873 5603 1929 5651 ct
1972 5591 2102 5647 6451

2279 5401 2305 5428 ο
2345 5391 2487 5463 idem
2513 5389 2636 5444 cod.
2670 5390 2830 5463 645i,
2859 5390 3140 5463 deinLerni
3169 5393 3444 5463 profundo.

2281 5472 2307 5510 Ρ
2344 5458 2444 5514 Hic
2472 5461 2811 5529 prosequitur
2838 5459 2960 5514 cod.
3005 5458 3069 5516 Β.
3100 5458 3284 5529 Crucis
3311 5461 3504 5520 liuor.
3536 5463 3592 5520 in
3634 5461 3750 5518 Lau-

2213 5540 2376 5596 rent...
2402 5528 2616 5584 omissis
2646 5528 2829 5599 primis
2854 5531 3033 5585 verbis
3065 5547 3078 5584 :
3111 5528 3258 5586 Sicut
3279 5533 3489 5587 scimus.
