3896 6250
92 343 190 394 703i

1482 331 1715 392 δεηΜο
1751 333 2046 424 LXXXVII.

3263 311 3368 369 πο

85 459 344 506 rexerunt
365 463 525 509 certe
550 453 663 522 jam
689 453 912 517 merito;
942 452 988 507 si
1017 451 1187 505 adhuc
1209 465 1314 504 non
1339 456 1684 518 sumpserunt
1714 457 1756 510 Α
1786 460 2133 505 monumenta
2156 457 2482 513 constructa,
2507 445 2955 518 quemadmodum
2977 441 3194 515 prodire
3211 442 3370 498 exin-

85 538 358 610 membra,
389 558 680 613 sumpsere
703 542 814 611 jam
849 543 1078 609 gratiam
1107 543 1159 604 ¹;
1202 541 1248 596 si
1277 539 1515 594 nondum
1548 540 1681 593 libe—

1783 542 1852 597 de
1895 541 2219 611 potuerunt?
2255 538 2326 594 Ut
2370 548 2644 596 taceamus
2689 542 2814 610 quia
2863 538 3043 594 omnia
3089 535 3368 606 possibilia

85 631 191 684 rati
220 638 354 686 sunt
402 633 476 685 ab
526 631 711 686 inferis
732 669 747 696 ,
781 630 990 685 liberati
1034 640 1158 685 sunt
1187 645 1217 684 a
1255 630 1493 699 peccatis
1525 644 1537 680 :
1571 628 1687 682 hare
1782 643 1909 690 sunt
1936 634 2067 698 Deo,
2097 643 2153 689 οι
2171 632 2364 688 clausis
2389 632 2578 686 ωηιυιί
2616 631 2980 701 penetralibus
3002 628 3173 698 possit
3199 626 3363 695 ερῑι-ί-

84 719 344 774 estenim
367 721 549 789 prima
583 720 924 782 resurrectio,
967 725 1311 788 peccatorum
1341 718 1577 772 evasisse
1615 726 1692 771 te-
1786 725 1898 779 tale
1923 726 2083 794 621
2131 737 2326 791 corpus
2369 721 2625 786 educere;
2658 729 2717 774 ut
2759 720 2876 774 haec
2914 719 3091 773 omnia
3141 723 3368 786 prmter-

87 809 322 874 nebras,
393 809 611 875 lucem,
665 808 942 879 possidere
995 807 1234 876 justitize.
1300 806 1685 862 Verumtamen

87 900 254 954 etiam
280 897 526 954 fortasse
553 899 766 969 plurimi
806 914 875 953 ex
922 899 1110 953 iisdem
1141 898 1315 952 beatis
1365 897 1691 968 martyribus

86 1004 212 1044 cum
237 989 484 1044 Domino
504 990 953 1044 resurrectionem
991 987 1348 1056 corporaliter
1375 987 1460 1041 vel
1490 1001 1690 1041 conse-

88 1085 356 1145 quantur,
386 1079 476 1131 vel
516 1077 714 1132 fuerint
761 1076 1062 1132 consecuti.
1114 1074 1243 1129 Nam
1291 1076 1336 1130 si
1357 1076 1589 1146 legimus
1637 1075 1692 1129 in

93 1165 282 1233 prima:
322 1166 743 1220 resurrectionis
787 1165 1112 1230 festivitate,
1159 1165 1457 1219 suscitaute
1495 1179 1556 1219 se
1585 1164 1693 1218 Do—

94 1255 268 1320 mino,
292 1255 474 1308 multa
503 1263 813 1310 sanctorum
839 1270 1066 1324 corpora
1092 1256 1350 1309 suscitata
1391 1256 1653 1311 revixisse
1675 1294 1692 1320 ,

94 1351 152 1396 et
180 1343 473 1399 introiisse
501 1344 556 1397 in
576 1352 819 1401 sanctam
849 1345 1150 1407 civitatem,
1186 1360 1282 1399 cur
1323 1361 1429 1398 non
1459 1346 1694 1413 quoties-

95 1446 316 1500 cunque
346 1435 761 1490 resurrectionis
782 1433 900 1502 ejus
935 1433 1212 1499 festivitas
1252 1434 1580 1502 celebratur,
1611 1443 1696 1489 to-

99 1521 204 1574 ties
234 1536 534 1589 resurgere
559 1523 841 1577 credamus
881 1532 936 1578 et
961 1530 1182 1577 sanctos
1218 1524 1274 1577 '?
1301 1521 1402 1577 Ubi
1428 1524 1570 1577 enim
1597 1541 1698 1579 vo-

100 1617 283 1663 torum
302 1613 453 1678 jugis
479 1619 565 1666 est
591 1611 929 1676 solemnitas,
961 1612 1132 1680 gratia
1158 1611 1304 1680 jugis
1343 1618 1427 1666 est
1450 1620 1506 1666 et
1535 1612 1704 1667 dono-

100 1710 242 1753 rum.
273 1697 391 1755 Sed
417 1700 647 1757 fortasse
682 1693 803 1772 quis
834 1703 980 1757 dicat
1010 1720 1023 1755 :
1055 1702 1307 1772 sepulcra
1330 1703 1511 1757 clausa
1555 1711 1702 1767 sunt,

1793 816 2027 882 mittam,
2047 811 2282 868 Joannis
2300 819 2474 866 tamen
2504 811 2734 880 apostoli
2761 811 3018 864 habemus
3036 808 3366 876 exemplum,

1793 917 1962 970 quem
1985 901 2220 956 tumulus
2240 907 2546 968 msceptnm
2594 898 2842 954 claudere
2870 898 3063 967 potuit,
3096 894 3373 950 custodire

1797 1008 1905 1047 non
1934 991 2140 1062 potuit;
2165 1005 2289 1044 nam
2313 990 2618 1060 dopositum
2657 1004 2851 1058 corpus
2871 987 3122 1056 perdidit,
3147 1002 3255 1041 non
3280 1002 3371 1039 as-

1796 1081 2043 1152 sumpsit.
2073 1079 2173 1136 Hic
2194 1079 2358 1140 enim.
2399 1079 2595 1134 clausis
2623 1077 2811 1131 tumu'i
2845 1075 3065 1136 foribus,
3090 1075 3263 1143 gratia
3285 1088 3373 1127 rc-

1796 1172 2148 1228 surrectionis
2173 1172 2337 1245 διε
2386 1169 2596 1224 ablatus
2642 1176 2747 1234 est,
2789 1175 2849 1219 ut
2882 1173 3157 1220 constaret
3191 1163 3372 1232 sepul-

1795 1271 1934 1327 tura,
1978 1277 2078 1316 nec
2103 1261 2438 1316 inveniretur
2461 1257 2720 1328 sepultus.
2757 1254 2998 1323 Denique
3030 1267 3152 1308 cum
3192 1265 3374 1306 sacer—

1795 1352 1950 1406 dotes
1968 1349 2267 1405 bonorandi
2314 1363 2477 1403 causa
2505 1360 2703 1415 corpus
2743 1344 3094 1412 inquirerent,
3135 1347 3376 1394 reserato

1797 1439 1966 1504 aditu,
1997 1439 2233 1494 tumulus
2279 1453 2388 1493 non
2429 1437 2604 1506 potuit
2642 1433 2868 1490 reddere
2912 1447 3072 1500 quem
3119 1431 3374 1498 suscepit.

1800 1527 2019 1583 Hostias
2043 1541 2171 1596 ergo
2197 1540 2380 1582 secum
2406 1541 2531 1580 suas
2571 1523 2821 1579 Salvator
2860 1521 3100 1576 suscitat.
3143 1534 3263 1574 cum
3293 1533 3377 1570 re-

1801 1618 1992 1683 surgit.

1398 1793 1668 1854 SERMO
1713 1793 2100 1854 LXXXVII.

1256 1913 1387 1969 Item
1418 1915 1482 1969 de
1515 1915 1682 1969 natali
1711 1913 1819 1970 SS.
1856 1925 2139 1985 martyrum
2169 1912 2254 1970 11.

1565 2023 1956 2079 ADMONITIO.

177 2137 350 2193 Iidem
377 2137 674 2210 doctissimi
715 2137 941 2194 Iaurini
965 2138 1175 2210 pmfat.
1219 2137 1286 2193 ad
1313 2137 1460 2210 hunc
1485 2153 1786 2194 sermonem
1818 2154 1964 2210 num.
2007 2138 2076 2192 60
2100 2138 2297 2210 edit._o

109 2225 176 2290 ne
203 2216 309 2290 aut_
316 2209 686 2290 scriptoribus
709 2206 984 2290 codicum,
1004 2217 1097 2290 a‘ut
1125 2206 1927 2290 Romatt.nlirevia_r;anssentiar.,
1955 2209 2204 2290 eumdem
2217 2208 2290 2290 ‘S.

2376 2178 2389 2192 .
2431 2137 2490 2192 S.
2536 2137 2782 2193 Ambros.
2810 2136 2940 2191 mihi
2965 2143 3212 2190 auctores
3239 2142 3384 2196 sunt,

2363 2207 2600 2261 mbrnsio
2626 2206 2999 2262 tribuentibus.
3028 2204 3084 2258 In
3113 2203 3392 2258 codicibus

109 2268 502 2347 Sangallensis,
533 2286 592 2331 et
617 2276 674 2332 S.
719 2278 907 2347 Crucis
935 2268 991 2332 in
1018 2277 1315 2333 Jerusalem
1360 2275 1430 2330 90
1477 2285 1532 2330 et
1569 2277 1640 2334 99
1678 2277 1735 2332 S.
1778 2268 2009 2332 Maximo
2036 2278 2326 2347 ascriptum
2366 2277 2611 2343 legimus.
2645 2275 2794 2331 Unus
2819 2273 2990 2331 codex
3018 2268 3386 2328 Urbevetanus

113 2362 315 2400 nomen
344 2347 402 2401 S.
434 2345 680 2415 Gregorii
709 2346 885 2415 Magni
913 2347 1154 2402 exhibet.

115 2433 511 2489 Aacunurun.
535 2465 608 2507 -έ
633 2433 738 2488 SS.
770 2443 1024 2507 martyres
1051 2437 1147 2489 etsi
1167 2452 1288 2490 voce
1315 2443 1504 2507 tacent,
1535 2437 1703 2507 facto-
1741 2440 1781 2498 Β
1805 2445 1864 2492 et
1889 2436 2258 2507 superstitiosa
2281 2435 2526 2504 jactatio.
2557 2435 2747 2490 Melius
2779 2448 2910 2504 ergo
2946 2435 3211 2490 docemur
3240 2433 3386 2487 facto

183 2519 304 2554 runt
335 2513 506 2556 tamen
525 2504 745 2586 .virtute.
768 2520 876 2586 nos.
906 2503 1152 2586 edocent,
1172 2582 1183 2586 Α
1465 2503 1707 2586 passione

184 2572 642 2711 »ἓῶερξῒιαόεηι
683 2571 910 2627 Victoria
942 2581 1019 2626 est
1047 2571 1567 2646 martyrisjitdicium
1592 2590 1709 2644 per-

427 2659 474 2694 ε.

190 2796 250 2848 Si
281 2802 545 2864 quantum
573 2807 660 2848 me
687 2809 910 2849 necesse
935 2801 1021 2849 est
1055 2793 1257 2859 dicere,
1286 2801 1343 2848 et
1372 2809 1468 2848 vos
1495 2801 1714 2862 oportet

122 2884 336 2950 audire,
366 2892 572 2943 tantum
600 2885 852 2954 prosequi
879 2886 1123 2955 corporis
1151 2885 1259 2940 mei
1287 2894 1469 2955 posset
1491 2885 1713 2939 inﬁmi-

125 2983 226 3036 tas,
270 2973 516 3044 profecto
546 2989 735 3030 omnes
781 2975 1022 3030 excusati
1065 2990 1335 3041 essemus,
1381 2975 1588 3031 scilicet
1610 2987 1713 3041 ego

126 3064 451 3120 insinuando
478 3073 953 3135 prmceptum,‘vos
989 3065 1336 3136 exsequendo
1373 3065 1704 3119 mandatum.

126 3155 230 3208 Sed
285 3155 542 3223 quoniam
613 3155 978 3210 imbecillitate
1030 3156 1373 3225 percellimur
1426 3155 1714 3224 quominus

127 3252 394 3310 quantum
422 3252 638 3314 Oportet
661 3244 842 3299 dicere
865 3246 1161 3312 valeamus,
1191 3254 1417 3300 excusat
1437 3259 1536 3298 nos
1555 3259 1713 3298 men-

133 3335 199 3386 tis
227 3334 468 3399 devotio,
495 3351 633 3403 quos
674 3351 780 3390 non
810 3344 1032 3390 excusat
1075 3335 1469 3406 praedicationis
1497 3335 1712 3389 oratio:

132 3421 236 3477 hoc
260 3432 368 3493 est,
397 3425 442 3479 si
470 3440 500 3479 a
524 3425 765 3480 laudibus
786 3425 998 3480 Domini
1025 3426 1200 3494 lingua
1228 3440 1518 3485 cessamus,
1551 3425 1716 3477 mira-

134 3513 259 3567 bilia
290 3522 468 3569 tamen
498 3514 616 3584 ejus
646 3515 764 3570 fidei
795 3516 1048 3585 operibus
1093 3514 1472 3584 approbemus.
1522 3512 1580 3567 Si
1610 3528 1716 3566 non

135 3603 405 3674 loquimur
432 3607 608 3661 verbis
628 3608 743 3676 ejus
763 3608 1012 3676 gloriam,
1035 3605 1187 3661 factis
1211 3621 1566 3676 exsequamur
1593 3603 1716 3671 ejus

137 3696 386 3761 gratiam,
413 3697 664 3764 quoniam
690 3696 846 3752 dictis
873 3696 1014 3751 facta
1045 3697 1222 3766 priora
1251 3706 1394 3750 sunt.
1445 3694 1577 3748 Nam
1607 3694 1716 3748 Do—

1807 2545 1968 2598 quam
1994 2542 2146 2583 voce.
2179 2527 2421 2596 Denique
2446 2527 2543 2582 SS.
2571 2534 2861 2597 martyres,
2887 2527 2991 2580 etsi
3017 2540 3151 2580 voce
3179 2532 3390 2589 tacent,

1810 2619 2074 2676 factorum
2095 2619 2289 2674 virtute
2307 2633 2408 2673 nos
2427 2619 2686 2681 edocent;
2721 2617 2824 2671 etsi
2848 2617 3026 2684 lingua
3051 2615 3233 2681 silent,
3253 2628 3392 2668 una»

1813 2704 1938 2782 tyrii
1984 2708 2236 2780 passione
2281 2707 2622 2778 persuadent.
2678 2705 2832 2762 Unde
2874 2706 3122 2775 quamvis
3164 2705 3394 2760 disertus

1812 2809 2000 2856 orator
2025 2800 2272 2855 facundia
2295 2814 2392 2853 sua
2421 2815 2507 2853 me
2534 2798 2748 2864 doceat,
2794 2797 2849 2851 id
2888 2803 3066 2850 tamen
3093 2795 3235 2865 quod
3264 2795 3395 2849 utile

1813 2898 1896 2950 est
1921 2889 2050 2943 Inibi
2071 2889 2262 2944 melius
2290 2888 2443 2944 disco
2468 2888 2716 2958 exemplo
2740 2894 3048 2942 sanctorum
3074 2901 3234 2954 quam
3257 2883 3283 2923 δ
3305 2900 3396 2938 as-

1814 2978 2056 3035 sertione
2099 2977 2410 3032 verborum.
2458 2975 2628 3031 Citius
2673 2975 2803 3030 mihi
2844 2974 3172 3044 persuadent
3213 2975 3356 3028 oculi
3378 3015 3396 3040 ,

1820 3068 1969 3138 quod
2013 3075 2273 3132 cernunt,
2316 3081 2480 3136 quam
2529 3066 2674 3120 auris
2711 3072 2892 3136 potest
2933 3065 3221 3128 insinuem,
3253 3065 3397 3134 quod

1815 3159 2057 3229 praeterit
2081 3175 2094 3209 :
2124 3165 2147 3194 ⁶
2173 3155 2378 3210 auditui
2405 3155 2548 3210 enim
2572 3155 2681 3209 cito
2706 3155 2936 3223 subripit
2961 3154 3179 3220 oblivio,
3210 3153 3398 3207 oculo-

1815 3264 1937 3304 rum
1985 3254 2166 3301 autem
2213 3245 2436 3302 historia
2481 3258 2692 3313 semper
2739 3243 3036 3312 inspicitur.
3086 3241 3216 3308 Quis
3254 3242 3395 3296 enim

1817 3356 1926 3396 non
1955 3339 2208 3395 omnibus
2232 3338 2380 3392 horis
2398 3337 2788 3404 momentisque
2814 3335 3110 3404 conspiciat
3137 3333 3396 3403 quemad-

1817 3429 2036 3484 modum
2064 3436 2192 3482 tunc
2235 3427 2393 3481 beati
2422 3433 2684 3495 martyres
2728 3432 2949 3494 propter
2978 3438 3171 3478 nomen
3201 3421 3398 3476 Christi

1817 3517 2042 3572 diversis
2069 3515 2382 3582 subjacuere
2407 3514 2702 3584 suppliciis,
2731 3522 2787 3568 et
2813 3513 2880 3568 de
2904 3513 3036 3582 ipsis
3063 3512 3236 3581 ρωιιὶε
3263 3527 3398 3580 quo-

1818 3602 2924 3672 danimodotriumphabantiQuantoenim
2948 3601 3098 3670 plura
3121 3601 3400 3668 patieban-

1818 3703 1925 3761 tur,
1956 3702 2106 3748 tanto
2130 3707 2190 3748 se
2218 3691 2634 3747 vit-tuosissimus
2669 3705 2792 3746 esse
2827 3689 3142 3745 credebant.
3168 3686 3400 3744 Victoria

139 3786 317 3840 minus
345 3787 398 3840 in
427 3786 715 3856 Evangelio
737 3789 809 3842 ita
831 3787 994 3842 dicit:
1021 3798 1044 3824 ⁸
1071 3785 1171 3851 Qui
1192 3789 1372 3857 fecerit
1401 3797 1450 3840 et
1469 3786 1718 3851 docuerit,
1749 3793 1795 3855 α
1824 3785 1971 3840 eni
1991 3791 2075 3839 est
2099 3781 2350 3854 martyris
2381 3779 2640 3849 judicium
2679 3779 3070 3849 persequentis,
3100 3778 3238 3832 sicut
3265 3777 3400 3830 scri-

139 3875 221 3929 lu‘c
249 3893 466 3947 magnus
497 3877 756 3931 vocabitur
780 3879 836 3932 in
877 3893 1035 3948 regno
1083 3877 1322 3931 calorum
1364 3875 1587 3946 (Matth.
1629 3875 1718 3945 ν).

149 3963 311 4020 Vides
343 3980 472 4034 ergo
510 3968 762 4037 quoniam
789 3967 1040 4036 prmcedit
1069 3966 1298 4036 factum,
1325 3966 1566 4021 doctrina
1594 3965 1726 4020 sub-

142 4061 421 4128 sequitur:
455 4059 717 4129 siquidem
764 4060 1083 4116 benefacere
1111 4060 1285 4129 prima
1325 4058 1570 4114 doctrina
1617 4065 1722 4112 est.

141 4149 489 4204 Cessantibus
515 4151 658 4204 enim
685 4150 884 4214 verbis,
915 4150 1021 4204 hoc
1050 4150 1224 4218 ipsum
1254 4148 1419 4204 docet
1446 4147 1720 4202 hominem

144 4256 278 4308 opus
304 4240 599 4308 optimum,
647 4239 772 4292 dum
800 4240 1031 4294 videtur.
1063 4238 1218 4304 Quod
1257 4238 1359 4292 etsi
1404 4251 1538 4292 voce
1566 4252 1726 4292 aures

147 4344 254 4383 non
296 4329 532 4395 excitet,
563 4329 762 4383 virtute
803 4338 977 4383 tamen
1019 4330 1184 4383 corda
1227 4334 1567 4396 compungat.
1594 4326 1726 4393 Quis

146 4418 287 4470 enim
316 4417 516 4470 bonum
546 4414 744 4470 factum
772 4417 978 4481 videns,
1003 4416 1031 4455 lt
1067 4433 1176 4471 non
1203 4416 1440 4485 gaudens
1468 4417 1726 4484 imitetur,

148 4521 210 4560 ac
225 4506 394 4560 veluti
408 4507 572 4560 tacito
592 4507 848 4576 magistro
870 4515 1027 4561 utens
1041 4506 1156 4576 ejus
1175 4507 1423 4576 exemplo
1439 4505 1728 4561 doceatur?

148 4594 316 4650 Dictis
357 4595 516 4662 igitur
541 4595 681 4651 facta
709 4596 1046 4666 praecedunt;
1096 4597 1203 4652 imo
1243 4597 1361 4652 sine
1403 4595 1555 4651 factis
1582 4595 1728 4650 dicta

149 4684 281 4738 nihil
309 4693 556 4753 prosunt.
593 4695 616 4724 ο
647 4685 780 4740 Nam
824 4685 948 4740 ideo
992 4694 1048 4740 et
1089 4684 1346 4739 Dominus
1392 4684 1507 4739 fieri
1532 4684 1722 4748 voluit,

146 4772 224 4828 sic
245 4772 452 4839 doceri,
467 4788 534 4828 ne
551 4773 667 4828 sine
679 4773 822 4829 bono
835 4789 1002 4844 Opere
1017 4776 1300 4829 verborum
1327 4774 1528 4828 inutilis
1553 4781 1716 4836 esset,

215 4937 245 4964 ι
273 4926 406 4981 Cod.
439 4925 508 4980 99
534 4925 591 4980 S.
623 4925 808 4981 Crucis
836 4925 888 4979 in
917 4924 1058 4990 ἔοι-η
1093 4922 1195 4986 Qui
1225 4924 1403 4990 fecerit
1426 4931 1475 4976 et
1502 4921 1731 4976 docuerit
1763 4931 1808 4988 υ

145 4997 240 5060 sic,
273 5012 488 5061 magnus
516 4996 796 5055 vocabitur,
833 5003 937 5049 etc.
967 4992 1116 5049 Idem
1146 4990 1268 5048 cod.
1299 4991 1390 5058 99,
1423 4990 1522 5055 Qui
1551 4992 1729 5061 fecerit

147 5066 240 5128 sic,
272 5075 322 5118 et
350 5065 577 5118 docuerit
604 5065 698 5128 sic,
731 5071 838 5118 etc.

220 5125 248 5172 Β
279 5132 516 5200 Uterque
544 5125 753 5187 code.
782 5131 971 5187 Crucis
999 5135 1050 5185 in
1081 5132 1190 5185 Jer.
1221 5139 1276 5184 et
1303 5128 1426 5184 cod.
1449 5125 1726 5192 Urhevet.,

149 5214 202 5256 ut
231 5220 336 5272 non
363 5199 606 5272 gaudeat,
624 5201 866 5272 giretur,
891 5201 1154 5272 imitetur,
1171 5216 1232 5272 ac
1254 5199 1557 5272 vetati,_etc.

227 5283 251 5310 ⁶
281 5267 427 5326 Idem
467 5267 598 5326 cod.
624 5268 901 5332 Urbevet.,
953 5268 1096 5322 Nam
1137 5269 1253 5322 ideo
1295 5267 1546 5321 Dominus
1571 5273 1727 5318 antea

223 5406 241 5435 ¹
285 5403 430 5456 Dixit
448 5401 506 5456 S.
531 5401 843 5472 episcopus,-
857 5407 1139 5472 martyres,
1160 5397 1254 5472 qui
1279 5395 1512 5472 nondum
1541 5406 1726 5472 resur-

155 5482 408 5527 rexerunt
427 5473 480 5525 in
509 5463 690 5526 inferis
709 5463 1195 5538 quidemgrétineri,
1227 5467 1434 5538 hoc_est
1459 5463 1514 5515 in
1544 5470 1728 5538 tumu-

155 5541 249 5605 lis,
278 5541 372 5594 sed
401 5545 579 5594 tamen
601 5555 630 5592 a
657 5532 890 5607 peccatis
913 5538 1110 5590 liberos
1140 5534 1273 5588 fore.
1307 5533 1418 5586 Hoc
1441 5539 1621 5607 autem
1654 5532 1736 5582 in-

157 5600 495 5678 telligendum
525 5617 607 5678 est
627 5600 693 5661 de
721 5607 1055 5678 corporibus,
1085 5611 1397 5678 nouantem
1427 5600 1493 5654 de
1526 5601 1734 5653 anima-

157 5680 256 5734 bus
271 5671 560 5731 immortali
589 5677 705 5729 luce
729 5676 795 5727 ah
820 5671 970 5728 obitu
1003 5671 1310 5725 ﬂuentibus.

1825 3882 1975 3944 ptum
2023 3880 2142 3927 est:
2171 3878 2228 3924 ut
2269 3871 2442 3925 vincas
2488 3885 2603 3922 cum
2642 3868 2897 3939 judicaris
2927 3867 3111 3932 (Ptol.
3139 3868 3225 3933 ι).
3267 3866 3402 3919 Cum

1821 3962 2093 4034 iudicatur
2135 3961 2276 4016 enim
2319 3965 2524 4029 martyr
2563 3966 2622 4014 et
2649 3958 3057 4023 condemnatur,
3086 3964 3215 4010 tunc
3241 3955 3402 4008 vincit

1824 4061 1988 4121 atque
2015 4051 2327 4123 prosternit.
2351 4050 2472 4106 Tali
2501 4051 2644 4106 enim
2665 4050 2866 4119 judicio
2905 4066 3012 4104 non
3039 4057 3124 4104 est
3168 4047 3416 4101 addictus

1822 4143 1890 4197 ad
1938 4151 2188 4206 mortem,
2239 4141 2334 4197 sed
2383 4141 2662 4196 absolutus
2690 4139 2756 4194 ad
2799 4139 3060 4208 requiem.
3089 4137 3163 4191 Ac
3183 4152 3282 4206 per
3310 4136 3416 4189 hoc

1823 4233 2260 4288 manifestissima
2288 4234 2502 4286 ratione
2531 4232 2723 4285 vicisse
2751 4238 2854 4295 est,
2885 4245 2991 4283 non
3013 4227 3256 4297 perlisse.
3282 4224 3421 4279 Con-

1824 4333 1930 4378 stat
1954 4326 2113 4392 igitur
2164 4322 2261 4378 SS.
2313 4331 2578 4391 martyres
2606 4321 2726 4390 plus
2749 4321 3003 4390 pessime
3029 4319 3226 4372 docere
3255 4331 3418 4384 quam

1828 4429 1980 4474 voce,
2029 4427 2338 4480 quanquam
2390 4417 2444 4464 et
2489 4409 2602 4478 ipsa
2641 4409 2819 4478 passio
2857 4409 2975 4461 sine
3009 4420 3144 4460 voce
3193 4419 3299 4458 non
3327 4401 3418 4456 sit.

1835 4501 2083 4570 Legimus
2109 4499 2252 4554 enim
2273 4499 2481 4554 animas
2505 4510 2691 4551 eorum
2713 4495 2780 4549 de
2801 4495 2900 4550 sub
2919 4510 3014 4550 ara
3038 4495 3132 4550 Dei
3153 4497 3407 4560 clamare,

1835 4592 1920 4646 vel
1959 4591 2175 4646 dicere:
2207 4586 2477 4658 Quousque
2513 4594 2722 4640 sanctus
2765 4593 2814 4639 et
2850 4600 2995 4638 uerus
3039 4601 3141 4639 non
3181 4583 3409 4638 vindicat

1834 4682 2137 4751 sanguinem
2183 4687 2414 4732 nostrum
2464 4673 2646 4744 (Apoc.
2683 4673 2833 4743 xw)?
2880 4673 3010 4726 Nam
3059 4680 3112 4726 et
3156 4671 3410 4726 Dominus

1832 4771 1963 4826 dicit
1985 4769 2053 4824 de
2080 4767 2340 4837 sanguine
2361 4765 2492 4819 Abel
2517 4767 2583 4817 ad
2604 4764 2734 4818 Cain
2757 4779 2770 4815 :
2805 4761 2919 4816 Vox
2939 4762 3207 4832 sanguinis
3229 4763 3410 4832 fratris

1833 4921 1948 4991 ﬁeri
1976 4919 2153 4984 voluit,
2183 4925 2233 4972 et
2257 4917 2331 4970 sic
2350 4917 2540 4980 dicere,
2566 4913 2766 4966 ne'sine
2792 4909 2923 4964 bona
2943 4924 3094 4978 apere
3121 4908 3407 4973 verborum,

1836 4999 1944 5044 etc.

1907 5059 1932 5095 ά
1963 5058 2108 5112 ldem
2137 5056 2257 5112 cod.
2290 5054 2567 5118 Urbevet.,

1909 5137 1934 5165 θ
1963 5127 2108 5181 Idem
2150 5126 2270 5180 cod.
2306 5113 2580 5182 Urbevet.)
2609 5113 2864 5171 'Auditunt
2903 5117 3038 5169 enim
3086 5116 3185 5183 cito
3215 5113 3411 5183 obrepit

1835 5196 2061 5251 obliuio:
2089 5194 2352 5250 oculorum
2379 5181 2625 5254 historia,
2656 5196 2763 5242 etc.
2792 5183 2923 5240 Cod.
2953 5183 3020 5236 90
3055 5183 3112 5237 S.
3143 5181 3412 5239 Crucis'in

1836 5264 1945 5320 Jer.
1979 5267 2054 5319 ita
2082 5265 2231 5332 legit.
2284 5263 2293 5272 ’

2767 5048 3044 5101 disertione
3069 5045 3351 5100 verborum.

1900 5397 1921 5427 '
1963 5395 2085 5450 Fuit
2111 5409 2240 5449 sane
2267 5391 2551 5463 peculiaris
2572 5385 2818 5457 quaedam
2859 5383 3076 5508 animi
3117 5381 3321 5451 opinio,
3352 5383 3403 5437 in

1900 5479 2010 5508 mm
2038 5464 2321 5508 dominium
2362 5458 2788 5508 Restm-ectionis
2831 5471 2858 5508 s
2915 5461 3172 5508 emtntate
3216 5467 3403 5508 corno-

1833 5479 2013 5518 annua
2038 5453 2321 5519 dominicis
2361 5453 2788 5515 Resttmctionis
2831 5453 3172 5524 solemnitate
3216 5467 3407 5519 carpo.

1835 5535 2003 5586 ralem
2043 5531 2399 5600 quorumdam
2452 5534 2765 5584 sanctorum
2824 5536 3114 5591 martyrum
3173 5535 3405 5574 resurre-

1838 5602 2072 5658 ctionem
2111 5600 2378 5654 renovari.
