3896 6250
495 315 594 368 707

1689 310 1740 362 S.
1787 310 1830 361 Μ
1842 313 1878 361 Α
1888 309 2025 362 ΧΙΜΙ
2068 310 2514 395 ΤΛΗΒΙΝΕΝΞΙβ

3649 311 3743 358 ’ἷιὲ

492 429 565 481 tui
594 427 782 480 clamat
828 424 896 478 ad
936 440 1012 477 me
1043 424 1193 493 (Gen.
1239 424 1331 489 IV).
1377 421 1620 475 Clamare
1665 423 1820 487 igitur
1866 421 2059 474 dicitur
2090 429 2132 483 Α
2161 423 2286 476 dum
2317 421 2474 476 ﬁdem
2506 430 2664 490 atque
2697 424 3050 478 innocentiam
3081 441 3234 477 suam
3271 427 3516 479 sensibus
3547 430 3735 481 nostris

491 515 727 584 sanguis,
749 514 837 583 qui
865 515 1119 567 innocens
1147 511 1342 566 effusus
1362 521 1462 574 est,
1493 526 1596 564 non
1623 519 1729 562 tam
1752 526 1882 563 voce
1901 527 2059 577 quam

490 619 672 659 causa.
731 599 819 656 Sic
847 611 903 662 et
929 609 1239 654 sanctorum
1268 609 1557 669 martyrum
1587 599 1776 652 anima:
1810 599 2062 662 clamant,

2173 515 2286 580 ipsa
2317 513 2564 581 passione
2589 514 2982 568 commendant.
3018 515 3273 584 Explicit.

1749 682 2013 747 SERMO
2057 682 2465 745 LXXXVIII.

1604 780 1734 834 Item
1764 779 1827 834 de
1857 782 2022 834 natali
2051 780 2153 835 SS.
2187 788 2467 847 martyrum
2496 776 2611 832 III.

1899 866 2287 922 ADMOMTIO.

490 1029 614 1082 attri

558 956 718 1081 6E3
747 957 806 1013 lu
833 957 1017 1013 codice
1044 957 1294 1011 Chisiano
1334 955 1430 1034 sig.
1463 955 1564 1009 litt.
1591 952 1632 1008 Ο
1662 971 1768 1017 vm,
1795 969 1916 1023 pag.
1943 956 2043 1011 257
2074 972 2104 1008 a
2136 965 2308 1023 tergo,
2335 957 2476 1010 hunc
2501 970 2802 1034 sermonem
2847 954 3147 1010 invenimus
3188 956 3246 1011 8.
3293 955 3531 1033 Maximo
3556 968 3727 1014 nostro

558 1029 614 1081 tri
655 1034 820 1081 utum.
854 1027 1110 1080 Eumdem
1139 1021 1551 1081 emendatiorem
1580 1023 1839 1076 dederunt
1862 1026 1979 1078 cod.
2007 1027 2315 1078 monasterii
2343 1025 2699 1081 Sublacensrs.
2730 1023 3117 1078 Lectionarium
3142 1028 3530 1078 canonicorum
3564 1025 3727 1079 Eccle-

655 1021 820 1081 u'tum.
854 1027 1110 1080 Eumdem
1139 1021 1551 1084 emendatiorem
1580 1021 1839 1086 dederunt
1862 1021 1979 1078 cod.
2007 1021 2315 1078 monasterii
2343 1025 2699 1086 Sublacensis,
2730 1023 3117 1078 Lectionarium
3142 1028 3530 1078 canoniCorum
3564 1025 3727 1079 Eccle-

492 1081 584 1150 sia:
612 1096 901 1156 Patavium,
932 1096 1143 1162 duoque
1187 1081 1502 1162 Breviaria
1533 1101 1694 1162 unum
1728 1081 1976 1145 Ecclesiae
2003 1091 2351 1162 Velitrensis,
2379 1093 2602 1146 alterum
2632 1081 2711 1162 ad
2755 1102 2903 1162 usum
2947 1092 3194 1146 Ecclesia:
3223 1092 3534 1146 Gallicam».
3568 1093 3726 1158 Quare

496 1167 579 1218 his
607 1163 904 1218 conﬁrmati
935 1159 1251 1215 testimoniis
1280 1161 1331 1213 in
1362 1159 1625 1230 publicam
1676 1159 1987 1230 lucemysub
2030 1161 2268 1230 ejusdem
2315 1161 2369 1214 S.
2421 1161 2670 1230 antistitis
2715 1161 2927 1230 nomine
2967 1163 3214 1214 emittere
3257 1178 3363 1212 non
3405 1163 3725 1220 dubitamus;

491 1247 811 1301 quanquam
839 1230 1273 1301 aliq_ui_codices,
1320 1227 1379 1301 ut
1424 1227 1708 1301 Vaticanus
1741 1227 1886 1301 i275
1928 1227 2161 1301 pag.26
2191 1244 2245 1301 _a_
2273 1228 2835 1301 tergotDasiliceS.‘
2856 1228 2998 1301 Petri
3037 1230 3250 1301 num._6
3279 1231 3322 1282 Α
3354 1245 3477 1301 pag.
3517 1230 3643 1296 250,
3683 1240 3729 1283 et

495 1295 747 1354 Urbevet.
779 1313 898 1369 pag.
928 1295 1051 1364 206,
1094 1298 1376 1351 Ambrosio
1423 1296 1507 1349 vel
1550 1295 1842 1363 Augustino
1871 1295 2156 1351 ascribant.
2189 1295 2371 1352 Dictio’
2398 1299 2610 1366 quidem
2640 1314 2669 1350 a
2699 1297 3018 1352 Maximiana
3063 1298 3311 1352 oratione
3342 1295 3605 1352 absimilis
3629 1295 3723 1353 non

491 1369 718 1422 videtur.

492 1465 879 1517 Ancunnnruu.
902 1489 974 1504 --
1012 1456 1259 1512 Venerari
1299 1463 1498 1526 oportet
1536 1451 1588 1510 in
1631 1447 1737 1511 SS.
1778 1449 2061 1525 martyrum
2094 1465 2138 1522 Β
2167 1466 2412 1512 cesSores
2441 1457 2640 1510 habere
2667 1457 3000 1511 mereamini.
3033 1456 3153 1511 llaec
3178 1465 3262 1511 est
3290 1457 3436 1510 enim
3473 1456 3571 1512 SS.
3602 1474 3727 1511 mar-

563 1532 732 1601 gtoria
757 1531 911 1599 [idem
939 1537 1201 1591 nostram;
1230 1539 1391 1579 mater
1419 1538 1637 1595 namque
1665 1527 1898 1595 martyrii
1925 1527 2058 1594 ﬁdet

561 1599 814 1653 catholica
842 1605 939 1650 est.

465 1742 474 1756 '
564 1730 732 1784 Recte
774 1743 837 1783 ac
876 1741 942 1781 ex
983 1725 1164 1779 debito
1193 1723 1440 1778 Ecclesia:
1467 1724 1741 1777 beatorum
1771 1733 2060 1793 martyrum

490 1817 769 1874 celebrant
795 1815 1018 1884 insignia
1037 1852 1053 1878 ,
1071 1813 1172 1882 qui
1201 1812 1559 1866 illuminantes
1584 1812 1780 1865 virtute
1808 1811 1926 1865 ﬁdei
1954 1820 2063 1866 sua!

491 1907 903 1966 innumerabiles
930 1905 1179 1975 populos,
1202 1904 1302 1958 soli
1332 1903 1547 1971 quidem
1575 1902 1774 1956 illatam
1802 1902 1900 1955 sibi
1940 1917 2063 1955 sen-

490 2005 676 2054 serunt
720 2006 970 2059 mortem,
1015 1993 1108 2049 sed
1153 2008 1261 2048 non
1299 1993 1398 2046 soli
1444 1993 1630 2045 mortis
1671 2006 1777 2045 sua:
1804 1991 2060 2044 beneficia

490 2086 858 2158 possederunt.
888 2085 1148 2140 immensa
1175 2083 1318 2137 enim
1344 2081 1437 2136 Dei
1465 2082 1632 2136 nostri
1660 2083 1851 2150 pietas,
1879 2081 2060 2133 multi-

489 2178 613 2247 plex
641 2176 710 2230 ad
738 2175 1050 2234 bonitatem,
1077 2175 1133 2226 et
1161 2170 1352 2225 artifex
1378 2171 1447 2224 ad
1474 2171 1720 2233 salutem,
1753 2184 2062 2238 proponens

489 2268 710 2321 arduam
741 2266 993 2320 virtutum
1022 2271 1045 2298 κ
1075 2261 1326 2332 palmam,
1369 2275 1521 2315 raros
1561 2261 1886 2329 appetitores
1915 2260 2063 2313 invea-

491 2358 603 2420 nit,
635 2355 730 2410 sed
755 2355 1042 2423 pretiosam
1072 2353 1125 2405 in
1164 2365 1456 2420 paucorum
1501 2349 1780 2418 triumphis
1805 2348 2062 2417 plurimo-

491 2459 611 2501 rum
643 2436 936 2499 commodis
980 2439 1250 2509 prospicit.
1298 2437 1514 2492 Illorum
1560 2436 1821 2504 siquidem
1870 2437 2060 2490 merita

493 2544 676 2590 nostra
703 2533 815 2586 vult
841 2541 961 2588 esse
987 2529 1253 2596 suffragia,
1284 2527 1545 2596 simulque
1571 2528 1696 2581 dum
1725 2528 1877 2582 nobis
1904 2527 2060 2580 tidem

489 2635 673 2678 verum
708 2622 842 2676 duro
869 2621 894 2658 δ
924 2618 1160 2690 martyrii
1191 2631 1362 2684 agone
1403 2617 1769 2680 commendat,
1819 2616 2063 2670 aillictio~

489 2726 613 2765 nem
644 2710 1053 2780 praicodentium
1084 2708 1482 2761 instructionem
1511 2703 1674 2760 efficlt
1699 2715 2057 2775 posterorum.

2165 1555 2341 1616 tyrum
2362 1547 2548 1614 gloria,
2571 1561 2798 1613 quorum
2836 1556 2892 1600 et
2941 1548 2986 1600 si
3027 1563 3124 1615 per
3151 1549 3458 1600 universum
3486 1549 3726 1600 mundum

2162 1636 2453 1688 seminetur
2482 1636 2533 1688 in
2563 1636 2831 1689 cineribus
2859 1635 3032 1701 portio
3050 1676 3064 1699 ,
3093 1645 3274 1689 manet
3321 1646 3503 1690 tamen
3536 1637 3726 1703 integri

2163 1723 2214 1775 in
2245 1723 2528 1777 virtutibus
2555 1723 2848 1792 plenitudo.
2882 1723 3208 1777 Veneremur
3235 1739 3364 1792 ergo
3396 1722 3425 1761 ιι
3459 1725 3602 1778 inter
3622 1734 3726 1777 tan-

2163 1819 2247 1867 tos
2289 1811 2483 1867 Christi
2532 1813 2728 1866 milites
2775 1813 2930 1865 iidem
2981 1821 3239 1865 nostram.
3293 1813 3468 1888 Mater
3512 1829 3727 1880 nutuque.

2169 1900 2184 1939 ί
2219 1904 2455 1967 martyrii
2487 1901 2615 1956 ﬁdes
2642 1903 2903 1956 catholica
2933 1911 3034 1963 est,
3067 1903 3119 1955 in
3165 1917 3270 1970 qua
3317 1904 3332 1952 l
3383 1903 3475 1956 ille
3520 1904 3728 1956 illustris

2162 1994 2359 2046 athleta
2391 1993 2700 2060 subscripsit
2724 1994 2996 2060 sanguine,
3021 1999 3077 2045 et
3097 2000 3268 2045 morte
3289 1992 3514 2060 juravit.
3549 1992 3726 2055 Mater.

2161 2082 2397 2149 inquam,
2422 2081 2657 2150 martyrii
2679 2080 2807 2133 tides
2827 2089 2926 2134 est.
2951 2079 3278 2134 Veneremur
3297 2093 3426 2147 ergo
3451 2081 3504 2132 in
3525 2090 3726 2134 sancto-

2162 2187 2281 2224 rum
2305 2179 2595 2240 martyrum
2615 2170 2783 2237 gloria
2807 2168 2961 2224 iidem
2991 2177 3246 2222 nostram.
3271 2169 3560 2233 Quomodo
3584 2169 3728 2222 ﬁdem

2161 2261 2439 2330 nostram?
2467 2259 2546 2314 Ab
2573 2260 2677 2313 illis
2704 2260 2865 2324 enim,
2897 2258 3020 2312 dum
3051 2259 3238 2319 mortis
3269 2259 3556 2313 tolerantia
3588 2261 3717 2314 indu-

2160 2350 2394 2403 bitanter
2443 2349 2743 2417 excipitur,
2809 2363 2931 2416 spes
2983 2347 3417 2404 immortalitatis
3462 2349 3729 2402 evidenter

2163 2438 2440 2492 asseritur.
2492 2436 2771 2506 Nunquam
2825 2437 2965 2490 enim
3025 2437 3162 2491 hanc
3208 2437 3375 2490 vitam
3428 2445 3732 2491 constanter

2159 2525 2554 2594 expenderent,
2599 2525 2701 2578 nisi
2739 2539 2857 2580 esse
2904 2524 2930 2562 ε
2979 2525 3199 2578 alteram
3246 2525 3732 2593 incomparabiliter

2161 2615 2455 2670 beatiorem
2497 2615 2730 2684 perfecta
2774 2615 3081 2670 definitione
3129 2616 3410 2670 sentirent.
3451 2616 3510 2671 In
3539 2619 3730 2672 sanctis

2161 2704 2340 2771 itaque
2367 2705 2645 2772 praeconiis
2670 2704 2909 2758 veritatis
2933 2713 2988 2758 et
3014 2704 3276 2772 passionis
3303 2707 3726 2773 magnanimitas.

490 2804 700 2868 Quanta
721 2809 802 2853 est
821 2799 960 2852 circa
982 2811 1078 2850 nos
1105 2797 1198 2851 Dei
1228 2797 1396 2849 nostri
1419 2796 1759 2849 sollicitudo?
1787 2792 1909 2848 Illos
1931 2810 2056 2848 exas
2086 2805 2130 2866 ρ
2166 2790 2183 2829 ι
2216 2800 2273 2846 et
2298 2793 2520 2846 rationis
2548 2793 2839 2846 auctoritas
2867 2801 2975 2857 est;
3025 2794 3255 2862 prompti
3295 2795 3438 2858 enim
3488 2807 3726 2863 pereunt.

491 2891 676 2952 minat,
703 2897 758 2941 ut
786 2902 880 2940 nos
907 2887 1140 2950 erudiat;
1173 2883 1292 2938 illos
1318 2885 1566 2947 conterit,
1591 2891 1647 2937 ut
1668 2895 1768 2937 nos
1795 2884 2053 2951 acquirat,

491 2989 790 3045 eorumque
808 2978 1073 3031 cruciatus
1097 2983 1308 3029 nostros
1333 2985 1352 3011 ε
1377 2974 1602 3027 contulit
1623 2984 1741 3027 esse
1768 2973 2056 3042 profectus.

492 3068 685 3123 Merito
723 3079 850 3134 ergo
893 3078 988 3120 eos
1032 3065 1288 3128 colimus,
1338 3067 1364 3099 ιι
1413 3063 1504 3131 qui
1558 3063 1808 3131 periculis
1861 3063 2058 3116 nostris

493 3166 753 3229 pugnant,
776 3165 830 3211 et
855 3157 1051 3210 nostris
1077 3154 1391 3208 utilitatibus
1412 3154 1664 3217 militant;
1695 3154 1783 3219 qui
1813 3165 1908 3221 per
1930 3153 2059 3205 lucis

492 3249 722 3316 vitaeque
741 3253 1100 3313 contemptum
1121 3242 1347 3297 edocent
1360 3258 1459 3298 nos
1472 3249 1725 3309 quantum
1747 3242 1854 3295 Deo
1876 3250 2059 3295 nostro

491 3337 782 3392 debeamus
825 3333 1091 3388 allectum.
1139 3332 1451 3386 Noverimns
1480 3334 1679 3400 itaque,
1727 3341 1749 3368 ε
1780 3333 1921 3399 quod
1951 3346 2058 3385 non

490 3428 608 3481 sine
634 3437 826 3493 magno
855 3423 1158 3478 discrimine
1185 3423 1252 3476 de
1278 3422 1548 3490 religionis
1574 3422 1804 3475 veritate
1828 3422 2059 3490 disputa-

490 3529 628 3579 mus,
654 3529 812 3584 quam
836 3521 1104 3566 tantorum
1126 3511 1380 3578 sanguine
1407 3509 1773 3564 confirmatam
1794 3510 2054 3563 videmus.

490 3603 667 3670 Magni
696 3601 915 3672 periculi
944 3611 1033 3653 res
1057 3607 1167 3664 est,
1203 3597 1221 3636 ί
1267 3598 1311 3653 si
1350 3606 1471 3667 post
1494 3599 1874 3667 prophetarum
1897 3594 2061 3670 624

487 3689 730 3755 oracula,
749 3697 872 3759 post
890 3687 1254 3756 apostolorum
1277 3686 1600 3751 testimonia,
1625 3695 1744 3754 post
1765 3696 2064 3757 martyrum

493 3779 745 3841 vulnera,
794 3785 1029 3832 veterem
1078 3773 1235 3829 ﬁdem
1284 3775 1434 3843 quasi
1481 3775 1746 3829 novellam
1790 3775 2058 3830 discutere

489 3882 796 3940 przesumas,
824 3873 880 3919 et
905 3873 1027 3934 post
1057 3872 1162 3917 tam
1207 3863 1517 3916 manifestos
1560 3864 1723 3916 duces
1767 3863 1821 3916 in
1870 3877 2057 3917 errore

491 3969 718 4028 perman
740 3964 904 4019 ‘as,.et
923 3962 1044 4023 post
1066 3953 1419 4017 morientiumi
1433 3954 1656 4007 sudores
1680 3954 1849 4006 otiosa
1877 3954 2057 4023 dispu-

488 4049 692 4101 tatione
719 4060 744 4095 ες
784 4044 1092 4099 contendas.
1139 4042 1465 4097 Veneremur
1491 4053 1620 4111 ergo
1648 4046 1701 4097 in
1727 4043 1821 4098 SS.
1855 4054 2057 4116 marty-

2160 2885 2218 2938 in’
2241 2885 2428 2938 melius
2456 2883 2740 2952 reparandi
2761 2925 2776 2949 ,
2805 2884 2996 2952 quibus
3023 2899 3124 2952 per
3142 2884 3414 2952 angustias
3438 2885 3728 2938 tribulatio-

2161 2991 2286 3029 num
2317 2976 2554 3043 aperitur
2580 2975 2754 3029 exitus
2789 2975 2855 3027 ad
2885 2983 2922 3009 ω
2949 2973 3089 3027 hanc
3116 2972 3501 3043 plenitudinem
3517 2977 3730 3043 gaudio-

2159 3083 2298 3121 rum.
2330 3067 2591 3121 Cruentas
2619 3066 2784 3136 impio
2811 3073 2879 3121 ex
2906 3077 3002 3120 ore
3029 3071 3288 3134 respuunt
3316 3063 3474 3134 623
3514 3077 3728 3120 sentcn-

2158 3159 2278 3220 tias,
2310 3157 2491 3211 auditu
2520 3157 2821 3225 repudiant,
2843 3155 3111 3222 refugiunt
3136 3153 3334 3209 ofﬁcio.
3356 3155 3542 3223 Itaque
3569 3156 3728 3223 impc-

2159 3255 2270 3299 tum
2299 3246 2563 3315 passionis
2607 3246 3044 3310 magnanimitate
3089 3253 3404 3312 provocant,
3433 3245 3727 3298 humilitate

2156 3336 2444 3390 declinant.
2481 3337 2496 3367 ¹
2525 3335 2868 3390 lncumbente
2895 3336 3286 3405 persecutionis
3332 3333 3514 3389 furore
3559 3335 3726 3388 adhuc

2155 3427 2524 3481 catechumeni
2553 3427 2786 3483 animum
2826 3427 2963 3481 coelo
2993 3435 3320 3496 prmparant,
3349 3437 3726 3494 regenerantnr

2154 3522 2349 3580 morte,
2377 3515 2719 3570 damnatione
2761 3516 3056 3579 solvuntur,
3106 3516 3282 3583 gladio
3326 3525 3721 3571 consecrantur.

2159 3603 2294 3659 Hinc
2317 3612 2344 3641 ιι
2374 3605 2730 3673 intelligamus
2748 3612 3003 3674 quantum
3033 3606 3258 3659 valuerit
3283 3605 3349 3658 ad
3379 3604 3721 3659 auferendum

2154 3696 2336 3749 mundi
2360 3703 2636 3764 peccaturo
2674 3695 2852 3765 passio
2880 3693 3273 3765 Redemptoris.
3306 3693 3445 3749 Ecce
3474 3696 3721 3748 innocen-

2158 3786 2287 3837 tiam
2316 3791 2371 3838 et
2397 3786 2560 3838 vitam
2587 3785 2844 3854 probatur
2870 3783 3115 3840 conferre
3143 3799 3288 3838 mors
3314 3784 3575 3849 hominis;
3603 3785 3722 3837 hinc

2160 3872 2514 3940 intelligamus
2528 3879 2784 3942 quantum
2810 3873 2864 3926 in
2883 3874 3119 3926 omnium
3136 3872 3398 3941 profuerit
3412 3887 3565 3927 sacra
3583 3887 3721 3925 mors

2158 3962 2277 4015 Filii
2304 3962 2416 4016 Dei.
2473 3961 2609 4017 Ecce
2636 3963 2908 4032 proprium
2945 3969 3001 4016 et
3041 3961 3278 4029 orginale
3302 3961 3556 4016 delictum
3586 3962 3720 4015 lavat

2154 4054 2370 4120 sanguis
2397 4053 2680 4117 humanus,
2709 4060 2784 4117 et,
2814 4053 2958 4124 quod
2983 4053 3100 4123 plus
3129 4061 3227 4116 est,
3261 4068 3420 4108 nemo
3440 4053 3553 4117 jam
3589 4055 3719 4106 tollit

487 4154 601 4194 rum
629 4138 796 4206 gloria
829 4135 981 4189 tidem
1011 4141 1278 4197 nostram,
1326 4135 1774 4201 congratulemur,
1821 4134 2052 4191 dilectis-
2079 4141 2131 4200 D
2154 4145 2296 4212 quod
2324 4144 2588 4212 baptismo
2622 4157 2721 4197 suo
2747 4160 2908 4198 cruor
2936 4153 2960 4181 ο
3009 4145 3098 4199 ille
3125 4143 3425 4198 contulerit.
3487 4143 3615 4198 Post
3642 4144 3719 4196 ni-

486 4227 602 4282 simi
644 4227 866 4290 fratres,
914 4238 1118 4290 magna:
1163 4221 1285 4275 tidei
1329 4231 1553 4286 nostra,
1595 4237 1691 4292 per
1717 4240 1895 4292 quam,
1927 4225 2050 4280 dum

487 4316 697 4370 exsules
733 4313 936 4383 protlua
976 4312 1196 4365 caritate
1221 4311 1505 4379 suscipitis,
1531 4313 1674 4381 ipsos
1699 4314 1859 4367 etiam
1885 4316 2050 4370 inter.

558 4453 584 4479 ι
613 4442 744 4495 Cod.
774 4439 895 4493 Vat.
921 4435 1310 4510 1273,paimam
1334 4455 1452 4491 raro
1480 4441 1762 4506 appetitore
1775 4444 2050 4510 pretiosam

489 4512 540 4564 in
558 4523 833 4580 paucorum
848 4509 1112 4580 triumiihit
1128 4509 1460 4580 plurimorum
1475 4511 1751 4562 commodis
1766 4509 2049 4580 prospexit.

487 4574 619 4658 God.
653 4574 926 4658 Urbevet.,
955 4574 1042 4629 sed
1068 4574 1344 4658 pretiosam
1381 4578 1433 4628 in
1470 4591 1743 4645 paucorum
1766 4574 2050 4651 'tritimphit

489 4657 702 4701 mortem
728 4647 1092 4724 plurimorum,
1122 4652 1226 4698 etc.
1430 4714 1441 4725 .
1757 4678 1787 4727 ,ε
1931 4647 1940 4651 ⁷

489 4713 874 4836 ωῶἓὲἐᾶἓέ.
907 4712 1050 4766 Petri
1096 4712 1140 4765 Δ
1185 4713 1236 4778 9,
1287 4710 1509 4766 Domino
1555 4724 1788 4784 martyrii
1833 4733 2047 4786 agonem

489 4799 808 4838 contmnam
816 4824 830 4837 .

567 4866 589 4891 ε
616 4853 749 4906 Cod.
783 4851 1054 4912 Urbevet.,
1078 4850 1317 4929 nultetse
1347 4853 1621 4932 profectus.

560 4921 590 5003 ᾖ
781 4917 902 4974 Vat.
926 4917 1081 4983 ηπ..
1110 4934 1194 4989 qui
1217 4935 1322 4971 mu
1345 4920 1579 4986 pericula
1601 4931 1848 4989 pugnant,
1878 4931 1926 4975 et
1952 4938 2047 4976 no—

564 5203 590 5243 s
617 5195 748 5249 Cod.
780 5191 837 5247 5'.
862 5191 1006 5247 Petri
1034 5197 1078 5246 A
1096 5193 1463 5248 9.contemnos.
1621 5240 1635 5251 ,

564 5264 591 5302 ³³
622 5264 752 5318 Cod.
779 5260 1055 5326 Urbevet.,
1080 5263 1134 5315 in
1164 5271 1303 5314 tanto
1331 5260 1519 5314 Christi
1547 5263 1705 5315 milite
1732 5263 1904 5331 ﬁdem.

571 5333 588 5410 ξ
622 5333 754 5410 ςοιὲο
777 5331 943 5410 .Vat-x
962 5331 1132 5410 ῌιξεετ
1157 5333 1858 5410 ηρωσξιεέῐιφτεέηίηελέάεε·

567 5403 580 5452 i
621 5401 752 5455 Cod.
776 5399 833 5454 S.
856 5391 999 5453 Petri
1020 5400 1062 5451 A
1085 5400 1136 5464 9,
1160 5408 1215 5453 et
1233 5391 1352 5453 cod.
1381 5391 1628 5464 νει,ἶαὶ
1649 5391 1870 5456 illustres
1890 5402 2052 5454 athle-

564 5493 582 5522 ¹
615 5489 728 5544 Huc
757 5503 921 5557 usque
944 5487 1112 5557 codex
1131 5488 1426 5552 Chisianus,
1450 5490 1610 5544 variis
1637 5490 1689 5542 in
1715 5489 1846 5543 locis
1873 5505 2055 5543 emcn-

494 5562 652 5613 datur
691 5573 721 5610 a
768 5553 950 5629 codice
995 5553 1321 5621 Subiacensi,
1373 5559 1461 5629 qui
1490 5560 1687 5627 pergit,
1723 5568 1777 5611 ut
1803 5559 2073 5627 deinceps,

494 5629 737 5683 habetur.
798 5626 1051 5680 Videntur
1074 5634 1251 5680 tamen
1271 5629 1335 5681 ab
1356 5626 1614 5695 elegantia
1640 5639 1692 5682 ct
1719 5629 1812 5680 niti
1835 5630 1880 5679 la
1909 5626 2055 5686 locu-

2161 4241 2330 4288 torem
2360 4247 2457 4286 nos
2486 4233 2752 4300 baptismi,
2779 4239 2901 4301 post
2926 4233 3176 4287 collatum
3201 4234 3353 4286 nobis
3372 4236 3475 4302 piae
3506 4247 3717 4300 regene-

2153 4319 2379 4375 rationis
2404 4321 2687 4375 candorem
2701 4360 2718 4388 ,
2740 4327 2860 4389 post
2875 4321 3187 4390 acquisitam
3208 4314 3508 4376 indumenti
3525 4322 3716 4390 ιωριὶι·

2152 4448 2646 4522 ttesuliscripserunt
2673 4451 2941 4522 sanguine,
2973 4461 3134 4504 morte
3154 4452 3478 4522 jureverunt.

2223 4515 2247 4584 ll
2277 4516 2418 4570 Idem
2440 4515 2570 4570 'cod.
2599 4517 2742 4584 Vat.,
2772 4515 2950 4574 aliam.

2227 4583 2243 4623 ¹
2276 4585 2423 4654 Idem
2452 4587 2570 4654 eod.
2610 4583 2735 4639 Vat.
2761 4588 2920 4654 ΗΠ),
2945 4597 2994 4642 et
3030 4587 3416 4643 resurrectionis
3443 4599 3646 4646 auctor.

2222 4664 2260 4690 ω
2287 4653 2417 4708 Cod.
2446 4653 2507 4706 S.
2541 4653 2681 4708 Petri
2728 4653 2930 4710 omittit
2975 4658 3139 4721 hanc;
3183 4657 3379 4711 deinde
3411 4676 3424 4710 :
3465 4658 3717 4717 Cruenta

2149 4725 2305 4791 impio
2332 4739 2394 4780 ea:
2425 4740 2511 4776 ore
2540 4726 2817 4778 sententias
2851 4735 3126 4846 regnant,
3152 4743 3327 4787 manu,
3357 4729 3540 4780 auditu
3568 4745 3717 4798 repu-

2151 4793 2324 4853 diarit,
2375 4794 2630 4861 refugiunt
2675 4794 2859 4861 ofﬁcio.
2949 4795 3034 4848 od.
3067 4795 3186 4848 Vat.
3238 4790 3391 4855 £273,
3441 4800 3715 4851 seruantia:

2154 4794 2324 4872 ditant,
2375 4794 2630 4861 refugiunt
2675 4794 2859 4914 ojicio.
2903 4794 3034 4876 Cod.
3067 4795 3186 4848 Vat.
3238 4794 3391 4876 {273,
3441 4794 3715 4878 sententias

2154 4872 2346 4937 respuit
2374 4877 2544 4922 manu,
2562 4877 2696 4937 _repu
2735 4863 3295 4937 ravit‘onditutrefugit
3323 4866 3508 4937 οπερ-ιο.
3539 4867 3717 4937 Utique

2153 4928 2394 4997 impetum
2433 4928 2689 4998 passionis
2736 4932 3019 4984 Imunilitate
3064 4928 3716 4988 declihhnsflnambeim

2154 5001 2486 5073 persecutoris
2517 5000 2690 5067 furore
2724 5000 2892 5051 adimo
2925 5003 3268 5073 catecfiumeni
3316 5010 3570 5073 martyres
3606 5004 3716 5056 ani-

2155 5083 2234 5118 mu
2243 5070 2438 5142 "increta
2447 5077 2795 5142 _pr‘wparant_,_
2806 5077 2922 5142 etc.
2937 5068 3432 5142 Hichintelligamus.

2224 5144 2247 5169 "
2277 5134 2407 5207 Cod.
2447 5133 2716 5207 Urbevet.,
2747 5135 2883 5189 Hinc
2906 5133 3364 5207 intelligitarfetc.

2224 5211 2248 5238 ο
2280 5204 2418 5256 Idem
2463 5204 2580 5257 cod.
2627 5203 2908 5270 Urbevet.,
2941 5203 3095 5259 cruor
3116 5208 3212 5259 iste
3236 5207 3470 5260 contulit.
3500 5207 3636 5262 Cod.
3657 5206 3712 5262 S.

2158 5266 2298 5344 Petri
2330 5273 2373 5324 A
2402 5273 2454 5337 9,
2485 5273 2618 5344 quod
2658 5266 2916 5344 baptizata
2962 5287 3053 5327 suo
3096 5284 3252 5329 cruor
3285 5279 3385 5328 iste
3429 5275 3710 5329 contulerit.

2157 5339 2274 5460 Νιὶξ
2301 5351 2416 5460 ροδέ
2442 5339 2683 5412 originali
2712 5339 2903 5412 peccati
2931 5345 3306 5413 expiationem,
3339 5356 3454 5414 post
3479 5345 3712 5398 collatam

2157 5424 2222 5460 no
2261 5427 2324 5460 is.
2353 5426 2381 5460 e
2407 5425 2454 5460 c.

2157 5413 2324 5477 nobis,
2353 5419 2454 5465 etc.

2159 5497 2304 5552 tione
2330 5499 2386 5553 S.
2418 5497 2653 5562 Maximi,
2683 5514 2801 5567 qua:
2821 5507 3135 5567 seqmmtnr,
3167 5499 3323 5555 nimis
3351 5499 3559 5564 aliena;
3587 5499 3719 5555 unde

2157 5567 2503 5621 dubitandum
2532 5577 2614 5622 est
2641 5583 2707 5621 an
2734 5569 2844 5636 ipse
2869 5571 2937 5623 sit
2965 5568 3180 5626 auctor;
