3896 6250
75 303 162 356 709
1416 288 1647 345 SERMO
1672 286 1952 343 LXXXIX.
3186 288 3222 336 '7
3239 285 3298 336 l0

75 414 129 463 lis
170 408 449 476 angelicam
497 406 810 472 dignitatem
864 414 886 441 α
944 406 995 457 in
1039 411 1378 472 peccatorum
1423 398 1616 468 relapsi
1647 403 1696 461 Α
1721 404 1992 466 speetum;
2038 395 2174 449 sicut
2202 395 2584 463 quodamJoco
2623 410 2726 447 vox
2764 402 2990 448 testatur
3018 396 3255 460 angelica
3289 411 3302 444 :

74 513 228 564 emno,
261 500 310 552 in
334 498 622 553 criminum
655 496 932 549 volutabro
960 496 1184 547 revoluti
1214 495 1426 546 niVeum
1456 492 1621 545 vesti-
1732 489 1801 541 Et
1827 505 1940 541 cum
1969 497 2018 540 tu
2038 527 2052 552 ,
2097 482 2289 555 inquit,
2319 504 2522 550 orares,
2554 504 2644 557 ego
2674 485 2832 540 obtuli
2853 487 3136 541 orationem
3159 495 3298 541 tuam

75 599 290 644 mentum
335 589 488 640 tetris
545 587 882 653 iniquitatum
929 599 993 638 ac
1039 584 1314 636 libidinum
1364 581 1625 648 contagiis
1728 582 1781 632 in
1803 587 2071 645 conspectu
2098 578 2350 631 claritatis
2371 576 2469 630 Dei
2499 575 2650 647 (Tob.
2684 577 2797 646 xu).
2833 586 2858 614 η
2899 576 3063 631 Beata
3101 577 3298 641 anima,

72 677 409 742 sordidamus,
457 683 513 729 et
543 675 569 713 δ
598 673 974 740 holosericam,
1023 673 1074 725 in
1096 687 1200 740 qua
1228 671 1457 738 sigillum
1487 670 1623 724 divi-
1727 669 2022 736 carissimi,
2059 667 2211 736 cujus
2234 675 2446 730 votum,
2488 666 2639 734 cujus
2669 667 3096 736 compunctionis
3128 668 3316 721 incent

74 784 145 820 na:
171 767 408 834 imaginis
435 779 814 833 acceperamus
841 764 1156 831 impressum
1175 803 1187 822 ,
1213 761 1464 814 -maculis
1491 774 1629 814 mor-
1727 776 1865 825 sum,
1898 759 2049 828 cujus
2074 757 2478 828 supplicationis
2503 758 2893 822 holocaustum,
2925 757 3069 812 nulla
3099 759 3150 810 in
3181 757 3302 811 inli-

77 857 226 910 tiferat
264 855 624 924 corruptionis
659 849 966 916 'intlcimus,
1034 858 1088 905 et
1135 858 1258 919 post
1305 849 1626 914 singularem
1728 850 1947 904 delitate
1993 847 2282 916 tumidum,
2353 848 2502 902 nullo
2545 847 2775 902 carnalis
2822 848 3086 902 illecebrae
3130 847 3302 901 fetore

77 946 264 998 Domini
303 944 474 998 nostri
511 942 892 1010 lndulgentiam
930 940 1182 994 innovate
1209 937 1496 1001 fos‘damus,
1546 937 1628 989 in-
1727 939 2009 1007 pollutum,
2043 939 2184 992 nulla
2212 939 2413 992 saevitia
2435 940 2462 974 δ
2487 945 2788 1005 cruentum,
2817 939 2958 991 milia
2989 937 3094 991 odii
3122 937 3305 991 simul-

75 1048 208 1102 tegra
226 1034 594 1098 rescindimus,
613 1031 829 1099 expiata
848 1030 1127 1092 violamus,
1149 1035 1452 1096 repetentes
1464 1039 1628 1093 opera
1729 1034 1840 1080 tate
1867 1028 2220 1093 maculatum;
2277 1028 2373 1081 sed
2401 1027 2506 1080 ﬁde
2535 1028 2774 1094 igneum,
2817 1026 3146 1080 conscientia
3175 1027 3305 1079 niti-

79 1140 173 1176 non
204 1136 222 1159 ε
249 1122 358 1191 jam
388 1121 542 1182 undis
563 1119 868 1189 purganda,
906 1117 998 1173 sed
1026 1116 1273 1171 ﬂammis.
1307 1113 1330 1150 ἀ
1364 1113 1512 1167 Felix
1542 1113 1628 1166 hic
1731 1108 1874 1179 dum,
1902 1115 2209 1170 sinceritate
2236 1111 2414 1177 cordis
2433 1114 2796 1178 'odoriferu'm,
2823 1116 3107 1169 concordia
3135 1126 3189 1168 et
3211 1130 3304 1168 ca-

79 1213 188 1265 talis
209 1211 535 1280 baptismus,
586 1223 693 1276 quo
735 1220 894 1261 omne
921 1205 1174 1260 delictum
1213 1205 1284 1257 ita
1313 1216 1345 1256 a
1379 1202 1630 1256 catechu-
1731 1205 1887 1258 ritate
1912 1204 2225 1273 perfectum,
2258 1220 2426 1273 usque
2455 1204 2520 1258 ad
2544 1205 2637 1258 Dei
2660 1206 2861 1258 vultum
2887 1221 2981 1273 per
3001 1205 3302 1259 emlestium

80 1314 222 1354 meno
249 1300 406 1363 exiit,
446 1307 504 1351 ut
530 1298 702 1352 redire
726 1296 837 1365 jam
861 1296 1195 1364 nonpossit;
1251 1304 1357 1362 quo
1386 1292 1460 1346 sic
1493 1301 1516 1328 ο
1546 1292 1632 1343 de-
1732 1293 2040 1348 nuntiorum
2077 1293 2317 1348 defertur
2352 1296 2688 1362 obsequium.
2741 1294 2870 1359 Qua:
2911 1310 3030 1349 cum
3070 1295 3142 1346 ita
3172 1294 3305 1353 sint,

78 1391 188 1442 licta
217 1404 309 1442 sua
336 1389 526 1453 solvit,
551 1403 619 1441 ne
641 1388 778 1440 ultra
799 1385 1125 1441 creditorem
1151 1376 1398 1446 timeret;
1441 1395 1548 1448 quo
1578 1380 1632 1432 in
1735 1384 2061 1437 honoremus
2093 1395 2117 1431 ρ
2146 1395 2362 1437 sanctos
2389 1392 2684 1455 martyres,
2723 1385 2993 1453 principes
3017 1382 3166 1446 ﬁdei,
3220 1382 3308 1436 in-

1736 1481 2059 1527 tercessores
2086 1474 2299 1536 mundi,
2340 1490 2616 1544 prtecones
2643 1477 2792 1542 regni
2811 1514 2824 1537 ,
2855 1476 3162 1529 cobzcredes
3190 1474 3305 1528 Dei.

1738 1561 1889 1627 Quod
1916 1563 1960 1616 si
1984 1562 2130 1617 dicas
2143 1563 2271 1617 mihi
2288 1581 2299 1616 :
2315 1563 2442 1632 quid
2462 1565 2698 1618 honoras
2719 1567 2770 1619 in
2798 1580 2961 1619 carne
2969 1565 3078 1632 jam
3103 1565 3307 1619 resolu-

1737 1661 1791 1706 ta
1822 1661 1981 1720 atque
2009 1661 2342 1722 consumpta,
2373 1653 2441 1707 de
2467 1669 2570 1722 qua
2593 1658 2704 1724 jam
2737 1655 2875 1709 nulla
2897 1655 3008 1708 Deo
3028 1661 3158 1712 mra
3179 1656 3306 1709 est?

80 1751 143 1802 ita
169 1750 295 1813 sint,
335 1748 630 1814 carissimi,
661 1747 787 1800 licet
811 1755 837 1789 κ
864 1745 1090 1814 quisque
1119 1751 1298 1795 tantus
1325 1741 1522 1796 Christi
1552 1750 1633 1797 te-
1667 1780 1711 1814 η
1739 1740 1803 1794 Et
1835 1743 1924 1795 ubi
1946 1750 2028 1796 est
2057 1743 2183 1796 illud
2202 1783 2216 1808 ,
2249 1745 2536 1806 carissimi,
2573 1744 2715 1812 quod
2747 1746 2861 1812 ipse
2891 1755 2918 1793 (ι
2949 1745 3183 1812 loquitur
3211 1759 3310 1812 per

77 1839 162 1891 stis
187 1839 453 1907 pretiosus
492 1838 561 1890 sit
586 1833 952 1900 confessione,
1009 1833 1296 1902 pretiosior
1335 1839 1417 1885 est
1457 1841 1631 1885 tamen
1669 1830 1710 1838 ”
1740 1832 2054 1900 prophetam
2082 1849 2094 1882 :
2124 1830 2364 1886 Pretiosa
2387 1834 2442 1885 in
2465 1840 2735 1902 conspectu
2764 1832 2978 1886 Domini
3014 1849 3152 1886 mors
3180 1849 3308 1886 san-

76 1929 346 1995 sanguine,
382 1926 586 1983 crudeli
614 1926 835 1979 vulnere
861 1924 1171 1992 speciosior,
1206 1929 1262 1976 et
1291 1922 1454 1976 tincta
1489 1930 1640 1984 Veste,
1735 1930 1935 1973 ctorva
1948 1921 2056 1990 ejus
2075 1907 2242 1989 (Psal.
2268 1921 2420 1990 cxv);
2445 1929 2498 1976 et
2517 1923 2711 1977 iterum
2731 1942 2742 1976 :
2763 1922 2893 1977 Mihi
2915 1934 3084 1976 autem
3111 1934 3130 1961 τ
3158 1919 3312 1977 nimis

79 2016 99 2052 δ
127 2017 424 2080 candidior,
475 2016 602 2069 licet
642 2015 696 2068 in
741 2027 1057 2084 quacunque
1097 2011 1379 2081 peculiaris
1419 2018 1638 2080 putetur
1736 2010 1974 2063 honorati
1995 2019 2113 2064 sunt
2141 2013 2292 2064 amici
2323 2013 2421 2077 tui,
2452 2012 2590 2067 Deus
2625 2012 2794 2082 (Psal.
2827 2013 2999 2082 xux)‘.
3026 2012 3311 2068 Honorare

77 2108 340 2176 privilegio
362 2107 626 2176 sepulcri,
654 2105 749 2160 sed
785 2106 801 2142 ι
836 2113 1019 2158 noster
1037 2111 1202 2170 atque
1219 2103 1454 2154 omnium
1475 2102 1641 2171 636
1739 2102 1996 2156 debemus
2023 2117 2208 2158 servos
2238 2104 2360 2165 Dei,
2410 2113 2611 2172 quanto
2639 2105 2807 2172 magis
2834 2106 3034 2160 amicos
3062 2105 3190 2172 Dei,
3240 2106 3309 2160 de

79 1493 132 1532 se
153 1477 382 1532 hostium
410 1482 633 1546 peccata
671 1474 774 1528 ﬁde
801 1474 989 1538 solvit,
1049 1471 1152 1525 ﬁne
1172 1470 1486 1534 damnavit;
1535 1482 1634 1536 per

77 1583 224 1636 quem
264 1567 586 1637 baptismum
632 1565 994 1620 innocentiam
1043 1561 1329 1616 devotione
1371 1558 1632 1627 quaesivit,

81 1657 458 1726 perseverantia
485 1657 716 1720 invenit,
767 1660 940 1708 morte
979 1653 1229 1706 servavit.
1285 1651 1301 1687 ί
1359 1649 1485 1715 Quae
1513 1662 1633 1701 cum

77 2204 151 2248 est
176 2197 552 2250 communione
578 2193 814 2261 suﬁragii
837 2194 976 2265 (sic).
1008 2192 1189 2260 Neque
1210 2193 1348 2246 enim
1377 2190 1639 2260 prazdicta:
1740 2192 1932 2259 quibus
1960 2193 2065 2247 alio
2094 2194 2213 2249 loco
2256 2195 2490 2250 dicitur:
2525 2195 2774 2251 Dominus
2817 2205 2837 2231 ⁸
2881 2198 3100 2251 custodit
3141 2200 3315 2252 omnia

1743 2298 1860 2335 ossa
1880 2298 2081 2348 eorum;
2102 2301 2258 2337 unum
2279 2301 2342 2338 ea:
2365 2285 2441 2338 his
2467 2292 2568 2339 non
2588 2294 2879 2340 conteretur
2908 2285 3078 2360 (Psal.
3104 2287 3316 2355 xxxm).

1743 2369 1900 2440 627
1931 2370 2150 2425 Honore
2180 2383 2306 2440 ergo
2358 2373 2410 2426 in
2453 2388 2617 2427 carne
2662 2375 2907 2444 martyris
2940 2381 3194 2444 exceptas
3217 2392 3318 2444 pro

1748 2455 1947 2515 Christi
1974 2463 2192 2517 nomine
2227 2465 2240 2500 ¹
2274 2463 2572 2518 cicatrices.
2609 2463 2828 2518 Honora
2856 2480 2955 2533 pro
2979 2465 3317 2521 confessione

1749 2551 2016 2614 Domini,‘1
2045 2561 2285 2607 sacratos
2321 2551 2548 2608 cineres.
2607 2547 2826 2609 Honora
2857 2556 2909 2608 in
2948 2555 3216 2611 cineribus
3244 2572 3322 2610 se-

1748 2644 1890 2696 mina
1919 2645 2252 2697 :eternitatis.
2301 2643 2521 2698 Honore
2550 2660 2745 2714 corpus
2769 2645 2911 2712 quod
2941 2645 3069 2698 mihi
3101 2657 3124 2682 ν
3153 2645 3322 2699 Deum

1748 2746 1927 2785 meum
1955 2734 2190 2788 ostendit
2215 2734 2468 2800 diligere,
2498 2735 2647 2802 quod
2670 2748 2756 2789 me
2785 2745 3006 2804 propter
3028 2736 3195 2788 Deum
3218 2736 3318 2789 do-

1751 2824 1860 2876 Cuit
1890 2832 2122 2877 mortem
2152 2838 2259 2876 non
2291 2825 2499 2878 timere.
2548 2823 2655 2877 Cur
2690 2833 2867 2878 autem
2890 2840 2999 2878 non
3028 2827 3191 2894 628
3220 2825 3322 2879 ho-

1754 2927 1938 2966 norem
1969 2928 2164 2981 corpus
2193 2910 2318 2966 illud
2337 2953 2351 2977 ,
2378 2912 2591 2981 ﬁdeles,
2616 2914 2758 2981 quod
2789 2923 3102 2968 reverentur
3129 2921 3185 2968 et
3213 2915 3324 2967 da:-

1752 3018 1963 3065 mones,
2025 3003 2170 3070 quod
2201 2997 2505 3056 alﬁixerunt
2535 3004 2586 3056 in
2617 3005 2876 3074 supplicio
2902 3005 2994 3059 sed
3023 3005 3326 3072 gloriﬁcent

79 2285 205 2340 illius
232 2285 378 2338 urbis
407 2285 601 2338 caritas
622 2282 859 2352 proﬂua,
919 2289 973 2334 et
1001 2279 1132 2335 ﬁdes
1160 2295 1319 2333 avara
1353 2287 1562 2333 tantum
1591 2281 1641 2332 ei

82 2378 92 2420 ι
127 2375 418 2441 derogavit,
446 2374 572 2426 dum
600 2373 700 2428 sibi
729 2379 966 2439 arrogat,
997 2378 1056 2424 ut
1083 2371 1258 2425 solum
1286 2371 1424 2424 intra
1444 2372 1641 2424 moenia

77 2480 164 2520 sua
192 2466 404 2534 patroni
433 2465 576 2518 illius
613 2462 877 2518 beneﬁcia
903 2463 1106 2520 inclusa
1137 2477 1257 2529 esse
1278 2462 1303 2498 ¹ι
1332 2459 1658 2527 crediderit.~

79 2553 182 2608 Non
204 2555 466 2608 clauditur
497 2555 655 2618 locis,
711 2549 728 2589 ι
763 2553 855 2621 qui
885 2550 1195 2605 diffunditur
1216 2548 1468 2605 meritis.’
1488 2550 1645 2604 Invo—

79 2643 203 2695 casti
234 2643 433 2710 ubique
460 2651 768 2712 martyrem,
801 2641 998 2710 ubique
1026 2641 1246 2695 exaudit
1273 2640 1382 2707 ille,
1408 2640 1506 2709 qui.
1529 2652 1648 2693 ora«

83 2735 160 2784 tur
180 2733 230 2784 in
259 2740 515 2802 martyre.
547 2731 861 2786 Moderante
891 2732 1070 2799 itaque
1093 2745 1160 2784 eo
1188 2730 1279 2798 qui
1309 2737 1498 2799 pensat
1521 2737 1646 2782 vota

81 2829 163 2872 tua
189 2827 244 2873 et
265 2820 541 2889 dispensat
567 2835 790 2874 munera
819 2836 944 2886 sua,
995 2820 1048 2873 in
1081 2828 1287 2874 tantum
1310 2819 1483 2874 vicina
1512 2835 1650 2888 pra:-

81 2908 241 2960 sentia
262 2917 301 2944 πι
329 2909 566 2964 efﬁcacis
591 2909 917 2978 praabebitur
945 2908 1226 2970 advocati,
1287 2909 1340 2962 in
1388 2917 1650 2976 quantum

87 2998 236 3052 fuerit
261 2999 393 3054 ﬁdes
420 3001 613 3054 devota
641 3002 894 3070 suscepti.
913 3000 1099 3055 Oratio
1125 3001 1268 3054 enim
1295 3015 1412 3068 qua:
1433 3000 1653 3053 castita-

83 3089 161 3152 tis,
185 3090 406 3156 justitize
439 3090 1009 3160 eleemosynarumque
1054 3091 1309 3160 operibus
1343 3089 1646 3158 adjuvetur,
1677 3125 1722 3187 Ο
1755 3093 1806 3145 in
1831 3093 2113 3161 sepulcro?
2154 3089 2372 3147 Honore
2404 3093 2583 3162 itaque
2609 3109 2805 3164 corpus
2832 3103 2859 3130 ι
2887 3095 3028 3162 quod
3057 3093 3328 3158 Christum

84 3181 286 3234 excedit
308 3181 568 3236 mundum
589 3225 604 3248 ,
635 3192 882 3252 penetrat
908 3183 1244 3253 paradisum,
1276 3183 1454 3237 evolat
1481 3196 1650 3250 usque

86 3269 145 3324 ad
171 3271 341 3342 ipsum
367 3288 590 3329 summa:
618 3274 944 3344 majestatis,
986 3274 1177 3343 angelo
1200 3273 1488 3340 offerente,
1523 3288 1655 3327 con-

1756 3183 2041 3238 honoravit
2078 3184 2130 3238 in
2170 3185 2378 3253 gladio,
2431 3183 2572 3254 quod
2614 3201 2736 3238 cum
2781 3183 2996 3239 Christo
3041 3191 3230 3252 regnat
3275 3187 3330 3240 in

1763 3274 1921 3329 caalo.

1372 3462 1641 3532 SERMO
1683 3462 2043 3530 LXXXIX.

1073 3607 1202 3662 Item
1234 3608 1400 3662 natali
1429 3608 1534 3664 SS.
1566 3609 1904 3679 plurimorum
1932 3617 2214 3679 martyrum
2242 3609 2270 3663 Ι
2285 3609 2346 3665 V.

1430 3766 1435 3771 -
1518 3740 1902 3796 ADMONITIO.

154 3880 198 3932 A
225 3877 591 3950 Benedictinis
610 3877 893 3950 trionacbis
914 3890 1163 3950 eongreg.
1195 3877 1251 3931 S.
1282 3877 1451 3931 Mauri
1481 3876 1693 3950 codices
1723 3875 2112 3950 hateranenses
2129 3878 2362 3950 basilica:
2387 3877 2842 3950 Constantiniana:
2864 3880 2917 3935 in
2940 3881 3248 3950 praelatione
3274 3886 3344 3942 ad

89 3948 331 4029 ti'omilias
359 3949 418 4002 S.
450 3947 692 4029 Gregorii
722 3945 900 4029 Magni
928 3949 979 4028 in
1007 3945 1258 4029 Evangel.
1304 3963 1447 4000 num.
1483 3947 1546 4029 ιο
1585 3947 1935 4029 edit.“Venet.
1973 3962 2061 4029 an_.
2093 3946 2247 4027 I769,
2291 3947 2678 4029 tom..V,_pag.
2711 3948 2846 4029 βᾶ,
2875 3945 3336 4029 commendantur.

88 4016 190 4097 {Vos
216 4019 740 4097 etiam.pro_nostra‘
767 4016 995 4097 Maximi
1011 4017 1327 4097 collectione
1368 4016 1584 4097 eosdem
1633 4016 1842 4071 codices
1869 4017 2265 4097 consumimus,
2297 4031 2396 4097 nec
2417 4016 2686 4097 inutilem
2710 4019 3067 4097 impendimus
3094 4037 3335 4091 operam.

90 4084 142 4164 In
163 4087 286 4140 cod.
318 4084 466 4168 enim
498 4086 668 4167 εἰς.οι
711 4086 774 4148 Α,

90 4170 406 4234 impressum
437 4171 755 4210 invenimus.

89 4233 333 4280 rimorum
362 4233 670 4296 martyrum.

157 4473 182 4500 ³
210 4461 385 4517 Codd.
418 4459 675 4516 Urbevet.
696 4466 750 4513 et
773 4457 828 4512 S.
859 4457 1000 4511 Petri
1022 4457 1064 4508 A
1084 4457 1138 4521 9,
1155 4459 1208 4510 in
1232 4464 1548 4521 peccatorum
1570 4468 1671 4506 cae-

93 4531 452 4600 numrelapsi,
483 4540 531 4600 et
555 4530 610 4600 in
633 4529 843 4600 antiquo
869 4528 1139 4600 criminum
1159 4524 1418 4600 volutabra
1444 4524 1671 4578 resoluti.

159 4601 184 4640 δ
211 4594 361 4655 Idem
390 4599 516 4654 cod.
547 4598 604 4652 S.
637 4594 782 4652 Petri
811 4598 855 4649 A
882 4596 936 4662 9,
967 4604 1014 4648 et
1039 4594 1337 4648 obsericam.

161 4681 184 4710 ε
214 4670 364 4723 Idem
395 4668 520 4722 cod.
542 4665 599 4720 S.
626 4665 769 4720 Petri
791 4665 834 4718 Α
864 4666 898 4720 9
926 4665 1127 4734 omittit
1145 4666 1280 4734 jam.

160 4739 188 4776 ά
215 4738 355 4793 Cod.
386 4737 513 4793 Vat.
537 4735 692 4802 ηπ,
716 4734 870 4788 Felix
889 4735 971 4786 hic
992 4733 1082 4786 tali
1113 4733 1175 4785 ba
1214 4733 1382 4799 tismo,
1404 4748 1500 4802 quo
1521 4734 1670 4785 amne

161 4810 340 4855 (ictum
369 4809 450 4855 ita
475 4806 537 4855 ab
562 4821 621 4855 eo
647 4806 780 4855 exit.
810 4813 884 4855 ut.
916 4802 1051 4855 Cod.
1098 4750 1370 4855 Urgevetu
1410 4803 1496 4855 aui
1523 4816 1670 4853 omne

99 4810 340 4862 delictum
369 4809 450 4868 ita
475 4806 537 4858 ab
562 4821 621 4859 eo
647 4800 780 4867 eicit,
810 4813 884 4856 ut.
916 4802 1051 4857 Cod.
1098 4800 1370 4864 Urbevet.,
1410 4800 1496 4871 oui
1523 4816 1672 4871 omne

95 4879 335 4932 delictum
354 4873 532 4954 itaag
555 4875 800 4954 canuit,
820 4881 876 4954 ut
895 4873 1011 4940 jam
1036 4873 1207 4925 redire
1231 4877 1331 4924 non
1351 4869 1532 4940 possit.
1557 4869 1676 4924 Huc

99 4961 261 5016 usque
289 4944 473 5000 codex
499 4941 556 4996 S.
590 4941 731 4995 Petri
764 4941 809 4994 A
838 4941 890 4994 9.

166 5027 189 5053 ⁶
217 5014 373 5070 θοὰ..
393 5011 519 5067 Vat.
552 5004 708 5076 I973,
735 5009 903 5064 debita
930 5027 1024 5080 pro
1047 5009 1233 5064 delicta
1252 5007 1421 5071 solvit,
1450 5022 1514 5059 ne
1532 5007 1669 5060 ultra

97 5087 405 5140 creditorem
436 5089 646 5135 teneret.

169 5154 188 5194 ί
218 5153 321 5209 Hie
348 5150 622 5207 clauditur
646 5163 825 5202 sermo
852 5149 907 5202 in
935 5148 1092 5202 Brev.
1123 5147 1316 5202 Velitr.

167 5233 194 5271 s
219 5222 361 5278 Cod.
393 5217 516 5275 Vat.
551 5215 708 5284 1273,
739 5219 822 5271 hic
839 5233 946 5340 aro
975 5219 1202 5289 quisque.

167 5291 192 5329 Ιι
219 5291 372 5340 Idem
410 5286 569 5340 codd.
599 5285 721 5340 Vat.
753 5293 807 5340 et
883 5285 1114 5340 rbevet..
1144 5283 1433 5338 candidior.
1466 5284 1535 5337 Et
1559 5285 1595 5338 li

163 5291 192 5329 ¹ι
219 5291 372 5346 Idem
410 5286 569 5368 codd.
599 5283 1114 5368 Vat..et.Urbevet.,
1144 5283 1433 5338 candidior.
1466 5284 1535 5337 Et
1559 5285 1676 5338 licet

99 5374 398 5431 quaeautque
424 5355 552 5410 urbe
552 5356 869 5480 lpeculiaris,
899 5363 1003 5409 etc.
1580 5423 1591 5434 .

172 5430 185 5467 l
219 5430 370 5483 Idem
401 5426 527 5481 cod.
599 5424 828 5488 rbevet.,
860 5425 1022 5478 nostri
1051 5433 1247 5488 tamen,
1276 5430 1426 5492 atque
1453 5437 1676 5475 omnium

101 5511 184 5617 mi
197 5493 1075 5640 Γῖῐῗάῃῗτῖδὲῖῗῖἷαῖέὲοθαυςῇε·

169 5639 190 5673 ⁸
223 5636 377 5690 Idem
408 5630 567 5686 codd.
603 5628 934 5684 Urbevetfet
960 5631 1080 5684 Vat.
1120 5631 1274 5696 1275,
1305 5632 1496 5685 credat.

845 4100 928 4153 ag.
975 4085 1096 4147 152,
1128 4095 1253 4140 ante
1294 4086 1581 4140 nonnullos
1610 4099 1884 4139 sermones
1913 4085 2150 4152 ejusdem
2193 4085 2250 4140 S.
2302 4101 2332 4140 e

832 4102 928 4153 pag.
975 4102 1096 4147 τοι,
1128 4102 1253 4140 ante
1294 4102 1581 4140 nonnuuos
1610 4102 1884 4139 sermones
1913 4102 2150 4152 ejusdem
2193 4102 2250 4140 δ.
2302 4102 2332 4140 e
2372 4102 2540 4156 iscopt
2565 4102 2673 4154 jam
2704 4102 2895 4154 editos,
2942 4102 3084 4144 nunc
3110 4102 3345 4146 nondum

832 4163 882 4209 st
906 4170 1035 4210 vero
1063 4156 1176 4210 haec
1204 4156 1345 4209 illius
1385 4155 1698 4224 inscriptio:
1733 4153 1997 4225 Incipiunt
2026 4171 2283 4216 sermones
2321 4102 2382 4211 ἑ).
2415 4153 2637 4210 Maximi
2658 4159 2902 4228 episcOpi.
2937 4157 3002 4212 In
3027 4161 3204 4215 natale
3228 4163 3342 4232 plu-
3427 4171 3436 4176 ‘

2372 4083 2673 4168 iscgpijarn
2704 4083 2895 4168 editos,
2942 4089 3084 4168 hunc
3110 4083 3345 4168 nonduin

1859 4454 2073 4537 lCodd.
2107 4464 2218 4508 tum
2245 4454 2366 4513 Vat.
2399 4456 2511 4510 tum
2542 4455 2818 4524 Urbevet.,
2862 4461 2996 4532 quod
3041 4461 3350 4530 diffunditur

1779 4536 1992 4579 meritis.

1848 4604 1885 4629 ω
1914 4593 2200 4664 [ἀέξω-φά.
2220 4592 2367 4658 Vat.,
2391 4595 2661 4664 enicacius.

1848 4672 1872 4744 ξι
1901 4662 2034 4744 Cod.
2065 4660 2335 4744 Urbevet.,
2375 4660 2536 4717 BEata
2563 4675 2639 4718 est
2665 4667 2799 4720 enim
2819 4709 2834 4734 ,
2859 4669 3137 4738 carissimi,
3163 4675 3331 4726 oratio

1777 4739 1922 4802 cujus
1953 4741 2139 4795 votum,
2171 4739 2274 4784 etc.

1851 4811 1875 4837 ο
1905 4801 2047 4854 Idem
2078 4801 2200 4855 cod.
2238 4797 2512 4861 Urbevet.,
2545 4813 2886 4857 cruentatum.

1848 4881 1872 4918 ι)
2059 4870 2180 4945 Vat.
2208 4868 2360 4945 I273,
2397 4873 2702 4945 [teneremus
2725 4872 2902 4945 beatos
2929 4884 3208 4945 martyres.

1844 4949 1872 4988 οι
1901 4940 2048 5009 Idem
2076 4937 2516 5009 cod._V_at.,quod
2541 4941 2651 5009 ipse
2677 4944 2861 4996 veritas
2889 4937 3131 5009 laquitur.

1847 5018 1869 5044 τ
1902 5008 2044 5061 Idem
2066 5007 2184 5061 cod.
2202 5006 2357 5071 H75,
2381 5006 2535 5061 nimis
2555 5006 2653 5077 pro
2675 5011 2844 5075 valde,
2866 5020 2924 5064 ut
2944 5006 2995 5065 In
3019 5021 3186 5066 textu.
3211 5011 3350 5068 Cod.

1781 5075 2053 5149 Urbevet.,
2085 5075 2584 5149 miltigutemjalde
2609 5079 2993 5149 honoriﬁcandi
3017 5092 3153 5136 sunt.

1851 5152 1874 5182 ι
1901 5144 2044 5200 Idem
2073 5146 2192 5199 eod.
2217 5145 2339 5200 Vat.
2365 5143 2528 5214 1275,
2545 5143 3007 5217 custodltfinquit,
3037 5151 3210 5203 omnia
3232 5169 3353 5205 ossa

1779 5231 1974 5276 eorum,
1996 5223 2044 5266 et
2064 5231 2239 5267 unum.

1857 5284 1872 5317 ί
1908 5282 2038 5334 Cod.
2073 5281 2347 5348 Urbevet.,
2371 5285 2654 5352 cicatrices.
2682 5284 2898 5338 Honora
2920 5287 3140 5340 viventes
3160 5303 3354 5340 meme.

1781 5354 1862 5404 ria
1885 5353 2211 5420 perennitate.
2228 5351 2447 5406 virtutis.
2481 5351 2693 5407 Hauoro
2717 5370 2837 5427 pro,
2862 5361 2967 5419 etc,

1856 5431 1878 5456 υ
1909 5420 2041 5473 Cod.
2073 5420 2214 5473 Vat..
2247 5434 2424 5473 sacros
2453 5425 2666 5473 cineres.

1954 5434 2041 5473 00.
2080 5434 2214 5481 Vill...
2247 5434 2424 5474 606708
2453 5439 2666 5474 emeres.

1857 5499 1882 5524 τ
1913 5489 2045 5542 Cod.
2077 5487 2351 5550 Urbevet.,
2385 5489 2523 5543 Deus
2545 5507 2704 5542 meus.

1855 5566 1878 5593 ³
1907 5558 2049 5610 Idem
2077 5558 2196 5610 cod.
2233 5557 2508 5626 Urbevet.,
2554 5560 2687 5626 quod
2733 5556 2965 5610 Christus
3005 5560 3272 5612 honoravit
3300 5563 3348 5612 in

1786 5627 1979 5692 gladio,
2012 5627 2144 5694 quod
2173 5643 2283 5678 cum
2315 5625 2512 5681 Christo
2536 5625 2768 5680 tenuabit
2790 5629 2842 5679 in
2873 5628 3017 5679 ccclo.
