3896 6250
495 289 594 345 7η

1673 269 1728 318 S.
1771 261 2014 318 MAXIM]
2052 258 2502 315 TAURINE‘NSIS

3652 256 3776 310 ἨΞ

495 397 883 452 Asculea-run.
912 421 980 434 -ι
1020 391 1079 442 Si
1100 389 1230 458 justi
1250 389 1303 440 in
1335 386 1554 458 Domino
1580 385 1851 458 uetant-ur,
1880 375 2064 458 iri-justi.
2094 377 2142 436 Δ
2166 374 2365 430 Christi
2409 375 2566 437 facit,
2617 374 2912 428 admonens
2955 372 3254 442 Apostolus
3307 379 3368 424 ut
3413 370 3772 439 prudentum

567 446 946 518 adgnoscunt
973 446 1140 512 laturi
1170 458 1271 509 nisi
1300 458 1352 508 in
1378 455 1584 507 saeculo.
1644 451 1852 503 Carita's
1875 446 2065 500 Christi

567 534 769 586 munda
786 527 1108 598 pnefersnda
1129 535 1235 598 est;
1268 524 1600 598 eligendaque
1627 529 1911 598 martyrum
1940 530 2068 568 cau-

567 618 647 662 sa,
677 601 724 658 si
988 597 1247 665 pervenire
1274 587 1654 660 ad'martgrum
1677 587 1926 656 palmam.

569 751 705 808 Cum
733 749 849 804 dies
873 747 969 802 SS.
993 741 1298 816 'martyrum
1329 751 1444 809 est,
1497 740 1637 795 unde
1663 738 1842 806 potius
1875 731 2071 801 aliquid

499 843 752 907 delectet,
779 839 882 894 nisi
908 838 976 893 de
1002 837 1172 905 gloria
1198 833 1477 904 ipsorum?
1508 830 1735 898 Adjuvet
1765 841 1865 880 nos
1893 822 2074 877 Domi-

503 948 604 986 nus
627 938 952 1000 martyrum,
997 927 1125 995 quia
1161 925 1276 995 ipse
1306 932 1391 978 est
1420 921 1678 976 Dominus
1715 925 1919 972 noster.
1968 913 2078 966 Vo-

494 1008 624 1075 cem
662 1026 956 1088 martyrum
1004 1014 1350 1068 audiebamus
1386 1011 1547 1081 paulo
1585 1017 1710 1062 ante
1746 1008 1907 1061 beato
1945 1018 2077 1072 apo-

502 1110 645 1162 stolo
675 1097 1023 1176 praedicante,
1057 1119 1122 1157 ac
1145 1103 1395 1161 dicente:
1446 1099 1574 1163 Quis
1622 1114 1718 1152 nos
1755 1092 2017 1165 separabit
2044 1109 2076 1143 a

504 1199 720 1251 caritate
747 1195 970 1249 Christi?
1005 1193 1108 1246 Ista
1139 1199 1221 1246 est
1255 1206 1359 1244 vox
1388 1198 1701 1258 martyrum.
1759 1181 2079 1238 Tributatia.’

499 1288 740 1358 angustia
760 1287 784 1339 2
805 1277 1127 1355 persecutio?
1153 1298 1220 1334 an
1243 1281 1443 1351 fames?
1471 1295 1539 1331 an
1569 1274 1816 1349 auditas?
1839 1291 1908 1327 an
1934 1274 2077 1344 peri-

506 1375 713 1430 culum!
742 1391 812 1426 an
840 1371 1079 1443 gladius?
1113 1369 1258 1423 Sicut
1284 1367 1529 1436 'sttriptum
1552 1374 1628 1419 est
1656 1382 1674 1417 :
1707 1362 1841 1427 Quia
1875 1369 2082 1431 propter

507 1474 558 1518 te
584 1463 956 1531 mortiﬁcamur
975 1468 1085 1513 tota
1104 1459 1207 1521 die,
1236 1458 1466 1518 deputati
1495 1471 1668 1508 sumus
1695 1453 1824 1506 velut
1852 1467 1968 1505 ores
1991 1466 2081 1503 oc-

509 1553 742 1608 cisionis.
792 1551 899 1605 Sed
917 1551 971 1603 in
1007 1550 1086 1602 his
1121 1547 1355 1601 omnibus
1399 1561 1698 1615 superamus
1726 1560 1819 1613 per
1849 1559 1965 1596 eum
1997 1542 2083 1612 qui

511 1644 691 1697 dilexit
715 1659 808 1695 nos
838 1639 1012 1709 (Rom.
1038 1638 1169 1706 vni).
1197 1635 1321 1689 Haec
1347 1645 1430 1688 est
1448 1650 1552 1688 vox
1572 1642 1884 1701 martyrum,
1907 1630 2086 1682 omnia

2169 468 2449 522 caritatem
2489 465 2685 520 Chrlsti
2725 464 2940 518 mundo.
2965 462 3206 528 Quantas
3232 461 3514 527 angustias
3540 461 3770 528 patiun-

2170 565 2259 611 tur
2283 556 2374 625 qui
2406 556 2589 611 volunt
2615 571 2807 624 rapere
2835 571 2922 608 res
2943 554 3164 607 alienas.
3188 551 3269 605 An
3293 550 3624 621 persecutio,
3648 553 3768 603 ait!

2172 654 2226 698 et
2249 647 2358 714 ipsa
2386 661 2490 699 non
2517 643 2729 710 frangit,
2753 643 2974 696 avaritia
2996 648 3247 696 terretur.
3273 641 3485 693 Avarus
3505 641 3671 709 rapit,
3695 655 3770 692 ac

2174 738 2325 791 timet
2344 752 2575 806 pcenam,
2591 751 2666 792 ac
2685 743 2874 790 aestuat
2895 736 2947 788 in
2968 735 3154 803 rapina
3181 751 3192 785 :
3219 733 3374 788 multi
3395 734 3542 786 enim
3564 734 3768 786 famem

2173 826 2467 895 patiuntur,
2513 825 2639 878 dum
2686 823 2970 891 acquirunt
3007 831 3064 877 et
3107 822 3312 877 faciunt
3340 823 3522 887 lucra;
3566 823 3772 891 quibus

2172 914 2512 984 prmcipimus
2527 912 2792 982 jejunare,
2818 921 2874 966 et
2892 920 3151 966 excusant
3169 911 3237 966 de
3258 912 3567 966 stomacho.
3590 911 3772 966 Vaeet

2175 1004 2278 1057 illis
2307 1011 2419 1056 tota
2449 1001 2536 1055 die
2560 1000 2760 1057 solidos
2788 1014 3126 1067 enumerare,
3168 1007 3224 1053 et
3261 999 3433 1068 jejuni
3463 999 3765 1054 dormiant.

2177 1090 2257 1145 An
2287 1090 2534 1154 nuditas?
2585 1097 2645 1143 ut
2688 1089 2817 1157 quid
2861 1087 3036 1142 dicam
3081 1088 3148 1141 de
3197 1087 3480 1142 nuditate?
3516 1087 3774 1154 Quotidie

2177 1183 2543 1250 negotiatores
2569 1181 2636 1234 de
2677 1179 2953 1247 naufragio
2997 1177 3128 1231 nudi
3175 1178 3428 1243 evadunt,
3463 1187 3523 1233 et
3567 1180 3769 1234 iterum

2177 1273 2430 1339 navigant
2455 1270 2522 1324 ad
2549 1271 2867 1340 periculum.
2921 1267 3074 1324 Unde
3113 1268 3358 1338 quotidie
3385 1272 3775 1338 periclitantur

2178 1363 2457 1417 homines?
2484 1361 2583 1415 nisi
2605 1369 2825 1430 propter
2850 1357 3478 1426 divitiasacquirendas?
3509 1359 3620 1415 Nec
3646 1362 3770 1429 gla-

2181 1451 2304 1506 dius
2332 1450 2602 1522 prohibet.
2632 1449 2871 1517 Capitale
2897 1449 3100 1504 crimen
3137 1457 3220 1502 est
3245 1447 3473 1512 falsitas;
3506 1456 3562 1502 et
3589 1457 3774 1502 tamen

2181 1542 2345 1612 629
2370 1540 2750 1595 comminuitur
2777 1538 3080 1592 btereditas.
3121 1537 3178 1592 Si
3207 1552 3337 1605 ergo
3378 1539 3485 1593 hoc
3530 1547 3773 1593 meretur

2187 1631 2498 1700 temporalis
2539 1629 2834 1699 cupiditas,
2883 1643 3053 1696 quare
3095 1643 3204 1682 non
3227 1637 3526 1683 mereatur
3571 1628 3773 1683 Christi

513 1745 803 1800 superare,
853 1737 907 1783 et
943 1726 1011 1782 de
1039 1741 1101 1780 se
1126 1725 1259 1788 nihil
1299 1736 1641 1796 praesumere.
1681 1720 1833 1775 llluut
1859 1717 2080 1786 diligere
2116 1715 2161 1775 Β
2186 1720 2504 1776 limi-editas?
2529 1717 2738 1800 Avarus
2763 1719 2969 1775 diceret
3014 1718 3067 1771 in
3113 1717 3280 1772 corde
3321 1732 3440 1782 suo,
3489 1719 3586 1786 qui
3631 1717 3774 1772 forte

516 1819 610 1888 qui
639 1812 900 1885 gloriatur
935 1816 990 1869 in
1030 1814 1166 1877 suis,
1212 1821 1272 1866 ut
1296 1811 1389 1880 qui
1417 1811 1707 1879 gloriatur,
1765 1809 1818 1863 in
1857 1807 2085 1862 Domino

515 1907 792 1976 glorietur.
856 1888 1140 1971 Noverant'
1169 1908 1226 1955 et
1265 1899 1369 1965 illi,
1425 1897 1572 1967 quod
1616 1913 1715 1951 nos
1753 1895 2087 1950 cantavitnus

517 1997 682 2067 paulo
705 2003 830 2048 ante
857 2011 870 2046 :
913 1991 1185 2046 [Αεωωὶπί
1209 1992 1265 2044 in
1285 1989 1527 2053 Domina,
1573 1995 1622 2041 et
1645 1987 1919 2049 exsultate,
1953 1984 2088 2053 justi

518 2085 691 2156 (Psal.
710 2087 880 2154 xxxi).
899 2082 956 2137 ln
981 2079 1205 2137 Demino
1224 2080 1478 2135 luctamini
1503 2087 1558 2134 et
1582 2077 1867 2133 exsultate.
1884 2074 1942 2130 Si
1957 2074 2088 2142 justi

522 2179 577 2231 in
603 2176 831 2231 Domino
860 2176 1124 2239 laetantur,
1157 2170 1340 2241 iniusti
1361 2186 1490 2225 vero
1510 2186 1617 2224 non
1641 2175 1903 2223 noverunt
1919 2166 2090 2220 laetari

521 2264 626 2319 nisi
648 2266 701 2319 in
722 2263 938 2318 mulo.
959 2261 1062 2316 Sed
1085 2263 1212 2330 ipsa:
1233 2269 1357 2314 sunt
1375 2258 1558 2328 prima:
1578 2259 1721 2312 acies
1734 2255 2088 2311 debellanda:

519 2355 694 2425 primo
726 2353 1001 2418 vincenda:
1028 2358 1152 2404 sunt
1174 2349 1587 2411 delectationes,
1643 2355 1698 2400 et
1722 2358 1912 2416 postea
1938 2344 2095 2398 dolo-

520 2445 638 2498 res.
662 2441 947 2508 Quomodo
976 2447 1155 2510 potest
1180 2450 1437 2507 superare
1472 2434 1728 2489 mundum
1758 2433 2090 2496 saevientem,

520 2533 612 2602 qui
640 2547 748 2586 non
788 2537 962 2600 potest
1005 2529 1191 2597 fugare
1231 2526 1631 2582 blandientem?
1684 2523 1964 2595 Blanditur
2007 2523 2095 2577 hic

523 2622 752 2678 mundus
799 2620 1100 2692 pollicendo
1151 2620 1421 2684 honores,
1473 2617 1726 2682 divitias,
1768 2615 2090 2684 voluptates.

523 2714 756 2768 Minatur
785 2714 873 2766 hic
911 2711 1138 2765 mundus
1183 2707 1506 2764 intendenda
1533 2707 1774 2770 dolores,
1806 2712 2091 2773 egestates,

523 2805 868 2858 humilitates.
892 2801 994 2868 Qui
1019 2817 1124 2856 non
1144 2799 1440 2855 contemnit
1464 2797 1608 2868 quod
1632 2797 1936 2867 pollicetur,
1959 2810 2096 2864 quo-

524 2891 687 2973 modo
706 2883 962 2960 superare
978 2896 1160 2958 potest
1175 2887 1320 2957 quod
1339 2888 1607 2942 minatur?
1635 2885 1843 2940 Habent
1860 2885 2096 2940 delecta-

2182 1829 2290 1866 non
2312 1811 2520 1866 diceret
2540 1811 2593 1864 in
2621 1797 2801 1878 lingua
2821 1825 2917 1863 sua
2941 1808 3112 1875 :Quis
3138 1824 3238 1862 nos
3258 1809 3533 1878 separabit
3558 1823 3590 1862 a
3615 1808 3771 1877 capi-

2185 1903 2356 1956 ditate
2386 1902 2512 1957 tua?
2540 1899 2870 1964 Tribulatio,
2904 1913 2972 1953 an
3017 1900 3294 1967 angustia,
3323 1914 3393 1953 au
3421 1901 3773 1969 persecutio!

2188 1990 2422 2046 Possunt
2449 1999 2505 2046 et
2531 1989 2682 2044 avari
2707 1989 2888 2044 dicere
2930 2002 3084 2053 auro,
3111 1987 3340 2058 Propter
3365 1996 3423 2043 te
3465 1988 3774 2044 occidimur

2189 2091 2300 2136 tota
2353 2081 2459 2135 die.
2512 2078 2724 2150 Optime
2777 2092 2907 2146 ergo
2961 2077 3132 2133 sancti
3175 2087 3441 2149 martyres
3485 2080 3676 2133 dicunt
3716 2079 3772 2132 in

2187 2174 2394 2245 psalmo
2422 2189 2437 2226 :
2465 2170 2652 2226 Judica
2676 2169 2974 2234 δεηθείη,
3004 2177 3056 2222 et
3080 2168 3315 2223 discerne
3350 2185 3568 2223 causam
3605 2186 3771 2222 nea-

2189 2265 2254 2317 de
2281 2274 2426 2335 gente
2471 2279 2573 2317 non
2620 2270 2821 2327 sancta,
2869 2261 2932 2313 ab
2976 2260 3182 2313 herniae
3212 2260 3386 2331 iniquo
3414 2258 3594 2328 (Psal.
3623 2260 3771 2326 ηις).

2190 2355 2465 2415 Discerne,
2492 2353 2683 2421 inquit,
2703 2341 3104 2404 tribulationem
3133 2364 3337 2416 meam;
3368 2350 3700 2405 tribuuntur
3719 2362 3773 2404 et

2191 2444 2356 2498 avari.
2391 2442 2645 2500 Discerne
2665 2440 2938 2508 angustias
2977 2454 3154 2505 meas;
3184 2440 3464 2509 patiuntur
3504 2440 3776 2508 angustias

2193 2543 2248 2589 et
2275 2534 2443 2588 avari.
2476 2532 2730 2587 Discerne
2772 2531 3175 2600 persecutiones
3199 2545 3371 2595 meas,
3401 2530 3686 2600 patiuntur
3720 2539 3777 2583 et

2194 2624 2359 2677 avari.
2391 2623 2645 2678 Discerne
2672 2622 2868 2675 famem
2893 2636 3098 2685 meam;
3141 2636 3242 2689 pro
3269 2635 3405 2676 ain-o
3448 2622 3779 2689 acquireufo

2193 2714 2434 2767 esuriant
2460 2719 2515 2766 et
2541 2712 2707 2765 avari.
2739 2710 2992 2765 Discerue
3027 2718 3259 2764 mortem
3285 2725 3491 2775 meam;
3519 2725 3622 2780 pro
3645 2726 3778 2764 auro

2194 2804 2499 2856 moriuntur
2517 2809 2573 2856 et
2600 2801 2768 2855 avari.
2795 2799 2930 2866 Quid
2953 2809 3038 2854 est
3055 2799 3300 2855 discerne
3320 2815 3541 2856 cauam
3562 2802 3779 2855 meam!

2197 2891 2423 2961 Propter
2451 2899 2503 2946 te
2539 2889 2980 2945 mortiﬁcabimur
3007 2898 3118 2944 tota
3155 2889 3271 2956 die;
3305 2890 3382 2944 illi
3407 2905 3518 2944 non
3559 2899 3778 2961 propter

525 2981 727 3035 tionem
772 2994 924 3034 suam
968 2977 1186 3044 divitim,
1233 2977 1353 3044 quis
1398 2977 1598 3031 nescit?
1625 2975 1734 3029 Sed
1775 2975 1896 3045 plus
1931 2975 2095 3029 habet
2197 2989 2269 3034 te.
2294 2980 2493 3033 Similis
2517 2993 2696 3047 pmna,
2735 2980 2899 3048 630
2923 2980 3019 3033 sed
3040 2978 3482 3033 discreta'causa.
3517 2977 3620 3033 Ubi
3650 2992 3781 3049 ergo

524 3070 798 3126 delectare
819 3068 1046 3137 iustitia.
1075 3067 1182 3122 Sed
1205 3067 1475 3125 delectent
1500 3065 1698 3121 divitia:
1724 3081 1845 3121 cum
1866 3064 2092 3134 iustitia,
2122 3052 2168 3112 C
2198 3070 2426 3124 discreta
2454 3061 2615 3124 causa
2633 3108 2653 3136 ,
2678 3077 2826 3123 certe
2848 3078 2931 3122 est
2953 3069 3196 3123 victoria.
3217 3065 3278 3122 Si
3304 3081 3467 3135 ergo,
3489 3069 3780 3136 causam,

526 3160 616 3214 ubi
638 3160 758 3214 talis
778 3158 1032 3212 articulus
1052 3157 1362 3212 tentationis
1381 3154 1656 3221 acciderit,
1676 3163 1737 3208 ut
1754 3155 1860 3209 duo
1880 3155 2098 3208 veniant

527 3251 583 3302 in
614 3248 907 3302 tentatione
926 3247 1142 3313 divitias,
1167 3255 1223 3300 et
1235 3246 1472 3314 iustitiae,
1495 3253 1681 3300 utnon
1703 3247 1874 3315 possis
1895 3253 2099 3300 utrum-

526 3352 632 3408 que
659 3336 857 3390 liabere
891 3335 1114 3405 aequale.
1146 3335 1252 3390 Sed
1279 3335 1325 3390 si
1353 3334 1563 3388 miseris
1603 3350 1817 3388 manum
1846 3334 1913 3388 ad
1935 3333 2099 3402 justi-

528 3426 653 3492 tias,
684 3431 907 3493 pereant
932 3422 1150 3477 divitiae.
1183 3422 1291 3478 Sed
1318 3423 1364 3477 si
1391 3422 1600 3477 miseris
1625 3439 1842 3478 manum
1867 3423 1933 3477 ad
1961 3422 2098 3477 divi-

529 3514 650 3577 tias,
677 3527 895 3566 necesse
935 3521 1022 3566 est
1063 3521 1124 3565 ut
1167 3511 1380 3566 amittas
1412 3510 1694 3580 justitiam.
1737 3511 1898 3565 Modo
1941 3511 2098 3579 elige,

528 3601 692 3655 modo
740 3613 934 3668 pugna.
984 3599 1142 3654 Modo
1185 3599 1495 3664 videamus,
1543 3601 1588 3654 si
1634 3616 1741 3654 non
1782 3600 1899 3654 sine
1940 3611 2100 3654 causa

529 3689 802 3745 cantasti:
841 3687 1118 3742 Laztamini
1157 3690 1213 3741 in
1258 3687 1501 3751 Domino,
1549 3699 1598 3743 et
1643 3689 1924 3754 cantitata,
1947 3691 2098 3760 justi.

529 3779 687 3833 Ilodo
714 3778 1006 3840 videamus,
1034 3779 1078 3831 si
1107 3793 1214 3831 non
1242 3779 1359 3832 sine
1379 3795 1540 3833 causa
1562 3781 1787 3834 cantasti
1814 3798 1826 3833 :
1854 3779 1980 3844 Quis
2009 3797 2102 3837 nos

531 3868 790 3934 separabit
835 3884 865 3919 a
912 3868 1129 3919 caritate
1158 3866 1348 3921 Christi
1378 3867 1551 3937 (Rom.
1577 3869 1736 3941 uti)?
1781 3867 1846 3921 Et
1889 3870 2103 3937 quidem

513 3942 873 4025 pnetermisit
902 3955 1079 4007 omnia
1107 3955 1301 4021 quibus
1327 3955 1597 4010 blanditur
1623 3958 1868 4019 mundus.
1893 3957 2103 4024 Quare?

532 4045 668 4111 Quia
694 4044 984 4098 certamina
1031 4052 1323 4114 martyrum
1364 4046 1759 4113 pronuntiabat.
1808 4046 1900 4101 Illa
1927 4057 2104 4102 certa—

534 4135 696 4198 mina,
728 4133 816 4187 ubi
841 4134 1083 4188 vicerunt
1107 4135 1526 4203 persecutiones,
1551 4135 1765 4202 famem,
1789 4136 1951 4202 sitim,
1982 4152 2107 4205 ege-

533 4231 750 4291 statem.
781 4223 1156 4290 ignominiam,
1187 4222 1255 4277 ad
1282 4232 1577 4278 extremum
1605 4225 1850 4280 timorem
1879 4229 2102 4295 mortis,

534 4309 746 4376 hostem
776 4318 1141 4374 novissimum.
1190 4316 1297 4372 Sed
1324 4316 1532 4384 videte,
1563 4318 1756 4372 fratres
1820 4327 1988 4374 totum
2017 4338 2105 4378 ars

2196 3160 2591 3216 solemnitatem
2615 3169 2907 3231 martyrum
2927 3175 3191 3227 amamus,
3213 3169 3458 3214 amemus
3486 3161 3542 3214 in
3571 3162 3653 3216 eis
3675 3177 3782 3216 non

2198 3249 2505 3319 passiones,
2533 3249 2628 3304 sed
2654 3263 2843 3304 causas
2871 3249 3200 3318 passionum.
3237 3249 3368 3304 Nam
3397 3251 3444 3306 si
3475 3265 3782 3306 amaremus

2196 3337 2493 3408 passiones,
2523 3337 2720 3391 multos
2741 3338 3005 3392 inventuri
3028 3354 3213 3393 sumus
3233 3340 3323 3408 qui
3347 3339 3532 3408 pejora
3560 3342 3778 3410 patiun-

2199 3436 2286 3483 tur
2310 3427 2366 3482 in
2392 3427 2568 3482 causis
2593 3428 2768 3482 malis.
2800 3427 2906 3482 Sed
2933 3444 3124 3484 causas
3153 3429 3514 3484 attendamus.
3551 3432 3780 3488 Crucem

2197 3517 2398 3572 Christi
2437 3515 2736 3572 attendite:
2768 3518 2840 3572 ibi
2869 3526 2985 3571 erat
3023 3515 3301 3581 Christus,
3335 3518 3409 3573 ibi
3437 3529 3493 3574 et
3521 3520 3780 3576 latrones.

2200 3609 2401 3664 Similis
2426 3623 2607 3678 pana,
2636 3607 2730 3663 sed
2759 3607 3030 3662 dissimilis
3055 3623 3238 3663 causa.
3263 3607 3412 3663 Unus
3440 3609 3581 3664 latro
3604 3612 3777 3665 credi-

2200 3701 2297 3765 dit,
2323 3700 2456 3753 alius
2495 3699 2900 3768 blasphemavit.
2946 3698 3203 3754 Dominus
3232 3709 3486 3769 tanquam
3511 3701 3582 3755 de
3612 3702 3776 3755 tribu-

2201 3789 2310 3842 nali
2351 3789 2493 3841 inter
2520 3787 2708 3841 ambos
2747 3787 3041 3854 judicavit:
3075 3788 3223 3842 illum
3269 3790 3360 3857 qui
3389 3790 3780 3856 blasphemavit

2202 3877 2256 3930 in
2283 3885 2558 3939 tartarum,
2609 3874 2771 3928 alium
2816 3875 2868 3928 in
2909 3875 3211 3944 paradisum
3259 3892 3441 3932 secum
3473 3879 3776 3934 constituit.

2203 3962 2380 4028 Quare
2423 3963 2560 4016 hoc?
2586 3961 2720 4027 Quia
2749 3963 2851 4016 etsi
2894 3977 3046 4033 :equa
3099 3979 3274 4032 poena,
3323 3964 3418 4020 sed
3469 3966 3645 4035 impar
3669 3977 3779 4022 erat

2203 4067 2385 4107 causa.
2415 4051 2608 4118 Eligite
2635 4065 2764 4119 ergo
2792 4062 3086 4122 martyrum
3113 4068 3364 4121 causam,
3393 4056 3440 4110 si
3468 4057 3634 4111 vultis
3660 4072 3778 4125 per-

2203 4144 2388 4197 venire
2414 4141 2481 4196 ad
2509 4148 2800 4212 martyrum
2824 4142 3073 4212 palmam.
3099 4141 3203 4198 Per
3224 4143 3512 4200 Dominum
3543 4155 3779 4202 nostrum

2204 4235 2384 4302 Jesum
2412 4232 2700 4298 Christum,
2724 4234 2814 4288 cui
2834 4245 2918 4288 est
2942 4234 3111 4299 gloria
3139 4236 3195 4289 in
3224 4236 3417 4292 secula
3442 4254 3777 4294 ιταιιοηι.

2208 4323 2398 4377 Amen.

1933 4415 2199 4478 SERMO
2245 4417 2377 4478 XC.

1492 4513 1626 4568 Item
1645 4515 1708 4569 de
1729 4518 1893 4571 natali
1932 4517 2039 4574 SS.
2073 4523 2412 4587 plurimorum
2437 4526 2724 4588 martyrum
2761 4515 2827 4570 ν.

1980 4608 2367 4665 ADMONITIO.

605 4690 674 4783 _ln_
686 4689 1021 4783 eodemLcogd.
1038 4695 1300 4783 Patigran.
1323 4696 1417 4783 fol.
1442 4713 1594 4751 cxcw
1620 4714 1649 4752 a
1676 4706 1829 4766 tergo
1849 4699 1937 4755 hic
1960 4701 2089 4756 item
2115 4710 2294 4757 exstat
2319 4716 2496 4755 sermo
2517 4698 2814 4769 S..Maximi
2843 4699 3134 4769 inscriptus
3157 4697 3410 4783 nomine;
3438 4714 3570 4757 eum
3591 4700 3776 4759 titub:

538 4759 615 4813 De
643 4762 807 4813 natali
837 4763 1174 4837 plurimorum
1200 4775 1501 4835 martyrum.

537 4851 922 4932 Asculesruu.
946 4881 1016 4932 j—
1047 4851 1182 4932 ἵετε
1221 4854 1419 4932 hostias
1439 4853 1640 4932 dicendi
1664 4868 1790 4932 sunt
1826 4868 2106 4927 martyres,
2139 4862 2185 4920 D
2215 4860 2374 4922 toris,
2407 4859 2641 4913 occurrit
2685 4857 2926 4927 pontifex
2966 4857 3278 4924 Salvatoris,
3308 4859 3520 4917 scilicet
3561 4863 3777 4932 gloriam

603 4922 688 4988 qui
723 4921 993 5002 immolant
1037 4920 1146 5002 Dea
1194 4924 1505 4992 sacriﬁcium
1522 4924 1755 5002 _laut_iis_,
1800 4936 1850 4979 et
1894 4920 2111 4998 quorum

605 5005 742 5043 mars
769 4991 996 5059 pretiosa
1020 5000 1105 5044 est
1124 4991 1181 5044 in
1209 5003 1481 5057 conspectu
1511 4991 1741 5046 Domini.

604 5118 850 5173 Gaudere
877 5127 933 5173 et
960 5119 1229 5175 exsultare
1255 5114 1531 5187 debemus.
1567 5119 1780 5189 fratres,
1808 5122 1932 5189 quia
1961 5122 2111 5177 festi-

537 5209 686 5263 vitati
714 5216 911 5262 nostra:
937 5211 1163 5266 accessit
1182 5225 1371 5278 magna
1395 5212 1674 5274 festivitas,
1697 5219 1752 5266 et
1770 5220 1897 5265 vota
1926 5221 2107 5266 nostra

538 5299 675 5353 votis
697 5305 822 5351 sunt
853 5299 1141 5353 curauiata.
1169 5298 1432 5355 Gaudium
1480 5299 1678 5355 etenim
1727 5314 1974 5370 magnum
2021 5309 2106 5355 est

538 5403 656 5442 cum
683 5389 1094 5457 superveniente
1134 5391 1289 5444 nobis
1319 5391 1481 5444 natali
1527 5399 1820 5461 martyrum
1849 5405 2105 5459 superve-

538 5477 677 5531 nerit
707 5486 757 5529 et
796 5479 1066 5535 sacerdos.
1114 5479 1268 5545 Quod
1313 5481 1525 5549 quidem
1556 5481 1733 5536 divina
1766 5481 2102 5550 providentia

539 5565 734 5620 factum
756 5575 904 5635 puto,
931 5578 988 5623 ut
1006 5571 1128 5636 quia
1161 5572 1504 5641 [rocurandm
1525 5580 1678 5627 erant
1701 5572 1889 5639 hostia:
1909 5571 2100 5633 Salva-

2213 4947 2605 5017 pracdicationis
2633 4961 2840 5010 eorum,
2871 4947 2997 5015 quia
3026 4947 3298 5019 explicare
3337 4965 3480 5004 unus
3504 4965 3615 5005 non
3642 4950 3778 5006 suffi-

2212 5045 2377 5099 ceret,
2404 5037 2487 5090 vel
2514 5035 2650 5088 alter
2671 5035 2944 5105 impleret;
2975 5044 3239 5106 quatenus
3262 5045 3319 5092 et
3344 5046 3616 5109 martyres
3639 5055 3775 5094 om

2213 5133 2294 5177 ret
2317 5124 2602 5192 obsequio;
2635 5123 2730 5176 sed
2758 5132 2814 5178 et
2836 5133 3067 5178 vestram
3106 5127 3450 5181 sanctitatem
3472 5127 3778 5182 tractatibus

2216 5215 2500 5268 instrueret
2528 5221 2583 5266 et
2608 5213 3066 5268 benedictionibus
3094 5215 3472 5283 permulceret.
3503 5215 3778 5270 Gratulan-

2211 5304 2334 5358 dum
2365 5316 2492 5367 ergo
2519 5307 2598 5354 est
2625 5308 2680 5354 et
2708 5299 3017 5364 lzetandum,
3047 5302 3188 5370 quod
3244 5303 3449 5356 hostias
3484 5304 3615 5358 suas
3636 5302 3777 5358 Chri-

2208 5400 2321 5444 stus
2337 5388 2564 5443 voluerit
2583 5389 2797 5455 gemino
2810 5389 3144 5443 sacerdotum
3167 5405 3262 5443 ore
3278 5389 3518 5455 laudari;
3541 5399 3601 5445 ut
3622 5407 3776 5461 quan-

2212 5493 2320 5535 tum
2343 5497 2528 5534 eorum
2558 5488 2805 5549 ageretur
2831 5479 2884 5533 in
2912 5479 3078 5535 Deum
3106 5481 3294 5549 gloria,
3318 5489 3528 5537 tantum
3554 5481 3777 5549 ipsorum

2210 5571 2453 5625 meritum
2476 5571 2782 5626 laudaretur
2802 5571 2853 5624 in
2885 5570 3070 5640 plebe;
3102 5579 3159 5625 ut
3187 5572 3310 5642 quia
3339 5573 3665 5641 propensius
3689 5572 3776 5625 ho-
