3896 6250
87 356 183 411 Ἠδ

1504 335 1732 396 SERMO
1766 333 1898 391 XCI.

3229 319 3335 371 7η

91 471 327 520 norantur
354 463 408 517 in
436 459 614 528 ctelis,
642 460 912 530 copiosius
934 458 1400 528 magniﬁcarentur
1429 454 1483 506 in
1532 459 1641 504 ter-
1673 454 1721 509 Α
1745 446 1881 515 quit,
1910 446 1965 498 in
1994 439 2266 514 conspectu
2301 441 2512 495 Domini
2537 454 2677 500 mors
2697 445 2997 530 sanctorum
3018 436 3132 507 ejus
3158 429 3335 530 (Psal.

90 557 176 609 ris.
206 555 339 609 Vere
381 553 575 608 hostiae
621 552 831 607 dicendi
859 560 1120 622 martyres
1140 588 1158 614 ,
1185 547 1276 617 qui
1302 546 1472 600 Deum
1499 542 1657 597 nobis
1686 622 1690 626 _

94 661 179 698 sua
208 645 456 715 passione
500 642 884 713 placaverunt,
914 647 971 695 et
997 647 1250 708 tanquam
1275 641 1496 704 acwpta
1523 632 1659 686 liba-

93 736 219 788 mina
249 741 418 786 morte
443 746 541 786 sua
568 729 1006 800 propitiationem
1033 727 1187 782 nobis
1213 724 1426 779 Domini
1466 728 1662 776 contu-

94 826 273 878 lerunt.
305 821 400 875 Est
428 821 588 892 plane
617 820 668 874 in
700 817 1023 889 martyribus
1049 817 1223 872 hostia
1245 856 1261 882 ,
1285 829 1390 870 non
1421 813 1510 868 illa
1552 824 1660 881 qua

95 923 284 968 mutum
312 911 534 979 animal,
561 909 655 966 sed
679 910 766 965 illa
805 921 910 978 qua
941 908 1110 963 ﬁdelis
1127 906 1442 976 simplicitas
1467 917 1662 960 conseo

95 1010 279 1057 oratur.
319 1002 436 1056 Non
473 1002 587 1066 illa,
615 1001 862 1069 inquam,
886 1005 971 1054 est
1006 997 1182 1052 hostia
1219 1008 1339 1065 quae
1365 999 1555 1050 moesto
1583 990 1663 1045 af-

96 1092 225 1147 fectu
254 1093 305 1146 in
325 1099 471 1145 terra
494 1090 772 1159 mergitur,
797 1085 892 1144 sed
920 1101 1039 1157 quae
1060 1085 1222 1140 alacri
1242 1099 1402 1139 sensu
1421 1083 1664 1138 elevatur

100 1181 145 1234 in
173 1181 380 1235 cmlum.
406 1177 504 1233 Est
525 1179 683 1248 plane
710 1177 905 1242 hostia,
928 1174 1022 1232 sed
1045 1189 1152 1230 non
1183 1174 1236 1228 in
1258 1173 1350 1228 illo
1377 1171 1468 1242 qui
1493 1171 1664 1225 altare

100 1267 465 1338 profanaturus
487 1267 672 1331 ollert;
703 1266 799 1321 sed
828 1266 881 1320 in
905 1280 973 1320 eo
1011 1263 1104 1333 qui
1128 1264 1308 1319 sciens
1335 1277 1395 1317 se
1423 1261 1665 1317 immolat

97 1359 426 1425 probaturus.
460 1354 611 1410 Unde
635 1355 712 1409 ait
738 1354 1002 1424 prapheta
1032 1370 1045 1406 :
1075 1351 1300 1407 Immota
1328 1351 1439 1407 Deo
1457 1351 1664 1418 sacri/i-

97 1449 220 1499 cium
245 1447 413 1501 laudis
441 1446 615 1516 (Psat.
658 1446 829 1515 χιιι).
859 1444 1192 1500 Sacriﬁcium
1221 1443 1392 1498 laudis
1430 1451 1512 1499 est
1539 1457 1666 1498 vene

97 1536 414 1606 martyrium.
450 1535 517 1589 Et
543 1535 692 1604 quod
720 1534 940 1589 laudant
978 1533 1184 1601 angeli,
1212 1532 1432 1588 laudant
1456 1531 1662 1602 populi,

98 1625 268 1679 laudat
297 1627 462 1681 etiam
493 1625 606 1695 ipse
654 1624 747 1695 qui
775 1625 996 1694 patitur.
1046 1622 1303 1692 Intelligit
1353 1622 1498 1678 enim
1551 1619 1668 1690 ejus

97 1711 340 1780 gloriam;
372 1732 497 1770 nam
529 1716 629 1771 nisi
674 1715 977 1783 intelligens
1005 1712 1121 1782 ejus
1149 1713 1392 1777 laudem,
1439 1712 1664 1782 gloriam

1757 533 1902 603 ειν).
1932 533 2172 587 Pretiosa
2193 537 2500 585 sanctorum
2529 544 2713 594 mors;
2741 528 2853 583 vita
2871 535 3023 582 certe
3049 525 3338 596 pretiosior

1757 632 1842 679 est
1867 638 2076 678 eorum.
2103 620 2164 675 Si
2190 621 2446 691 pretiosa,
2476 619 2667 687 inquit,
2695 634 2844 675 mors
2865 627 3200 681 sanctorum,
3229 618 3340 672 vita

1759 712 1878 767 vilis
1904 719 1990 766 est
2015 719 2384 781 peccatorum;
2415 719 2470 764 et
2495 723 2725 779 quorum
2766 711 2876 764 vita
2905 709 3028 764 vilis
3053 717 3160 773 est,
3191 722 3342 763 mors

1759 803 1876 857 sine
1917 801 2251 856 dubitatione
2298 800 2460 855 etiam
2491 800 2660 869 turpis
2685 807 2792 854 est.
2833 798 2988 854 Unde
3009 806 3070 854 et
3098 799 3171 853 illi
3201 800 3342 853 inter

1759 899 2071 962 peccatores
2118 889 2400 945 Dominum
2451 891 2802 960 deputantes,
2845 889 3136 945 dicebant:
3171 889 3342 943 Morte

1762 980 2059 1050 turpissima
2078 979 2472 1034 condemnemus
2490 996 2604 1034 eum
2617 978 2772 1050 (Sap.
2789 979 2890 1048 ιιι).
2903 979 3077 1049 Ignari
3093 978 3338 1049 iustitiae,

1762 1077 1818 1125 et
1845 1069 2050 1125 inimici
2069 1069 2333 1135 veritatis,
2362 1069 2535 1124 lucem
2561 1069 2956 1146 cumtenebris
2981 1070 3345 1125 condemnare

1763 1159 1943 1215 conati
1964 1167 2108 1214 sunt.
2133 1159 2305 1215 Morte
2327 1157 2631 1229 turpissima
2659 1158 2780 1214 οωιί
2807 1166 3068 1227 terraeque
3093 1158 3344 1214 condito-

1763 1269 1879 1311 rem
1935 1255 2217 1311 Dominum
2245 1260 2609 1325 peremerunt,
2640 1252 2764 1322 quia
2812 1265 2936 1308 cum
2983 1251 3261 1307 sceleratis
3290 1252 3344 1306 in

1767 1344 2061 1415 patibulum
2085 1359 2210 1401 eum
2235 1343 2646 1414 suspenderunt,
2663 1357 2729 1398 eo
2748 1341 2892 1411 quod
2912 1349 2967 1397 et
2983 1342 3153 1412 turpis
3176 1356 3344 1405 mors,

1767 1443 1824 1489 et
1847 1434 2248 1492 formidolosior
2264 1449 2423 1504 prona
2449 1432 2660 1488 ceteris
2680 1432 2950 1486 videretur
2968 1431 3160 1501 poenis.
3186 1431 3351 1498 Cujus

1767 1528 2147 1583 documentum
2182 1525 2329 1580 beati
2356 1530 2620 1594 martyres
2649 1521 2838 1577 imitati
2866 1529 3008 1584 sunt,
3033 1530 3196 1590 atque
3236 1519 3354 1588 ejus

1768 1615 1994 1687 vestigia
2024 1615 2167 1670 ultro
2195 1615 2386 1677 secuti.
2414 1611 2761 1685 632Facta
2787 1618 2869 1667 est
2895 1619 3075 1666 autem
3101 1610 3356 1666 morsDo-

1769 1707 1898 1762 mini
1920 1705 2174 1776 gloriosa,
2199 1713 2254 1761 et
2275 1705 2328 1759 in
2350 1711 2642 1775 conspectu
2663 1701 2779 1772 ejus
2800 1713 3114 1758 cunctorum
3139 1698 3355 1759 sancto-

98 1815 249 1872 atque
294 1805 574 1871 virtutem,
617 1818 885 1873 nunquam
932 1817 992 1858 se
1039 1802 1213 1857 libans
1258 1801 1666 1856 formidantibus
1702 1807 1740 1862 Β
1768 1815 1887 1854 rum
1933 1799 2199 1868 pretiosa;
2230 1805 2286 1852 et
2330 1813 2561 1866 quorum
2605 1795 2765 1850 hodie
2794 1811 2898 1849 una
2927 1810 3050 1850 cum
3101 1795 3357 1864 pontiﬁce

99 1895 208 1951 aliis
253 1895 580 1949 immolaret.
613 1893 681 1947 Et
709 1893 830 1947 ideo
859 1892 1006 1948 velut
1034 1891 1137 1961 ipsi
1179 1891 1402 1962 martyri
1431 1891 1666 1947 dicitur:

102 1984 314 2040 [inmota
336 1985 449 2040 Deo
465 1985 780 2055 sacriﬁcium
805 1983 1011 2049 laudis;
1039 1982 1142 2038 hoc
1162 1989 1245 2037 est
1259 1982 1405 2036 velut
1424 1981 1469 2038 si
1492 1981 1666 2037 dicat:

99 2074 150 2129 In
179 2083 229 2131 te
249 2076 466 2130 immola
499 2075 631 2144 ipse,
664 2074 779 2144 ipse
809 2071 1080 2139 sacriﬁca;
1111 2080 1228 2128 esto
1255 2072 1351 2127 tibi
1370 2072 1485 2143 ipse
1514 2082 1569 2128 et
1588 2087 1673 2127 sa-

99 2163 282 2219 cerdos
308 2171 366 2219 et
412 2163 611 2227 hostia,
643 2172 699 2218 et
742 2163 1032 2218 devotione
1083 2162 1279 2219 mentis
1324 2163 1570 2234 corporis
1599 2163 1674 2218 tui

99 2253 320 2308 animam
368 2251 506 2308 oﬁ'er
551 2253 827 2308 functione
873 2251 1172 2323 pontiﬁcis;
1213 2251 1444 2308 adducat
1485 2252 1552 2307 ad
1582 2240 1684 2308 Dei.

101 2358 240 2398 aram
289 2344 421 2399 ﬁdes
445 2341 755 2397 Christiani.
786 2341 921 2396 Nam
948 2342 1238 2397 Christiani
1286 2343 1412 2399 licet
1437 2343 1676 2399 membra

101 2440 402 2488 sternantur
450 2432 506 2486 in
534 2440 698 2495 terra,
723 2431 941 2501 spiritus
966 2438 1146 2487 tamen
1193 2431 1308 2502 ipsa
1348 2441 1523 2489 morte
1551 2447 1682 2488 con-

100 2529 332 2576 secratur
360 2522 412 2576 in
442 2521 582 2576 cmlo
600 2560 616 2586 ,
646 2529 702 2576 et
731 2521 839 2574 vita
865 2528 1166 2590 praestatur,
1195 2521 1285 2576 ubi
1317 2521 1564 2577 interitus
1589 2522 1681 2576 ad-

103 2612 327 2666 hibetur.
370 2610 526 2666 Unde
574 2611 654 2663 ait
701 2617 919 2665 sanctus
957 2610 1224 2680 propheta
1278 2627 1290 2663 :
1341 2609 1583 2666 Pretiosa
1627 2613 1681 2665 in

100 2710 368 2770 conspectu
411 2699 625 2753 Domini
664 2714 801 2753 mors
838 2707 1138 2753 sanctorum
1183 2699 1293 2769 ejus
1335 2698 1508 2771 (Psal.
1536 2698 1679 2770 cxv).

104 2791 337 2847 Pretiosa
367 2791 529 2862 plane
556 2806 722 2857 mors,
751 2804 873 2860 qua:
901 2792 1059 2862 631
1091 2791 1239 2846 lucro
1266 2792 1685 2846 immortalitatis

104 2881 328 2950 quodam
359 2881 692 2946 honoratur;
722 2880 791 2935 de
817 2895 922 2950 qua
968 2881 1132 2936 etiam
1163 2880 1300 2936 dicit
1330 2882 1518 2937 beatus
1547 2882 1686 2935 Pau-

105 2971 183 3024 lus
210 2987 223 3023 :
255 2968 394 3024 lilii
442 2969 604 3024 vivere
644 2967 881 3026 Christus
922 2979 1018 3035 est,
1043 2978 1094 3024 et
1121 2971 1254 3025 mori
1282 2970 1483 3025 lucrum
1530 2971 1688 3042 (Phi-

104 3066 193 3134 lip.
215 3064 277 3133 l).
307 3062 540 3119 Lucrum
562 3069 880 3131 computans
906 3061 1051 3132 quod
1075 3077 1171 3132 per
1197 3062 1437 3135 martyrii
1459 3071 1687 3118 mortem

1773 1888 2092 1944 adveniente
2131 1874 2325 1942 deiota
2376 1899 2552 1940 annua
2598 1885 2731 1940 festa
2781 1884 3134 1940 celebramus.
3160 1881 3206 1937 0
3234 1882 3360 1940 felix

1774 1979 2039 2035 hodierna
2093 1976 2403 2044 celebritas,
2432 1991 2552 2046 quae
2581 1974 2889 2046 pontiﬁcale
2918 1976 3116 2030 meruit
3159 1974 3363 2030 habere

1775 2070 2110 2138 obsequium.
2125 2067 2298 2124 Hodie
2321 2067 2477 2123 nobis
2498 2067 2768 2138 geminum
2795 2065 3152 2123 solemnitatis
3173 2065 3364 2121 claruit

1776 2161 2059 2234 gaudium;
2089 2167 2144 2216 et
2170 2159 2239 2216 de
2265 2167 2577 2215 sanctorum
2607 2155 2941 2228 patrociniis,
2971 2164 3182 2211 necnon
3211 2163 3266 2210 et
3294 2154 3366 2210 de

1781 2253 2015 2309 adventu
2062 2251 2223 2321 hujus
2249 2249 2541 2321 pontiﬁcis.
2572 2248 2766 2318 Igitur,
2798 2249 3012 2316 fratres,
3043 2247 3284 2302 laetemur
3312 2246 3366 2301 in

1780 2341 2030 2405 Domino,
2063 2339 2156 2411 qui
2207 2339 2362 2395 nobis
2389 2338 2650 2394 immensa
2679 2352 2790 2392 sum
2816 2335 3035 2407 pietatis
3080 2334 3368 2392 clementia

1781 2438 1931 2487 tanta
1952 2428 2266 2500 impendere
2285 2422 2530 2497 dignatus
2552 2435 2635 2483 est
2654 2425 2935 2490 beneﬁcia,
2960 2433 3020 2480 ut
3045 2440 3166 2495 quae
3186 2423 3371 2497 [Forte

1782 2538 1901 2594 qua:
1921 2519 2225 2592 redundat],
2245 2535 2454 2584 eorum,
2468 2534 2697 2589 quorum
2722 2519 2963 2574 lmtamur
2984 2515 3368 2595 triumphis,ir-

1784 2613 2054 2668 radiemur
2068 2611 2349 2681 exemplis,
2363 2619 2420 2665 ut
2443 2625 2672 2679 quorum
2688 2608 2983 2678 gaudemus
2996 2607 3221 2670 meritis,
3246 2603 3373 2661 sub-

1785 2704 2027 2760 levcmur
2057 2701 2335 2773 prmsidiis.
2361 2701 2577 2756 Annuat
2613 2700 2773 2756 nobis
2801 2701 3062 2756 immensa
3092 2699 3375 2765 Divinitas,

1787 2801 1847 2849 ut
1874 2793 2074 2848 mundo
2103 2792 2269 2848 corde
2297 2801 2552 2863 castoque
2577 2807 2808 2861 corpore
2834 2801 2890 2848 et
2926 2791 3124 2846 almam
3165 2789 3374 2845 festivi-

1788 2893 1952 2940 tatem
1975 2882 2134 2954 hujus
2152 2884 2259 2939 diei
2285 2883 2558 2938 valeamus
2577 2883 2841 2949 recolere,
2863 2891 2920 2938 et
2940 2898 3095 2939 sacra
3120 2882 3375 2954 mysteria

1787 2977 1854 3033 de
1874 2992 2036 3032 manu
2075 2974 2414 3032 sacerdotum
2441 2975 2687 3032 culminis
2717 2974 2921 3030 illibata
2950 2990 3044 3030 ore
3073 2975 3374 3046 percipere,

1791 3075 2078 3137 praestante
2096 3067 2324 3121 Domino
2344 3074 2529 3121 nostro
2544 3063 2670 3120 Jesu
2694 3063 2931 3131 Christo,
2947 3065 3039 3134 qui
3070 3080 3192 3120 cum
3216 3062 3374 3117 Patre

106 3155 374 3224 l’ragilitati
404 3155 457 3210 in
486 3169 554 3209 eo
582 3153 836 3208 succedat
863 3154 1134 3208 aeternitas
1156 3192 1173 3220 ,
1205 3154 1558 3210 internecioni
1579 3155 1688 3210 vita
1715 3169 1760 3230 ρ
1793 3167 1849 3214 et
1877 3157 2081 3228 Spiritu
2106 3163 2297 3212 sancto
2323 3156 2475 3225 vivit,
2517 3163 2572 3211 et
2619 3162 2806 3226 regnat
2834 3156 2887 3210 in
2918 3155 3109 3211 stncula
3148 3154 3374 3212 saeculo-

106 3246 406 3316 proveniat,
436 3243 762 3300 mutationes
785 3242 993 3313 justitia
1021 3242 1294 3299 ﬁniantur.
1320 3243 1592 3310 Pretiosa,
1610 3245 1692 3300 in-

1801 3264 1942 3304 rum.
1975 3248 2167 3304 Amen.

1501 3337 1774 3401 SERMO
1817 3341 1979 3402 XCI.

1060 3432 1089 3488 1
1095 3443 1193 3488 tein
1223 3434 1288 3488 de
1317 3437 1482 3490 natali
1505 3436 1612 3492 SS.
1635 3440 1973 3508 plurimorum
1999 3451 2287 3512 martyrum
2315 3442 2416 3497 VI.

1557 3529 1950 3589 ΑῡΜΟΝιΤΙΟ.

177 3614 404 3698 Praestat
430 3615 519 3670 hic
531 3613 810 3698 .sermoﬁ.
845 3613 1062 3698 Μωςίιηί
1092 3629 1306 3698 nomen
1320 3616 1373 3670 in
1415 3631 1538 3698 cvm
1567 3619 1752 3676 codice
1782 3623 2117 3698 bibliothecae
2147 3625 2204 3680 S.
2228 3624 2396 3698 Marci
2419 3624 2784 3698 Venetiarum,
2815 3638 2923 3694 quo
2949 3638 3016 3698 ex
3045 3625 3235 3698 codice
3256 3639 3381 3681 eum

106 3686 329 3740 describi
350 3684 686 3766 curavimus.
712 3683 886 3766 Atque
910 3692 970 3738 ut
987 3693 1269 3766 acceptum
1292 3686 1438 3766 hunc
1465 3687 1593 3741 item
1618 3704 1738 3766 esse
1763 3702 1952 3748 sancto
1980 3694 2154 3766 cidem
2175 3695 2401 3750 antistiti
2424 3683 2892 3766 arbitramtrr,:nos
2913 3694 3074 3762 plane
3094 3695 3382 3766 conﬁrmat

106 3768 207 3835 non
236 3755 405 3810 modo
433 3753 662 3835 duorum
689 3762 949 3835 prosternat
981 3769 1090 3835 non
1119 3753 1591 3835 minusveterum
1617 3759 1868 3835 codicum
1891 3765 2208 3835 auctoritas,
2238 3779 2422 3835 verum
2468 3763 2630 3818 etiam
2660 3753 2782 3835 styli
2806 3753 3272 3835 quo'perscriptus
3301 3774 3383 3820 est

107 3825 261 3886 ratio,
283 3839 408 3894 qum
439 3831 550 3876 tam
582 3822 770 3877 similis
798 3822 1133 3877 Maximianm
1151 3832 1253 3892 est,
1285 3833 1363 3892 ut,
1395 3835 1582 3882 nostro
1608 3830 1824 3898 quidem
1848 3831 2071 3901 judicio,
2099 3822 2228 3888 nihil
2254 3834 2481 3889 similius
2500 3832 2680 3903 expeti
2897 3822 3162 3888 videatur:

107 3939 592 3991 Ancolssrnst.-—
619 3933 854 4006 Robusto
893 3934 999 4004 ﬁde
1044 3936 1116 3988 ad
1166 3952 1386 4006 agonem
1435 3937 1692 4006 passionis

171 4015 427 4076 martyres
452 4005 732 4077 congressi,
756 4004 813 4057 in
840 4005 954 4077 ipsa
985 4013 1148 4077 morte
1171 4004 1552 4077 consequuntur
1575 4025 1694 4077 per—

168 4072 384 4145 petitam
443 4072 816 4145 hereditatem.
861 4072 1182 4145 Martyrium
1223 4072 1692 4145 est'indulge'ntia

167 4143 470 4207 eriminum,
492 4143 935 4214 uirtutumicaput,
967 4144 1172 4198 occasio
1202 4143 1444 4214 justitiaz,
1471 4143 1693 4200 domini-

169 4229 246 4268 cc
270 4212 538 4284 passionis
566 4212 809 4266 imitatio.

145 4317 168 4342 ι·
182 4303 404 4360 Corona
421 4303 792 4358 universorum
812 4310 1111 4374 martyrum
1132 4303 1315 4373 fulget,
1333 4314 1494 4374 atque
1505 4320 1691 4362 eorum

103 4391 334 4464 quorum
381 4392 576 4447 natalis
617 4392 852 4447 victricis
879 4392 1064 4460 glorias
1111 4393 1436 4463 celebratur,
1479 4396 1569 4464 qui
1599 4411 1691 4452 ro-

1798 3942 1996 3998 lucrum
2021 3943 2241 4016 (Philip.
2269 3943 2309 4013 ι)
2326 3959 2340 4010 ;
2359 3943 2753 4013 triumphantes
2775 3941 2828 3996 in
2853 3938 3068 3996 Christo
3089 3955 3182 3996 sua
3206 3939 3229 3978 δ
3257 3957 3383 4011 pec-

1797 4042 1917 4089 cata
1944 4035 2235 4090 lucrantes.
2263 4033 2581 4104 Quanquam
2602 4031 2694 4105 qui
2717 4032 2770 4087 in
2800 4031 2892 4087 illo
2914 4027 3133 4102 patitur,
3161 4033 3385 4088 omnino

1801 4139 1908 4179 non
1951 4125 2212 4190 moritur;
2247 4135 2273 4164 ο
2301 4123 2569 4180 confessio
2615 4122 2758 4178 enim
2805 4137 2954 4177 mors
2995 4137 3102 4176 non
3134 4130 3254 4186 est,
3287 4137 3348 4178 se

1799 4211 2080 4270 haereditas
2107 4215 2250 4269 vitm.
2280 4212 2593 4285 Martyrium
2618 4219 2704 4267 est
2730 4212 2891 4280 igitur
2916 4209 3247 4278 indulgentia
3272 4213 3380 4266 cri-

1794 4307 2020 4373 minum,
2047 4304 2305 4359 virtutum
2351 4312 2539 4372 caput,
2571 4301 2786 4357 occasio
2830 4300 3073 4371 iustitiae,
3099 4301 3382 4357 dominica:

1793 4396 2057 4467 passionis
2097 4395 2346 4449 imitatio.
2377 4392 2422 4447 Ο
2450 4392 2740 4448 felicissimi
2769 4400 3037 4464 martyres
3065 4395 3382 4448 renuntian-

104 4489 258 4544 busta
289 4485 399 4540 ﬁde
419 4485 487 4540 ad
515 4498 744 4553 agonem
770 4483 1041 4553 passionis
1060 4485 1336 4553 congressi
1355 4495 1510 4553 sunt;
1541 4495 1692 4542 certo
1722 4547 1756 4554 _
1796 4496 1875 4544 tes
1894 4484 2124 4541 saeculo!
2148 4485 2451 4539 Maluerunt
2473 4484 2762 4539 novissimo
2783 4484 3036 4538 meliores
3057 4498 3197 4548 esse,
3217 4497 3380 4554 quam

103 4580 364 4643 scientes,
394 4575 538 4645 quod
553 4547 634 4628 vin
663 4547 913 4629 omnibus
939 4547 1193 4630 Christus
1211 4584 1436 4644 patitur,
1464 4547 1520 4631 et
1547 4577 1689 4646 quod
1721 4547 1768 4605 θ
1795 4581 2001 4650 primo;
2033 4591 2261 4648 quorum
2289 4575 2519 4645 denique
2539 4575 2928 4629 consummatio
2938 4573 3139 4643 justum
3171 4547 3382 4630 initium

103 4669 169 4722 ad
197 4683 368 4737 regna
398 4665 658 4721 ccelorum
701 4667 885 4721 statim
913 4681 1035 4721 cum
1061 4667 1423 4723 exsultatione
1447 4669 1693 4738 corporis
1796 4670 1942 4725 facit.
1971 4669 2164 4723 Divino
2192 4675 2286 4722 tuo
2332 4676 2486 4730 nutu,
2519 4667 2859 4737 omnipotens
2888 4667 3030 4722 Deus
3053 4694 3080 4732 ,ι
3101 4667 3382 4736 gloriosis-

105 4756 535 4821 transferantur;
563 4761 619 4808 et
645 4770 768 4810 cum
795 4763 983 4825 gentes
1009 4755 1269 4810 horreant
1296 4757 1348 4811 in
1377 4757 1694 4826 aegritudine
1797 4761 1917 4817 simi
1963 4767 2227 4831 martyres
2253 4757 2451 4813 Christi
2482 4765 2650 4812 testes
2691 4771 2809 4812 esse
2838 4769 3179 4825 meruerunt;
3212 4761 3386 4816 victo-

104 4856 360 4911 mortem,
395 4845 432 4898 ii
477 4843 530 4898 in
575 4844 691 4914 ipsa
730 4851 906 4899 morte
953 4855 1352 4914 consequantur
1380 4855 1693 4917 perpetuam

107 4936 479 4991 haereditatem
507 4972 522 4998 ,
573 4948 671 5004 per
723 4933 1002 5002 passiones
1045 4949 1173 4990 vero
1220 4933 1249 4973 δ
1294 4936 1695 4992 translationem

107 5027 277 5094 magis
306 5037 433 5079 esse
459 5021 686 5077 credunt
727 5038 888 5093 quam
919 5022 1100 5079 ﬁnem.
1133 5023 1256 5080 Haec
1285 5034 1366 5080 est
1389 5040 1585 5080 arcana
1612 5042 1699 5081 sa-

108 5114 334 5184 pientia,
361 5126 482 5182 quae
508 5112 562 5165 in
583 5111 768 5166 electis
793 5112 919 5178 tuis,
943 5111 1190 5182 Domine,
1215 5129 1322 5168 non
1349 5113 1696 5185 persuasione

107 5208 409 5276 colligitur,
439 5205 534 5260 sed
561 5220 593 5259 a
624 5207 728 5260 tuis
754 5209 1077 5278 martyribus
1104 5208 1171 5264 de
1193 5209 1342 5265 fonte
1381 5211 1562 5266 divino
1589 5212 1698 5265 vir-

112 5299 237 5352 tutis
257 5297 542 5361 hauritur;
579 5306 602 5333 ο
629 5295 752 5363 quia
783 5295 908 5350 bene
932 5299 1092 5352 viuere
1114 5296 1347 5354 Christus
1367 5308 1462 5366 est,
1492 5310 1541 5354 et
1568 5302 1699 5354 mori

182 5460 208 5486 ι
233 5445 519 5501 lIomiliar.
547 5444 705 5499 basil.
747 5445 1023 5511 Lateran.,
1052 5445 1310 5502 Coronam
1349 5451 1700 5503 universorum

115 5529 412 5597 marth
445 5516 642 5595 fulgere
666 5515 1064 5597 uidemus._Vox
1094 5517 1208 5597 hanc
1237 5519 1463 5597 videmus
1491 5528 1572 5597 est
1613 5536 1702 5573 su-

117 5585 397 5708 μειὲιιόεἰω
426 5585 623 5637 minori
651 5585 868 5653 quidem
896 5585 1232 5650 charactere,
1258 5588 1372 5655 sed,
1395 5599 1454 5643 ut
1473 5589 1702 5654 videtur,

119 5675 193 5712 ea:
218 5672 308 5710 cm
340 5669 525 5708 manu.
1055 5669 1058 5672 ’

192 5731 216 5765 ιι
247 5725 387 5780 Cod.
443 5721 653 5790 Later.,
700 5727 1067 5782 translationes
1108 5727 1322 5781 credunt
1369 5744 1509 5798 esse,
1560 5747 1710 5799 quant

420 5816 691 5876 ΡΑτιιυι..
739 5816 929 5879 LVII.

1797 4853 1934 4906 riam
1958 4864 2172 4919 quoque
2201 4847 2466 4914 meditati,
2498 4846 2730 4902 confessi
2751 4845 3021 4901 Christum
3051 4847 3104 4902 in
3135 4849 3382 4917 ﬂagellis,

1802 4943 1855 4997 in
1890 4941 2228 5004 carceribus,
2251 4939 2305 4993 in
2335 4937 2640 5006 ergastulis,
2682 4937 2736 4990 in
2765 4937 3084 5004 solitudine;
3113 4939 3384 5008 justorum

1803 5030 1945 5086 enim
1974 5043 2156 5084 comes
2205 5042 2416 5098 semper
2444 5025 2605 5080 debet
2638 5040 2760 5082 esse
2789 5025 3077 5081 confessio.
3102 5026 3147 5080 0
3176 5029 3385 5100 inclyta:

1801 5121 1992 5175 animas
2015 5120 2295 5173 beatorum
2325 5125 2619 5188 martyrum
2642 5124 2698 5170 et
2716 5115 2948 5184 gloriosa
2967 5119 3223 5187 victoria;
3249 5122 3392 5177 inter

1803 5225 1940 5278 quos
1969 5217 2026 5264 et
2052 5207 2408 5263 devotissima:
2430 5205 2638 5262 femina:
2666 5207 2822 5261 simul
2845 5206 3098 5262 smculum
3118 5217 3174 5263 et
3201 5223 3391 5267 sexum

1807 5301 2072 5366 vicerunt,
2103 5300 2406 5367 prmliantes
2425 5313 2547 5352 cum
2575 5298 2810 5366 diabolo,
2841 5296 3092 5354 fortiores
3123 5300 3252 5356 viris
3281 5309 3394 5358 tor.

1850 5467 1990 5503 ηεηιτ

1808 5451 2085 5574 ῇηξηῖξιειιι
2137 5519 2260 5574 cod.
2311 5518 2492 5572 Later.
2522 5560 2536 5586 ,
2577 5519 2758 5589 φείδκε
2801 5520 2962 5573 νίκη
3018 5518 3255 5576 Christus
3300 5532 3396 5590 ὥτ’

1815 5599 1881 5643 et.
1917 5597 2020 5643 etc.

1870 5629 1912 5695 ἀ
1943 5659 2082 5729 Idem
2114 5658 2234 5711 cod.
2267 5657 2544 5729 _Lateran.,
2575 5676 2667 5710 sua
2699 5667 2860 5710 morte
2884 5659 3142 5714 tacrantes
3171 5673 3391 5729 petram.

1902 5740 1921 5764 ο
1947 5728 2089 5782 Idem
2117 5729 2234 5782 cod.
2267 5727 2542 5794 I.ateran.,
2574 5729 2913 5796 confessionis
2944 5733 3077 5782 enim
3113 5727 3266 5794 mors,
3295 5744 3395 5788 etc.

3050 5823 3126 5880 23
