3896 6250
537 295 565 347 1
581 269 632 346 uti

1721 303 1778 360 S.
1821 305 2067 361 MAXIM]
2106 306 2554 367 TAURINENSI'S

3696 320 3788 376 7l5

536 411 818 481 quentibus
845 413 1182 478 exstiterunt,
1211 414 1368 484 633
1395 412 1628 472 carnillci
1668 418 1866 485 gratias
1899 431 1924 456 ι
1946 435 2108 489 agen-
2137 429 2185 486 Α
2212 421 2394 486 elisus,
2426 437 2546 477 cum
2587 422 2697 491 jam
2726 432 2934 480 amotos
2958 434 3271 484 constanter
3298 428 3463 500 635
3489 429 3623 484 elidi
3655 432 3782 500 (sic).

538 513 619 558 tes
669 503 932 558 savientil
993 503 1071 557 Ab
1125 507 1370 559 omnibus
1435 506 1576 559 enim
1624 506 1784 562 fidem
1835 519 2110 579 exspectat

537 594 874 660 omnipotens
914 592 1052 647 Deus
1093 595 1262 660 magis
1289 610 1448 663 quam
1496 603 1745 650 mortem.
1776 597 1883 652 Sed
1926 599 2112 655 diabo-

538 683 648 745 lus,
684 683 774 751 qui
820 683 1133 736 conﬁtentes
1163 684 1300 749 odit,
1351 699 1583 740 coronas
1619 695 1840 756 prastat
1893 688 2108 744 invitus.

538 768 688 822 Facit
717 779 975 840 martyres
1005 769 1031 806 δ
1062 771 1154 837 qui
1184 771 1281 824 hos
1324 772 1540 834 occidit,
1571 782 1629 827 et
1654 773 1780 828 dum
1803 774 1898 829 Dei
1926 790 2112 831 servos

537 859 752 911 vincere
780 858 1077 924 contendit,
1106 861 1465 914 contemnitur
1506 861 1640 930 ipse,
1669 862 1794 917 dum
1823 865 1995 919 saevit.
2023 864 2112 919 Li-

538 947 790 1002 bccalitas
817 960 944 1014 ergo
972 955 1059 1001 tua
1091 947 1230 1019 (sic),
1266 949 1486 1005 Domine
1525 951 1690 1021 Deus,
1726 953 1986 1008 hactenus
2011 969 2111 1010 no-

537 1034 619 1090 bis
643 1036 892 1106 martyris
920 1038 1222 1106 proposuit,
1242 1046 1300 1092 ut
1321 1039 1656 1098 adversarius
1679 1051 1701 1080 ⁸
1732 1043 1964 1111 quodam
1988 1045 2110 1116 (sic)

2212 513 2440 568 Voluisti
2465 514 2606 568 enim
2636 515 2906 570 hominem
2929 533 3034 571 non
3058 527 3264 573 tantum
3289 520 3358 574 de
3385 520 3597 575 diaboli
3619 533 3779 590 potes

2211 611 2322 658 tate
2347 617 2538 658 eruere
2593 618 2689 673 per
2734 604 2910 671 tidem,
2940 606 3036 661 sed
3081 607 3472 664 inculcatorem
3527 611 3653 679 (sic)
3684 611 3783 676 ejus

2210 691 2513 747 interﬁcere
2540 708 2636 762 per
2681 695 2952 748 virtutem.
3003 694 3071 749 Ut
3097 697 3190 764 qui
3241 697 3548 764 gaudemus
3599 698 3782 753 Christi

2208 784 2465 852 sanguine
2515 785 2710 845 mortui
2741 785 2944 840 facilius
2970 784 3198 851 liberati,
3230 787 3478 843 dicentes
3507 793 3780 858 martyria.

2210 871 2262 925 in
2289 871 2502 928 Christo
2530 880 2716 943 postea
2748 876 3134 944 triumphemus
3163 878 3436 931 coronati.
3471 875 3579 931 Per
3606 877 3780 931 Chris-

2211 968 2322 1014 tum
2353 961 2636 1015 Dominum
2662 971 2931 1026 nostrum,
2951 964 3041 1031 qui
3069 964 3202 1017 vivit
3219 972 3276 1018 et
3302 973 3500 1034 regnat
3528 965 3583 1018 in
3602 966 3778 1020 mula

2211 1050 2546 1105 seculorum.
2575 1051 2766 1106 Amen.
2999 1057 3004 1060 “

1904 1231 2170 1298 SERMO
2213 1237 2404 1300 XCII.

1453 1328 1581 1386 Itan
1605 1331 1669 1388 tle
1700 1335 1864 1387 natali
1889 1333 1995 1390 SS.
2026 1336 2360 1404 plurimorum
2389 1349 2669 1410 martyrum
2704 1341 2832 1410 VII.

1962 1442 2350 1501 ADMONITIO.

611 1553 794 1610 Exstat
821 1555 906 1633 hic
933 1569 1148 1633 quoque
1168 1567 1344 1606 sermo
1371 1551 1436 1606 S.
1461 1550 1674 1633 Maximi
1721 1555 2007 1633 inscriptus
2033 1557 2248 1633 nomine
2277 1558 2328 1613 in
2357 1558 2562 1633 \{eneto
2596 1560 2782 1633 codice
2809 1561 2864 1616 S.
2896 1561 3266 1633 Marci,_cuj’us
3303 1566 3530 1620 metnini
3554 1567 3778 1621 admoui-

541 1625 685 1702 g'one
721 1624 1013 1702 superiore.
1048 1623 1228 1702 Neque
1257 1636 1386 1702 vero
1424 1623 1552 1702 quin
1597 1623 1645 1674 ei
1686 1632 1871 1702 sancto
1886 1623 2127 1702 antistiti
2157 1627 2465 1702 tribuendus
2509 1630 2596 1694 sit,
2644 1630 2886 1702 dubitare
2913 1633 3038 1687 sinit
3061 1623 3274 1700 'lluens,
3312 1637 3526 1702 gravis,
3565 1645 3772 1701 ornata,

540 1693 851 1762 delectuque
879 1692 1261 1746 sententiarum
1288 1692 1563 1756 instructa,
1586 1705 1694 1746 uno
1716 1693 1904 1758 verbo,
1933 1692 2162 1750 Μειχίωο
2189 1696 2346 1766 plane
2373 1697 2538 1766 digna
2552 1692 2751 1755 oratio.

542 1896 923 1950 Αιςυιιεητωι.
956 1923 1026 1934 -—-
1053 1895 1293 1949 Salvator
1318 1903 1491 1948 noster
1530 1910 1622 1949 nos
1651 1894 1822 1948 docuit
1853 1904 2095 1961 terrores,
2132 1900 2177 1962 Β
2201 1905 2481 1954 serventur
2501 1900 2554 1953 in
2582 1897 2739 1955 coelo.
2769 1896 3082 1954 Accendere
3107 1896 3291 1964 igitur,
3305 1895 3635 1961 Christiane.
3657 1913 3769 1951 cum

605 1974 655 2034 et
684 1964 1086 2034 persecutiones,
1116 1973 1166 2017 et
1202 1965 1554 2034 tribulationes
1603 1965 1824 2034 fortiter,
1843 1981 2097 2034 spernere.

603 2032 778 2088 lorea
825 2050 1022 2102 semper
1064 2035 1118 2102 in
1165 2033 1346 2087 melius
1388 2032 1698 2088 commutare
1742 2032 2005 2098 debemus;
2029 2044 2100 2100 et,

606 2103 737 2156 sicut
769 2101 1049 2183 participes
1073 2101 1511 2183 Christiltontinis
1539 2117 1733 2183 sumus,
1762 2103 1836 2156 sic
1875 2104 2102 2183 ἕης-εισιοτ

611 2188 691 2225 res
736 2171 894 2225 simus
939 2171 986 2225 et
1025 2173 1212 2241 operis.
1256 2171 1514 2241 Martyres
1563 2171 1764 2241 fortiter
1809 2174 2104 2241 restiterunt

603 2257 823 2311 ρίιεμιηο⁸
835 2239 1078 2305 sarmenti,
1113 2250 1163 2292 tat
1200 2239 1471 2311 vigilanter
1505 2239 1684 2293 resiste
1719 2239 1924 2294 diabolo
1954 2246 2100 2294 sedu-

607 2307 760 2376 ceitti,
782 2307 973 2363 Christi
1000 2311 1162 2379 fretus
1181 2307 1396 2363 auirilio.

608 2436 838 2493 Domino
861 2435 970 2490 Deo
999 2444 1182 2492 nostro
1203 2435 1389 2492 laudes
1415 2435 1521 2490 laeti
1548 2437 1809 2500 canimus,
1827 2435 1952 2491 dum
1980 2452 2104 2493 san-

536 2538 746 2586 ctorum
791 2537 1085 2600 martyrum
1130 2528 1264 2584 festa
1309 2527 1640 2582 celebramus
1665 2566 1680 2593 ,
1736 2542 1874 2596 quos
1927 2527 2103 2582 divina

536 2622 826 2678 auxiliante
849 2621 1018 2688 gratia
1042 2618 1323 2673 roboratos
1350 2617 1667 2684 audivimus,
1700 2624 1755 2670 et
1783 2617 1834 2670 in
1866 2623 2104 2671 tormen-

536 2710 604 2765 tis
635 2709 877 2764 invictos.
918 2707 1073 2762 Dedit
1110 2709 1251 2761 enim
1293 2707 1396 2761 illis
1416 2708 1666 2762 virtutem
1695 2713 1750 2761 et
1781 2706 2104 2762 consolatio-

534 2813 676 2864 nem,
707 2798 798 2866 qui
839 2797 983 2867 prior
1010 2805 1067 2851 et
1103 2812 1200 2866 pro
1239 2797 1374 2861 illis,
1404 2805 1458 2851 et
1501 2812 1598 2866 pro
1626 2797 1780 2851 nobis
1816 2795 1994 2851 subire
2022 2795 2103 2849 di-

533 2897 728 2956 gnatus
753 2895 834 2942 est
861 2887 1184 2958 passionem,
1207 2894 1262 2941 et
1288 2887 1434 2942 dedit
1459 2888 1537 2942 eis
1574 2887 1981 2942 exsultationem
2010 2901 2104 2942 co-

533 2977 773 3047 piosam,
827 2976 930 3031 illis
969 2977 1024 3031 in
1062 2976 1212 3031 caelis
1256 2976 1614 3046 promittendo
1659 2975 2004 3042 mercedem;
2047 2984 2102 3029 at

530 3081 672 3121 nunc
707 3081 828 3122 cum
855 3065 1015 3119 lectio
1042 3063 1314 3133 Evangelii
1341 3066 1626 3134 legeretur,
1653 3065 1875 3120 audistis
1911 3079 2102 3120 conso-

530 3155 802 3219 lationem,
829 3156 908 3209 eis
925 3154 1205 3210 Dominum
1232 3155 1494 3210 dicentem
1522 3172 1535 3208 :
1561 3153 1689 3209 Cum
1725 3166 1893 3208 autem
1932 3155 2103 3208 audie-

2202 1987 2400 2042 sanctis
2428 1988 2749 2059 martyribus
2768 1986 2926 2041 simili
2952 1986 3252 2041 dilectionis
3280 1986 3508 2052 ardore;
3540 1996 3595 2043 et
3614 1989 3658 2041 si
3679 1988 3772 2040 hoc

2202 2084 2443 2146 tempore
2472 2092 2578 2133 non
2607 2077 2709 2131 erit
2749 2084 2894 2130 tanta
2915 2083 3100 2130 contra
3129 2075 3375 2130 carnales
3403 2086 3772 2146 persecutores

2202 2166 2445 2222 certandi
2468 2165 2775 2231 necessitas,
2792 2166 2858 2220 sit
2872 2165 3032 2219 etiam
3053 2173 3236 2219 contra
3253 2165 3564 2234 spirituales
3578 2168 3770 2228 hostes,

2206 2265 2260 2311 et
2277 2265 2461 2311 contra
2489 2258 2666 2312 carnis
2687 2256 2925 2312 certandi
2952 2255 3266 2311 constantia.
3291 2255 3431 2310 Nam
3451 2257 3554 2310 etsi
3583 2273 3720 2312 nunc
3745 2273 3768 2311 a

2205 2363 2412 2417 pagano
2428 2364 2534 2403 non
2551 2348 2854 2403 inferuntur
2874 2355 3138 2402 tormenta
3159 2361 3276 2416 qua
3285 2347 3534 2415 suﬂ'eras,
3553 2348 3771 2404 olferoo-

2203 2444 2290 2490 tur
2322 2445 2502 2491 tamen
2530 2453 2562 2490 a
2587 2436 2803 2492 diabolo
2852 2444 3185 2491 tentamenta
3213 2450 3332 2504 qua:
3361 2452 3586 2492 necesse
3613 2447 3695 2492 est
3721 2447 3771 2489 ut

2203 2542 2440 2596 superes.
2469 2527 2601 2582 Nam
2649 2534 2704 2583 et
2745 2539 2984 2597 paganus
3011 2542 3171 2581 manu
3213 2535 3437 2582 cruenta
3484 2528 3773 2583 desazvieus

2205 2617 2400 2672 Christi
2429 2626 2692 2689 martyres
2711 2619 3042 2683 trucidabat;
3070 2617 3310 2672 diabolus
3331 2627 3512 2672 autem
3539 2619 3772 2674 subdolis

2207 2706 2591 2762 tentationibus
2617 2705 2834 2775 fallens,
2863 2705 3060 2761 Christi
3100 2707 3284 2761 lideles
3310 2724 3376 2762 eo
3398 2710 3772 2778 periculosius,

2201 2811 2310 2865 quo
2337 2796 2615 2861 occultius,
2645 2796 2865 2851 cruciat.
2898 2795 3049 2850 Tunc
3094 2811 3331 2866 paganus
3379 2797 3553 2852 leonis
3579 2797 3773 2854 femci-

2205 2892 2316 2938 tate
2341 2883 2650 2951 desmvieus,
2681 2884 2747 2938 ad
2768 2884 3123 2939 idololatriam
3150 2885 3436 2954 compulit,
3484 2903 3631 2942 nunc
3665 2888 3774 2941 dia-

2199 2973 2355 3030 bolus
2380 2975 2686 3045 serpentino
2714 2975 2872 3030 dente
2897 2975 3127 3029 suadens
3143 3017 3156 3043 ,
3183 2975 3422 3044 perfidiae
3447 2979 3596 3031 virus
3628 2979 3775 3032 infu-

2200 3064 2298 3120 dit.
2313 3063 2555 3133 Paganus
2571 3063 2858 3120 occidendo
2881 3071 3146 3134 martyres
3167 3065 3412 3119 mittebat
3431 3065 3498 3120 ad
3519 3081 3774 3135 regnum;

2201 3157 2362 3228 635
2410 3155 2653 3211 diabolus
2699 3155 3023 3222 seducendo,
3052 3170 3235 3210 secum
3291 3146 3439 3208 ducit
3485 3156 3551 3210 ad
3599 3157 3774 3226 ignem

529 3245 642 3300 ritis
672 3244 822 3309 bella,
850 3245 1218 3314 etopinionem
1245 3244 1509 3318 bellorum,
1542 3261 1605 3298 ne
1626 3245 1924 3309 timueritis;
1947 3261 2099 3314 apor-
2125 3255 2170 3316 ο
2200 3258 2478 3321 mternum.
2503 3243 2581 3298 llli
2609 3257 2735 3311 ergo
2762 3244 3006 3298 vicerunt
3025 3244 3302 3298 tolerando
3321 3245 3582 3314 supplicia
3613 3261 3773 3315 paga-

529 3343 598 3388 tet
617 3336 752 3387 enim
767 3335 1023 3404 luccﬁeri,
1047 3334 1137 3387 sed
1157 3335 1381 3387 nondum
1393 3336 1515 3404 ﬁnis
1538 3333 1826 3405 (Luc.xx1).
1860 3333 2095 3389 Praemo-

527 3423 643 3478 nuit
663 3437 790 3491 ergo
813 3423 1068 3478 Dominus
1088 3432 1142 3478 et
1164 3423 1411 3478 Salvator
1437 3432 1621 3478 noster
1644 3424 1930 3494 discipulos
1948 3440 2091 3492 suos,

525 3522 580 3571 et
609 3529 704 3584 per
727 3530 822 3569 eos
868 3530 964 3569 nos
998 3514 1179 3568 docuit
1217 3515 1471 3579 secundo,
1504 3525 1737 3569 terrores
1766 3523 1822 3570 et
1848 3530 2097 3585 persecu-

525 3605 726 3669 tiones,
751 3603 1221 3674 diversitatemque
1251 3604 1650 3659 tribulationum
1671 3619 1702 3659 a
1730 3607 2098 3675 persequenti-

524 3691 622 3748 bus
652 3692 911 3764 irrogatas
949 3691 1159 3746 fortiter
1189 3707 1461 3762 spernere,
1493 3701 1548 3747 et
1573 3694 1693 3750 vita:
1733 3705 1944 3751 aeternae
1964 3713 2099 3753 con-

525 3783 790 3839 solatione
836 3781 1085 3836 refoveri.
1130 3779 1198 3838 Et
1237 3782 1363 3851 quia
1411 3783 1567 3839 nobis
1605 3785 1817 3854 saepius,
1861 3787 2094 3855 peccatis

524 3875 720 3931 nostris
746 3873 1098 3942 exigentibus,
1137 3875 1478 3943 contingunt,
1505 3875 1642 3934 ideo
1680 3892 1857 3932 mores
1885 3885 1939 3932 et
1965 3893 2094 3931 con-

524 3963 882 4039 versationem
928 3970 1164 4017 nostram
1211 3978 1426 4033 semper
1453 3964 1507 4018 in
1535 3965 1724 4020 melius
1762 3975 2094 4022 commutare

523 4051 798 4116 debemus,
848 4051 1096 4107 deserere
1141 4053 1302 4119 vitia,
1336 4063 1390 4107 et
1418 4069 1660 4114 crescere
1708 4056 1761 4109 in
1811 4056 2094 4112 virtutibus

522 4140 718 4196 sanctis
742 4139 808 4194 de
835 4139 923 4196 die
951 4141 1006 4195 in
1040 4140 1200 4204 diem,
1230 4143 1580 4197 contumelias
1608 4151 1663 4196 et
1687 4144 1960 4198 cruciatus
1989 4144 2092 4198 hu-

523 4230 610 4300 ius
633 4230 810 4285 seculi
834 4231 1214 4299 patientissime
1243 4232 1506 4298 tolerare;
1531 4241 1588 4286 ut
1613 4233 1826 4298 dicatur
1855 4234 1920 4289 de
1942 4234 2095 4290 nobis

525 4321 652 4376 illud
679 4320 823 4389 quod
860 4321 914 4375 in
944 4321 1146 4390 psalmo
1166 4323 1376 4376 canitur
1401 4340 1415 4375 :
1442 4320 1598 4375 Ibunt
1634 4324 1800 4376 sancti
1830 4323 1892 4376 de
1912 4325 2094 4377 virtute

523 4414 578 4467 in
606 4413 836 4467 virtutem
858 4410 1031 4482 (Psal.
1051 4413 1293 4485 unm).
1320 4413 1435 4469 Hoc
1461 4429 1588 4469 vero
1617 4415 1917 4484 exemplum
1941 4415 2093 4470 nobis

525 4503 766 4558 Christus
785 4503 1016 4571 reliquit,
1046 4504 1136 4571 qui
1163 4519 1262 4573 pro
1302 4503 1457 4558 nobis
1483 4519 1636 4558 suum
1664 4506 1976 4573 sanguinem
2006 4504 2093 4558 fu-

2200 3334 2254 3388 ni
2284 3333 2534 3398 tortoris;
2573 3343 2630 3387 tu
2665 3333 2817 3387 vince
2850 3334 3245 3388 contemnendo
3284 3335 3562 3390 innumera
3594 3343 3774 3390 tenta-

2197 3432 2378 3478 menta
2402 3423 2599 3478 diaboli
2628 3422 2948 3477 seductoris.
2968 3423 3057 3486 _llli
3087 3422 3294 3477 fortiter
3331 3426 3652 3480 restiterunt
3681 3443 3774 3496 pa-

2196 3527 2334 3581 gano
2364 3513 2628 3578 saevienti;
2649 3520 2707 3566 tu
2730 3512 3012 3580 vigilanter
3029 3515 3221 3567 resiste
3237 3513 3451 3568 diabolo
3472 3515 3770 3579 seducenti,

2196 3603 2390 3660 Christi
2418 3602 2827 3658 fretusauxilio.
2882 3604 2986 3658 Pro
3030 3604 3305 3658 catholica:
3359 3604 3480 3658 ﬁdei
3531 3610 3772 3664 veritate

2198 3712 2365 3768 usque
2393 3696 2459 3752 ad
2506 3693 2666 3750 linem
2699 3694 2909 3750 fortiter
2934 3703 3104 3774 certa,
3134 3703 3190 3750 et
3215 3696 3519 3751 mercedem
3555 3713 3771 3754 securus

2195 3794 2463 3857 exspecta.
2496 3785 2717 3841 Trinum
2761 3785 3066 3853 Dominum,
3105 3784 3158 3838 id
3205 3792 3286 3839 est
3316 3784 3551 3852 Patrem,
3583 3798 3642 3842 et
3685 3789 3771 3842 Fi-

2197 3879 2345 3945 lium,
2369 3887 2423 3932 et
2445 3877 2700 3947 Spiritum
2720 3885 2966 3930 sanctum
2987 3877 3142 3930 unius
3163 3876 3474 3931 substantia:
3493 3876 3769 3946 conﬁtere,

2196 3970 2241 4024 si
2267 3969 2346 4022 vis
2373 3983 2594 4036 regnum
2622 3967 2878 4022 caelorum
2904 3981 3024 4020 cum
3069 3966 3267 4021 sanctis
3305 3968 3554 4022 omnibus
3593 3971 3768 4039 possi-

2197 4060 2346 4114 dere.
2378 4058 2455 4112 Ab
2485 4059 2586 4112 hac
2614 4055 2810 4111 salubri
2840 4054 3175 4110 conlessione
3214 4071 3320 4109 non
3348 4057 3626 4112 seducaris
3652 4060 3767 4112 ille-

2197 4157 2314 4203 ctus
2352 4147 2735 4217 temporalibus
2778 4145 3040 4214 prmmiis;
3068 4158 3135 4198 ne
3161 4159 3192 4196 a
3225 4142 3439 4198 Christo
3487 4147 3768 4202 infeliciter

2196 4238 2482 4307 separeris,
2513 4244 2567 4290 et
2611 4235 2867 4304 gehennae
2907 4233 3163 4288 incendiis
3207 4234 3484 4288 crucieris.
3521 4237 3688 4307 636
3713 4238 3767 4289 Si

2196 4330 2336 4384 enim
2366 4330 2664 4384 mundanas
2714 4327 3099 4397 prosperitates
3127 4335 3284 4396 atque
3314 4328 3673 4384 adversitates
3721 4330 3766 4386 in

2197 4427 2508 4486 contemptu
2557 4419 2757 4471 habere
2783 4415 3051 4491 didiceris,
3100 4416 3304 4470 etiamsi
3353 4425 3626 4472 tormenta
3678 4420 3768 4473 tibi

2197 4523 2296 4576 pro
2317 4507 2515 4562 Christi
2539 4506 2754 4560 nomine
2774 4505 3092 4568 inferantur,
3111 4505 3414 4559 nullatenus
3434 4504 3767 4560 formidabis.

523 4594 618 4647 dit.
647 4590 829 4649 Omnis
856 4606 982 4661 ergo
1002 4592 1331 4648 Christianus
1360 4593 1665 4648 consideret
1709 4609 1816 4663 quo
1845 4585 2092 4649 censetur
2121 4606 2170 4665 ι)
2196 4595 2424 4649 Tantum
2472 4597 2525 4649 in
2551 4603 2640 4648 tua
2674 4594 2867 4648 virtute
2909 4607 3182 4660 nunquam
3214 4592 3480 4660 c0nlidas,
3511 4594 3555 4648 si
3600 4594 3768 4648 victor

522 4681 801 4744 vocabulo,
826 4692 883 4736 ut
907 4681 1174 4736 Christum
1203 4683 1255 4736 in
1279 4683 1546 4747 omnibus,
1569 4693 1826 4751 quantum
1848 4683 1962 4751 ejus
1990 4685 2097 4739 lar—
2199 4702 2325 4741 esse
2345 4685 2638 4740 desideras.
2671 4682 2752 4738 Sit
2792 4682 2886 4738 tibi
2913 4681 3156 4737 Christus
3193 4695 3320 4750 spes
3345 4689 3494 4735 certa
3512 4721 3528 4746 ,
3558 4683 3651 4750 qui
3691 4691 3766 4735 est

522 4773 700 4842 giente
726 4773 897 4842 gratia
938 4772 1107 4839 valet,
1131 4773 1396 4838 imitetur;
1428 4781 1486 4828 ut
1538 4774 1676 4828 sicut
1702 4781 1784 4828 est
1824 4774 2094 4843 particeps
2195 4775 2363 4831 virtus
2409 4774 2630 4836 invicta,
2663 4775 2730 4826 ne
2756 4788 2788 4827 a
2817 4786 2913 4841 spe
2940 4769 3310 4824 retributionis
3355 4771 3568 4826 animus
3615 4770 3766 4824 Chri~

522 4863 689 4934 ipsius
717 4864 966 4928 nominis,
991 4865 1068 4919 sic
1088 4863 1326 4918 imitator
1352 4864 1422 4918 sit
1448 4872 1502 4919 et
1529 4865 1727 4933 operis.
1751 4861 1997 4917 Honores
2025 4878 2088 4918 ac
2191 4864 2352 4918 stiani
2391 4863 2683 4930 lrangatur.
2713 4859 2972 4926 Quoniam
2996 4859 3134 4914 sicut
3179 4859 3232 4913 in
3277 4861 3576 4914 certamine
3600 4863 3763 4914 virtus

521 4955 807 5021 dignitates
856 4953 1057 5018 saeculi,
1096 4968 1279 5008 amore
1306 4954 1458 5023 regni
1503 4952 1774 5020 celestis,
1795 4968 1893 5021 pro
1924 4951 2088 5006 nihilo
2191 4954 2394 5009 devota.
2412 4961 2466 5007 et
2486 4951 2690 5007 stabilis
2710 4958 3036 5016 muneratur,
3061 4950 3140 5005 sic
3167 4948 3221 5002 in
3249 4963 3388 5018 pace
3433 4946 3605 5003 ﬁdelis
3634 4964 3761 5002 eon-

520 5044 715 5108 ducat',
741 5052 795 5098 et
823 5043 868 5098 si
897 5042 1178 5098 facultates
1202 5053 1426 5102 terrente
1453 5043 1722 5110 deficiunt,
1753 5056 2087 5111 nequaquam
2193 5045 2414 5102 scientia
2459 5050 2765 5096 coronatur.
2807 5038 2910 5094 Per
2958 5037 3242 5094 Dominum
3290 5046 3536 5091 nostrum
3585 5034 3759 5091 Iesum

522 5149 619 5203 per
669 5136 908 5202 rapinam
953 5143 1008 5189 et
1034 5134 1269 5190 fraudem
1299 5135 1645 5204 acquirantur
1684 5135 1736 5188 in
1766 5134 1983 5189 mundo.
2029 5130 2085 5186 Si

521 5232 701 5277 autem
729 5223 1020 5290 habentur,
1032 5241 1141 5279 non
1166 5240 1261 5295 per
1300 5226 1576 5280 avaritiam
1604 5225 1888 5293 diligantur
1911 5225 1963 5277 in
1989 5237 2090 5276 sm-

521 5313 663 5381 culo,
684 5313 779 5371 sed
803 5329 901 5386 per
921 5315 1375 5387 eleemosynarum
1405 5316 1703 5385 largitatem
1727 5327 2089 5384 permansura:

593 5529 620 5556 ι
647 5517 781 5572 Cod.
827 5515 1079 5570 Lateran.
1112 5515 1399 5579 homiliar..,
1449 5514 1681 5583 carniﬁci
1729 5511 1926 5584 gratias
1967 5526 2091 5580 age-

518 5590 642 5642 bant
665 5587 911 5641 amictui.

588 5661 612 5696 ιι
644 5657 792 5712 idem
817 5655 936 5717 and,
971 5653 1249 5721 Lateran.,
1269 5652 1418 5707 Facit
1447 5662 1697 5722 marth
1723 5666 1847 5721 quos
1870 5651 2081 5715 accidit,

2191 5135 2482 5196 Christum,
2509 5133 2600 5200 qui
2628 5131 2756 5185 vivit
2775 5137 2829 5184 et
2856 5137 3043 5198 regnat
3071 5129 3122 5183 in
3151 5128 3357 5182 unitate
3388 5126 3619 5197 Spiritus
3645 5143 3759 5182 sau-

2194 5225 2266 5281 cti
2292 5225 2432 5280 Deus
2457 5236 2550 5293 per
2570 5220 2751 5276 omnia
2778 5219 2974 5274 szecula
2997 5217 3336 5273 saeculorum.
3359 5216 3554 5272 Amen.

2195 5516 2460 5628 etgldem
2479 5569 2599 5624 cod.
2630 5563 2837 5628 Later.,
2858 5573 2915 5618 ut
2938 5563 3262 5617 adversarius
3290 5576 3397 5629 qu
3416 5565 3584 5618 Adam
3611 5563 3756 5617 elisus

2188 5662 2302 5700 cum
2333 5659 2443 5715 Jam
2466 5649 2666 5694 amotus
2695 5643 2986 5692 constanter
3021 5633 3187 5687 elidit.
