3896 6250
100 331 185 383 717

1505 321 1734 374 SERMO
1773 320 1940 375 XCIII.

3243 315 3346 365 728

1456 435 1721 495 SEBMO
1760 434 1982 495 XCIII.

1231 535 1295 587 lu
1325 534 1489 587 natali
1510 534 1846 602 plurimorum
1871 536 2241 602 confcssorum.

1548 617 1936 674 ADMONITIO.

166 714 216 768 in
248 714 560 769 Homiliario
581 711 1202 781 basilicm-Latcrancttsis
1230 723 1352 780 pag.
1385 725 1465 781 cci
1505 724 1534 761 a
1557 718 1707 774 tergo
1733 707 1890 781 hujus
1918 704 2181 781 sermonis
2211 703 2392 781 titulus
2411 706 2494 755 est
2517 699 2628 781 ξιξ-ῃ
2657 699 2827 781 natat:
2865 698 3200 781 plurimorum
3223 715 3348 781 con-

104 767 554 903 Essorumﬁaricti
589 781 810 836 Maximi
837 782 1076 849 episcopi.
1113 767 1329 832 Pratsuli
1355 775 1526 832 eidem
1555 767 1740 831 sancto
1773 767 1822 827 in
1852 776 1968 828 cod.
1998 774 2205 827 Veneto
2228 770 2346 833 508,
2364 783 2483 839 pag.
2513 767 2631 830 i95,
2656 767 2794 847 idem
2822 781 2999 821 sermo
3023 768 3345 852 inscribitur.

143 853 306 903 eaitur
335 862 516 903 autem
542 853 657 903 sine
683 851 916 903 auctoris
945 850 1158 902 nomine
1189 849 1242 900 in
1271 848 1543 901 codicibus
1573 845 1740 898 Vatic.
1768 843 1927 903 4951,
1960 842 2209 897 Urbevet.
2243 853 2363 903 pag.
2393 837 2512 890 216.
2545 847 2600 892 et
2628 836 2885 890 Valliccll.
2938 853 3041 890 xxv
3070 852 3196 903 pag.
3227 837 3344 890 {56.

143 836 306 917 egitur
335 836 516 906 autem
542 853 657 905 sine
683 836 916 903 auctoris
945 836 1158 902 neruine
1189 849 1242 900 in
1271 848 1543 901 codicibus
1573 845 1740 898 Vatic.
1768 843 1927 917 4951,
1960 842 2209 897 Urbevet.
2243 836 2512 910 pagfilti.
2545 847 2600 892 et
2628 836 2885 890 Valliccll.
2938 853 3041 890 xxv
3070 852 3196 907 pag.
3227 837 3344 890 {56.

103 915 267 986 Quid?
291 921 336 976 si
367 922 540 991 stylus
567 921 728 974 etiam
755 918 1042 971 Maximum
1062 917 1178 985 ejus
1216 932 1337 971 esse
1363 924 1637 969 auctorem
1668 915 1891 984 prodat?

107 1026 746 1083 succursurum—Sancti
773 1029 1092 1095 confessores
1119 1027 1287 1095 amici,
1316 1024 1406 1077 Dci
1438 1025 1676 1095 dicuntur
1704 1034 1748 1090 Α
1780 1037 1883 1090 que
1918 1024 1928 1058 ί
1967 1021 2246 1076 nobilitate
2273 1020 2394 1090 (sic)
2442 1027 2688 1087 exatquat
2730 1019 2963 1084 dilectio,
2995 1033 3131 1088 quos
3175 1019 3349 1087 digni-

168 1100 418 1169 quiaejus
448 1106 709 1166 praecepta
729 1094 1095 1169 seruauerunt.
1250 1094 1456 1169 Christi
1479 1094 1671 1169 amicus

168 1162 307 1221 esse?
329 1162 551 1219 observa
580 1162 692 1235 qua
719 1162 907 1217 Christi
936 1172 1073 1235 sunt.
1103 1162 1263 1235 illius
1283 1162 1530 1215 amicitia
1551 1177 1675 1235 conf

170 1245 268 1287 stat
295 1237 510 1300 virtute,
534 1228 638 1287 non
679 1242 895 1302 quaestu.
923 1228 1115 1285 Christi
1146 1234 1337 1284 amicus
1367 1245 1470 1283 non
1495 1229 1674 1299 estqui

171 1304 249 1358 dic
276 1304 538 1357 dominico
565 1301 634 1354 ad
662 1302 930 1354 ecclesiam
955 1318 1059 1354 non
1086 1302 1337 1354 conuenit.

173 1392 345 1448 il:rret
390 1393 639 1447 sensibus
661 1391 870 1455 vestris,
904 1391 1122 1453 fratres,
1173 1389 1225 1442 in
1255 1403 1362 1458 quo
1389 1385 1678 1456 descripsi-ﬁ
1710 1425 1752 1454 ε.

1779 1119 1861 1172 tas
1911 1111 2245 1166 secernebat.
2285 1107 2434 1168 Unde
2473 1117 2650 1161 autem
2691 1115 2946 1176 putamus
2977 1107 3167 1162 beatos
3222 1107 3353 1162 istos

1780 1199 1793 1249 i
1807 1208 2023 1254 sanctos
2041 1198 2244 1252 amicos
2263 1196 2556 1251 Salvatoris
2571 1195 2826 1250 eliectos?
2849 1195 2947 1249 nisi
2966 1196 3093 1264 quia
3108 1196 3355 1251 volunta-

1777 1288 1846 1343 tis
1871 1289 2030 1358 637
2061 1287 2178 1355 ejus
2215 1294 2481 1355 praecepta
2511 1292 2888 1350 servaverunt;
2917 1285 3058 1340 sicut
3085 1287 3201 1356 ipse
3230 1288 3306 1340 ait
3336 1304 3350 1339 :

1788 1378 1891 1432 Vos
1922 1379 2072 1431 amici
2103 1378 2200 1430 mei
2226 1378 2381 1440 estis,
2408 1378 2454 1429 si
2477 1377 2701 1446 feceritis
2729 1392 2842 1447 qua
2869 1393 2961 1446 ego
3001 1378 3245 1447 pracipio
3273 1394 3358 1430 vo-

110 1497 218 1536 mus
242 1481 433 1535 beatos
478 1480 817 1535 conlessores
845 1479 964 1533 ideo
994 1479 1194 1532 amicos
1221 1475 1514 1530 Salvatoris
1547 1472 1679 1529 eﬂ'e-
1780 1469 1856 1524 bis
1880 1469 2059 1539 (Joan.
2092 1469 2203 1536 xv).
2236 1468 2437 1522 Eodem
2468 1469 2610 1521 enim
2645 1467 2780 1522 velle
2806 1467 2829 1506 ἰ
2860 1475 2914 1521 et
2950 1468 3095 1523 nolle
3123 1468 3366 1522 amicitia.

110 1581 238 1639 ctos,
268 1571 392 1640 quia
423 1570 717 1628 voluntatis
758 1568 874 1637 ejus
914 1577 1182 1638 pratcepta
1226 1570 1597 1626 servaverunt,
1626 1570 1684 1616 et

113 1659 479 1714 mandatorum
501 1657 620 1726 ejus
664 1659 847 1722 omnia
875 1670 1039 1725 opera
1077 1653 1362 1718 faciebant,
1392 1651 1532 1707 sicut
1570 1651 1684 1720 ipse

115 1748 361 1801 Dominus
391 1748 470 1800 ait
501 1763 516 1800 :
557 1745 660 1800 Vos
699 1746 853 1799 amici
886 1745 986 1798 mei
1035 1746 1187 1807 estis,
1231 1745 1274 1796 si
1307 1742 1533 1814 feceritis
1573 1755 1686 1811 qua:

119 1852 206 1906 ego
235 1837 481 1906 prccipio
521 1835 660 1888 vobis
689 1833 865 1904 (Joan.
897 1835 1008 1902 xv).
1045 1832 1290 1886 Amicum
1329 1830 1472 1884 enim
1513 1830 1686 1898 ipsum

118 1925 390 1980 Dominum
423 1940 546 1980 esse
573 1924 996 1994 pratstruximus,
1017 1922 1109 1990 qui
1136 1921 1269 1975 dixit
1304 1920 1372 1974 ad
1397 1918 1688 1989 discipulos

119 2029 238 2068 suos
262 2032 274 2066 :
303 2013 426 2067 lam
461 2030 564 2066 non
590 2014 760 2066 dicam
782 2029 866 2067 vos
887 2029 1076 2072 servos,
1109 2010 1200 2064 sed
1227 2010 1423 2063 amicos
1455 2017 1479 2044 ι
1508 2023 1686 2071 meos;

117 2120 277 2157 servus
322 2104 493 2168 enim,
526 2102 724 2171 inquit,
757 2102 918 2156 nescit
942 2102 1064 2172 quid
1093 2101 1254 2170 faciat
1290 2097 1542 2154 Dominus
1579 2099 1690 2168 ejus

119 2191 320 2263 (Ibid).
349 2195 371 2228 τι
404 2191 596 2259 Magna
618 2192 774 2261 plane
794 2190 964 2258 gratia
1000 2196 1101 2254 est,
1131 2188 1256 2258 quia
1285 2188 1486 2243 amicus
1517 2188 1695 2255 ingre-

121 2281 258 2335 ditur
286 2283 545 2335 interiora
574 2280 826 2348 cubiculi,
855 2279 1105 2346 famulus,
1145 2278 1290 2334 ioras
1321 2286 1600 2348 exspectat
1625 2277 1691 2331 ad

1783 1561 1894 1629 ipsa
1925 1558 2131 1613 ﬁrmata
2160 1565 2260 1612 est.
2293 1557 2427 1611 istos
2457 1572 2587 1611 vero
2615 1558 2819 1612 amicos
2846 1557 2942 1611 Dei
2969 1557 3148 1612 dicere
3173 1573 3360 1627 possu-

1784 1665 1920 1712 mus,
1945 1649 2034 1718 qui
2072 1642 2330 1716 justitiam
2367 1642 2664 1699 1volebant
2693 1654 2750 1699 ut
2793 1645 3072 1714 Dominus,
3103 1645 3362 1713 iniquita-

1786 1749 1894 1794 tem
1921 1739 2149 1794 oderant
2178 1747 2236 1791 ut
2261 1747 2300 1774 ιιι
2331 1738 2616 1802 Dominus;
2640 1747 2668 1773 τι
2706 1737 2826 1792 ideo
2856 1739 2928 1791 illi
2958 1739 3314 1792 amicitiarum
3338 1747 3362 1773 ο

1785 1827 2271 1884 caritate‘devincti
2317 1835 2458 1880 sunt.
2494 1824 2569 1881 Ex
2598 1842 2705 1895 quo
2730 1828 2965 1898 capitulo
3003 1829 3362 1897 intelligimus.

1789 1920 1928 1974 unde
1956 1917 2023 1973 ad
2050 1916 2246 1972 Christi
2273 1919 2536 1973 amicitias
2564 1919 2858 1973 veniamus.
2891 1919 3006 1975 Non
3035 1921 3179 1976 enim
3204 1933 3230 1971 P
3250 1921 3363 1977 for-

1790 2009 1925 2062 tuito
1975 2008 2281 2077 quempiam
2339 2007 2508 2074 diligit
2559 2008 2852 2072 Dominus;
2903 2025 3026 2064 nam
3057 2024 3079 2051 ιι
3135 2014 3368 2080 gratuita

1789 2113 2033 2170 persona:
2057 2098 2368 2169 cujusquam
2396 2100 2515 2167 (sic)
2547 2087 2794 2166 largitur.
2817 2099 2911 2155 Vis
2947 2099 3142 2158 Christi
3170 2104 3368 2158 amicus

1792 2203 1912 2244 esse
1938 2189 1962 2241 ?
1999 2190 2225 2244 observa
2255 2203 2374 2257 qua:
2403 2187 2600 2242 Christi
2632 2198 2775 2242 sunt.
2808 2189 2901 2245 Vis
2930 2187 3222 2246 Salvatoris
3247 2207 3369 2260 gra-

1796 2277 1925 2331 tiam
1951 2277 2290 2349 promereri?
2320 2275 2611 2331 Salvatoris
2640 2285 2905 2346 praecepta
2943 2280 3171 2335 custodi.
3202 2291 3222 2316 τ
3257 2281 3372 2351 Ipse

120 2370 358 2438 ianuam,
390 2370 546 2439 cujus
572 2371 661 2425 ille
688 2370 867 2425 cordis
895 2379 1101 2426 secreta
1147 2371 1388 2434 rimatur,
1417 2369 1556 2425 illius
1594 2369 1693 2423 iste
1729 2382 1770 2440 Β
1795 2367 1894 2421 sibi
1911 2367 2146 2420 caritatis
2171 2381 2279 2419 sua:
2310 2365 2530 2434 largitur
2551 2365 2820 2433 ati‘é'ctum,
2851 2367 2895 2421 si
2924 2382 2983 2421 se
3003 2369 3375 2425 mandatorum

119 2461 314 2514 exitum
354 2461 714 2529 pratstolatur.
746 2457 897 2514 Unde
924 2468 978 2513 et
1000 2459 1053 2512 in
1081 2459 1315 2512 Canticis
1353 2457 1695 2512 Canticorum

122 2549 349 2604 Ecclesia
399 2566 526 2606 cum
556 2549 916 2604 exsultatione
954 2539 1082 2604 dicit
1111 2567 1124 2602 :
1149 2554 1193 2588 ἐ
1227 2547 1443 2602 lnduxit
1468 2565 1547 2602 me
1587 2547 1699 2601 Rex

125 2639 178 2691 in
221 2640 512 2692 cubiculum
562 2655 709 2692 suum
735 2637 906 2705 (Cant.
939 2638 998 2708 ι).
1048 2638 1283 2705 Scilicet,
1337 2637 1364 2675 ἀ
1406 2639 1531 2707 quia
1575 2644 1698 2707 post

126 2730 480 2796 ignorantiam
512 2730 724 2798 gentilis
770 2730 989 2793 erroris,
1022 2729 1278 2799 mysteria
1325 2727 1468 2786 scire
1506 2727 1701 2781 meruit

124 2817 452 2882 Salvatoris;
486 2826 541 2872 et
569 2833 688 2887 qua:
729 2825 885 2872 antea
920 2817 1052 2873 foris
1077 2818 1292 2887 jacebat
1322 2826 1380 2872 ut
1419 2818 1699 2885 sacrilega,

126 2917 306 2976 postea
331 2908 652 2962 intrinsecus
679 2908 968 2962 assumitur
990 2915 1046 2961 ut
1066 2906 1433 2977 sponsa.Non,
1465 2908 1704 2975 inquam,

126 2998 291 3053 dicam
316 3015 412 3053 vos
441 3014 660 3062 servos,
693 2999 788 3053 sed
828 3001 1050 3055 amicos.
1082 3000 1271 3054 Videte
1293 3008 1552 3069 quantum
1588 2999 1708 3053 Sal-

129 3100 278 3144 vator
312 3101 336 3127 ε
379 3090 601 3144 donavit
641 3090 839 3144 sanctis
884 3090 1016 3156 suis,
1044 3105 1178 3158 quos
1222 3090 1424 3143 amicos
1471 3088 1711 3143 vocando

127 3191 280 3246 pares
320 3177 350 3215 ³
391 3176 508 3236 sibi
557 3176 724 3242 fecit;
779 3176 1012 3231 amicitia
1058 3176 1203 3231 enim
1245 3175 1468 3244 gradum
1517 3175 1706 3230 nescit.

129 3267 308 3320 luam
354 3267 460 3322 etsi
499 3266 571 3320 sit
615 3266 668 3322 iu
721 3266 990 3336 plerisque
1038 3264 1260 3320 inferior
1289 3266 1559 3332 conditio,
1608 3266 1705 3320 sed

130 3355 344 3424 :cquatis
389 3354 613 3410 etl‘ectus
669 3363 771 3420 est,
827 3355 928 3409 etsi
992 3363 1193 3425 praeeat
1237 3355 1550 3420 honoribus,
1600 3371 1704 3411 non

131 3446 278 3514 punit
313 3445 535 3510 oﬂiciis;
565 3445 842 3514 aequaliter
887 3445 1029 3500 enim
1084 3445 1184 3501 sibi
1213 3446 1370 3502 amici
1406 3443 1434 3483 ιι
1478 3447 1625 3502 dives
1653 3455 1709 3502 et

132 3551 332 3605 pauper
367 3536 640 3591 deferunt.
690 3535 759 3590 Et
808 3535 932 3592 licet
981 3538 1050 3591 sit
1099 3538 1234 3592 alter
1287 3538 1582 3607 potentior,
1622 3537 1704 3591 al-

135 3634 213 3683 ter
258 3629 535 3693 humilior,
588 3627 835 3684 amicitiae
883 3637 1061 3683 tamen
1110 3630 1326 3696 caritas,
1357 3629 1457 3684 sibi
1504 3637 1707 3683 utrum-

204 3787 229 3814 ι
257 3777 314 3832 in
342 3777 615 3832 homiliar.
646 3775 896 3832 Lateran.
927 3777 1080 3831 deest
1109 3792 1211 3832 vos
1241 3793 1397 3832 meos.

202 3846 232 3885 δ
255 3847 388 3902 ϐοά.
422 3846 670 3900 Lateran.
704 3847 864 3900 habet
894 3863 906 3898 :
940 3844 1150 3916 Magna
1163 3847 1318 3916 igitur
1357 3856 1433 3900 est
1467 3849 1710 3902 amicitia:

137 3916 471 3998 q'ratia,gqt_t£c
491 3917 623 3969 scire
653 3924 816 3998 potest
843 3914 1088 3998 secretum
1117 3914 1342 3977 Domini,
1378 3917 1513 3986 quod
1540 3933 1710 3970 servus

138 3984 588 4057 iguoratIMagna
616 3986 788 4053 plane,
814 3993 918 4038 etc.
1391 3984 1399 3986 ἡ

209 4066 230 4093 ε
280 4054 509 4122 Vulgata
555 4067 673 4122 cap.
723 4067 761 4119 t,
800 4052 1097 4107 Introduxit
1143 4069 1222 4107 me
1267 4068 1362 4107 rea:
1408 4054 1462 4106 in
1501 4054 1712 4108 cellaria

206 4192 232 4230 ἀ
254 4192 388 4263 Cod.
421 4191 761 4263 Urbevet._et
789 4191 1059 4263 Lateran.,
1080 4191 1216 4263 quod
1245 4207 1340 4262 pro
1369 4193 1510 4263 quia.

214 4271 238 4299 ο
268 4261 403 4316 ϐοά.
435 4262 558 4316 Vat.
591 4260 749 4326 4951,
781 4262 1067 4314 donaverit.

214 4329 232 4368 ί
264 4329 401 4384 ϐοά.
437 4329 754 4386 Lateranen.
781 4331 999 4396 omittit,
1029 4329 1145 4383 sibi.

211 4408 235 4447 ε
273 4399 447 4454 Codd.
485 4399 601 4453 Vat.
632 4408 688 4453 et
719 4398 990 4458 Urbevet.,
1021 4399 1138 4453 Etsi
1165 4400 1230 4453 sit
1265 4399 1319 4451 in
1357 4398 1607 4466 plerisque
1635 4401 1718 4452 in-

149 4468 298 4535 ferior
325 4469 643 4532 conditione,
670 4469 761 4521 sed
807 4469 1079 4522 dilectione
1123 4486 1219 4536 par
1249 4479 1354 4530 est;
1394 4469 1488 4520 etsi
1527 4481 1718 4534 prazeat

143 4539 442 4617 (tortoribus,
476 4538 663 4617 ofﬁciis
692 4555 797 4617 non
823 4539 1094 4617 praecedit;
1115 4537 1411 4617 qualiter
1439 4538 1575 4589 enim
1589 4538 1717 4617 “sibi

144 4608 380 4677 deferunt
402 4605 576 4677 amici,
601 4607 736 4659 dives
751 4615 799 4658 et
821 4605 1032 4676 pauper.
1057 4606 1188 4660 Cod.
1206 4605 1550 4677 Lateranen.,
1581 4605 1719 4659 Nam

144 4675 235 4815 qui
264 4678 332 4729 sit
357 4677 415 4729 in
435 4675 691 4746 plerisque
713 4675 931 4746 inferior
957 4677 1268 4740 conditione,
1299 4675 1388 4728 sed
1409 4678 1620 4746 aqualis
1645 4677 1723 4746 af-

167 4755 281 4796 ectu
310 4755 413 4799 est.

167 4755 281 4796 ectu
310 4755 413 4799 est.

215 4813 240 4849 ¹¹
267 4813 407 4868 ϐοά.
439 4811 716 4877 Lateran.,
747 4813 1018 4883 tequaliter
1034 4814 1169 4866 enim
1188 4812 1284 4868 sibi
1313 4814 1464 4866 amici
1487 4812 1722 4883 deferunt

147 4884 357 4951 dicaret
377 4895 595 4951 pauper.

221 4951 238 4987 ι
272 4949 392 5005 ϐοά
422 4949 566 5014 Vat.,
599 4949 758 5004 nobili
791 4958 1025 5072 exteqjuat
1071 4949 1360 5017 dilectione,
1391 4969 1516 5021 quos
1551 4953 1722 5023 digni-

221 5038 227 5067 ι
253 5021 553 5072 secernebat
577 5020 865 5072 dilectione.
951 5018 1068 5072 nde.
1094 5028 1200 5072 etc.

150 5030 227 5072 tas
253 5021 553 5074 secernebat
577 5020 865 5072 dilectione.
902 5018 1068 5083 Unde,
1094 5028 1200 5073 etc.

219 5091 234 5138 i
274 5089 424 5142 Idem
447 5090 568 5141 ροιι.
595 5088 711 5141 Vat.
736 5089 933 5142 omittit
953 5098 1180 5141 sanctos.

219 5157 243 5193 ¹ι
272 5157 412 5211 ϐοά.
447 5155 590 5220 Vat.,
624 5155 820 5210 Eadem
847 5159 983 5226 enim
1012 5157 1152 5220 velle,
1190 5165 1340 5226 atque
1383 5158 1561 5226 eadem
1590 5159 1725 5211 nolle
1753 5144 1799 5201 Ῐ)

152 5228 382 5279 amicitia
431 5227 547 5294 ipsa
586 5226 739 5295 ﬁrma
776 5235 869 5278 est.
898 5225 1097 5279 Eadem
1144 5225 1452 5295 habeticod.
1487 5225 1724 5281 Urbeve-

155 5303 285 5357 tam,
316 5292 802 5348 omittens'tantum
826 5309 1008 5349 vocem
1036 5297 1192 5348 enim.
1218 5294 1350 5347 ϐοά.
1372 5292 1724 5359 Vallicellan.,

156 5360 352 5436 {itidem
384 5379 558 5416 verum
600 5364 746 5430 velle,
791 5373 939 5434 atque
977 5365 1156 5417 eadem
1184 5365 1318 5416 nolle
1356 5366 1583 5418 amicitia
1614 5367 1727 5436 ipsa

155 5431 364 5501 infirma
387 5447 493 5484 non
519 5441 612 5484 est.

223 5500 248 5623 ll
281 5502 429 5554 Idem
468 5501 590 5554 cod.
623 5499 765 5566 Vat.,
795 5501 880 5571 qui
909 5499 1171 5570 justitiam
1207 5502 1470 5555 voluerunt
1508 5512 1565 5555 ut
1602 5501 1726 5556 Sal-

243 5587 324 5623 or.
958 5606 960 5608 -

158 5584 324 5626 ηιον.

226 5606 463 5694 fecit.
502 5635 777 5703 Urbevet.,
821 5606 1071 5695 Vallicell.
1116 5648 1169 5695 et
1203 5638 1473 5706 Lateran.,
1521 5641 1734 5696 oderant

1796 2470 2014 2510 suorum
2044 2457 2241 2508 habere
2262 2454 2454 2508 viderit
2475 2455 2773 2508 caritatem.
2804 2454 2861 2507 ln
2891 2465 3074 2510 nostra
3104 2458 3263 2526 igitur
3284 2476 3374 2529 po-

1799 2551 1994 2598 testate
2022 2552 2123 2606 est,
2160 2551 2181 2578 θ
2232 2543 2399 2596 Deum
2428 2543 2658 2598 amicum
2706 2543 2820 2598 fieri
2851 2562 2865 2608 ;
2915 2561 3039 2600 nam
3069 2548 3255 2616 quales
3283 2566 3377 2606 nos

1803 2633 2203 2687 exhibuerimus
2235 2633 2477 2698 Domino,
2519 2633 2640 2685 talis
2667 2633 2828 2686 etiam
2858 2633 3115 2690 Dominus
3144 2637 3381 2693 invenie-

1807 2729 1892 2774 tur
1931 2737 1961 2774 a
2011 2722 2183 2777 nobis.
2215 2720 2271 2776 Si
2302 2729 2483 2776 nostra
2513 2722 2563 2776 ei
2593 2724 2958 2790 aperuerimus
2986 2741 3199 2794 arcana,
3233 2737 3288 2784 et
3317 2731 3382 2784 il-

1806 2813 1858 2866 le
1890 2814 1907 2850 ί
1956 2822 2160 2867 secreta
2184 2814 2415 2883 pectoris
2442 2813 2522 2867 sui
2552 2821 2578 2848 ιι
2627 2814 2829 2882 pandit.
2874 2814 2931 2869 Si
2961 2817 3384 2875 manifestaveri-

1805 2920 1926 2960 mus
1963 2905 2014 2960 ei
2051 2914 2354 2960 nostrorum
2389 2905 2774 2960 conscientiam
2816 2906 3156 2974 delictorum,
3203 2920 3256 2967 et
3297 2914 3384 2969 ille

1805 3014 1905 3053 nos
1932 2998 2171 3054 scientiae
2198 3013 2307 3051 sua:
2334 2997 2765 3053 manifestatione
2794 2997 3039 3067 puriﬁcat
3062 3019 3076 3066 ;
3105 3011 3158 3057 et
3186 3013 3387 3072 quanto

1812 3089 1888 3142 illi
1913 3087 2068 3142 bonis
2097 3087 2301 3140 actibus
2329 3087 2687 3155 promptiores
2715 3087 2973 3144 fuerimus
2991 3099 3018 3126 ν
3047 3091 3111 3144 ad
3143 3093 3388 3147 imitatio.

1813 3194 1956 3246 nem,
1988 3185 2136 3232 tanto
2183 3177 2258 3231 illi
2287 3176 2574 3232 viciniores
2603 3186 2629 3214 ι
2673 3193 2856 3232 sumus
2883 3178 2950 3232 ad
2975 3180 3222 3247 gratiam.
3255 3182 3388 3238 Nam

1811 3267 1991 3323 δωροιὶ
2012 3266 2258 3320 amicitia:
2281 3265 2662 3320 commoditate
2685 3267 2861 3335 aliqua
2887 3276 3158 3335 constant,
3183 3271 3288 3326 hoc
3307 3282 3390 3328 est

1812 3368 1842 3408 γ
1860 3366 1951 3413 aut
1979 3357 2158 3422 lucris,
2191 3365 2283 3411 aut
2310 3356 2633 3422 honoribus;
2677 3356 2970 3414 Salvatoris
2998 3369 3177 3415 autem
3199 3364 3390 3418 amicit-

1812 3451 1900 3504 titn
1945 3456 2194 3505 constant
2231 3446 2449 3511 virtute,
2498 3461 2605 3502 non
2639 3456 2862 3517 quaastu.
2899 3447 3005 3505 lies
3033 3451 3177 3506 enim
3207 3462 3391 3510 sancta

1813 3539 2015 3609 acquiri
2043 3538 2320 3607 disciplina
2349 3543 2546 3605 potest,
2580 3547 2602 3573 ³
2632 3539 2805 3606 pretio
2837 3554 2942 3593 non
2967 3549 3144 3608 potest
3169 3557 3382 3612 compa-

1815 3629 1955 3695 rari;
1977 3628 2239 3697 siquidem
2260 3628 2422 3697 633
2443 3639 2551 3680 non
2578 3624 2752 3682 fallaci
2784 3627 3090 3683 adulatione
3117 3631 3392 3699 ambigun-

1737 3782 1784 3848 ο
1816 3789 1869 3832 ut
1897 3778 2159 3848 Salvator.

1884 3858 1907 3882 υ
1938 3847 2072 3902 ϐοά.
2097 3844 2239 3910 Vat.,
2265 3846 2378 3899 ideo
2408 3845 2484 3898 illi
2509 3847 2692 3898 intima
2722 3847 2941 3900 caritate
2973 3849 3195 3903 devincti
3220 3863 3354 3906 sunt.

1885 3925 1910 3951 ο
1941 3915 2074 3971 ϐοά.
2109 3914 2360 3969 Lateran.
2392 3912 2540 3967 addit
2569 3915 3000 3983 prazpositionem
3037 3933 3119 3972 ex.

1882 3995 1909 4033 P
1938 3985 2068 4061 Cod.
2105 3984 2243 4048 Vat.,
2277 3983 2401 4061 lion
2441 3985 2576 4036 enim
2612 3984 2879 4061 fortuitum
2906 3989 3206 4061 quempiam
3222 3989 3391 4061 diligit

1812 4053 2098 4128 Dominus,
2129 4055 2491 4128 nechaffectum
2526 4054 2808 4128 gratuitum
2848 4053 3083 4126 personis
3121 4053 3398 4128 cujuscum—

1848 4141 1907 4176 ne
1937 4125 2174 4192 largitur.
2210 4120 2613 4192 Silvisﬂhristi
2649 4120 3000 4188 amicus'esse,
3043 4120 3255 4182 Observa
3282 4148 3400 4192 quae

1858 4149 1907 4176 ιε’
1937 4149 2174 4192 surgunt.
2210 4149 2272 4176 os
2308 4149 2385 4175 vsa
2421 4149 2613 4175 nunc"
2649 4149 2844 4176 unuqu
2871 4149 3000 4188 esse,
3043 4149 3255 4182 Observa
3317 4149 3398 4185 me

1858 4195 2004 4263 [tristi
2029 4202 2164 4245 sunt.
2199 4191 2261 4246 Si
2285 4195 2356 4245 vis
2380 4190 2672 4263 Saluatoris
2694 4196 2913 4263 gratiam
2942 4199 3241 4263 promereri,
3269 4149 3398 4254 gul-

1814 4261 2003 4316 uatoris
2025 4272 2278 4330 praecepta
2303 4261 2520 4313 custodi.
2554 4260 2582 4314 1
2586 4278 2675 4330 pse
2696 4260 2795 4314 tibi
2821 4260 3053 4317 caritatis
3093 4283 3200 4320 suae
3225 4260 3402 4324 tribuit

1816 4329 2072 4399 eﬂectum,
2117 4333 2160 4384 si
2195 4329 2244 4383 te
2281 4331 2548 4383 caritatem
2586 4329 2774 4383 habere
2814 4333 2995 4386 viderit
3037 4336 3401 4392 mandatorum

1816 4417 2041 4453 suorum.

1890 4479 1920 4519 (ι
1944 4469 2074 4541 ϐοά.
2109 4468 2392 4532 Vallicell.,
2430 4469 2648 4541 largitur
2667 4469 2920 4537 eﬂ'ectum.
2962 4469 3095 4526 Cod.
3126 4471 3400 4541 Lateran.,

1819 4556 1940 4613 nam
1987 4539 2225 4606 aﬂ’eetum
2273 4539 2553 4608 gratuitum
2604 4555 2836 4608 persona:
2897 4541 3244 4613 cujuscunque
3290 4539 3399 4598 lar?

1857 4610 1976 4659 itur.

1936 4625 1976 4658 r-

1821 4625 1927 4753 ‘(fug
1950 4675 2080 4731 Cod.
2134 4674 2405 4736 Lateran.,
2460 4671 2579 4745 Ipse
2625 4676 2860 4729 caritatis
2905 4693 3015 4732 sua:
3059 4678 3281 4749 largitur
3327 4688 3403 4753 ef-

1845 4754 2027 4797 cetum.

1823 4747 2078 4888 [σεξαὲοά.
2110 4813 2256 4888 Vat,
2289 4814 2613 4888 dominorum
2635 4823 2927 4888 nostrorum
2948 4820 3172 4872 anticum
3193 4820 3334 4888 fieri.

1902 4885 1917 4918 ί
1949 4883 2080 4937 ϐοά.
2114 4884 2397 4939 Vallicell..
2429 4892 2477 4935 et
2502 4884 2588 4936 ille
2618 4882 2766 4936 nobis
2796 4894 3012 4939 secreta.

1895 4961 1921 4989 ιι
1951 4925 2117 5007 ὃόδξι.
2132 4925 2885 5021 'iii.“éi’i.§ie¥53ZEUS?!

1896 5030 1920 5058 ν
1955 5021 2096 5075 Idem
2123 5024 2242 5076 cod.
2288 5023 2434 5084 Vat.,
2463 5022 2531 5072 ad
2551 5023 2892 5092 incitationem
2911 5026 3044 5092 ejus,
3078 5035 3221 5079 tanta
3260 5029 3406 5081 nobis

1827 5091 2036 5144 vicinior
2057 5092 2250 5156 eritad
2279 5094 2520 5160 gratiam.
2554 5091 2744 5144 Sacali
2793 5091 2963 5144 autem
3002 5097 3246 5150 amicitia:
3267 5113 3406 5151 com-

1825 5161 2071 5232 moditate
2097 5162 2267 5232 aliqua
2298 5169 2565 5232 constant,
2591 5162 2688 5232 ltuoc
2715 5169 2790 5212 est
2827 5171 2913 5213 aut
2945 5164 3109 5232 lucro,
3135 5175 3221 5216 aut
3252 5165 3406 5218 bene-

1826 5230 1979 5297 ﬁciis,
2005 5239 2099 5282 aut
2128 5226 2404 5283 honoribus
2429 5246 2445 5292 ;
2473 5226 2565 5282 sed
2594 5226 2882 5282 Saluatoris
2904 5226 3163 5295 amicitim,
3189 5240 3296 5288 etc.

1901 5307 1925 5334 ι
1956 5297 2133 5368 Codd.
2155 5298 2341 5352 Vallic.
2375 5307 2428 5352 et
2458 5297 2657 5362 Later.,
2689 5301 2878 5352 erimus
2908 5316 3004 5368 pro
3032 5318 3223 5356 sumus.

1866 5376 1928 5486 ,ί
1959 5368 2088 5421 ϐοά.
2114 5367 2387 5432 Lateran.,
2410 5378 2496 5419 aut
2522 5371 2684 5431 lucro,
2709 5380 2797 5420 aut
2828 5367 3110 5439 beneﬁciis,
3137 5381 3223 5424 aut
3246 5373 3409 5428 Itono-

1866 5454 1875 5486 ι
1912 5452 1992 5486 us.

1833 5452 1992 5488 ηυω.

1908 5501 2422 5577 lCod._Vat_.,_pretio
2445 5506 2736 5577 comparari
2755 5521 2857 5558 non
2871 5515 3053 5577 potest.
3082 5505 3265 5562 Beatos
3290 5529 3409 5577 ergo

1834 5574 1958 5626 istos
1987 5584 2034 5624 et
2077 5572 2360 5626 laudabiles
2389 5574 2768 5632 annuntiemus,
2813 5572 2897 5643 qui
2938 5579 3090 5628 amici
3129 5577 3320 5633 Christi
3348 5572 3410 5635 "et

1836 5644 2119 5706 unanimes,
2144 5653 2248 5697 etc.
2276 5661 2288 5708 ;
2313 5657 2429 5710 quae
2454 5644 2863 5710 interponuntur
2884 5645 3099 5700 omittit.
