3896 6250
115 379 203 440 7⁴21

1502 365 1730 426 8εῆΜο
1762 364 1940 425 CXIV.

3247 352 3358 411 7‘22

117 496 318 565 quidem
362 494 432 550 ab
467 491 783 548 hominibus
820 503 1070 559 corpore,
1108 484 1365 541 doctrinae
1411 489 1588 536 tamen
1619 480 1684 535 iis
1711 481 1758 541 Α
1784 480 1938 535 modo
1965 479 2175 549 potestis
2213 478 2345 533 bona
2388 476 2529 549 loqui
2572 491 2689 530 cum
2732 472 2848 529 sitis
2893 481 3112 544 nequam
3139 470 3354 565 (gluttu.

116 587 333 640 utilitate
360 584 728 653 coniungitur.
761 580 970 650 Ubique
995 578 1298 642 miseretur,
1325 573 1523 642 ubique
1549 588 1679 643 pro-

116 675 242 729 dest.
271 674 327 728 In
356 681 502 729 terra
528 674 740 744 positus
756 686 854 740 per
872 678 1071 724 tactum
1093 667 1378 734 languores
1393 664 1681 733 corporum

117 771 252 819 sanat
279 780 296 830 ;
324 764 380 818 in
419 764 562 818 mari
601 762 944 827 constitutus,
990 773 1088 828 per
1122 754 1422 812 doctrinam
1461 752 1682 807 vulnera

117 861 254 908 curat
276 853 598 906 animarum.
631 849 738 905 Sed
762 849 1040 904 videamus
1068 859 1189 915 quae
1213 845 1287 899 sit
1309 843 1413 898 ista
1441 840 1683 896 navicula

118 927 337 997 Simonis
363 940 510 996 Petri
535 955 700 1009 quam
734 939 801 992 ad
827 936 1122 993 docendum
1161 934 1230 990 de
1268 934 1475 988 duabus
1516 931 1686 1000 magis

119 1036 464 1098 opportunam
494 1026 755 1082 Dominus
768 1024 1045 1094 judicavit,
1075 1037 1195 1091 qua:
1221 1029 1277 1077 et
1304 1027 1479 1075 tutum
1505 1017 1686 1074 Salva-

120 1127 282 1173 torem
321 1122 545 1186 praestet
585 1115 655 1169 ab
689 1113 878 1183 injuria
923 1119 979 1167 et
1012 1109 1346 1167 credulitatis
1380 1106 1687 1164 hominibus

120 1207 359 1276 largiatur
383 1204 639 1274 eloquia;
669 1203 966 1259 invenimus
983 1202 1128 1258 enim
1149 1201 1259 1271 jam
1279 1199 1562 1255 Dominum
1589 1213 1687 1253 na-

122 1299 317 1365 vigasse
343 1295 402 1352 in
423 1296 533 1350 alia
563 1295 710 1362 navi,
745 1302 802 1349 et
843 1293 1092 1362 gravibus
1125 1291 1331 1361 injuriis
1359 1288 1685 1344 lacessitum.

123 1387 381 1454 Navigavit
399 1387 548 1442 enim
565 1401 690 1442 cum
704 1385 886 1456 Moyse
901 1384 956 1438 in
977 1384 1110 1438 mari
1132 1381 1337 1448 Rubro,
1357 1378 1572 1449 quando
1591 1394 1690 1448 po-

123 1475 293 1538 pulum
334 1473 508 1528 lsrael
553 1487 654 1542 per
692 1471 956 1526 undarum
1000 1469 1198 1524 ﬁuenta
1223 1466 1554 1531 transvexit;
1594 1462 1690 1520 sed

124 1563 358 1630 gravibus
372 1569 458 1618 est
470 1560 697 1616 allectus
715 1559 939 1630 injuriis,
954 1557 1094 1615 sicut
1107 1558 1220 1628 ipse
1239 1557 1314 1611 ait
1329 1557 1383 1611 in
1401 1553 1691 1623 Evangelio

125 1652 188 1706 ad
211 1651 419 1708 Judteos
449 1670 464 1705 :
499 1652 567 1707 Si
611 1649 887 1704 crederetis
913 1648 1114 1720 Moysi,
1159 1656 1211 1703 et
1253 1647 1380 1701 mihi
1414 1644 1693 1699 crederetis

128 1741 296 1810 (1m.
323 1741 403 1811 v).
433 1741 635 1810 lnjuria
675 1747 854 1794 autem
883 1737 1173 1794 Salvatoris
1219 1744 1304 1792 est
1351 1733 1694 1790 incredulitas

1782 572 1917 641 xu)?
1939 571 2088 626 [lane
2115 570 2276 639 igitur
2297 569 2466 625 solam
2489 567 2742 623 Ecclesiae
2770 580 2963 621 navem
2989 559 3235 619 ascendit
3263 563 3362 618 Do-

1781 662 1978 728 minus,
2022 661 2077 714 in
2122 674 2229 728 qua
2275 657 2466 713 Petrus
2509 656 2769 726 magister
2792 662 2875 710 est
2901 652 3246 719 constitutus,
3273 651 3359 706 di-

1780 758 1938 805 cente
1962 748 2190 803 Domino
2221 766 2234 801 :
2267 747 2436 817 Super
2458 747 2592 800 hanc
2629 755 2829 816 petram
2869 738 3141 813 tediﬁcabo
3171 740 3358 795 Eccle-

1780 841 1914 895 siaiu
1958 841 2140 894 meatu.
2176 840 2194 871 ι
2223 836 2353 904 0m:
2395 837 2551 898 navis
2590 836 2644 891 in
2673 835 2840 891 altum
2884 833 3066 890 steculi
3097 832 3259 903 hujus
3288 833 3360 887 ita

1775 935 1953 992 natat,
1983 935 2042 982 ut
2067 935 2326 997 pereunte
2350 926 2572 994 mundo,
2590 940 2778 980 omnes
2800 939 2939 993 quos
2964 923 3209 994 suscipit,
3247 938 3361 977 ser-

1783 1027 1872 1075 vet
1894 1019 2106 1074 illmsos.
2129 1016 2292 1086 Cujus
2317 1014 2540 1087 ﬁguram
2562 1014 2674 1085 jam
2701 1015 2755 1070 in
2780 1013 2964 1069 Veteri
2991 1013 3234 1068 videmus
3253 1011 3359 1067 Te-

1782 1115 2085 1173 stamento;
2113 1107 2252 1162 sicut
2278 1105 2420 1160 enim
2441 1105 2555 1161 Noe
2582 1120 2728 1170 arca,
2756 1102 3110 1172 naufragante
3137 1101 3362 1170 mundo,

1783 1206 2008 1254 cunctos
2047 1211 2188 1267 quos
2231 1203 2543 1268 susceperat
2565 1194 2864 1250 incolumes
2913 1191 3249 1256 reservavit;
3281 1189 3372 1249 ita;

1785 1296 1842 1344 et
1868 1287 2013 1342 Petri
2040 1286 2301 1352 Ecclesia,
2340 1285 2710 1355 conﬁagrante
2746 1283 2966 1350 seculo,
2997 1295 3187 1338 omnes
3225 1296 3364 1351 quos

1787 1377 2127 1449 amplectitur
2145 1376 2548 1448 repraesentabit
2570 1376 2784 1438 illmsos,
2808 1382 2864 1430 et
2885 1374 3026 1430 sicut
3040 1382 3168 1429 tunc
3189 1380 3365 1429 transi

1786 1476 1911 1523 acto
1947 1466 2150 1522 diluvio
2187 1467 2257 1521 ad
2297 1480 2478 1522 arcam
2519 1465 2634 1520 Noe
2669 1463 2919 1519 columba
2960 1464 3170 1533 signum
3215 1461 3366 1532 pacis

1787 1557 1997 1623 detulit,
2034 1555 2110 1611 ita
2150 1563 2208 1612 et
2248 1563 2521 1612 transacto
2555 1553 2758 1625 judicio
2803 1553 2871 1608 ad
2897 1552 3192 1609 Ecclesiam
3221 1547 3365 1606 Petri

1787 1647 2031 1702 Christus
2069 1645 2219 1717 pacis
2244 1646 2498 1716 gaudium
2524 1637 2700 1714 defert
2732 1662 2750 1698 :
2793 1643 2922 1712 quia
2960 1643 3074 1713 ipse
3115 1641 3367 1698 columba

1790 1738 1877 1793 vel
1903 1753 2008 1808 pax
2034 1746 2136 1804 est,
2167 1739 2306 1794 sicut
2331 1736 2577 1807 promisit
2601 1735 2824 1792 dicens:
2857 1733 3056 1789 Iterum
3079 1732 3244 1804 6‘2
3268 1749 3366 1787 au-

128 1829 426 1900 Synagogaa.
457 1829 602 1899 Ergo
631 1828 775 1883 Petri
799 1843 991 1883 navem
1029 1826 1218 1895 elegit,
1249 1823 1420 1894 Moysi
1455 1823 1692 1885 deserit;
1726 1826 1768 1884 Β
1797 1836 1898 1882 tem
1924 1827 2101 1883 uidebo
2139 1845 2246 1892 vos,
2277 1836 2329 1882 et
2353 1825 2596 1898 gaudebit
2637 1843 2727 1881 cor
2752 1835 2977 1880 vestrum
3020 1824 3199 1894 (locu.
3231 1823 3364 1893 XVI).

131 1917 223 1971 hoc
237 1925 334 1982 est,
347 1917 558 1988 spernit
572 1926 596 1952 ⁸
609 1915 943 1987 Synagogam
957 1914 1235 1986 perﬁdam,
1253 1911 1467 1970 ﬁdelem
1475 1911 1698 1978 assumit

132 2000 430 2060 Ecclesiam.
459 2004 623 2076 641
637 2004 764 2059 Dum
779 2005 921 2060 enim
947 2003 1102 2074 quasi
1129 2000 1386 2057 naviculae
1411 2016 1444 2056 a
1465 1995 1577 2055 Deo
1603 1998 1700 2055 de-

129 2094 327 2152 stinatm
363 2101 510 2160 sunt,
556 2111 678 2164 quae
704 2095 760 2149 in
793 2094 920 2160 hoc,
951 2103 1206 2163 tanquam
1235 2092 1291 2146 in
1313 2088 1472 2153 mari,
1499 2089 1699 2144 mundo

131 2181 350 2238 salutem
395 2185 708 2240 hominibus
747 2185 1102 2255 piscarentur,
1147 2183 1286 2238 sicut
1332 2181 1409 2236 ait
1443 2171 1702 2235 Dominus

134 2272 383 2339 apostolis
429 2289 445 2327 :
504 2271 703 2339 Venite,
743 2274 936 2344 faciam
981 2289 1068 2327 uos
1109 2271 1393 2340 piscatores
1437 2269 1702 2325 hominum

135 2360 336 2431 (lauti.
379 2364 477 2431 tv).
510 2363 593 2418 Ex
621 2364 704 2420 his
727 2377 857 2432 ergo
883 2363 1090 2417 duabus
1118 2360 1376 2418 naviculis
1402 2375 1509 2415 una
1533 2359 1701 2414 relin-

132 2451 301 2519 quitur
334 2452 405 2507 ad
447 2459 651 2507 terram
677 2453 851 2507 inanis
877 2458 933 2507 ct
957 2466 1148 2518 vacua,
1177 2449 1346 2504 altera
1389 2446 1704 2521 producitur

134 2539 182 2592 lu
209 2540 371 2596 altum
398 2551 596 2598 onusta
623 2542 706 2598 vel
727 2543 917 2612 plena;
940 2557 1108 2598 vacua
1135 2540 1278 2595 enim
1301 2539 1582 2610 Synagoga
1611 2552 1700 2593 re—

133 2627 377 2698 linquitur
401 2630 458 2687 in
487 2632 691 2696 littore,
718 2633 844 2700 quia
868 2631 1137 2686 Christum
1156 2647 1279 2686 cum
1297 2630 1698 2701 prophetarum

133 2719 302 2773 amisit
325 2720 563 2775 oraculis
597 2737 611 2772 :
643 2728 840 2775 onusta
865 2726 1047 2774 autem
1069 2717 1306 2774 Ecclesia
1333 2717 1389 2795 in
1426 2718 1592 2773 altum
1618 2733 1704 2773 as-

134 2808 369 2875 sumitur,
397 2809 525 2879 quia
552 2809 836 2865 Dominum
875 2824 998 2866 cum
1042 2809 1412 2880 apostolorum
1458 2808 1703 2864 doctrina

135 2897 379 2965 suscepit.
401 2896 712 2968 Synagoga,
734 2900 970 2968 inquam,
991 2905 1235 2953 remanet
1260 2897 1329 2953 ad
1355 2905 1528 2953 terras
1549 2901 1703 2966 quasi

136 2986 350 3040 terrenis
375 2986 647 3041 inhrerens
675 2985 703 3025 δ
731 2988 1097 3056 operantibus,
1135 2985 1375 3042 Ecclesia
1419 2994 1601 3041 autem
1647 2988 1703 3042 in

137 3073 463 3132 altitudinem
495 3087 519 3116 ε
549 3085 806 3133 evocatur
830 3076 859 3116 ά
883 3085 1134 3147 tanquam
1160 3077 1420 3133 ctelorum
1440 3077 1700 3148 profunda

1797 1914 1904 1970 Sed
1929 1915 2182 1985 quoniam
2209 1917 2348 1971 hanc
2376 1913 2620 1969 eamdem
2648 1914 2947 1969 naviculam
2973 1912 3139 1978 Petri,
3165 1912 3370 1989 dequa

1797 2018 1939 2059 nunc
1963 2004 2220 2060 Dominus
2247 2003 2482 2059 cmlestis
2507 2001 2764 2058 doctrinae
2783 2016 2894 2056 suae
2916 1995 3371 2058 sacramenta’de-

1798 2093 2017 2162 promit,
2039 2092 2262 2160 legimus
2287 2091 2340 2145 in
2370 2090 2620 2145 Matthan
2649 2090 2801 2160 (Cap.
2829 2088 2968 2158 vm),
2995 2088 3293 2153 dormiente
3317 2086 3371 2142 in

1798 2182 1986 2239 eadem
2007 2182 2238 2237 Domino
2263 2181 2438 2244 ventis
2465 2181 2861 2249 insurgentibus
2886 2179 3374 2249 perturbatamtita

1794 2279 1858 2336 ut
1877 2273 2058 2327 cuncti
2085 2273 2312 2341 apostoli
2339 2272 2530 2327 mortis
2549 2271 2845 2342 periculum
2874 2269 3262 2327 formidarent:
3294 2266 3371 2324 vi-

1798 2361 2021 2436 deamus
2042 2378 2162 2432 quae
2182 2377 2346 2418 causa
2391 2370 2478 2417 est
2520 2362 2665 2430 quod
2690 2377 2795 2416 una
2813 2360 3108 2429 eademque
3131 2360 3372 2418 navicula

1800 2455 1888 2510 hic
1916 2456 1970 2510 in
1998 2455 2385 2523 tranquillitate
2410 2453 2712 2510 doctrinam
2741 2452 2953 2523 populis
2981 2451 3187 2517 tribuit,
3218 2450 3287 2505 ibi
3320 2451 3373 2505 in

1801 2551 2122 2614 tempestate
2148 2544 2420 2613 discipulis
2446 2551 2651 2598 metum
2677 2543 2868 2599 mortis
2889 2541 3103 2606 indicit;
3149 2556 3374 2611 praeer-

1801 2634 1898 2689 tim
1925 2649 2045 2689 cum
2082 2633 2157 2688 ibi
2195 2634 2360 2700 etiam
2392 2647 2514 2688 cum
2541 2631 2750 2686 ceteris
2777 2630 3036 2700 apostolis
3063 2628 3250 2685 Simon
3276 2627 3377 2682 Pe-o

1802 2732 1919 2778 trus
1944 2727 2104 2778 esset.
2138 2720 2267 2777 Haec
2293 2733 2377 2777 est
2403 2729 2585 2777 autem
2624 2735 2786 2776 causa
2826 2719 3052 2790 periculi
3083 2737 3097 2774 :
3139 2727 3258 2774 erat
3305 2719 3376 2773 ibi

1801 2814 2001 2869 Simon.
2033 2812 2245 2879 Petrus,
2273 2812 2370 2868 sed
2412 2820 2530 2867 erat
2567 2812 2770 2883 pariter
2805 2819 2862 2866 et
2898 2811 3149 2880 proditor
3190 2809 3375 2865 ludas.

1802 2904 2056 2970 Quamvis
2080 2905 2224 2960 enim
2252 2904 2393 2959 illius
2421 2903 2555 2959 ﬁdes
2581 2904 2833 2958 fundaret
2872 2902 3190 2968 naviculam,
3218 2902 3379 2970 hujus

1805 2999 1984 3048 tamen
2019 3008 2135 3048 eam
2178 2993 2399 3063 perﬁdia
2440 2993 2817 3050 conturbabat.
2866 2992 3245 3062 Tranquillitas
3295 3001 3380 3048 est

1804 3082 1896 3136 ubi
1922 3083 2070 3138 solus
2097 3081 2288 3137 Petrus
2317 3082 2549 3150 navigat,
2570 3089 2864 3152 tempestas
2887 3083 2975 3138 ubi
3001 3082 3166 3137 ludas
3191 3082 3378 3152 adjun-

135 3175 456 3219 sacramenta
485 3165 811 3232 discutiens;
842 3167 897 3220 in
921 3167 1068 3220 illam
1108 3165 1314 3223 scilicet
1365 3167 1700 3221 altitudinem
1725 3171 1776 3234 ο
1803 3171 1962 3239 gitur.
1993 3170 2147 3226 Licet
2172 3180 2314 3226 esset
2343 3171 2533 3224 Petrus
2562 3170 2746 3226 ﬁrmus
2773 3171 2883 3225 suis
2907 3172 3134 3234 meritis,
3165 3181 3377 3241 pertur-

137 3249 202 3306 ('e
216 3265 316 3320 qua
344 3253 637 3323 Apostolus
657 3255 734 3308 ait
765 3272 779 3306 :
813 3252 858 3307 ο
874 3255 1093 3308 altitudo
1116 3254 1412 3308 divitiarum
1437 3255 1706 3325 sapientia:

137 3345 182 3390 et
207 3340 431 3397 scientia
456 3342 558 3397 Dei
598 3343 788 3413 (Rom.
806 3343 918 3413 XI)!
955 3342 1244 3413 Propterea
1273 3344 1466 3400 dicitur
1491 3343 1653 3400 Petro
1685 3363 1700 3398 :

143 3427 246 3482 Duc
270 3432 322 3484 in
365 3433 532 3486 altum
562 3432 713 3503 (Luc.
743 3434 820 3503 v),
845 3434 951 3489 hoc
978 3443 1063 3490 est
1090 3435 1142 3488 in
1169 3435 1491 3505 profundum
1516 3435 1702 3506 dispu-

139 3517 390 3573 tationum
418 3522 782 3588 generationis
818 3522 1033 3578 divinat.
1073 3522 1211 3589 Quid
1239 3524 1382 3577 enim
1421 3531 1531 3577 tam
1572 3541 1703 3592 pro-

141 3599 346 3659 fundum
373 3623 537 3676 quam
564 3609 711 3678 quod
736 3611 816 3664 ait
841 3609 1033 3666 Petrus
1067 3611 1135 3665 ad
1175 3610 1457 3666 Dominum
1489 3630 1503 3665 :
1537 3611 1612 3665 Tu
1647 3630 1703 3667 es

140 3690 357 3748 Clu'iststs
385 3695 434 3749 F
435 3697 557 3751 ilius
586 3697 684 3752 Dei
702 3699 800 3752 rivi
821 3699 1034 3767 (Matth.
1056 3699 1208 3769 xvi)?
1234 3698 1375 3766 Quid
1403 3709 1509 3754 tam
1536 3709 1704 3756 terre-

141 3794 258 3836 u
294 3797 454 3851 quam
474 3785 620 3855 quod
647 3787 715 3841 de
742 3786 970 3843 Domino
996 3789 1244 3842 dixerunt
1270 3789 1436 3844 Judmi
1468 3807 1483 3842 :
1513 3789 1704 3846 Nonne

141 3869 218 3921 hic
241 3882 317 3924 est
341 3874 484 3942 ﬁlius
507 3873 703 3946 Ioseph
740 3875 876 3947 fabri
902 3876 1053 3948 (Luc.
1075 3876 1151 3946 tv)
1174 3878 1198 3931 Τ
1223 3875 1319 3932 ille
1340 3877 1483 3932 enim
1511 3878 1704 3933 altiore

141 3961 352 4016 consilio
397 3964 733 4020 nativitatem
771 3964 969 4021 Christi
1005 3966 1258 4020 divinitus
1286 3967 1616 4037 approbavit,
1646 3967 1704 4022 hi

145 4057 314 4104 tuente
365 4048 583 4120 viperea
629 4054 1032 4123 generationem
1080 4055 1359 4110 uelestem
1416 4056 1702 4110 carnaliter

142 4137 486 4195 mstimabant.
517 4140 666 4198 Unde
692 4143 770 4198 ait
794 4142 1040 4200 Salvator
1073 4144 1267 4199 Petro:
1294 4141 1428 4207 Quia
1451 4161 1554 4198 non
1583 4161 1703 4199 caro

142 4236 189 4279 et
211 4232 417 4300 sanguis
445 4232 539 4288 tibi
585 4234 681 4289 hoc
720 4236 978 4300 reuelauit,
1007 4237 1099 4290 sed
1140 4237 1304 4290 Pater
1335 4252 1498 4301 meus,
1537 4239 1624 4307 qui
1652 4239 1706 4292 in

141 4319 269 4372 catis
293 4331 370 4376 est
397 4322 612 4392 (lauit.
645 4325 777 4396 va).
821 4324 1104 4383 Pharismis
1131 4337 1312 4382 autem
1350 4326 1481 4382 dicit
1508 4346 1522 4382 :
1557 4327 1701 4393 Quo-

208 4469 394 4558 εξιξςειμ
420 4473 545 4558 90‘!-
568 4472 848 4558 ’ταυταιξη
870 4477 1064 4558 ’ξενηίέ
1094 4475 1392 4558 summa
1410 4477 1705 4558 Pet/54“!“
1739 4481 1787 4540 ι)

206 4536 233 4574 δ
255 4537 395 4594 Idem
423 4541 547 4596 cod.
580 4536 845 4598 lant-ent!
871 4536 928 4599 ἐι
954 4544 1076 4602 cod.

144 4621 254 4660 rens
269 4610 680 4676 operationibus.

145 4685 237 4796 an:
266 4674 500 4747 Uterque
525 4679 686 4734 codd.
713 4678 773 4734 S.
795 4679 982 4736 Crucis
1001 4681 1057 4736 in
1074 4679 1208 4750 ια’..
1238 4689 1295 4738 et
1319 4683 1478 4750 Nov.,
1501 4699 1710 4739 revoca-

209 4808 236 4849 δ
255 4811 397 4869 idem
424 4814 546 4871 cod.
575 4815 742 4885 Nom,
775 4819 896 4888 quia
921 4834 1022 4890 pro
1049 4827 1322 4891 tanquam.

209 4919 226 4951 ⁸
249 4919 581 5000 Frequenter
598 4924 709 5000 suis
729 4924 784 4979 in
798 4925 1043 5000 .bomiliis
1062 4925 1349 5000 primatum
1370 4925 1516 4982 Petri
1535 4928 1591 4983 in
1612 4928 1715 4986 Ec-

146 4987 298 5069 clesia
333 4987 624 5069 niaximum
653 4992 924 5069 docuisse,
969 4987 1218 5069 omnibus
1242 5005 1581 5069 compertum
1610 5007 1713 5069 est.

147 5054 665 5138 ﬁihilomintis,_cum
692 5062 797 5138 hoc
819 5071 875 5117 et
908 5054 1160 5138 sequenti
1474 5066 1715 5136 ejusdem

148 5121 283 5206 Petri
310 5136 473 5206 atque
495 5121 755 5206 Ecclesia:
780 5121 1159 5206 praerogativa
1185 5128 1482 5206 speciosius
1501 5121 1712 5206 'proseQ

148 5203 294 5274 cutus
316 5198 406 5263 sit,
428 5213 525 5276 eas
548 5198 637 5254 hic
659 5198 1380 5276 compendi6__perstringam.
1402 5202 1471 5258 Et
1495 5198 1710 5276 quidem

148 5267 364 5343 primum
387 5267 800 5343 _observanduni
827 5278 933 5343 est,
978 5267 1266 5343 Synagoga
1289 5267 1714 5343 propter’perﬁ-

147 5329 550 5412 diamrejecta,
600 5349 764 5412 unam
812 5329 1154 5394 credendamv
1344 5329 1638 5412 Ecclesium
1677 5358 1708 5396 a

149 5396 351 5484 Christo
374 5396 643 5484 electam,
676 5407 730 5460 in
757 5422 884 5475 qua,
913 5416 1169 5478 tanquam
1210 5411 1263 5464 in
1292 5410 1436 5475 navi,
1467 5396 1585 5484 vice
1623 5412 1710 5465 sui

149 5473 416 5526 constituit
453 5473 688 5548 Petrum
717 5473 1002 5548 rectorem,
1024 5473 1357 5548 'supremum
1405 5473 1711 5548 moderato-

151 5551 253 5611 rem
279 5549 442 5609 atque
469 5543 800 5611 magistrum.
829 5543 929 5610 Qui
965 5543 1298 5601 hanc'extra
1339 5564 1528 5602 navem
1567 5547 1710 5602 Petri

151 5605 509 5685 gubernationi
539 5605 876 5668 commissam
906 5617 1156 5683 navigant
1183 5617 1461 5685 mundum,
1490 5617 1555 5669 ad
1585 5633 1712 5685 por-

154 5681 255 5728 tum
277 5678 463 5735 salutis
487 5688 707 5736 aeterna:
730 5685 1011 5752 pervenire
1035 5678 1144 5739 non
1167 5696 1408 5754 possunt.
1441 5678 1712 5742 Petri'au-

1188 4547 1266 4614 v.,
1303 4547 1520 4602 terrenis
1546 4547 1712 4601 iunc-

1804 3261 2030 3316 bahatur
2073 3269 2251 3315 tamen
2298 3259 2607 3316 criminibus
2653 3260 2962 3330 proditoris.
3019 3261 3380 3318 Manentibus

1803 3350 1964 3419 igitur
1989 3349 2282 3420 discipulis,
2314 3359 2338 3386 °
2380 3351 2631 3404 anxiante
2660 3349 2842 3417 Petro,
2872 3350 3173 3404 dormiebat
3199 3349 3380 3404 Domi.-

1803 3456 1923 3495 nus.
1956 3439 2146 3494 Mirum
2172 3438 2310 3494 forte
2330 3439 2578 3495 videatur
2597 3439 2744 3508 quod
2773 3441 3026 3506 anxiante
3065 3440 3229 3496 Petro
3250 3441 3379 3496 dor-

1804 3530 2007 3585 miebat
2033 3529 2290 3583 Dominus
2321 3546 2336 3582 :
2359 3525 2666 3588 dormiebat
2693 3529 2876 3592 Petro.
2921 3546 2988 3585 ne
3016 3531 3264 3601 vigilaret
3288 3532 3382 3585 Ju-

1806 3618 1926 3683 dae;
1956 3617 2113 3671 unius
2148 3615 2308 3683 igitur
2333 3617 2530 3672 delicto
2566 3626 2882 3672 cunctorum
2908 3619 3099 3674 merita
3125 3620 3378 3688 quatiun-

1807 3714 1915 3761 tur.
1955 3705 2233 3760 Obdormit
2259 3704 2526 3774 Christus,
2552 3714 2837 3762 ventorum
2873 3707 3163 3776 spiramina
3198 3710 3382 3764 conci-

1807 3803 2025 3861 tantur;
2065 3797 2306 3866 quisquis
2339 3797 2484 3851 enim
2520 3803 2803 3866 peccatum
2831 3798 3083 3866 admittit,
3116 3801 3298 3854 statim
3325 3808 3384 3855 ct

1805 3885 2040 3941 dormire
2065 3886 2167 3942 sibi
2195 3884 2320 3939 facit
2347 3885 2656 3949 Dominum,
2680 3895 2738 3940 et
2775 3885 3070 3954 procellam
3095 3886 3196 3944 sibi
3223 3889 3384 3957 spiri-

1808 3982 1955 4029 tuum
1983 3973 2208 4029 suscitat
2254 3972 2274 4011 ῐ
2305 3971 2718 4038 mundanorum,
2749 3989 2969 4031 necesse
2997 3983 3080 4030 est
3120 3984 3299 4031 autem
3327 3986 3387 4031 ut

1807 4061 2072 4124 diabolica
2098 4061 2339 4130 insurgat
2379 4068 2694 4131 tempestas,
2724 4072 2751 4110 8
2789 4078 2911 4117 cum
2941 4063 3156 4119 Domini
3179 4067 3384 4121 sereni~

1808 4158 1892 4205 tas
1923 4151 2272 4220 conquiescit.
2324 4149 2489 4219 igitur
2515 4152 2559 4206 si
2589 4153 2746 4207 unius
2768 4152 2920 4208 Iuda:
2958 4163 3181 4223 peccato
3209 4157 3391 4212 cuncti

1806 4242 2179 4311 periclitantur
2207 4241 2460 4310 apostoli.
2497 4242 2601 4297 hoc
2634 4244 2886 4314 exemplo
2911 4260 3197 4301 caveamus
3223 4247 3390 4316 perﬁ-

1807 4332 1954 4395 dum,
1982 4345 2271 4386 caveamus
2301 4330 2654 4401 proditorem,
2696 4348 2765 4388 ne
2794 4348 2894 4404 per
2920 4351 3089 4392 unum
3118 4335 3142 4373 ¹¹
3171 4337 3391 4407 plurimi

1884 4486 1911 4546 ξ
2101 4476 2381 4546 Laurent.,
2412 4478 2670 4540 excitante
2695 4479 2871 4544 Petro,
2904 4482 3208 4539 dormiebat.

1891 4543 1910 4584 ῐ
1941 4545 2111 4600 Codd.
2156 4546 2215 4602 S.
2242 4543 2431 4604 Crucis
2478 4549 2534 4603 in
2557 4547 2692 4615 Jer.,
2723 4549 2974 4607 Laurent.
3001 4562 3058 4608 et
3084 4553 3246 4621 Non,
3287 4557 3390 4611 inp

1813 4616 2141 4670 mundorum.

1815 4695 1910 4809 ἐὖ
1942 4683 2017 4738 Id.
2048 4683 2171 4739 cod.
2217 4682 2401 4748 Laur.,
2425 4702 2540 4739 cum
2581 4687 2844 4742 dominica
2867 4691 3121 4747 serenitas
3146 4696 3391 4766 conquie-

1885 4791 1928 4858 ί.
1941 4821 2076 4876 Cod.
2109 4820 2252 4877 998.
2281 4821 2470 4879 Crucis
2491 4824 2544 4878 in
2572 4823 2710 4893 Jer.,
2739 4825 2908 4896 plures
2927 4828 3251 4897 ﬂuctuemur.

1811 4937 1926 5006 tem
1965 4927 2137 4992 navis,
2167 4928 2272 4983 hoc
2290 4936 2381 5006 est
2406 4929 2664 5006 Ecclesia.
2693 4931 2909 4989 Christo
2950 4934 3029 4991 sic
3055 4938 3392 5006 providente,

1814 4998 1953 5051 adeo
1988 5010 2177 5073 secura
2218 5005 2305 5073 est
2340 5012 2371 5051 a
2399 4999 2706 5073 _naul'r_agio_.
2736 5010 2798 5073 ut
2823 4998 3176 5073 repnescntet
3200 4998 3394 5064 illmsos

1813 5081 1952 5188 auos
1987 5066 2101 5136 ipsa
2124 5067 2523 5149 complectitur.
2554 5066 2698 5152 Petri
2727 5066 3032 5128 ﬁdem'eam
3061 5082 3231 5129 tutam
3271 5079 3396 5132 red-

1856 5150 1948 5188 ere
1973 5141 2163 5188 assent
2188 5133 2450 5188 Mammas
2472 5154 2486 5188 :
2519 5147 2573 5188 et
2599 5154 2905 5188 amcnmme
2933 5143 3051 5188 ﬁdei
3083 5145 3199 5188 eine
3228 5145 3396 5188 ﬁrmi-

1856 5150 1951 5222 9!?
1971 5133 2163 5222 res?!
2188 5133 2450 5222 Ψξίξηιξε
2472 5154 2494 5222 ξ
2519 5147 2573 5192 ει
2599 5140 3052 5222 αυεευηιωθ-εξ‹ξεί
3083 5145 3396 5222 eiusinvi-

1818 5212 1902 5296 ξεῖν
1929 5203 2431 5296 gessimus?
2457 5203 2883 5296 assimilis:
2907 5203 3398 5296 νίςιεωὲειίίιυαη-

1815 5274 1888 5327 do
1930 5273 2034 5327 hac
2067 5273 2129 5350 in
2152 5275 2297 5340 navi,
2328 5275 2414 5329 vel
2457 5275 2718 5350 Ecclesia,
2749 5273 3060 5350 obdormire
3105 5273 3394 5350 Dominus,

1816 5358 1937 5424 cum
1961 5343 2237 5424 permittat
2263 5345 2572 5424 aprocell-is
2608 5347 2956 5424 adversisque
2980 5351 3228 5408 ﬂuctibus
3255 5343 3393 5408 con;

1817 5411 2083 5486 cuti;_sed
2111 5411 2216 5466 hoc
2255 5411 2384 5486 agit,
2418 5430 2484 5469 ne
2513 5416 2566 5469 in
2603 5411 2908 5486 apostolafu
2937 5434 3276 5477 successores
3303 5433 3400 5479 aut

1817 5479 2104 5560 dormiant,
2135 5488 2228 5534 aut
2252 5479 2334 5560 de
2360 5499 2443 5560 _se_
2469 5479 2824 5560 prmsu'mant;
2853 5489 2996 5544 utilis
3022 5490 3271 5560 enimicst
3299 5494 3396 5545 ali-

1817 5551 1937 5628 quis
1987 5551 2148 5602 timor
2201 5551 2270 5602 ad
2321 5551 2650 5628 vigilantiam
2704 5571 2999 5626 precesque
3061 5559 3394 5628 excitandas,

1818 5618 2034 5697 quibus
2055 5629 2332 5697 permotus
2374 5618 2627 5697 Dominus
2648 5667 2663 5689 ,
2697 5618 2925 5697 pacatis
2961 5628 3186 5696 imperio
3220 5618 3398 5687 ventis

1820 5696 1874 5740 et
1903 5692 2060 5752 mari,
2081 5692 2360 5756 pristinam
2388 5692 2562 5746 reddit
2587 5692 2837 5751 Ecclesite
2859 5692 3321 5769 tranquillitatem.
