3896 6250
549 398 649 452 ῚΞἽ
1400 438 1431 461 ,
1784 397 1839 452 S.
1881 395 2087 452 MAXIM

2261 397 2609 457 URINENSIS
3724 392 3799 444 721

550 511 881 561 ﬂuctuemus.
921 506 1059 574 Quin
1087 507 1247 563 etiam
1289 507 1590 578 hujusmodi
1635 517 1657 543 "
1700 508 2012 576 abjiciamus
2052 510 2120 565 de
2148 514 2194 574 Α
2224 513 2599 583 tranquillitas,
2626 514 2697 569 ibi
2729 522 3043 569 cunctorum
3067 521 3153 569 est
3180 509 3473 567 medicina
3504 525 3518 561 :
3547 506 3637 561 ubi
3655 515 3801 560 autem

552 597 815 663 navicula,
845 605 903 652 ut
930 612 1035 653 non
1065 598 1392 665 obdormiat,
1420 598 1513 654 sed
1545 598 1726 669 vigilet
1753 600 1805 653 in
1836 600 1991 654 nobis
2019 600 2125 655 Do-
2232 601 2355 658 lidei
2385 612 2469 661 est
2503 603 2739 658 admixta
2770 602 3013 674 perﬁdia,
3054 604 3128 658 ibi
3174 600 3443 657 Christus
3485 605 3685 668 torpet,
3708 595 3803 648 dnt-

534 690 750 767 rminns,
780 698 938 759 atque
965 703 1031 745 eo
1053 689 1325 757 vigilante,
1353 690 1497 744 nulla
1526 705 1626 745 nos
1652 689 1909 759 spiritalis
1938 691 2128 759 neqni-
2235 694 2353 757 mit,
2378 700 2434 748 et
2472 694 2623 762 piger
2651 702 2764 759 est;
2804 695 2876 749 ibi
2912 702 3105 758 metus,
3138 694 3211 749 ibi
3258 698 3600 762 tempeslas,
3621 690 3689 742 ibi
3711 702 3799 741 0m-

556 782 643 835 tite
669 779 902 850 procella
921 780 1212 835 concutiat.
1247 779 1345 836 Ubi
1373 781 1517 836 enim
1547 780 1674 836 fides
1695 781 1901 850 integra
1928 790 2029 847 est,
2059 782 2132 836 ibi
2236 782 2383 837 nium
2404 793 2486 838 est
2512 783 2797 839 discrimen
2827 801 2840 836 :
2873 798 2981 853 pro.
2998 783 3205 839 actibus
3233 783 3389 838 enim
3424 776 3804 835 ηοω-ΞΗ)οηὶ-

557 871 805 928 ειινθιοι·
831 869 1011 937 docet,
1052 871 1252 940 vigilat,
1285 879 1340 925 et
1379 871 1644 937 exsultat;
1688 871 1761 927 ibi
1794 873 2027 947 requies,
2059 872 2131 926 ibi
2239 887 2340 927 nus
2368 872 2522 928 nobis
2548 872 2816 929 obdormit
2851 880 2945 927 aut
2971 871 3169 941 vigilat.

1937 997 2207 1058 SERMO
2249 998 2436 1060 XCV.
2462 1010 2463 1015 ‘

1814 1094 1892 1148 De
1919 1097 2209 1165 evangelica
2240 1099 2542 1165 piscatione.

1989 1185 2376 1241 ADMONITIO.

822 1301 954 1356 Cum
982 1300 1200 1356 codices
1227 1298 1567 1369 Florentinos
1596 1296 2333 1369 Bibliotheae_l.aureutiame
2363 1313 2790 1369 versarem,gnon
2818 1299 2993 1355 solum
3016 1300 3071 1355 in
3098 1299 3281 1369 plures
3317 1296 3524 1369 incidi,
3554 1295 3810 1369 (βιωτέο-

567 1365 684 1427 νοιιῖ
711 1365 1005 1425 ἷιῖίιιοάιιιιι
1035 1384 1123 1424 me
1146 1369 1201 1423 in
1229 1382 1291 1423 ea
1320 1365 1699 1423 conﬁrmarent
1725 1366 2013 1434 sententia,
2041 1382 2157 1435 quae
2186 1366 2473 1429 Maximum
2503 1365 2795 1436 superioris
2820 1370 3082 1423 sermonis
3102 1365 3386 1423 auctorem
3421 1365 3599 1421 fuisse

567 1440 662 1495 sed
692 1439 819 1494 sum
846 1440 1008 1518 etia'!‘
1045 1453 1179 1518 πω,
1198 1443 1628 1518 earumest
1656 1436 1709 1489 ίιι
1737 1450 1923 1518 εοτιμεξι
1960 1434 2131 1518 trime
2175 1450 2479 1518 sermonem
2513 1434 2657 1490 ιιάηε
2682 1436 3337 1518 ἐςρτθιιθηάθτθῶν-ίί¹¹θ¹¹¹
3354 1437 3647 1518 3³³9⁸³⁸³

569 1519 706 1575 ιιιιιι,
731 1523 871 1564 nunc
906 1508 1137 1577 primum
1160 1508 1220 1577 in
1247 1506 1525 1560 hominum
1554 1505 1728 1560 lucem
1751 1502 1962 1577 etnitto.
1986 1503 2245 1577 Codicum
2263 1513 2452 1577 autem
2477 1518 2667 1558 eorum
2686 1502 2846 1559 trium
2873 1506 3074 1577 primus
3096 1502 3249 1577 estis
3276 1506 3372 1577 qui
3403 1505 3545 1577 olim
3576 1510 3687 1556 erat
3705 1503 3806 1577 bibl.

571 1570 707 1634 aedili
734 1570 1137 1658 eccl.nt'pletrlt‘)_p_..
1158 1576 1301 1658 [fio-If.
1333 1590 1480 1628 num.
1512 1589 1689 1658 eLxxn
1715 1586 1834 1658 pag.
1867 1571 2225 1658 7l,.a.lte‘r_est
2260 1573 2313 1653 in
2344 1571 2481 1626 Plut.
2507 1588 2525 1627 ι
2564 1588 2710 1627 num.
2738 1589 2833 1655 χιιι⁹
2852 1570 2969 1658 pag.
3002 1573 3090 1655 ξιο,
3116 1570 3308 1654 tertius
3331 1575 3390 1627 in
3417 1572 3570 1658 Plut.
3603 1570 3811 1658 xxxvﬁ

572 1662 678 1700 xvn
714 1659 837 1722 pag.
870 1642 994 1722 SIQ.
1017 1639 1220 1722 thigit
1246 1645 1510 1722 ltem_non
1535 1651 1657 1722 post
1884 1641 2012 1694 mihi
2043 1649 2101 1722 ut
2128 1642 2269 1722 hunc
2289 1642 2466 1722 ipsum
2489 1656 2793 1722 sermonem
2820 1639 2873 1696 in
2900 1639 3174 1722 Casiniensi
3202 1657 3333 1697 cccv
3355 1642 3567 1722 codice
3595 1652 3710 1722 pag.
3735 1639 3812 1717 illi

574 1709 887 1784 reperirem.
940 1713 1015 1768 Ac
1043 1709 1277 1767 Maximo
1304 1713 1518 1781 quidem
1537 1709 1682 1766 hunc
1710 1711 1868 1765 tribui
1900 1718 2153 1779 oportere
2179 1709 2430 1764 fatebitur
2455 1710 2548 1779 qui
2598 1711 2841 1766 codicum
2872 1712 3178 1770 auctoritati
3205 1711 3559 1782 respondere
3580 1709 3729 1779 plane
3752 1710 3810 1760 vi-

578 1783 702 1837 deat
728 1783 990 1837 orationis
1026 1781 1446 1836 similitudinem.

612 1782 702 1838 eat
728 1783 990 1839 orationis
1026 1782 1446 1836 similitudinem.

564 1892 964 1947 Anconem-un.
987 1888 1308 1963 --__Sanc§ts
1332 1890 1599 1963 fleximus
1626 1888 1775 1963 Lacte
1803 1888 2003 1960 anng.
2034 1906 2148 1958 cap.
2184 1891 2232 1953 B
2257 1903 2379 1944 eum
2407 1889 2567 1945 docet
2602 1890 2910 1961 piscationis
2937 1892 2989 1947 in
3014 1891 3334 1963 profundum
3365 1894 3729 1949 instrumenta
3745 1889 3809 1958 ja-

649 1958 2152 2049 tmeafaliseiPerseverate:efficaci
2252 1991 2398 2046 cere.
2452 1958 2619 2049 quani
2650 1958 3048 2049 praedicationis
3088 1982 3142 2037 in
3208 1983 3374 2037 unum
3425 1983 3601 2039 verba
3638 1982 3809 2035 mare.

646 2026 843 2110 qam'de
870 2026 1145 2082 mundanis
1162 2026 1448 2108 turbinibus
1467 2026 1685 2082 elevato:
1710 2043 1813 2082 non
1834 2042 2038 2094 necare,
2064 2027 2152 2081 sed
2258 2026 2611 2133 odia—[Em
2651 2026 3047 2082 τ“ῖ”“”“””””
3088 2026 3144 2086 ’Ἴ
3208 2026 3374 2086 “’Ῐ“ἶ”’
3438 2026 3601 2039 ’”’”“
3638 2026 3789 2080 ”’“’.’

649 2114 743 2133 ......
755 2098 908 2133 5......
938 2104 1195 2133 rnnnroml
2554 2084 2641 2122 um
2667 2077 2828 2124 etiam
2848 2069 3044 2126 Paulus
3064 2087 3174 2127 ens
3190 2087 3274 2128 sm
3301 2073 3498 2133 jaculo
3521 2079 3790 2133 penetrant

649 2087 908 2166 ίοευίβεατε
937 2097 1214 2151 consuevit.
2023 2087 2035 2094 '
2260 2087 2287 2166 ι.
2310 2087 2462 2133 quon
2476 2087 2641 2122 auum
2667 2087 2828 2124 etiam
2848 2087 3044 2126 raums
3064 2087 3174 2127 oris
3190 2087 3274 2128 sui
3301 2087 3498 2143 JaCUIO
3520 2087 3807 2143 penetravit,

2254 2157 2439 2213 dicens
2483 2177 2496 2213 :
2547 2157 2591 2214 0
2632 2159 2849 2215 altitudo
2884 2161 3175 2217 divitian
3213 2163 3495 2235 sapientia
3534 2172 3586 2216 et
3615 2160 3811 2217 adtulit

654 2250 887 2321 Tempus
913 2252 1189 2319 admonet,
1218 2250 1432 2319 fratres,
1461 2257 1521 2304 ut
1546 2248 1819 2318 Evangelii
1864 2247 2154 2319 capitulum
2257 2250 2355 2306 Dei
2382 2252 2557 2321 (Rom.
2589 2252 2665 2321 ιι)
2690 2253 2705 2314 l
2737 2259 2794 2308 et
2820 2253 3043 2323 reliqua.
3079 2253 3219 2323 Non,
3257 2255 3509 2324 inquam,
3543 2263 3571 2300 κ
3598 2267 3710 2308 eam
3733 2256 3809 2303 do-

585 2343 729 2413 quod
756 2357 926 2413 nuper
943 2342 1142 2418 lectum
1166 2350 1248 2397 est
1272 2341 1613 2408 disseramus,
1645 2341 1697 2395 in
1725 2354 1832 2409 quo
1856 2341 1932 2393 ait
1960 2339 2030 2394 ad
2059 2337 2160 2392 Pe-
2258 2350 2345 2398 cet
2370 2343 2480 2397 lino
2500 2342 2787 2413 pisciculos
2806 2342 3146 2411 concludere,
3173 2343 3267 2399 sed
3294 2342 3402 2400 ﬁde
3431 2342 3683 2399 homines
3707 2353 3809 2393 cou-

586 2440 730 2486 trum
758 2432 1016 2487 Dominus
1053 2430 1229 2485 adhuc
1268 2432 1320 2485 in
1364 2429 1479 2499 ejus
1507 2429 1747 2486 navicula
1789 2429 2113 2485 constitutus
2142 2445 2155 2481 :
2260 2445 2500 2502 gregare.
2523 2430 2638 2487 Hoc
2656 2434 2795 2488 enim
2824 2442 3077 2504 operatur
3103 2431 3235 2488 ﬁdes
3263 2433 3319 2488 in
3346 2434 3538 2496 terris,
3559 2428 3697 2500 quod
3722 2434 3809 2481 τω

588 2522 706 2577 Noli
732 2523 943 2586 timere,
971 2522 999 2558 δ
1027 2536 1094 2577 ex
1124 2522 1228 2576 hoc
1252 2520 1365 2589 jam
1394 2518 1639 2574 homines
1667 2518 1773 2573 eris
1805 2519 2043 2588 capiens.
2080 2516 2159 2571 Ex
2262 2531 2515 2592 operatur
2542 2521 2595 2576 in
2624 2520 2887 2577 ﬂuctibus.
2919 2521 3050 2577 Nam
3092 2522 3230 2578 sicut
3256 2530 3371 2578 rete
3410 2537 3559 2592 quos
3605 2517 3807 2574 continet

586 2613 691 2667 ista
719 2613 864 2668 enim
890 2610 1126 2668 clausula
1168 2610 1330 2665 totius
1356 2608 1603 2665 lectionis
1639 2623 1925 2684 pospumus
1964 2607 2161 2662 intelli-
2266 2614 2443 2683 vagari
2486 2628 2590 2668 non
2631 2614 2847 2683 patitur,
2894 2614 2967 2667 ita
3005 2620 3061 2667 et
3096 2612 3225 2668 ﬁdes
3252 2628 3439 2669 errare
3477 2626 3620 2684 quos
3645 2605 3808 2673 colligit

589 2719 717 2774 gere
738 2709 1150 2759 sacramentum.
1173 2700 1311 2767 Quid
1338 2701 1480 2755 enim
1510 2714 1684 2754 causa
1711 2700 1829 2774 tat
1855 2713 1972 2765 cur,
1995 2708 2017 2735 ε
2042 2712 2164 2751 cum
2268 2718 2375 2757 non
2401 2703 2689 2771 permittit;
2721 2709 2778 2757 et
2801 2702 2939 2758 sicut
2980 2703 3051 2758 ibi
3094 2711 3279 2773 captos
3305 2704 3430 2759 sinu
3457 2700 3693 2772 quodam
3711 2711 3808 2766 pcr-

594 2796 647 2849 in
677 2802 898 2863 captura
924 2791 1148 2862 piscium
1185 2789 1411 2869 refertas
1437 2788 1707 2843 naviculas
1734 2785 1975 2855 discipuli
2004 2785 2166 2840 mira-
2267 2791 2413 2847 ducit
2441 2792 2509 2845 ad
2534 2806 2744 2859 navem,
2786 2792 2859 2846 ita
2887 2799 2941 2847 et
2967 2793 3055 2848 hic
3083 2799 3438 2861 congregatos
3473 2790 3679 2860 gremio
3704 2800 3810 2855 quo-

590 2890 801 2947 rentur,
832 2880 1080 2935 Salvator
1122 2877 1285 2933 Petro
1324 2893 1433 2933 non
1471 2876 1523 2931 id
1550 2876 1888 2946 promitteret
1914 2874 2057 2943 quod
2086 2873 2193 2933 di-_
2267 2882 2391 2937 dam
2433 2880 2647 2936 deducit
2675 2881 2742 2937 ad
2781 2882 3040 2951 requiem.
3084 2880 3154 2937 Ut
3180 2890 3360 2937 autem
3398 2881 3669 2951 intelligas
3709 2876 3807 2944 qui:

591 2972 799 3036 scebat,
833 2969 931 3027 sed
967 2969 1258 3040 sponderet
1283 2968 1427 3037 quod
1470 2968 1684 3037 penitus
1712 2965 2028 3034 ignorabat?
2054 2963 2170 3018 Hoc
2269 2970 2337 3026 de
2362 2968 2625 3040 spirituali
2644 2970 2940 3039 piscatione
2969 2970 3228 3027 Dominus
3254 2970 3607 3039 loquebatur,
3629 2967 3699 3020 ait
3732 2962 3808 3016 Pe-

598 3069 682 3116 est
733 3061 788 3116 in
836 3060 952 3129 ipsa
993 3060 1047 3114 in
1089 3072 1195 3128 qua
1236 3065 1353 3113 erat
1396 3056 1638 3111 navicula
1664 3094 1678 3119 ,
1731 3071 1828 3125 pro
1867 3054 2171 3123 palpitanti-
2272 3067 2425 3113 trus:
2463 3057 2773 3128 Praeceptor,
2815 3075 2907 3129 per
2947 3070 3103 3115 totam
3138 3069 3340 3115 noctem
3375 3060 3672 3114 laborantes
3707 3052 3809 3107 nihil

601 3152 698 3205 bus
726 3150 960 3218 piscibus
997 3146 1433 3203 viviﬁcandorum
1481 3146 1755 3200 hominum
1803 3144 2009 3214 copiam
2058 3142 2165 3196 lar-
2274 3147 2517 3217 cepimus,
2541 3147 2632 3202 sed
2658 3150 2713 3201 in
2738 3147 2886 3203 verbo
2916 3157 3002 3205 tuo
3037 3149 3224 3204 laxabo
3252 3157 3358 3203 rete
3386 3147 3543 3219 (Lac.
3572 3148 3628 3216 ν)
3651 3162 3666 3210 ;
3693 3140 3808 3196 rei!!!

602 3241 802 3311 giretur
850 3256 864 3292 :
913 3254 1035 3294 cum
1093 3239 1277 3308 utique
1337 3238 1391 3292 in
1456 3235 1698 3291 navicula
1758 3250 1865 3289 non
1919 3234 2173 3287 vivillcari
2203 3236 2248 3299 C
2278 3237 2324 3292 si
2352 3237 2555 3291 diceret
2597 3255 2609 3289 :
2638 3237 2763 3308 quia
2791 3252 2887 3308 per
2914 3246 3080 3292 totam
3108 3247 3321 3295 noctem
3350 3237 3552 3293 frustra
3583 3230 3805 3303 vigilanti-

603 3331 851 3386 homines
876 3328 1107 3394 soleant,
1143 3327 1237 3382 sed
1258 3326 1493 3397 portari;
1542 3341 1649 3380 non
1678 3323 1909 3379 refoveri
1937 3316 2169 3390 navigio,
2273 3329 2372 3384 bus
2402 3329 2557 3385 nobis
2582 3345 2687 3383 non
2709 3329 2918 3399 prolicit
2939 3337 3122 3385 nostra
3144 3331 3391 3400 piscatio,
3412 3327 3662 3399 ρὶεωὴοι·
3678 3320 3807 3394 “5

605 3421 699 3476 sed
743 3419 1012 3490 trepidare
1056 3418 1302 3485 vestigio.
1340 3415 1474 3473 Vide
1502 3429 1630 3483 ergo
1677 3428 1744 3469 ne
1790 3414 1891 3467 ista
1931 3412 2172 3466 navicula
2268 3419 2377 3489 jam
2409 3434 2514 3472 non
2541 3418 2914 3485 instrumento,
2936 3418 3029 3473 sed
3048 3420 3217 3487 gratia
3241 3435 3256 3481 ς
3280 3433 3389 3473 non
3411 3418 3548 3472 anis
3570 3411 3802 3471 industria,

606 3526 713 3566 non
754 3509 826 3565 sit
863 3508 1127 3572 navicula.
1157 3506 1185 3545 ⁸
1222 3521 1340 3575 quae
1380 3504 1541 3559 Petro
1582 3504 1867 3571 mersenda
1904 3502 2168 3567 tribuitur.
2272 3508 2367 3565 sed
2389 3506 2687 3562 devotionis
2707 3506 2979 3561 instantia.
3014 3505 3079 3559 In
3110 3515 3217 3581 tuo,
3245 3507 3439 3577 inquit,
3466 3505 3618 3560 verba
3653 3497 3804 3557 (ante

607 3598 700 3655 sed
740 3599 813 3654 sit
856 3596 1115 3655 Ecclesia.
1145 3611 1265 3665 qua:
1296 3593 1510 3651 Christo
1557 3593 1897 3663 gubernanda
1929 3592 2175 3647 eommit-
2273 3606 2397 3650 rete.
2442 3594 2690 3664 Legimus
2714 3593 2950 3650 Verbum
2991 3610 3112 3650 esse
3159 3595 3441 3650 Dominum
3488 3594 3801 3648 Salvatorem.

608 3689 759 3743 titur.
795 3685 914 3756 Ipsa
953 3687 1097 3740 enim
1125 3685 1277 3739 navis
1314 3691 1399 3737 est
1424 3697 1542 3752 qua:
1575 3681 1643 3737 de
1680 3681 1963 3736 mundanis
2008 3680 2178 3737 turbi-
2275 3686 2413 3739 sicut
2456 3686 2532 3739 ait
2575 3683 2911 3753 Evangelista
2966 3701 2981 3736 :
3033 3682 3101 3739 In
3153 3685 3406 3755 principio
3451 3693 3570 3738 erat
3628 3675 3802 3733 Verbum

611 3778 785 3842 nibus,
809 3775 957 3830 velut
981 3774 1049 3829 de
1068 3772 1578 3831 ﬂuctibuselevatos
1605 3786 1711 3826 non
1742 3785 1953 3835 necare,
1978 3769 2072 3823 sed
2098 3770 2176 3823 vi-
2279 3774 2454 3847 (Joan.
2481 3778 2544 3844 ι),
2569 3784 2623 3830 et
2650 3774 2873 3845 reliqua.
2904 3772 3047 3844 Ergo
3067 3789 3185 3829 cum
3208 3774 3262 3830 in
3289 3773 3455 3829 verbo
3484 3772 3672 3828 Petrus
3695 3767 3805 3820 laxat

611 3864 829 3919 vilicare
855 3863 1153 3919 consuevit.
1184 3860 1317 3915 Nam
1350 3861 1486 3914 sicut
1514 3861 1703 3931 cymba
1730 3859 1902 3920 sutilis
1932 3857 2180 3913 subleva-
2275 3867 2432 3930 retia,
2474 3865 2528 3919 in
2569 3864 2782 3919 Christo
2810 3864 2992 3932 utique
3041 3863 3186 3917 laxat
3222 3862 3454 3931 eloquia,
3486 3870 3545 3917 et
3587 3871 3699 3914 cum
3736 3852 3801 3906 ille

614 3964 698 4010 tos
720 3953 1008 4023 pisciculos
1049 3952 1117 4007 de
1143 3952 1351 4021 gurgite
1378 3951 1583 4006 sauciat
1621 3959 1677 4005 et
1720 3957 1972 4015 retentat,
2006 3950 2077 4003 ita
2125 3956 2181 4004 et
2278 3961 2529 4009 contexta
2557 3961 2613 4007 et
2641 3952 2667 3990 ιι
2686 3952 2941 4021 disposita
2967 3952 3021 4006 in
3042 3951 3185 4008 dicto
3206 3951 3557 4022 praeceptoris
3584 3948 3712 4001 lineo
3735 3955 3803 3994 ex-

616 4043 766 4096 navis
793 4041 1043 4097 Ecclesia:
1070 4041 1322 4096 liberatos
1348 4040 1414 4094 de
1449 4040 1659 4094 turbine
1692 4041 1934 4094 homines
1960 4040 2179 4106 animat,
2279 4046 2463 4116 plicat,
2507 4044 2677 4112 magis
2717 4043 2967 4098 distincta
3014 4051 3072 4097 et
3116 4041 3490 4098 convenientia
3536 4041 3590 4095 in
3629 4031 3800 4091 nomine

618 4142 644 4172 ⁸
673 4147 797 4189 cum
823 4138 1092 4201 capescat,
1133 4130 1334 4185 animat
1359 4129 1497 4183 intra
1524 4144 1606 4197 se,
1635 4130 1868 4198 inquam,
1891 4128 2054 4200 6“
2082 4127 2183 4183 Ec—
2282 4135 2574 4191 Salvatoris
2602 4134 2763 4189 verba
2800 4133 3002 4196 dilatat,
3034 4133 3227 4203 quibus
3253 4132 3441 4203 possit,
3471 4147 3579 4188 non
3606 4125 3803 4182 animus

618 4222 800 4288 elesia,
823 4229 880 4276 et
897 4222 1043 4277 velut
1070 4221 1453 4276 intermortuos
1484 4218 1737 4273 viviticat.
1761 4219 1893 4272 Nam
1916 4216 2183 4274 viviﬁcare
2284 4226 2356 4279 tia
2381 4224 2608 4287 salvare,
2630 4223 2726 4281 sed
2753 4224 2976 4278 animas.
3010 4222 3029 4262 ί
3054 4222 3160 4278 Per
3183 4233 3341 4281 (erant
3378 4232 3576 4277 noctem
3605 4216 3799 4274 laborm

608 4315 841 4371 verbum
881 4315 988 4370 hoc
1030 4313 1293 4382 signiﬁcat
1325 4330 1339 4366 :
1380 4313 1512 4367 nihil
1549 4312 1692 4367 enim
1737 4310 2053 4376 viviticatur,
2083 4310 2185 4365 nisi
2284 4322 2357 4368 tes
2382 4313 2513 4368 nihil
2536 4312 2697 4384 656
2722 4315 2967 4385 cepimus.
2998 4311 3101 4369 Per
3120 4320 3334 4369 noctem
3362 4327 3488 4368 vere
3515 4307 3801 4367 laborarem

620 4406 764 4475 quod
788 4405 952 4475 paulo
977 4412 1102 4460 ante
1126 4403 1285 4459 fuerit
1321 4404 1439 4459 sine
1473 4403 1606 4457 vita.
1636 4402 1793 4458 Velut
1820 4402 2030 4457 saucios
2057 4416 2186 4470 ergo
2286 4403 2494 4472 Petms,
2518 4404 2610 4472 qui
2637 4404 2781 4472 prius
2817 4394 3196 4459 obscuritatem
3214 4388 3453 4472 patiens,
3484 4403 3599 4457 sine
3632 4394 3799 4453 ειιήςιο

622 4494 804 4549 mundi
832 4494 1153 4563 turbinibus,
1178 4506 1234 4549 et
1258 4493 1577 4564 prmfoeatos
1612 4492 1789 4547 saeculi
1816 4490 2061 4547 ﬂuetibus
2088 4491 2188 4545 ho-
2288 4509 2393 4549 non
2423 4501 2638 4563 poterat
2669 4495 2681 4542 l
2719 4492 2904 4548 videre
2938 4493 3083 4563 quod
3120 4501 3358 4562 caperet.
3410 4492 3479 4546 At
3523 4491 3610 4546 ubi
3651 4487 3728 4541 lux
3762 4478 3800 4531 εί

622 4587 794 4641 mines
831 4583 1193 4641 viviﬁcaturus
1221 4584 1416 4640 dicitur
1443 4581 1655 4651 Petrus,
1682 4589 1741 4636 ut
1776 4582 1867 4651 qui
1896 4581 2188 4636 mirabatur
2214 4603 2263 4661 ι)
2288 4583 2579 4638 Salvatoris
2607 4582 2797 4645 illuxit,
2828 4582 3078 4637 discussis
3119 4581 3376 4645 tenebris,
3404 4581 3567 4651 erepit
3591 4568 3799 4661 etiamin

622 4677 878 4733 refertam
924 4676 1220 4731 naviculam
1258 4675 1632 4745 palpitantium
1667 4673 1893 4742 piscium
1938 4685 2183 4736 numero,
2214 4656 2249 4661 ’
2292 4672 2458 4726 altum
2507 4670 2608 4726 ﬁde
2647 4669 2673 4709 ιι
2718 4686 2940 4726 cernere
2974 4670 3116 4738 quod
3151 4671 3323 4726 oculis
3350 4685 3456 4724 non
3483 4668 3698 4723 videbat.
3721 4656 3799 4711 Νοι

623 4767 916 4822 viventium
945 4773 1191 4821 onustam
1233 4763 1525 4820 Ecclesiam
1551 4764 1825 4818 hominum
1851 4760 2189 4816 multitudine
2288 4770 2427 4816 ctem
2455 4761 2612 4831 plane
2638 4775 2827 4829 passus
2856 4768 2939 4814 est
2965 4759 3173 4823 Petrus,
3202 4759 3376 4813 donec
3402 4757 3521 4812 dies
3558 4755 3623 4817 ei,
3648 4748 3721 4820 qui
3744 4750 3800 4797 05‘

592 4908 595 4913 λ
621 4858 743 4928 plus
764 4856 1073 4911 miraretur.
1094 4853 1228 4909 Tota
1258 4854 1418 4923 igitur
1443 4855 1609 4909 series
1637 4852 1881 4907 lectionis
1908 4850 2188 4922 mysticum
2291 4849 2553 4914 Christus,
2576 4850 2869 4905 assisteret.
2899 4847 3050 4905 Unde
3077 4848 3152 4901 ait
3171 4847 3446 4918 apostolus
3473 4844 3655 4899 Paulus
3675 4858 3687 4891 :
3708 4831 3797 4928 οἳ

623 4923 866 5002 continet
891 4944 1237 4998 intellectum.
1268 4943 1401 4997 Nam
1441 4952 1495 4997 et
1540 4944 1591 4997 in
1629 4942 1890 5012 superiori
1933 4941 2070 5005 loco,
2101 4939 2191 4995 ubi
2289 4941 2567 5006 precessit,
2598 4940 2706 4994 dies
2744 4948 2914 4993 autem
2939 4937 3364 5009 appropinquavit
3401 4936 3577 5008 (Rom.
3600 4932 3712 4998 xm),
3735 4923 3799 4977 ³⁸·

622 5034 817 5089 sedens
839 5033 891 5086 in
922 5031 1162 5086 navicula
1183 5031 1438 5087 Dominus
1465 5032 1540 5085 ait
1565 5030 1758 5084 Petro:
1790 5028 1902 5083 Duc
1924 5030 1979 5083 in
2006 5029 2189 5091 altum,
2290 5045 2382 5083 sus
2406 5028 2649 5083 Christus
2677 5028 2932 5084 Dominus
2977 5035 3179 5093 noster,
3207 5028 3300 5095 qui
3324 5025 3457 5080 vivit
3499 5034 3556 5082 et
3579 5025 3734 5093 regnat
3762 5012 3797 5065 in

624 5130 672 5175 et
703 5123 878 5175 laxate
918 5123 1048 5175 retia
1089 5130 1253 5175 vestra
1286 5123 1339 5174 in
1375 5130 1661 5192 capturum,
1708 5120 1891 5188 utique
1934 5131 2041 5171 non
2081 5125 2191 5170 tam
2293 5118 2483 5173 saecula
2512 5118 2849 5172 seculorum.
2886 5116 3073 5170 Amen.

705 5335 729 5362 ⁸
756 5324 889 5379 Cod.
933 5322 1215 5386 httrent.,
1240 5318 1541 5388 abjiciamus
1569 5319 1631 5388 de
1659 5326 1838 5388 nostra
1868 5317 2121 5388 nauicula.
2373 5327 2400 5365 ε
2427 5316 2561 5372 Cod.
2595 5317 2871 5385 Laurent,
2900 5333 3015 5371 eum
3036 5317 3183 5373 docet
3208 5317 3328 5374 illos
3356 5313 3625 5380 pisciculos
3645 5304 3798 5369 cond"

701 5395 728 5432 δ
759 5394 890 5449 Cod.
922 5392 990 5446 36
1016 5387 1417 5457 Laurent.,jam
1444 5388 1547 5440 eris
1568 5387 1795 5439 homines
1822 5387 2105 5453 viri/iram.
2303 5388 2442 5441 dere.

700 5475 725 5503 ε
757 5462 891 5518 Cod.
915 5461 1094 5517 Casin.
1125 5453 1322 5513 omittit
1359 5473 1491 5509 cum.
1898 5523 1905 5525 ξ
2370 5456 2397 5525 ll
2426 5455 2559 5509 Cod.
2589 5455 2793 5525 Casin..
2824 5455 3055 5525 deposita
3080 5470 3183 5525 pro
3207 5453 3479 5525 disposita.

700 5532 726 5569 ά
750 5532 887 5588 Cod.
930 5531 1203 5595 Laurent,
1247 5543 1359 5599 qua:
1390 5525 1540 5579 Petro
1570 5525 1789 5596 regenda
1821 5523 2076 5589 tribuitur,
2108 5527 2195 5578 sed
2428 5525 2571 5599 [dein
2587 5525 2713 5599 _cod.
2740 5520 3493 5599 Casiti._,_Per'totam,inquit,
3522 5520 3795 5580 noman

634 5606 703 5658 sit
730 5602 976 5655 Ecclesia.
1192 5592 1197 5595 ⁷
1259 5592 1269 5599 ’
1628 5592 1643 5596 ⁷
2374 5598 2386 5642 J
2426 5592 2558 5646 Cod.
2587 5593 2861 5662 Laurent.,
2884 5593 3052 5647 ridere
3078 5604 3202 5662 quos
3230 5601 3452 5660 caperet.

710 5683 731 5708 ο
758 5671 899 5723 idem
925 5670 1045 5723 cmi.
1070 5669 1341 5727 Laurent.,
1372 5681 1483 5716 cum
1504 5665 1740 5732 capcscit.
2371 5663 2391 5699 κ
2422 5664 2561 5716 idem
2593 5664 2709 5718 cod.
2747 5661 3017 5728 Laurent.,
3066 5661 3271 5717 cernere
3297 5678 3421 5731 quos
3451 5662 3614 5719 oculis
3644 5671 3718 5714 non
3748 5664 3795 5701 τ’·

716 5741 730 5779 ⁸
763 5741 897 5795 Cod.
926 5740 1135 5803 Casin.,
1173 5736 1318 5799 Quod
1345 5746 1511 5787 autem
1540 5736 1712 5794 etiam,
1744 5741 1847 5785 etc.
2297 5734 2467 5786 debat.
