3896 6250
137 322 258 377 ’195
1623 323 1786 379 SER}

1901 322 2064 378 KC“.

1569 438 1838 500 δεξιΜο
1878 437 2096 498 Χρνι.

1578 537 1657 591 De
1713 537 2083 606 hospitalitate.

1635 626 2026 681 ADMONH’IO.

3355 317 3462 371 ἠδ

214 716 292 789 In
323 721 575 777 schedis
623 718 916 774 Hahillonii
945 728 1185 789 repertus
1215 719 1300 775 hic
1325 732 1503 774 sermo
1531 717 1631 772 fuit
1672 717 2047 789 abEdmundo
2089 718 2350 789 Martenio
2379 729 2433 773 et
2459 717 2658 777 Ursino
2691 717 2971 789 Durando,
3017 719 3294 789 editosque
3325 725 3456 789 tom.

133 787 215 858 υς
248 787 525 844 Collect.
559 799 730 844 veter.
761 782 1096 858 scriptorfct
1128 796 1551 853 monumentor.,
1581 800 1703 858 pag.
1737 787 1840 842 15⁸5
1865 796 1925 858 et
1953 801 2104 856 seqq.
2130 782 2286 858 ,Huic
2321 796 2496 858 exstat
2521 804 2629 842 non
2657 788 2914 858 absimilis
2933 782 3112 858 sermo
3151 782 3458 856 in'append.

134 855 216 908 ad
249 858 543 929 quintum
580 868 796 929 tomum
812 855 1029 929 operum
1070 857 1126 911 8.
1159 858 1406 929 Anguem,
1438 872 1590 929 num.
1617 855 1672 929 5ἶ
1702 858 1857 929 cujus
1875 856 1977 914 hoc
2003 855 2335 929 estinitium
2364 856 2731 929 :_E_requett_t_er
2767 856 3019 910 admonui
3042 855 3312 910 caritatem
3333 873 3455 929 pes-

137 936 322 995 tram.
363 925 548 991 Quod
586 926 657 981 ad
687 924 891 980 titulum
931 928 1142 995 attinet,
1170 924 1280 992 jam
1311 925 1546 995 memini,
1576 924 1630 995 in
1659 925 1891 995 homiliis
1933 941 2079 978 num.
2105 924 2200 994 '99,
2229 939 2351 995 pag.
2394 924 2764 995 351,‘dedisse
2792 940 2912 978 eam
2953 939 3041 995 me
3073 939 3206 995 Aqua:
3235 924 3457 995 perinde

137 992 234 1066 l_)e
284 995 682 1064 hospitalitate
708 993 1030 1066 inscribitur.
1056 996 1300 1066 Denique
1329 1009 1424 1066 cur
1450 993 1680 1066 Maximo
1710 994 1850 1066 h_un_c
1873 992 2330 1066 semonem'e'sse
2357 992 3112 1066 tribuendum‘putem,‘eﬂicit_
3137 1004 3190 1047 et
3218 992 3459 1066 styli__ra-
3563 1059 3570 1066 ‘

139 1064 258 1128 tio,
293 1073 363 1117 et
404 1060 782 1119 'vetustissimi
822 1065 1019 1120 codicis
1045 1064 1112 1117 90
1139 1060 1473 1117 bibliotheca
1510 1060 1564 1115 8.
1596 1061 1779 1116 Crucis
1801 1063 1854 1116 in
1881 1061 1990 1117 Jer.
2020 1063 2330 1117 auctoritas.
2377 1061 2433 1116 8.
2467 1060 2751 1117 Ambrosio
2791 1061 3072 1115 ascribitur
3099 1062 3151 1114 in
3180 1060 3300 1116 cod.
3335 1060 3453 1114 Vat.

142 1129 300 1204 Reg.
340 1132 456 1200 85,
493 1147 615 1204 pag.
647 1132 818 1204 M,in
848 1133 1060 1204 quo_sic
1087 1133 1314 1204 habetur
1342 1149 1354 1183 :
1389 1131 1580 1204 Incipit
1608 1147 1773 1185 sermo
1813 1131 1875 1184 de
1916 1131 2269 1204 hospitalitate
2314 1132 2479 1204 dictus
2508 1148 2540 1184 tt
2568 1139 2756 1204 sancto
2782 1130 3075 1204 Ambrosio.
3113 1129 3488 1204 Sed__quo_tus-

141 1202 416 1271 quisque
450 1199 840 1269 non'intelligit
862 1199 989 1255 nihil
1029 1202 1204 1254 minus
1232 1216 1391 1268 quam
1419 1199 1562 1254 hunc
1605 1214 1906 1255 sermonem
1935 1199 2054 1256 esSe
2080 1200 2364 1258 Ambrosio
2396 1199 2752 1266 tribuendum,
2784 1199 2935 1268 cujus
2961 1206 3108 1254 certe
3136 1199 3260 1271 styli
3289 1201 3457 1253 ratio~

143 1283 289 1322 nem
318 1270 510 1338 longe
530 1271 696 1326 fuisse
722 1272 1119 1340 discrepantem
1150 1271 1334 1339 liquet.
1908 1277 1916 1285 '

147 1378 598 1451 Angustam-run.
628 1409 692 1420 —
725 1378 1143 1451 Hospitalitatem
1170 1378 1414 1451 ﬁdelibus
1451 1377 1774 1451 commendat
1803 1385 1848 1442 Α
1878 1380 2072 1450 piendo
2109 1378 2333 1450 justum,
2367 1389 2424 1436 et
2463 1380 2575 1451 ipse
2603 1380 2674 1434 sit
2696 1379 2889 1448 justus,
2921 1379 3059 1434 sicut
3089 1379 3165 1433 ait
3193 1378 3455 1448 propheta

229 1448 319 1535 ξ.-
353 1452 671 1535 διήκοντες,
700 1440 880 1535 eosque
907 1448 976 1500 ad
1003 1440 1294 1535 huiusmodi
1321 1447 1553 1527 ofﬁcium
1578 1447 1776 1535 .adhpf-

1901 1467 2050 1522 David
2081 1484 2095 1521 :
2128 1466 2154 1504 δ
2185 1485 2299 1522 cum
2339 1477 2520 1524 sancto
2567 1477 2772 1522 sanctus
2798 1470 2921 1535 eris,
2950 1477 3000 1521 et
3045 1484 3157 1520 cum
3183 1467 3289 1520 viro
3306 1467 3461 1520 inno-

227 1516 668 1596 tatuf_ea:erisplo
696 1516 1040 1596 {lbrahcqqui
1064 1533 1176 1568 cum
1209 1527 1308 1596 tres
1337 1516 1493 1596 viros,
1516 1516 1590 1596 uel
1614 1517 1781 1596 potius

231 1583 662 1666 angelosusuum
690 1588 745 1638 in
773 1583 1064 1666 hospitium
1109 1586 1404 1655 recepisset,
1433 1583 1618 1638 multis
1635 1583 1785 1637 bene-

230 1653 587 1709 dictionibus
615 1653 902 1707 cumulatus
923 1655 1039 1725 fuit.

237 1732 534 1811 Legimus
561 1743 616 1796 in
642 1742 778 1797 libro
799 1741 1023 1798 Genesis
1045 1741 1190 1814 quod
1219 1741 1485 1796 Abraham
1509 1741 1676 1798 tribus
1697 1757 1788 1796 su-

159 1835 646 1905 pervenientibus
676 1836 800 1890 viris
823 1835 1045 1890 festinus
1075 1844 1101 1874 ι
1123 1837 1373 1899 occurrit,
1406 1841 1460 1890 et
1486 1841 1788 1905 prostratus

162 1925 225 1979 in
261 1923 487 1980 faciem
515 1927 686 1981 oravit
713 1942 808 1981 eos
835 1934 893 1981 ut
916 1927 983 1981 ad
1010 1942 1164 1981 suum
1194 1927 1595 1982 tabernaculum
1621 1926 1789 1981 decli-

162 2025 414 2080 nat-ent,
453 2026 716 2087 quatenus
737 2017 1100 2087 hospitalitate
1129 2028 1434 2073 sanctorum
1476 2031 1790 2072 remunera-

165 2106 407 2160 tionem
437 2105 822 2161 benedictionis
843 2107 1126 2176 acciperet.
1147 2107 1363 2162 Sciebat
1383 2107 1524 2161 enim
1547 2107 1650 2161 hoc
1670 2121 1790 2160 esse

167 2193 522 2249 mandatum
569 2193 778 2251 Domini
807 2196 1030 2252 dicentis
1061 2215 1074 2250 :
1108 2195 1208 2260 Qui
1238 2199 1519 2265 susceperit
1565 2197 1787 2268 prop/te-

171 2293 296 2336 tam
319 2285 386 2336 in
413 2285 620 2338 nomine
641 2286 918 2354 prophetar.
942 2287 1225 2340 mercedem
1255 2288 1518 2356 propheta
1541 2288 1788 2356 accipiet;

169 2378 230 2422 et
264 2372 364 2440 qui
400 2375 682 2442 susceperit
718 2371 747 2411 δ
780 2374 980 2444 justum
1008 2376 1060 2428 in
1091 2375 1295 2429 nomine
1327 2375 1480 2445 justi,
1507 2375 1809 2429 ntercedem'

180 2460 324 2531 iusti
365 2462 591 2530 accipiet
620 2461 832 2532 (Matth.
861 2464 941 2534 ι),
965 2473 1026 2519 ct
1062 2465 1288 2534 reliqua.
1329 2465 1624 2520 Festinavit
1662 2480 1790 2534 ergo
1893 2450 1965 2504 lia
2006 2466 2164 2504 nemo
2193 2449 2439 2504 diﬁidat:
2471 2449 2710 2519 quisquis
2734 2449 3048 2518 episcopum
3087 2447 3318 2518 hospitio
3347 2464 3465 2503 sus-

182 2558 503 2619 prOpterea
533 2551 796 2608 Abraham
835 2561 1050 2608 sanctos
1079 2554 1226 2608 viros
1254 2555 1550 2624 suscipere,
1579 2563 1638 2608 ut
1667 2556 1786 2609 hos-

1901 2541 2112 2610 ceperit,
2139 2541 2252 2609 jam
2292 2539 2468 2610 justus
2512 2538 2528 2578 ι
2563 2538 2778 2596 effectus
2826 2546 2926 2603 est,
2958 2539 2976 2570 ‘
3019 2539 3259 2608 quamvis
3308 2537 3467 2607 paulo

183 2639 320 2712 pitii
354 2639 974 2719 consortio.sanctitatis
1016 2644 1347 2697 consortium
1387 2650 1704 2707 mereretur,
1737 2651 1792 2697 et
1893 2639 2017 2685 ante
2041 2631 2246 2686 Scelera
2272 2630 2620 2695 commiserit.
2651 2629 2894 2700 (Ιυθῐηνίε
2923 2629 3113 2683 “om”
3136 2627 3312 2691 [nemo
3342 2626 3469 2719 dum

187 2731 332 2785 dum
365 2716 733 2787 cummunicat
757 2733 1104 2788 humanitatis
1133 2734 1473 2803 obsequium,
1495 2733 1786 2788 communi-

1901 2722 2234 2786 innocentém
2262 2721 2435 2776 virum
2473 2720 2682 2787 recipit,
2717 2721 3035 2774 innocentia:
3063 2719 3267 2774 meritis
3300 2716 3469 2773 refor-

1885 1566 2029 1609 cente
2073 1557 2324 1611 innocens
2368 1559 2471 1611 eris
2516 1557 2686 1629 (.Psal.
2734 1558 2884 1627 xvn).
2929 1557 3109 1625 Igitur,
3158 1554 3373 1622 fratres,
3415 1554 3462 1608 si

1886 1647 2157 1702 Abraham
2199 1655 2355 1718 pater
2399 1656 2584 1703 noster
2627 1648 2804 1703 sciens
2838 1652 2853 1684 ί
2906 1648 3046 1702 hanc
3085 1645 3462 1716 hospitalitatis

1885 1736 2132 1803 gratiam,
2162 1736 2658 1806 supervenientibus
2679 1737 2848 1791 tribus
2877 1736 3024 1801 viris,
3050 1751 3080 1790 e
3107 1736 3300 1806 quibus
3326 1750 3463 1790 unus

1887 1823 2143 1878 Dominus
2187 1832 2322 1889 erat,
2355 1825 2575 1879 festinus
2620 1826 2874 1890 occurrit,
2909 1825 2922 1875 i
2966 1833 3022 1879 et
3070 1831 3371 1893 prostratus
3409 1823 3462 1878 in

1887 1911 2079 1967 faciem
2107 1913 2281 1967 oravit
2308 1919 2366 1966 ut
2393 1912 2460 1967 ad
2491 1909 2815 1967 tabernaculi
2839 1909 2996 1983 647
3038 1911 3122 1965 sui
3159 1917 3300 1965 tecta
3339 1923 3464 1964 suc-

1888 2001 2123 2067 cederet,
2153 2008 2354 2071 quanto
2382 2001 2551 2070 magis
2581 2001 2605 2038 κ
2636 2001 2891 2056 debemus
2919 2000 3324 2055 advenientibus
3341 2014 3461 2054 san-

1889 2094 1988 2147 ctis
2016 2107 2304 2148 occurrere
2330 2092 2716 2156 sacerdotibus,
2750 2099 2910 2162 atque
2937 2106 3032 2146 eos
3059 2091 3206 2145 omni
3229 2102 3388 2159 prem
3411 2089 3463 2145 in

1889 2186 2191 2240 habitacula
2221 2193 2403 2242 nostra
2431 2185 2718 2255 suscipere,
2747 2192 2808 2238 ut
2832 2183 3125 2239 secundum
3145 2181 3312 2236 David
3341 2198 3464 2237 san-

1890 2275 1994 2330 ctis
2019 2275 2321 2346 hospitibus
2359 2274 2532 2330 sancti
2576 2289 2695 2329 esse
2739 2272 3022 2343 possimus.
3053 2272 3220 2327 Nemo
3244 2272 3354 2340 jam
3389 2271 3464 2325 de

1890 2361 2215 2417 conscientia
2239 2368 2582 2431 peccatorum
2607 2364 2827 2416 suorum
2850 2368 3072 2424 metuat,
3097 2359 3163 2414 de
3191 2357 3466 2427 indulgen-

189 2820 487 2874 cationem
523 2819 924 2889 justiﬁcationis
961 2817 1252 2892 acciperet.
1297 2822 1412 2878 Hoc
1439 2824 1590 2877 enim
1610 2823 1793 2892 hospi-

194 2907 442 2963 talitatis
478 2908 564 2977 jns
601 2918 704 2978 est,
735 2918 794 2964 ut
829 2911 1002 2980 qualis
1046 2910 1204 2966 fuerit
1236 2912 1324 2966 ille
1352 2912 1443 2980 qui
1484 2911 1790 2980 suscipitur,

195 2997 379 3052 talem
419 2997 577 3053 faciat
605 3010 629 3038 ο
659 3015 779 3053 eum
804 3015 922 3056 esse
954 3001 1046 3070 qui
1074 3001 1295 3070 suscipit
1334 3018 1347 3054 :
1379 3001 1522 3071 quod
1560 3000 1796 3055 Joannes

200 3086 544 3154 evangelista
574 3087 1002 3144 manifestissime
1027 3089 1326 3158 designavit
1368 3088 1437 3144 de
1473 3089 1557 3143 his
1579 3089 1670 3157 qui
1699 3088 1795 3144 Dei

202 3172 411 3229 Filium
453 3186 818 3246 susceperunt,
849 3178 1031 3233 dicens
1064 3197 1076 3230 :
1104 3178 1362 3247 Quotquot
1399 3187 1572 3232 autem
1595 3194 1795 3248 recepe-

203 3268 336 3318 runt
357 3266 522 3330 illum,
552 3263 577 3303 δ
598 3267 741 3320 dedit
765 3267 867 3321 illis
889 3277 1190 3338 potestatem
1211 3269 1348 3338 ﬁlios
1370 3267 1462 3321 Dei
1474 3269 1590 3338 ﬁeri
1613 3266 1793 3338 (Joan.

208 3357 272 3419 ι).
309 3355 476 3413 Vides
521 3373 650 3427 ergo
688 3359 1070 3429 hospitalitatis
1102 3369 1302 3427 quanta
1348 3360 1418 3414 sit
1465 3359 1656 3430 gratia,
1683 3369 1706 3397 ο
1738 3367 1797 3413 ut

209 3446 382 3500 etiam
410 3445 674 3502 efﬁciatur
700 3448 837 3503 ﬁlius
856 3449 968 3512 Dei,
994 3451 1084 3518 qui
1113 3449 1307 3505 Filium
1337 3451 1430 3506 Dei
1457 3450 1649 3519 recipit
1675 3466 1797 3505 cor-

211 3536 299 3590 dis
349 3539 602 3608 hospitio.
637 3539 696 3595 Si
739 3554 868 3608 ergo
900 3540 1037 3595 ﬁlius
1063 3540 1160 3596 Dei
1201 3538 1430 3595 efﬁcitur
1464 3539 1556 3608 qui
1601 3538 1794 3594 Filium

209 3623 313 3679 Dei
346 3628 554 3698 recipit,
584 3636 784 3700 quanto
821 3629 1006 3698 magis,
1055 3630 1146 3700 qui
1182 3628 1382 3699 justum
1419 3629 1627 3698 recipit,
1665 3627 1796 3698 justi

205 3715 444 3781 gratiam
473 3727 828 3788 promeretur.
861 3719 986 3776 Haec
1013 3729 1096 3775 est
1131 3721 1298 3788 enim,
1343 3719 1482 3775 sicut
1507 3721 1636 3786 dixi,
1667 3719 1794 3775 hos-

213 3806 498 3874 pitalitatis
533 3809 851 3880 benignitas,
889 3810 906 3848 ε
937 3818 997 3864 ιιι
1036 3812 1118 3865 vir
1156 3821 1376 3867 sanctus
1414 3819 1470 3866 et
1505 3811 1796 3867 adveniens

209 3899 480 3954 societate
516 3900 751 3970 hospitii,
797 3901 900 3956 hoc
941 3901 1208 3972 hospitem
1248 3917 1403 3956 suum
1455 3901 1616 3957 faciat
1675 3917 1794 3958 esse

205 3985 365 4052 quod
393 3988 504 4058 ipse
531 3997 633 4044 est.
675 3989 806 4058 Quis
832 3998 1009 4046 autem
1037 3991 1170 4046 nolit
1199 3991 1290 4045 tali
1319 3993 1628 4048 conditione
1668 4009 1792 4048 san—

1896 2817 2094 2874 matur,
2124 2811 2264 2864 sicut
2289 2809 2368 2862 ait
2395 2810 2655 2879 pmpheta
2689 2826 2702 2860 :
2733 2808 2860 2861 Cum
2883 2810 2989 2863 vim
3021 2810 3291 2862 innocente
3317 2808 3470 2860 inne-

1893 2917 2012 2954 cens
2058 2903 2180 2954 eris.
2223 2899 2382 2968 Ergo,
2430 2899 2645 2965 fratres,
2675 2900 2798 2966 quia
2847 2899 3072 2952 Abrahae
3124 2896 3214 2951 lilii
3265 2913 3467 2960 sumus,

1897 2991 2122 3048 Abrahae
2151 3008 2316 3064 opera
2337 2990 2618 3048 faciamus.
2647 2989 2740 3045 Ille
2768 2990 2939 3045 tribus
2965 2991 3165 3046 sanctis
3189 2991 3318 3045 viris
3345 3006 3470 3060 pro-

1895 3087 2058 3141 cessit
2086 3086 2322 3164 obviam.
2371 3101 2468 3140 nos
2496 3101 2711 3154 quoque
2757 3084 2937 3139 multis
2977 3082 3347 3139 sacerdotibus
3373 3098 3468 3138 oc-

1896 3193 2201 3242 curramus;
2229 3178 2316 3232 ille
2330 3193 2453 3233 cum
2473 3183 2616 3232 esset
2638 3174 2879 3246 justus,m
2909 3178 3003 3228 hea
3012 3183 3091 3229 tos
3106 3175 3349 3243 suscepit
3368 3175 3468 3228 ho-

1895 3269 2079 3339 spitio,
2105 3276 2163 3322 ut
2189 3269 2280 3337 qui
2309 3276 2424 3323 erat
2445 3267 2639 3338 justus,
2659 3268 2854 3336 justior
2885 3265 3035 3321 ﬁeret
3059 3285 3072 3318 ε
3099 3282 3197 3320 nos
3223 3265 3316 3335 qui
3345 3281 3470 3335 pec-

1893 3367 2107 3414 catores
2146 3373 2363 3422 sumus,
2408 3358 2761 3427 suscipiamus
2800 3357 3108 3426 episcopos,
3158 3365 3226 3414 ut.
3271 3356 3467 3410 ablatis

1896 3449 2131 3518 peccatis
2170 3449 2391 3514 nostris,
2425 3447 2555 3518 justi
2592 3456 2712 3503 esSe
2756 3448 3042 3518 possimus.
3084 3447 3466 3518 Suscipiamus,

1897 3539 2133 3609 inquam,
2163 3547 2395 3603 sanctos,
2429 3546 2487 3594 ut
2531 3539 2686 3594 nobis
2727 3545 2914 3598 contra
2958 3548 3204 3594 naturam
3245 3546 3470 3605 peccata

1895 3630 2179 3685 donentur.
2225 3630 2452 3685 Abrahae
2501 3631 2642 3685 enim
2686 3631 2835 3700 justo
2880 3644 2978 3700 per
3028 3631 3466 3700 hospitalitatem,

1895 3720 2021 3787 quia
2065 3729 2288 3790 peccata
2316 3736 2423 3774 non
2468 3715 2718 3787 habebit,
2752 3731 2938 3778 contra
2966 3729 3211 3780 naturam
3236 3722 3384 3779 Isaac
3412 3725 3472 3774 ti-

1893 3811 1998 3865 lius
2026 3819 2106 3866 est
2147 3811 2396 3876 donatus.
2427 3821 2454 3849 η
2483 3814 2575 3880 qui
2604 3827 2773 3881 usque
2824 3814 2958 3869 adeo
3002 3821 3188 3870 contra
3228 3823 3469 3870 naturam

1895 3899 2126 3957 donatus
2162 3910 2262 3968 est,
2295 3911 2353 3956 ut
2391 3918 2513 3957 eum
2543 3903 2688 3958 nasci
2717 3903 2896 3972 posse,
2927 3910 2981 3957 et
3007 3912 3257 3959 senectus
3286 3902 3470 3971 frigida

1896 3993 2226 4063 desperaret,
2274 4003 2330 4051 et
2374 4005 2546 4049 mater
2590 3995 2723 4050 Sara
2772 3995 2987 4050 rideret.
3012 3993 3362 4066 manu,
3393 3994 3472 4048 in-

217 4083 366 4130 ctum
387 4078 712 4134 tabernaculi
741 4079 823 4136 sui
849 4081 1180 4136 humanitate
1207 4081 1498 4151 suscipere,
1533 4091 1560 4130 8
1589 4089 1648 4136 ut
1671 4098 1792 4138 cum
1823 4080 1868 4144 Β
1897 4099 2076 4152 quam,
2108 4083 2260 4148 Sara,
2289 4085 2414 4154 quia
2443 4086 2767 4155 suscipiebat
2799 4085 2962 4139 filium
2995 4102 3099 4140 non
3135 4092 3348 4149 natura,
3380 4085 3473 4142 sed

212 4179 281 4218 ea
326 4168 650 4238 participans
687 4169 1068 4234 habitaculum,
1103 4163 1385 4240 participct
1429 4172 1789 4240 sanctitatem,

207 4262 422 4311 etcum
460 4266 714 4327 peccator
742 4272 909 4327 usque
949 4257 1014 4312 ad
1055 4257 1244 4313 horam
1281 4257 1420 4313 forte
1443 4258 1624 4326 fuerit,
1654 4262 1794 4316 reci-

285 4435 312 4464 ι
337 4426 396 4499 [ιι
426 4428 548 4499 cod.
581 4428 649 4483 90
674 4429 733 4484 8.
766 4428 950 4484 Crucis
977 4431 1027 4483 in
1047 4429 1181 4495 ιρι-η
1213 4433 1510 4499 occurrerit,
1542 4443 1590 4486 et
1611 4450 1791 4489 orave-

215 4495 300 4565 rit.
333 4495 470 4551 Cod.
502 4513 632 4553 vero
663 4499 794 4565 Reg.
822 4499 1229 4565 Vat.,oocurrit,
1260 4511 1308 4554 et
1334 4495 1573 4555 oraverit.

221 4629 234 4640 _
284 4564 311 4603 δ
340 4565 505 4646 iidem
530 4567 692 4622 codd.
734 4564 802 4623 90
830 4567 886 4624 S.
918 4569 1106 4625 Crucis
1143 4571 1196 4625 in
1219 4564 1340 4625 der.
1392 4580 1447 4626 et
1473 4571 1604 4640 Reg.
1638 4572 1782 4638 ναι..

214 4645 488 4788 "Histiaeus
510 4705 629 4788 cod.
654 4704 729 4788 ,00
835 4707 1023 4788 grauis
1046 4708 1103 4787 in
1125 4707 1260 4788 τιθῇ,
1283 4710 1429 4788 illum
1458 4724 1556 4788 pro
1581 4726 1717 4764 eum.

280 4769 307 4806 ἀ
336 4772 484 4842 _ldem
501 4776 628 4828 cod.
654 4774 722 4826 90
749 4775 806 4830 S.
830 4775 1014 4830 Crucis
1044 4777 1095 4829 in
1115 4769 1257 4842 18ης
1279 4778 1418 4830 dedit
1443 4769 1535 4831 eis.

285 4849 309 4876 ε
335 4840 480 4895 hlem
502 4844 623 4916 cod.
651 4842 717 4916 9_0
739 4844 796 4916 8.
826 4845 1012 4916 Crucis
1041 4847 1094 4899 in
1117 4840 1310 4902 εἰει-,ἐι
1338 4847 1456 4901 cod.
1497 4847 1629 4916 Reg.
1661 4847 1782 4902 Vat.

214 4905 306 4984 83ἱ
333 4918 390 4984 stt
415 4921 464 4984 e_t
486 4912 633 4984 [ilius
646 4912 758 4984 __Dei
780 4915 1056 4984 efﬁciatur.

288 4979 306 5015 ¹
337 4977 452 5048 βοά
481 4977 612 5047 Reg.
646 4982 790 5045 Vat.,
811 4977 876 5036 ’ἀι
913 4984 989 5036 uir
1011 4993 1217 5038 sanctus
1247 4985 1541 5048 adveniens,
1571 4986 1673 5040 etc.

283 5046 498 5102 “idem
527 5046 686 5106 codd.
717 5050 785 5105 90
812 5053 869 5107 S.
909 5050 1098 5108 Crucis
1136 5054 1189 5106 in
1229 5052 1338 5108 Jer.
1380 5062 1435 5107 et
1472 5046 1603 5122 Reg.
1635 5055 1782 5121 γει..

209 5125 266 5167 «ι
291 5131 409 5169 cum
436 5133 517 5171 ιο.

254 5263 258 5268 Α
283 5183 306 5220 δ
339 5181 484 5267 Idem
507 5187 627 5268 cod.
653 5187 786 5256 Reg.
810 5188 928 5266 Vat.
955 5187 1044 5255 83,
1067 5199 1113 5242 et
1135 5207 1250 5242 cum
1270 5193 1426 5244 electo
1447 5191 1634 5244 electus
1659 5193 1760 5246 eris

211 5269 253 5306 ει
288 5270 402 5306 cum
427 5272 536 5309 rsro
559 5273 804 5310 ιηηοεεηε
826 5274 951 5310 81⁵18.

283 5330 304 5366 4
337 5322 481 5377 Idem
500 5325 622 5378 cod.
654 5325 788 5393 Reg.
821 5326 961 5390 Vat.,
994 5325 1126 5378 hanc
1161 5343 1288 5380 esse.

1886 4648 2112 4730 eiectus.-
2139 4659 2234 4704 est.
2280 4647 2524 4730 Quamuis
2552 4651 2706 4730 paulo
2741 4661 2862 4704 ante
2882 4647 2918 4703 ⁷.
2957 4689 2973 4704 .
3008 4690 3033 4730 ι.

1885 4734 2114 4787 quantm
2157 4757 2170 4772 .
2215 4757 2228 4770 .

1891 4788 2087 4857 meritis
2116 4789 2434 4857 reformaris.

1899 4175 2100 4242 gratia;
2142 4185 2167 4211 ο
2214 4183 2376 4244 atque
2417 4177 2552 4230 adeo
2592 4176 2746 4230 beata
2787 4176 3019 4236 soboles.
3062 4175 3214 4244 cujus
3262 4182 3473 4244 partum

1900 4281 2011 4321 non
2050 4282 2229 4337 pmna,
2273 4266 2369 4322 sed
2404 4267 2603 4334 gaudia
2643 4275 3045 4338 praecesserant.
3095 4266 3289 4322 Ridere
3317 4267 3474 4337 plano

1969 4441 1982 4510 ᾗ
2017 4439 2162 4496 Idem
2192 4441 2312 4496 cod.
2358 4441 2489 4510 Reg.
2518 4444 2659 4506 Vat.,
2686 4451 2733 4496 et
2751 4451 2955 4497 stratus
2979 4445 3054 4507 in,
3084 4451 3188 4500 etc.

1964 4507 1989 4579 ξ
2013 4510 2153 4579 Cod.
2187 4511 2254 4564 90
2278 4510 2334 4564 S.
2368 4507 2553 4566 Crucis
2581 4513 2634 4566 in
2659 4511 2793 4579 Jer.,
2818 4529 2912 4565 nos
2927 4514 3193 4566 debemus.

1968 4577 1981 4617 ¹
2009 4578 2068 4634 In
2088 4580 2209 4634 cod.
2237 4580 2382 4649 90_S.
2405 4579 2591 4636 Crucis
2614 4583 2664 4634 in
2685 4577 2793 4634 ter.
2820 4582 3013 4649 legitur
3033 4589 3297 4636 sententia
3318 4583 3462 4638 hinc:

3079 4690 3094 4705 .
3133 4653 3472 4720 commiseris,

2273 4757 2286 4770 .
2341 4721 2521 4799 fueris,
2571 4720 2692 4774 dum
2730 4757 2752 4772 ς
2793 4759 2808 4773 .
2859 4762 2872 4773 .
2915 4723 3114 4789 recipi,
3164 4723 3473 4778 innocentia:

1961 4864 1998 4927 αἱ
2025 4853 2194 4927 Codd.
2227 4853 2296 4909 90
2325 4857 2381 4910 S.
2413 4857 2596 4911 Crucis
2705 4857 2816 4912 ler.
2839 4869 2894 4912 et
2912 4859 3042 4927 Reg.
3085 4858 3205 4912 Vat.
3237 4860 3324 4924 85,
3347 4879 3471 4915 sus-

1889 4926 2024 4991 cepit
2050 4925 2290 4992 Itospitio,
2335 4934 2389 4977 ut
2429 4927 2576 4995 ﬁeret
2592 4927 2790 4997 justior
2815 4945 2833 4980 :
2866 4945 2958 4981 nos
3000 4925 3132 4998 ’φιλία
3174 4939 3468 4998 peccatores

1891 5009 2066 5046 sumus
2072 5033 2084 5046 .

1962 5062 2158 5136 "_ldem
2179 5062 2298 5116 cod.
2332 5061 2402 5116 90
2423 5061 2482 5116 8.
2509 5062 2695 5118 Crucis
2722 5064 2776 5118 in
2797 5064 2930 5128 εει,
2951 5067 3033 5132 qui
3051 5077 3215 5136 usque
3243 5067 3392 5131 adeo,
3416 5078 3470 5120 ut

1888 5132 2022 5196 dixi,
2056 5142 2254 5196 contra,
2283 5141 2388 5186 etc.

1964 5210 1986 5272 _°
2018 5199 2159 5272 idem
2181 5200 2305 5272 cod.
2331 5201 2388 5254 S.
2411 5199 2596 5256 Crucis
2623 5202 2675 5255 in
2696 5199 2828 5265 Jer.,
2857 5213 3008 5272 atque
3033 5203 3146 5256 ideo
3158 5202 3333 5268 beata,
3361 5213 3466 5260 etc.

1895 5267 2111 5336 soboles,
2141 5268 2516 5340 cujus'partutu
2557 5288 2660 5326 non
2687 5273 2905 5342 gemitus
2923 5267 3023 5326 sed
3051 5273 3260 5343 gaudia,
3293 5267 3394 5327 etc.

276 5461 296 5540 ξ
326 5458 456 5540 εἰπε
483 5460 822 5540 intelligenda
852 5472 1065 5540 sunt‘eo
1094 5465 1283 5532 spiritu
1303 5481 1410 5533 quo
1431 5465 1687 5520 Dominus
1708 5467 1788 5540 die
1820 5471 2012 5540 Beata
2041 5466 2400 5540 mundantur;
2433 5477 2492 5523 ut
2518 5470 2585 5523 de
2615 5469 2865 5524 Cornelio
2898 5469 3092 5536 legitur
3116 5470 3232 5525 Act.
3265 5485 3382 5540 cap.
3411 5489 3465 5526 χ.

211 5529 287 5582 xit
326 5527 455 5583 Luc.
488 5544 610 5598 cap.
645 5527 695 5586 si
727 5549 738 5582 :
771 5530 903 5585 Date
940 5527 1336 5600 eleemosynam,
1376 5544 1424 5587 et
1452 5552 1567 5588 ecce
1611 5537 1779 5589 omnia

211 5597 402 5669 munda
428 5609 550 5652 sunt
579 5601 734 5654 vobis.
767 5599 1116 5669 Eleelnosyna
1147 5603 1288 5654 enim
1317 5605 1449 5656 tanti
1481 5613 1561 5657 cst
1586 5605 1779 5666 meriti,

214 5679 267 5719 ut
288 5667 539 5735 disponat
566 5669 632 5722 ad
654 5667 1040 5725 contritionem
1068 5679 1122 5724 et
1144 5670 1209 5724 ad
1232 5671 1406 5737 ﬁdem,
1439 5675 1631 5741 quibus
1659 5690 1782 5741 pec-

558 5546 610 5598 p.
645 5548 695 5606 si
727 5549 738 5582 :
767 5530 903 5606 gate
940 5530 1336 5606 eleemosynam,
1376 5544 1424 5587 et
1442 5552 1567 5606 ecce
1611 5537 1788 5589 omnia
1894 5535 2242 5604 llospitalitas
2287 5551 2434 5603 ergo,
2482 5554 2602 5592 cum
2643 5546 2796 5590 actus
2844 5540 2911 5590 sit
2951 5530 3162 5591 Eximim
3205 5530 3462 5606 caritatis

1892 5606 2410 5726 pneparatlanimant
2441 5616 2497 5660 ut
2520 5607 2779 5675 justitiam
2812 5623 2909 5674 pro
2933 5608 3282 5664 retributione
3303 5623 3332 5663 a
3351 5609 3466 5666 De.

1892 5688 2157 5726 consequa
2188 5689 2264 5726 ur.

1889 5688 2264 5740 consequatur.
