3896 6250
473 249 576 302 7‘17

479 359 662 412 debuit
691 370 808 426 quae
840 357 949 412 Deo
1002 362 1220 410 auctore
1252 362 1274 389 ⁸
1303 354 1556 424 suscepit.
1592 352 1735 409 Talis
1788 367 1919 422 ergo
1955 361 2042 412 est
2069 357 2118 416 Δ
2141 354 2264 410 dico
2287 352 2431 422 quod
2451 361 2506 407 et
2533 352 2694 408 modo
2721 353 2881 409 etiam
2911 352 2978 407 ad
3000 369 3102 408 nos
3130 353 3190 407 in
3215 351 3593 407 saceniotibus
3627 360 3737 410 suis
3846 351 3847 408 ἶ

477 446 502 484 δ
528 447 860 516 hospitalitas
882 447 1056 512 beata,
1088 452 1146 498 ut
1170 444 1404 499 ketitiam
1429 458 1640 513 semper
1675 443 1785 498 suis
1811 433 2044 499 dimittat

477 534 792 603 hospitibus.
840 533 972 587 Sara
1011 532 1170 599 ridet,
1199 532 1324 602 quia
1362 531 1644 587 sterilitate
1689 531 1894 597 caruit;
1939 542 2042 598 ego

474 624 623 678 rideo
644 622 766 692 quia
793 630 1010 692 peccata
1028 621 1261 691 depono.
1283 621 1375 676 Illa
1393 622 1634 692 corporis
1660 621 1792 676 vitio
1815 621 2040 676 liberata

472 720 576 779 est,
615 725 717 780 ego
747 723 769 750 ε
794 713 936 766 enim
963 711 1178 780 flagitiis
1203 711 1419 766 ablutus
1444 726 1583 766 sum.
1627 710 1720 764 illa
1745 709 2042 779 gratulatur

471 817 532 857 se
558 816 656 871 per
681 801 1103 871 hospitalitatem
1129 800 1278 856 Isaac
1297 800 1464 855 illium
1488 800 1807 872 suscepisse,
1830 814 1929 869 ego
1950 798 2041 852 lze—

473 901 558 948 tor
584 890 963 959 indulgentiam
1001 906 1089 948 me
1115 907 1240 948 cum
1275 890 1483 962 justitia
1521 900 1890 948 consecutum.
1931 888 2040 946 Sed

471 981 612 1036 dicet
639 981 832 1050 aliquis
859 980 1132 1036 fortasse:
1178 981 1238 1036 in
1277 983 1384 1038 illis
1426 982 1927 1052 supervenientibus
1973 980 2042 1036 ad

474 1067 740 1123 Abraham
784 1069 932 1138 viris,
974 1071 1222 1126 veniebat
1266 1070 1432 1126 etiam
1456 1071 1735 1141 Dominus,
1755 1069 1898 1141 quod
1923 1073 2044 1140 qui-

471 1155 591 1212 dem
623 1172 808 1213 verum
853 1167 972 1224 est;
1003 1159 1080 1214 sic
1107 1159 1249 1214 enim
1286 1159 1562 1230 Scriptura
1591 1159 1773 1217 refert.
1805 1159 1912 1216 Sed
1939 1174 2042 1228 ego

1662 244 1716 300 S.
1758 241 1999 299 MAXIM!
2036 242 2482 302 TAURINENSIS

3631 244 3740 303 7%

2144 445 2386 500 Christus
2414 443 2678 499 adveniat.
2708 441 2980 498 Imitemur
3024 445 3214 512 igitur,
3256 443 3480 507 fratr-es,
3506 444 3534 480 ⁴
3566 445 3734 498 Abra-

2147 534 2272 590 ham
2305 551 2319 587 :
2349 533 2445 590 sed
2471 532 2599 602 quid
2626 532 2893 587 Abraham
2933 532 3091 587 dico?
3129 532 3422 587 Imitemur
3449 532 3619 587 De
3639 550 3735 602 pa-

2145 630 2283 678 trem
2326 630 2605 688 nostrum;
2639 633 2664 662 υ
2693 623 2776 677 bis
2802 623 2944 677 enim
2987 621 3330 678 diversam
3357 625 3606 691 gentium
3629 624 3732 678 ho-

2145 713 2316 768 mines
2362 711 2502 766 Deus
2546 724 2654 766 uno
2697 710 2818 765 caeli
2861 709 3095 780 bospin
3121 703 3376 766 habitare
3416 713 3611 777 voluit,
3640 729 3735 767 cur

2145 815 2251 858 non
2281 815 2401 869 nos,
2427 801 2518 869 qui
2562 813 2748 854 sumus
2773 799 2985 868 fratres,
3015 800 3297 856 nobme
3347 816 3461 855 uno
3487 802 3728 871 hospitio

2144 887 2575 944 commoremur?
2596 885 2710 943 Etsi
2737 895 2978 943 nostram
3003 887 3320 944 distantiam
3347 887 3444 943 ille
3462 890 3653 942 eadem
3679 891 3732 941 in

2146 977 2328 1034 mundi
2369 976 2531 1033 domo
2560 977 2841 1032 continere
2883 977 3089 1044 maluit,
3118 993 3217 1033 cur
3243 993 3358 1032 non
3404 979 3730 1032 unanimis:

2147 1074 2329 1123 nostra
2356 1073 2542 1123 sancta
2571 1065 3032 1123 tabernaculorum
3057 1065 3076 1105 ί
3100 1066 3216 1123 ωάο
3240 1069 3531 1124 teneatur?
3551 1066 3726 1136 Expli-

2148 1157 2240 1213 cit.

1811 1263 2080 1329 SERMO
2122 1261 2371 1323 XCVII.

473 1360 664 1432 Incipit
697 1362 759 1417 de
784 1379 844 1419 eo
870 1363 1003 1432 quod
1030 1364 1277 1433 scriptum
1303 1371 1377 1419 est
1407 1380 1424 1417 :
1456 1364 1602 1419 Sicut
1630 1363 1748 1418 tuba
1775 1363 1950 1418 extrita
1978 1377 2148 1417 vocem
2173 1369 2334 1483 tiliam,
2364 1369 2413 1414 et
2439 1361 2694 1413 annuntio
2731 1362 2920 1431 populo
2949 1375 3059 1415 meo
3080 1370 3298 1430 peccata
3335 1378 3534 1416 em.
3575 1362 3729 1418 Isaia

1949 1448 2064 1483 can.
2095 1446 2198 1483 LVII
2225 1468 2241 1483 .

1949 1448 2064 1501 cap.
2095 1446 2241 1484 LVIII.

2159 1518 2290 1575 TIO.

2159 1519 2200 1572 Τ
2275 1559 2290 1575 .

539 1610 704 1683 Apud
719 1612 936 1683 eosdem
956 1611 1273 1683 Martenium
1292 1622 1357 1683 et
1386 1612 1711 1678 Durandum,
1744 1613 1864 1668 loco
1898 1519 2538 1681 admonit.
2569 1607 2824 1678 indicato,
2855 1609 2942 1667 hic
2966 1624 3180 1680 quoque
3208 1626 3395 1668 sermo
3423 1621 3480 1668 et
3505 1613 3599 1683 qui
3639 1629 3724 1669 se-

466 1683 648 1749 quitur
671 1681 729 1736 S.
760 1680 991 1736 Maximo
1019 1681 1258 1751 inscripti
1289 1682 1555 1751 leguntur.

649 1764 1040 1850 buccinarum
1069 1817 1141 1829 —
1178 1787 1528 1858 sacerdotalis
1572 1787 1718 1858 tuba
1744 1795 2033 1858 peccatores
2065 1794 2110 1854 Β

553 1851 773 1929 ὗοῖηιὶιίαε
791 1867 840 1929 et
857 1859 1029 1929 justas
1052 1855 1370 1912 corroborat.
1403 1851 1763 1929 Murilericlto
1792 1856 2035 1929 sacerdo-

538 1928 715 1980 talistm
743 1933 778 1978 ti
800 1925 1134 1995 barumsono
1156 1934 1476 1978 corruerunt.
1509 1925 1610 1995 ita:
1630 1925 1812 1994 ﬁgam
1830 1927 2036 1995 {uerunt

531 1996 954 2065 pradicatiomtns
974 1994 1126 2065 hujus
1149 1995 1387 2064 temporis
1413 1992 1754 2050 sacerdotum.

535 2146 674 2202 Ante
701 2143 843 2201 diem
871 2144 1141 2216 prosecuti
1161 2159 1347 2201 sumus
1374 2145 1746 2202 necessitatem
1773 2144 1927 2200 nobis
1953 2144 2039 2200 in-

462 2236 717 2294 cumbere
737 2251 845 2292 non
873 2234 1111 2303 tacendi,
1148 2242 1206 2290 et
1227 2248 1298 2290 ne
1316 2233 1479 2290 alieni
1508 2234 1877 2305 periclitentur
1897 2234 2041 2306 peri-

462 2325 606 2390 culo,
623 2325 1022 2381 observavimus
1042 2324 1239 2380 debere
1258 2337 1357 2379 nos
1377 2322 1444 2378 ad
1458 2323 1782 2392 peccandum
1795 2321 1885 2395 [F.
1898 2337 2039 2393 pra:-

462 2411 768 2486 dicandum]
793 2413 1032 2470 clamore
1051 2427 1397 2481 consurgere.
1421 2411 1775 2468 Ciamandum
1794 2420 1877 2468 est
1895 2412 2040 2468 enim

462 2505 618 2560 nobis
638 2503 693 2558 in
713 2502 973 2571 Ecclesia,
987 2517 1057 2560 ne
1079 2503 1372 2560 clamemus
1381 2503 1436 2560 in
1445 2501 1728 2572 ptena.Sic
1745 2504 1890 2558 enim
1913 2502 2042 2558 dicit

462 2591 824 2664 Dominuspe:
849 2591 1167 2664 prophetam
1195 2609 1210 2646 :
1251 2591 1324 2648 Et
1349 2590 1585 2659 exclama
1607 2591 1946 2658 vehentem",
1978 2608 2042 2646 ne

460 2700 670 2754 parcas,
684 2683 819 2740 sicut
837 2682 958 2738 tuba
977 2682 1153 2738 exalia
1167 2699 1338 2738 vocem
1353 2690 1516 2750 tatam,
1531 2691 1582 2737 et
1595 2683 1844 2735 annuntio
1853 2682 2042 2752 populo

460 2787 569 2825 nico
596 2779 808 2842 peccata
834 2787 1008 2825 eorum
1038 2769 1200 2841 (Isai.
1231 2769 1401 2841 mut).
1432 2768 1679 2826 Clamare
1728 2782 1858 2839 ergo
1880 2769 2040 2839 jube-

459 2874 601 2928 mur,
612 2868 668 2917 et
685 2859 1032 2916 vehementer
1049 2861 1300 2927 clamare,
1318 2874 1420 2916 nec
1431 2859 1554 2916 voci
1569 2873 1812 2931 parcere,
1834 2874 1903 2915 ne
1921 2873 2044 2929 per-

461 2965 651 3007 eamus
670 2951 830 3008 saluti
849 2970 863 3006 :
881 2951 959 3007 Ne
976 2966 1186 3023 pareas,
1207 2952 1397 3021 inquit,
1410 2951 1514 3006 hoc
1532 2949 1927 3020 estpeccatoris
1942 2949 2043 3004 ini-

461 3041 720 3112 quitatem
741 3054 840 3096 nec
862 3040 1092 3097 tacendo
1117 3048 1422 3111 praetereas,
1450 3054 1521 3095 ne
1549 3038 1677 3094 dum
1703 3037 2043 3096 verecundiae

461 3130 578 3198 ejus
597 3129 852 3195 consulis,
883 3145 991 3185 non
1020 3128 1268 3185 consulas
1296 3129 1533 3183 sanitati.
1567 3127 1797 3183 Vulnera
1816 3127 1961 3183 enim
1982 3128 2045 3183 il-

463 3218 584 3283 lius,
608 3233 730 3287 quas
774 3217 1055 3272 clamando
1100 3232 1347 3273 resecare
1376 3216 1660 3282 debueras,
1682 3217 1736 3271 in
1763 3218 1933 3289 pejus,
1958 3225 2041 3272 ta-

461 3307 659 3374 cendo,
691 3308 926 3363 nutristi.
955 3306 1204 3370 Clamare
1247 3319 1378 3374 ergo
1422 3305 1700 3376 iubemur,
1729 3315 1785 3362 et
1811 3323 1880 3363 ne
1922 3308 2043 3376 quis

461 3413 521 3454 se
550 3414 656 3454 non
685 3397 897 3454 audisse
916 3399 1078 3465 dicat,
1110 3406 1203 3453 aut
1229 3412 1549 3468 quemquam
1587 3413 1694 3453 vox
1714 3398 1909 3468 lateat,
1947 3413 2037 3453 sa-

373 3490 378 3495 ’
460 3485 709 3542 ccrdotes
733 3487 1084 3542 vehementer
1125 3485 1359 3542 clamare
1405 3486 1815 3556 praecipiuntur;
1844 3502 1929 3551 ac,
1969 3502 2040 3542 ne

465 3577 570 3632 hoc
599 3577 819 3632 minime
846 3577 1074 3632 fortasse
1101 3574 1387 3640 sufﬁceret,
1415 3575 1638 3643 addidit,
1654 3577 1838 3633 dicens
1870 3595 1883 3631 :
1909 3580 2040 3632 sicut

462 3667 581 3722 tuba
608 3668 782 3723 exalia
807 3684 976 3723 vocem
1002 3676 1144 3721 tuam
1165 3666 1317 3736 (Isai.
1351 3667 1516 3738 LVIII).
1538 3666 1745 3724 Scimus
1766 3669 1888 3737 quia
1911 3668 2038 3724 tuba

464 3776 574 3814 non
605 3767 713 3814 tam
735 3767 893 3816 sonet
913 3758 1116 3814 anditui
1143 3773 1302 3828 quam
1333 3759 1560 3826 terrori,
1587 3774 1688 3814 nec
1722 3769 1830 3814 tam
1857 3759 2036 3816 delec-

461 3851 721 3904 tationem
732 3848 941 3905 deferre
955 3864 1114 3918 quam
1135 3848 1331 3903 inferre
1357 3849 1713 3905 formidinem.
1727 3849 1875 3905 Tuba
1896 3851 2036 3906 enim

463 3936 838 4006 peccatoribus
881 3937 1183 3992 necessaria
1228 3945 1331 4002 est,
1378 3951 1498 4007 quae
1542 3953 1649 3992 non
1676 3939 1848 3994 solum
1881 3954 2039 3995 aures

463 4040 652 4081 eorum
705 4032 972 4096 penetret,
1003 4025 1097 4080 sed
1124 4033 1180 4082 et
1228 4026 1390 4081 corda
1417 4027 1724 4094 concutiat,
1764 4042 1880 4097 qua:
1929 4043 2036 4084 non

464 4117 702 4173 delectet
723 4125 903 4185 cantu,
935 4116 1033 4173 sed
1058 4119 1283 4188 castiget
1309 4119 1522 4186 auditu;
1551 4129 1799 4176 strenuos
1824 4136 2037 4191 quoque

465 4205 714 4261 hortetur
739 4203 809 4259 ad
832 4205 1129 4275 justitiam,
1156 4207 1377 4276 ignavos
1413 4207 1683 4264 deterreat
1728 4223 1759 4262 a
1803 4209 2035 4268 delictis.

462 4293 598 4349 Nam
626 4295 766 4350 sicut
787 4295 842 4351 in
865 4296 1050 4366 przelio
1075 4296 1259 4352 militis
1285 4306 1521 4354 mentem
1548 4296 1880 4355 formidolosi
1904 4300 2036 4370 deji-

460 4384 557 4450 cit,
587 4384 826 4441 animum
849 4385 951 4440 viri
992 4385 1148 4443 fortis
1184 4387 1464 4443 accendit:
1495 4386 1569 4442 ita
1597 4396 1653 4443 et
1688 4389 2038 4446 sacerdotalis

460 4473 590 4529 tuba
616 4481 851 4531 mentem
890 4477 1190 4546 peccatoris
1214 4477 1490 4544 humiliat,
1517 4479 1681 4551 650
1716 4479 1815 4535 viri
1864 4480 2035 4534 sancti

457 4565 695 4620 animam
737 4565 1072 4633 corroborat,
1117 4575 1175 4623 et
1211 4583 1320 4624 uno
1367 4578 1529 4638 angue
1556 4570 1747 4625 eodem
1785 4585 1920 4625 sono
1948 4569 2036 4624 isti

462 4655 894 4711 exhortationem
922 4655 1106 4712 indicit
1143 4658 1589 4726 quemadmodum
1618 4658 1688 4715 sit
1729 4658 1922 4715 fortior
1967 4658 2036 4713 ad

2138 1785 2394 1841 unitatem
2423 1804 2435 1840 ι
2459 1785 2534 1840 illi
2557 1792 2753 1841 metum
2775 1785 2979 1850 incutit,
3003 1786 3456 1856 quemadmodum
3484 1790 3556 1844 sit
3585 1791 3726 1847 timi-

2140 1875 2261 1930 dior
2286 1874 2355 1928 ad
2383 1883 2681 1945 peceatum.
2723 1873 2849 1930 Habe
2890 1875 3032 1930 enim
3076 1885 3265 1931 natura
3325 1878 3473 1932 tuba:
3520 1888 3640 1946 est,
3670 1893 3726 1935 ut

2140 1963 2382 2018 destruat
2408 1963 2827 2033 delinquentium
2866 1979 3056 2034 opera,
3108 1965 3298 2020 horum
3349 1966 3496 2022 facta
3524 1969 3728 2024 contir-

2139 2061 2270 2108 met.
2317 2053 2557 2123 Denique
2603 2052 2983 2109 Jerichomuri
3008 2068 3105 2123 per
3145 2054 3520 2112 sacerdotaies
3547 2057 3724 2123 tubas,

2142 2144 2269 2215 quia
2291 2144 2429 2198 intra
2455 2158 2515 2201 se
2543 2143 2890 2199 continebant
2914 2150 3254 2213 peccatorem
3281 2145 3542 2217 populum
3559 2187 3578 2214 ,
3606 2162 3725 2202 cor-

2139 2242 2380 2289 ruerunt.
2403 2233 2522 2290 Non
2550 2233 2670 2290 illos
2690 2233 2919 2304 pulsavit
2944 2235 3102 2301 aries,
3126 2250 3234 2290 non
3257 2237 3589 2305 expugnavit
3616 2253 3725 2292 nsa-

2139 2324 2327 2391 china;
2357 2323 2453 2380 sed
2479 2323 2625 2393 quod
2648 2323 2840 2380 mirum
2883 2332 2989 2391 est,
3030 2324 3385 2380 sacerdotalis
3405 2327 3574 2380 timor
3602 2325 3725 2381 soni

2138 2414 2418 2470 subvertit.
2451 2412 2588 2468 Muri
2630 2414 2721 2482 qui
2748 2412 3002 2469 adversus
3028 2413 3230 2468 ferrum
3282 2414 3726 2484 inexpugnabiles

2139 2511 2422 2567 steterant,
2464 2517 2616 2558 sacra
2661 2502 2907 2558 tubarum
2958 2516 3094 2558 voce
3129 2503 3352 2573 eoliapsi
3396 2513 3547 2562 sunt.
3598 2505 3726 2573 Quis

2140 2593 2283 2649 enim
2311 2608 2420 2648 non
2460 2601 2677 2662 stupeat
2705 2592 2761 2646 in
2805 2591 2900 2646 illo
2943 2591 3088 2647 laeto
3110 2592 3505 2664 saxa~dirupta,
3537 2594 3725 2649 funda-

2139 2691 2320 2738 menta
2345 2683 2597 2750 clangore
2611 2696 2731 2737 esse
2743 2687 3015 2751 quassata,
3027 2689 3084 2737 et
3103 2682 3176 2736 ita
3196 2682 3447 2738 universa
3462 2684 3724 2754 collapsa,

2139 2782 2200 2830 ut
2226 2789 2349 2831 cum
2377 2773 2609 2829 victores
2629 2771 2762 2827 nihil
2787 2786 2977 2828 manus
2998 2771 3270 2839 laederent,
3301 2773 3442 2843 apud
3472 2774 3726 2828 adversa-

2142 2866 2281 2920 rium
2302 2864 2436 2919 nihil
2461 2871 2643 2920 tamen
2665 2863 2855 2919 stabile
2881 2871 3221 2930 remaneret;
3251 2862 3346 2918 sed
3388 2864 3642 2933 quamvis
3668 2864 3727 2918 il-

2145 2958 2226 3012 los
2277 2971 2460 3012 muros
2503 2970 2664 3012 nemo
2689 2956 3059 3024 contingeret,
3088 2963 3461 3024 expugnantur
3489 2963 3677 3010 tamen
3708 2973 3721 3008 :

2142 3046 2442 3102 forinsecus
2484 3044 2665 3101 sonitu
2712 3043 2982 3113 iustorum
3004 3084 3020 3110 ,
3071 3044 3366 3098 forinsecus
3408 3043 3722 3098 habitacula

2147 3143 2487 3204 peccatorum
2514 3142 2796 3204 propterea
2823 3139 3118 3198 cesserunt.
3149 3132 3289 3202 Ergo
3311 3132 3502 3186 istisne
3547 3132 3727 3186 obsis-

2145 3224 2356 3279 terent?
2383 3223 2572 3278 illosne
2599 3223 2652 3277 in
2669 3222 2849 3291 aliquo
2868 3221 3183 3276 tuerentur?
3202 3219 3546 3290 Aperuerunt
3566 3220 3728 3290 jnstis

2137 3312 2248 3382 jam
2278 3311 2659 3376 defensionem,
2677 3309 2892 3383 perfidis
2920 3310 3269 3378 denegatum.
3296 3308 3480 3377 Igitur,
3509 3309 3723 3374 fratres,

2142 3401 2490 3459 sacerdotalis
2511 3401 2660 3456 vocis
2686 3414 2850 3455 sonus
2876 3399 2986 3467 iam
3034 3398 3126 3454 illo
3154 3398 3206 3452 in
3238 3405 3486 3467 tempore
3514 3407 3724 3452 tantum

2141 3493 2334 3566 potuit,
2362 3507 2471 3562 quo
2525 3493 2581 3547 in
2629 3506 2758 3546 vera
2809 3497 2984 3546 status
3029 3487 3343 3544 confusione
3379 3489 3567 3543 nescio
3592 3488 3724 3558 quid

2140 3582 2480 3655 personavit;
2501 3587 2758 3650 quantum
2780 3592 2920 3634 nunc
2937 3576 3326 3634 sacerdotalem
3349 3576 3526 3645 ipsam
3551 3577 3724 3631 vivam

2143 3687 2330 3728 vocem
2362 3686 2519 3742 posse
2546 3668 2829 3731 credimus,
2860 3681 2979 3735 qua:
3007 3667 3134 3721 dum
3154 3664 3424 3721 Christum
3445 3665 3620 3721 verbo
3649 3665 3726 3721 io-

2139 3763 2343 3831 quitur,
2372 3758 2710 3830 magnilicum
2739 3755 2940 3825 aliquid
2968 3763 3184 3828 prastat
3211 3754 3326 3810 vice
3355 3753 3575 3811 Domini
3607 3754 3724 3810 Sai—

2142 3854 2342 3909 vatoris
2368 3852 2611 3923 imperio,
2643 3865 2764 3907 cum
2791 3851 2914 3906 teris
2945 3864 3078 3906 sono
3107 3849 3267 3904 etiam
3303 3848 3577 3903 elementa
3603 3862 3722 3902 ces-

2138 3951 2345 4011 serunt,
2368 3951 2462 3996 aut
2488 3939 2938 4012 quemadmodum
2955 3938 3227 3994 sensibilia
3247 3937 3515 3992 obsistere
3534 3945 3724 4006 potuc-

2139 4041 2283 4098 runt,
2313 4047 2436 4087 cum
2464 4039 2727 4086 terrorem
2757 4043 2968 4084 sacrum
2995 4027 3137 4083 ferre
3182 4025 3345 4080 etiam
3392 4015 3721 4080 insensibili:

2136 4122 2519 4194 nequiverunt!
2548 4120 2827 4176 Credimus
2852 4119 2994 4174 enim
3030 4116 3368 4173 sacerdotum
3397 4115 3561 4171 dictis
3581 4115 3714 4171 facio

2137 4216 2242 4272 lius
2280 4214 2476 4270 molliri
2514 4227 2675 4284 posse
2714 4209 2878 4267 corda
2922 4223 3084 4278 quam
3126 4222 3274 4273 saxa,
3304 4215 3362 4262 et
3400 4207 3564 4262 citius
3588 4206 3720 4262 solvi

2136 4319 2299 4377 posse
2344 4311 2568 4376 peccata
2612 4317 2775 4375 quam
2819 4305 3077 4356 «amenta
3121 4306 3249 4354 sunt
3293 4296 3558 4352 resoluta.
3604 4296 3720 4352 Vox

2137 4397 2280 4453 enim
2317 4395 2536 4465 spiritus
2580 4389 2953 4448 convenientis
2991 4387 3198 4462 facilius
3243 4385 3433 4443 delicti
3489 4385 3716 4441 desuuit

2136 4487 2419 4553 maculam,
2448 4500 2609 4556 quam
2636 4483 2912 4540 materisle
2949 4480 3067 4538 saxi
3109 4480 3270 4538 solvit
3304 4478 3715 4536 munimentum.

2141 4576 2395 4648 Explicit.

1789 4752 2058 4815 SERMO
2102 4750 2380 4813 XCVIII.

1871 4851 2004 4907 Item
2025 4852 2306 4924 sequentia.

531 4965 807 5036 Superiori
833 4966 1100 5024 dominica
1122 4966 1390 5038 prosecuti
1407 4981 1589 5022 sumus
1613 4964 1826 5021 Iericho
1851 4980 2034 5021 muros
2063 4973 2114 5034 υ
2136 4972 2298 5034 atque
2326 4972 2589 5028 naturam,
2622 4975 2735 5017 rem
2763 4958 3122 5016 insensibilem
3147 4959 3314 5016 sacr'n
3340 4959 3568 5016 voeibm
3581 4971 3713 5027 quo-

462 5055 604 5115 tubis
641 5055 1064 5114 sacerdotalibus
1108 5065 1462 5130 expugnatos,
1491 5063 1547 5111 et
1572 5063 1759 5110 contra
1789 5054 2030 5112 ordinem

535 5248 574 5318 υ,
588 5235 733 5318 Idem
763 5234 882 5292 cod.
915 5233 984 5290 90
1010 5232 1068 5290 S.
1099 5233 1285 5288 Crucis
1315 5233 1367 5287 in
1393 5231 1526 5296 Jer.,
1557 5232 1784 5300 concepit
1805 5245 1901 5300 pro
1923 5247 2036 5285 sus-

464 5316 732 5429 ⁶⁸¹ἰ²ῗειθιη
761 5373 880 5430 cod.
924 5372 983 5430 S.
1011 5372 1208 5428 Crucis'
1232 5372 1287 5426 in
1326 5368 1460 5437 Jer.,
1506 5370 1829 5438 hospitalitas
1860 5369 2034 5424 beato-

463 5453 735 5566 Μῗιίἕέιῗ
776 5513 894 5571 cod.
928 5511 985 5567 S.
1015 5510 1201 5566 Crucis
1230 5511 1285 5564 in
1312 5507 1422 5562 Jer.
1455 5523 1554 5569 pro
1582 5507 1719 5559 enim
1761 5508 1889 5570 legit
1917 5509 2033 5560 ani-

462 5601 578 5637 mis.
613 5583 741 5638 Cod.
770 5582 896 5650 Reg.
931 5582 1050 5636 Vat.
1083 5579 1170 5646 85,
1191 5597 1283 5650 ego
1310 5578 1496 5631 anima:
1529 5577 1740 5644 flagitiis
1772 5575 2052 5631 absolutus-

2136 5054 2259 5109 dam
2289 5051 2723 5110 comminationis
2760 5059 2968 5107 terrore
2992 5050 3243 5119 cessisse;
3264 5060 3320 5106 et
3347 5051 3421 5106 ita
3469 5049 3712 5120 increpa-

2145 5247 2403 5353 suridem
2429 5298 2546 5353 cod.
2580 5296 2648 5351 9t)
2686 5297 2743 5352 8.
2775 5296 2960 5352 Crucis
2993 5296 3045 5350 in
3073 5293 3166 5349 Jer
3191 5334 3207 5360 ,
3231 5294 3497 5349 Abraham
3523 5302 3714 5364 patre-

2141 5379 2393 5433 nostrum,
2424 5370 2534 5432 sed,
2566 5376 2675 5422 etc.

2213 5448 2237 5475 ο
2268 5439 2341 5492 id.
2374 5439 2496 5493 cod.
2543 5437 2600 5490 S.
2642 5435 2831 5491 Crucis
2870 5435 2923 5490 in
2959 5434 3089 5502 Jer.,
3121 5434 3169 5490 si
3205 5435 3344 5489 enim
3379 5433 3714 5500 diuersarum.

2143 5517 2395 5631 etcietur.
2438 5576 2567 5645 Reg.
2597 5577 2711 5630 Vat.
2744 5574 2837 5640 83,
2867 5571 3009 5629 sedc.
