3896 6250
511 328 608 383 τιδι

1715 319 1772 373 5.
1814 317 2054 372 MAXIM!
2090 313 2535 370 TAURINENSIS

3708 300 3818 360 τε

514 448 643 492 tem.
674 432 781 490 Sed
805 451 876 490 ne
899 435 1096 489 mirum
1116 432 1187 487 sit
1207 430 1351 499 quod
1389 432 1444 484 in
1470 428 1686 485 homine
1712 426 1973 483 deformia
1999 442 2086 482 ca-
2109 429 2157 489 Δ
2185 426 2326 480 mole
2345 425 2413 480 ad
2438 439 2728 494 supernam
2762 422 2905 478 illius
2925 421 3180 492 puritatis
3209 419 3594 474 substantiam
3629 430 3812 471 trans

515 527 640 580 meli
688 524 927 580 membra
948 522 1353 590 descripserim;
1385 521 1438 574 in
1467 520 1684 575 homine
1730 519 1872 573 enim
1900 516 2090 574 cameli

515 616 832 672 deformitas
875 622 977 680 est,
1026 627 1134 666 non
1159 611 1402 680 corporis
1429 610 1696 674 fmditate,
1740 607 1839 663 sed
1866 608 2088 670 mentis;

520 723 622 762 nec
650 706 873 758 habitus.
905 703 1136 772 pigritia,
1167 702 1270 757 sed
1309 702 1488 758 cordis
1527 701 1755 769 ignavia.
1786 698 1916 753 Nam
1952 697 2090 752 sicut

516 795 754 850 camelus
779 795 1004 848 vitiosus
1028 801 1113 846 est
1132 791 1493 860 inaequalitate
1515 790 1878 844 menibrorum
1897 827 1914 852 ,
1941 787 2013 840 ita
2034 792 2092 841 et

516 886 684 940 homo
709 884 964 940 deformis
991 892 1075 938 est
1101 884 1393 952 asperitate
1416 889 1783 951 peccatorum.
1808 878 1924 932 Hoc
1949 877 2090 930 enim

515 974 780 1042 signiﬁcat
806 973 1064 1028 Dominus
1090 971 1322 1030 dicendo
1345 988 1359 1023 :
1394 970 1630 1024 Facilius
1649 977 1726 1023 est
1754 969 1976 1022 transire
2001 981 2088 1018 aa-

513 1067 705 1122 ntelmn
732 1083 822 1135 per
865 1068 1098 1136 foramen
1144 1079 1290 1128 acus,
1314 1080 1468 1134 quam
1489 1063 1693 1116 divitem
1719 1063 1916 1114 intrare
1939 1060 1992 1113 in
2019 1075 2100 1111 re-

518 1171 678 1226 gnum
716 1155 975 1208 calorum.
1023 1153 1138 1207 Hoc
1163 1160 1278 1216 est,
1309 1151 1527 1206 difficile
1574 1159 1659 1205 est
1699 1149 1973 1220 peccaturi
1999 1162 2098 1217 per

515 1244 666 1297 illam
689 1242 908 1296 arduam
930 1253 984 1296 et
1007 1250 1286 1309 angustam
1310 1241 1432 1296 vita:
1451 1241 1687 1296 caelestis
1705 1240 1870 1303 viam,
1894 1252 2093 1307 exspo-

525 1333 650 1386 liata
700 1339 762 1388 et
809 1339 1086 1386 attenuata
1126 1331 1443 1387 delictorum
1497 1329 1784 1398 pravitate,
1839 1326 2086 1380 transire.

529 1425 691 1478 Valde
718 1425 861 1477 enim
889 1420 1021 1493 opus
1042 1423 1141 1478 erit
1163 1422 1446 1489 castigare,
1461 1429 1514 1474 et
1542 1421 1594 1473 in
1615 1418 1994 1474 sublimitatem
2012 1429 2093 1469 re-.

523 1514 704 1584 digere
720 1527 896 1569 mores
915 1528 1061 1580 suos,
1078 1528 1199 1568 cum
1216 1511 1309 1582 qui
1335 1511 1561 1567 voluerit
1573 1525 1641 1565 ex
1653 1510 1848 1564 vitiosa
1867 1514 1920 1562 et
1943 1506 2093 1576 pigra

2189 530 2398 580 meare;
2421 514 2563 583 quod
2591 514 2692 567 nisi
2717 513 2788 566 ita
2808 511 3014 578 fecerit,
3044 519 3156 565 tam
3182 519 3447 564 onustum
3479 516 3540 560 et
3572 523 3810 576 pan-un

2189 605 2386 660 auium!
2424 606 2478 659 in
2509 611 2730 672 angusta
2760 603 2966 658 cmlesti
2985 611 3144 671 porta
3173 599 3427 655 offendit.
3468 598 3814 652 laudanda

2191 711 2320 765 ergo
2345 697 2599 751 Zachaus
2644 702 2746 757 est,
2775 709 2936 763 quem
2971 693 3168 748 divitiae
3197 706 3312 745 sua:
3337 706 3371 744 a
3416 691 3592 759 regio
3621 689 3812 741 limine

2191 784 2446 854 expedire
2471 783 2690 837 minime
2710 788 3021 852 potuerunt.
3042 780 3155 835 [mo
3184 779 3499 836 laudandus
3516 787 3637 840 est,
3665 777 3813 845 quod

2190 889 2314 928 eum
2334 871 2401 930 ad
2427 872 2577 940 regni
2599 872 2759 927 limen
2780 863 2980 925 divitiae
2998 870 3377 940 perduxerint.
3415 867 3583 922 Unde
3609 867 3812 921 intelli-

2191 963 2364 1032 gimus
2388 961 2456 1016 ad
2482 961 2679 1016 Christi
2717 960 3145 1029 consequendam
3177 957 3414 1027 gloriam
3463 973 3583 1011 non
3612 956 3811 1010 obesse

2195 1053 2423 1117 divitias,
2454 1052 2549 1107 sed
2584 1052 2882 1121 prodesse;
2911 1051 2956 1106 si
2984 1060 3163 1106 tamen
3193 1049 3492 1121 possidens
3522 1065 3648 1114 eas,
3701 1065 3809 1102 uana

2195 1142 2431 1200 edundat
2450 1142 2517 1197 ad
2539 1143 2830 1207 lasciviam,
2857 1143 2951 1197 sed
2974 1152 3162 1210 eroget
3183 1142 3252 1195 ad
3282 1142 3549 1195 salutem.
3584 1140 3808 1195 Ca-imea

2193 1232 2338 1286 enim
2360 1247 2465 1286 non
2495 1239 2579 1286 est
2606 1231 2659 1285 in
2685 1229 3055 1296 facultatibus;
3084 1230 3288 1283 divitia
3318 1229 3476 1284 enim
3504 1228 3809 1296 insipienti.

2194 1320 2292 1373 bus
2313 1318 2548 1372 fomenta
2564 1326 2690 1373 sunt
2703 1318 3085 1388 improbitatis,
3113 1316 3468 1387 sapientibus
3490 1316 3806 1384 adiumenta

2193 1409 2446 1474 virtutis;
2503 1410 2584 1463 his
2630 1411 2846 1468 occasio
2888 1410 3075 1464 salutis
3120 1409 3308 1476 datur,
3344 1409 3459 1463 illis
3487 1409 3805 1464 scandalum

2195 1501 2509 1574 perditionis
2536 1501 2860 1571 acquiretur.

1951 1673 2217 1737 SERMO
2259 1674 2326 1737 (Ζ.

1889 1794 2021 1849 Item
2049 1793 2113 1847 de
2132 1795 2420 1860 sequentia.

533 1936 917 1990 Ancuussruu.
959 1963 1029 1974 .-
1067 1929 1314 2000 lac/ranis
1345 1947 1445 1983 non
1474 1929 1768 2000 dimidium,
1807 1927 1896 2000 sed
1936 1931 2097 2000 totum
2129 1926 2173 1985 Β
2203 1924 2264 1978 Si
2293 1928 2364 1980 vis
2387 1929 2638 1998 perfectus
2665 1946 2793 1997 esse,
2823 1940 2982 1986 vende
3023 1932 3199 1986 omnia
3231 1941 3346 2000 tua,
3371 1945 3426 1988 et
3466 1933 3542 1988 da

600 2002 763 2068 dedit,
793 2009 944 2069 atque
962 2017 1075 2051 cum
1098 1999 1366 2066 multiplici
1386 2015 1544 2069 usuro
1571 1997 1810 2069 restituit.
1839 1993 1893 2048 Ν
1898 1996 2004 2048 abis
2052 2003 2101 2048 et

599 2065 972 2142 feneratoribus
1000 2069 1152 2138 hujus
1181 2065 1423 2137 temporis
1451 2065 1751 2120 “uitandus.

601 2199 907 2270 Superioris
919 2198 1198 2252 dominici:
1224 2204 1452 2251 tractatu
1474 2194 1635 2249 credo
1657 2193 1848 2247 divites
1866 2206 2108 2261 quosque

536 2291 705 2346 laetari
734 2298 789 2344 et
817 2287 1072 2356 gratulari
1102 2301 1196 2340 eos
1224 2286 1418 2354 quibus
1446 2284 1751 2354 patrimonii
1780 2298 1940 2338 causa
1967 2298 2106 2352 pra:-

537 2389 741 2438 clusam
770 2378 1046 2433 caelestem
1071 2374 1287 2444 januam
1336 2373 1592 2429 Zacbmus
1627 2374 1852 2442 aperuit.
1888 2372 2110 2441 Aperuit

539 2490 568 2526 c
609 2471 679 2524 im
709 2465 796 2522 ille
827 2467 1101 2520 cmlestem
1117 2463 1354 2532 januam,
1386 2463 1510 2516 dum
1534 2477 1628 2516 eos
1656 2461 1841 2515 docuit
1863 2456 1966 2514 hoc
1993 2462 2109 2530 ipso

538 2561 817 2631 pervenire
842 2557 907 2611 ad
923 2569 1164 2624 regnum,
1188 2570 1294 2624 quo
1317 2555 1600 2608 arcebatur
1628 2569 1657 2607 a
1687 2568 1872 2621 regno,
1904 2555 2112 2608 scilicet

541 2658 604 2705 ut
629 2643 923 2702 substantia
954 2660 1073 2713 qua:
1119 2644 1197 2697 eis
1234 2645 1657 2712 exprobrabatur
1694 2642 1759 2696 ad
1797 2643 2110 2712 perniciem,

541 2737 827 2808 proficeret
849 2733 917 2789 ad
955 2734 1201 2787 salutem.
1232 2732 1454 2788 Multum
1486 2747 1614 2800 ergo
1645 2732 1898 2788 Zachmus
1933 2732 2112 2787 diviti-

543 2829 645 2884 bus
672 2825 918 2891 contulit,
950 2832 1009 2878 ut
1033 2839 1129 2878 eos
1151 2822 1354 2877 faceret
1387 2823 1440 2876 in
1466 2830 1724 2876 mternum
1752 2837 1876 2876 suas
1903 2822 2117 2890 divitias

543 2913 836 2993 possidere,
865 2926 927 2972 ut
943 2918 1033 2987 qui
1055 2916 1145 2971 hic
1165 2930 1432 2985 nunquam
1461 2925 1723 2984 pauperes
1751 2912 1986 2975 fuerunt.
2019 2930 2118 2969 nec

546 3017 728 3066 essent
754 3009 808 3063 in
839 3008 1016 3063 futuro
1044 3005 1294 3066 mendici.
1325 3005 1418 3058 sed
1447 3004 1674 3071 quadam
1704 3003 1957 3060 lucrativa
1978 3019 2118 3058 com-

548 3099 850 3154 mutatione
867 3097 1175 3164 reciperent
1195 3110 1291 3163 pro
1319 3093 1497 3163 parvis
1525 3107 1739 3161 magna,
1768 3109 1866 3163 pro
1892 3093 2118 3148 terrenis

549 3187 817 3253 caelestia,
866 3201 965 3255 pro
992 3186 1151 3257 655
1192 3183 1576 3252 temporalibus
1621 3184 1967 3252 sempiterna.
2013 3182 2119 3240 Lu-

2205 1952 2263 1978 os
2293 1952 2364 1980 ms
2387 1952 2638 1998 ρεηεσωδ
2665 1952 2793 1997 esse,
2823 1952 2982 1986 venae
3023 1952 3199 1986 mnta
3231 1952 3346 2000 tua,
3371 1952 3426 1988 ει
3466 1952 3542 1988 aa
3671 1952 3799 2005 pen-

2205 2013 2319 2079 lms,
2345 2023 2393 2068 et
2414 2018 2524 2071 veni
2545 2034 2752 2089 sequere
2769 2036 2850 2075 me
2881 2018 3067 2090 (Marc.
3097 2021 3177 2090 ι).
3209 2021 3422 2076 Verum
3451 2023 3500 2077 si
3521 1952 3800 2090 ἐξείπω

2205 2106 2468 2172 attendas,
2501 2108 2600 2162 iste
2621 2117 2939 2177 persecutus-
2951 2117 3052 2175 est,
3079 2110 3205 2178 quia
3234 2125 3348 2163 non
3377 2110 3690 2173 dimidium,
3715 2109 3802 2163 sed

2207 2203 2376 2249 totum
2406 2195 2570 2250 dedit.
2603 2196 2736 2251 Nam
2766 2198 2893 2252 tolle
2920 2193 3091 2252 aliena
3134 2199 3201 2253 de
3231 2199 3445 2264 medio,
3491 2209 3548 2254 et
3578 2196 3802 2253 Zaclmo

2213 2285 2339 2340 nihil
2372 2295 2633 2341 remanet.
2664 2285 2906 2355 Denique
2933 2287 3016 2341 vir
3057 2287 3254 2356 justus,
3285 2295 3348 2343 ut
3395 2297 3632 2358 accepta
3658 2296 3798 2342 esset

2209 2374 2325 2443 ejus
2353 2374 2664 2444 liberalitas,
2690 2377 2846 2431 scivit
2868 2376 3013 2445 juste
3040 2376 3348 2446 disponere,
3382 2378 3596 2432 scilicet
3625 2376 3796 2429 aliena

2208 2467 2559 2521 restituendo.
2609 2465 2736 2521 [late
2782 2475 2864 2521 est
2907 2467 3051 2520 enim
3097 2465 3238 2535 apud
3284 2466 3579 2520 Dominum
3637 2465 3799 2536 656

2209 2561 2359 2622 grata
2390 2554 2749 2625 eleemosyna,
2796 2568 2912 2623 qua:
2936 2568 3003 2608 ex
3029 2554 3317 2608 vernacula
3347 2553 3652 2608 exhibetu-
3678 2553 3772 2606 sub

2211 2645 2433 2709 stantia,
2462 2659 2568 2697 non
2589 2658 2708 2711 qua:
2734 2643 3064 2697 fraudulenta
3092 2643 3268 2712 praeda
3289 2643 3564 2696 tribuitur.
3588 2641 3652 2696 In
3677 2656 3801 2711 ρεη-

2213 2750 2398 2806 perum
2419 2734 2560 2789 enim
2589 2732 2854 2800 largitate,
2887 2748 2994 2786 non
3033 2732 3221 2801 spolia,
3252 2731 3346 2785 sed
3375 2730 3522 2785 dona
3553 2745 3802 2799 qun-em

2214 2837 2317 2883 tur.
2341 2827 2606 2882 Caeterum
2632 2833 2799 2894 quare
2827 2823 2954 2879 illud
2980 2840 3172 2879 munus
3203 2833 3302 2890 est,
3331 2823 3482 2892 quod
3511 2823 3659 2878 alter
3687 2838 3802 2878 cum

2214 2918 2413 2988 gaudio
2457 2917 2677 2986 accipit,
2714 2933 2836 2971 cum
2882 2915 3131 2986 lacrymis
3177 2915 3314 2969 alter
3355 2914 3590 2979 amittit;
3644 2929 3801 2983 super

2217 3008 2359 3078 quod
2387 3007 2474 3062 ille
2500 3006 2814 3077 gratulatur,
2836 3007 2936 3060 iste
2961 3006 3222 3075 suspirat;
3251 3005 3392 3059 unde
3421 3005 3610 3060 nescio
3633 3020 3800 3074 quan-

2217 3105 2330 3151 tum
2357 3105 2409 3150 te
2436 3096 2757 3165 accipientes
2787 3094 3002 3164 adjuvet
3027 3095 3228 3164 gratia,
3260 3094 3489 3148 multum
3521 3102 3574 3148 te
3623 3101 3800 3147 tamen

2221 3185 2630 3253 ingemiscentes
2647 3193 2832 3253 gravat
2858 3183 3094 3254 querela.
3121 3183 3375 3250 Quamvis
3388 3184 3533 3237 enim
3559 3183 3803 3252 largiaris

550 3279 754 3333 crativa
769 3275 926 3346 plane
946 3275 1296 3330 commutatio
1343 3281 1424 3327 est
1451 3273 1593 3328 nolle
1619 3273 1820 3328 habere
1847 3272 1989 3342 quod
2005 3265 2126 3342 lpos-
2149 3260 2194 3319 Ο
2229 3284 2420 3340 totum,
2449 3276 2722 3331 meliorem
2766 3276 3165 3346 eleemosynam
3193 3275 3339 3339 facis,
3370 3275 3416 3329 ἐ
3454 3275 3654 3330 reddas
3680 3277 3804 3328 alie-

551 3366 713 3430 sides,
742 3373 802 3419 ut
820 3365 992 3434 possis
1021 3363 1264 3416 obtinere
1279 3361 1422 3430 quod
1448 3377 1556 3416 non
1577 3361 1762 3425 babes,
1786 3371 1840 3416 et
1862 3362 2126 3431 jacturam

555 3456 734 3510 facere
756 3453 1042 3521 quamdam
1092 3451 1455 3519 relinquenda:
1482 3452 1741 3519 pecuniae,
1784 3461 1841 3506 ut
1867 3461 2127 3519 qmestum

554 3546 737 3614 capias
762 3557 974 3611 semper
993 3544 1175 3609 gratia:
1196 3541 1543 3611 possidendas.
1575 3543 1826 3596 Zachaeus
1854 3557 1981 3610 ergo
2008 3558 2129 3597 cum

557 3644 702 3691 esset
727 3633 1060 3702 publicanus,
1089 3639 1144 3685 et
1183 3631 1437 3700 pecunias
1467 3629 1758 3686 fenerando
1799 3644 2017 3699 magnas
2045 3631 2130 3686 di-

559 3723 719 3777 vitias
736 3736 1014 3775 usurarum
1045 3720 1229 3775 fraude
1247 3721 1542 3788 quatsissct,
1566 3720 1744 3774 subito
1769 3719 1952 3776 videns
1972 3718 2131 3774 Chri-

560 3820 723 3874 stum,
753 3810 826 3863 ita
871 3823 1164 3863 conversus
1213 3816 1325 3874 est,
1372 3816 1429 3863 ut
1464 3809 1657 3878 majori
1700 3808 2132 3877 concupiscentia

561 3900 784 3969 gratiam
807 3899 1136 3967 spiritualcm
1172 3908 1434 3967 qumreret
1459 3915 1619 3969 quam
1649 3898 1933 3968 qumsierat
1967 3914 2133 3968 pecu-

565 3989 710 4042 niam
739 3986 1045 4042 saicularem
1071 4005 1084 4039 :
1111 3987 1202 4050 ita,
1240 3987 1477 4055 inquam,
1505 4003 1799 4042 conversus
1823 3996 1924 4052 est,
1956 3996 2016 4041 ut
2040 4002 2136 4042 an-

567 4085 737 4130 teacta
767 4090 863 4130 sua
891 4075 1200 4144 respiciens,
1228 4075 1437 4130 fraudes
1463 4091 1588 4130 suas
1616 4076 1729 4146 ipse
1753 4074 2053 4137 damnaret,
2082 4084 2138 4130 et
2205 4075 2213 4082 ’

565 4164 862 4220 emundans
888 4165 1239 4233 concupiscen
1266 4165 1389 4230 iam,
1439 4165 1751 4219 emundaret
1795 4173 1852 4218 et
1893 4165 2139 4232 primitus

564 4253 969 4310 conscientiam.
1024 4253 1110 4306 Ait
1156 4254 1300 4307 enim
1340 4270 1354 4305 :
1409 4252 1544 4308 Ecce
1583 4253 1852 4306 dimidiam
1894 4253 2138 4307 bonorum

565 4359 790 4398 meorum
813 4343 877 4396 de
898 4343 1223 4412 pauperibus,
1255 4353 1302 4396 et
1329 4345 1373 4397 si
1395 4345 1474 4398 cui
1502 4345 1624 4416 quid
1660 4347 1773 4412 tuli,
1801 4345 2140 4416 quadruplum

563 4433 726 4488 reddo
756 4432 1056 4502 (Lucfnx).
1071 4433 1452 4489 Dicetlortasse
1472 4437 1676 4504 aliquis.
1694 4452 1790 4491 cur
1807 4438 1890 4491 vir
1901 4445 2139 4505 sanctus,

561 4535 621 4579 ct
643 4526 980 4579 Salvatorem
1005 4535 1317 4595 praesentem
1345 4528 1548 4593 videns,
1596 4544 1705 4582 non
1733 4536 1904 4583 totum
1933 4545 2138 4599 paupe-

2228 3383 2375 3420 num.
2405 3363 2540 3419 Nam
2565 3379 2781 3420 sanctus
2807 3367 3069 3421 tacturus
3092 3366 3199 3420 hoc
3225 3364 3544 3435 praevidens,
3576 3365 3803 3420 reddidit

2227 3456 2372 3526 quod
2417 3455 2718 3520 sustulerat,
2749 3463 2807 3509 ut
2851 3464 3130 3526 acceptum
3176 3453 3327 3510 fieret
3350 3455 3496 3523 quod
3546 3454 3800 3510 donabat.

2230 3547 2317 3600 Ait
2346 3547 2486 3599 enim
2513 3563 2527 3598 :
2575 3545 2636 3599 Si
2678 3547 2760 3598 cui
2800 3546 2923 3616 quid
2950 3545 3060 3609 tuli,
3092 3545 3433 3616 quadruplum
3461 3545 3643 3599 reddo.
3677 3544 3800 3598 Vide

2231 3633 2374 3703 quod
2411 3634 2575 3688 semel
2603 3642 2937 3703 peccaverat,
2967 3641 3232 3702 quatenus
3257 3632 3594 3686 emendavit!
3630 3632 3800 3687 Bonus

2232 3725 2374 3778 enim
2401 3721 2686 3787 fenerator,
2716 3723 2892 3777 sciens
2917 3723 3044 3792 quid
3064 3722 3230 3777 divini
3265 3721 3615 3780 emolumenti
3645 3723 3800 3777 babe-

2232 3819 2334 3879 ret,
2363 3814 2643 3883 pecuniam
2670 3822 2830 3882 qnam
2859 3828 2980 3868 cum
3007 3828 3169 3867 usura
3197 3813 3440 3883 accepit,
3465 3827 3588 3867 mm
3625 3814 3791 3868 multi-

2234 3905 2360 3976 plici
2388 3918 2545 3958 usura
2572 3902 2804 3957 restituit
2827 3920 2838 3954 :
2865 3902 3152 3956 imitandus
3181 3903 3335 3957 nobis
3355 3903 3626 3970 omnibus,
3648 3913 3704 3957 et
3728 3905 3798 3958 lc-

2235 3993 2571 4048 neratoribus
2595 3989 2753 4059 hujus
2783 3987 3038 4060 temporis
3067 3989 3371 4045 imitandus.
3403 3990 3511 4046 Sed
3539 3992 3683 4061 quod
3719 4009 3798 4061 [ιε-

2233 4082 2320 4152 jus
2338 4090 2438 4147 est,
2461 4089 2583 4135 sunt
2601 4081 2841 4150 plerique
2867 4080 2958 4149 qui
2985 4078 3101 4148 ejus
3129 4095 3237 4133 non
3265 4079 3547 4135 imitantur
3565 4083 3795 4150 gratiam,

2238 4172 2514 4226 imitamur
2539 4185 2753 4224 usuram
2779 4187 2792 4221 :
2823 4169 2997 4224 sciunt
3021 4168 3272 4238 diripere,
3295 4170 3584 4225 restituere
3600 4187 3798 4240 prorsus

2238 4264 2505 4331 ignorant.
2522 4259 2720 4314 Etcum
2736 4259 2825 4312 ille
2843 4259 2986 4327 quod
3004 4259 3212 4328 accepit
3247 4267 3443 4328 sponte
3464 4260 3797 4330 quadruplum

2239 4347 2550 4411 reddiderit,
2579 4346 2686 4412 isti,
2717 4346 2880 4401 etiam
2901 4347 3093 4403 coacti.
3125 4362 3226 4402 nec
3253 4347 3425 4402 semel
3447 4348 3628 4402 invasa
3659 4353 3797 4403 resti-

2241 4448 2428 4506 tuunt;
2473 4434 2682 4493 malunt
2725 4451 2820 4491 sua
2857 4434 3089 4506 perdere
3140 4436 3399 4505 litigando
3439 4453 3602 4507 quam
3646 4435 3795 4492 aliem

2241 4533 2523 4589 restituere
2548 4528 2941 4599 componendo.
2965 4525 3214 4597 Explicit.

568 4615 732 4682 ribus,
755 4615 848 4672 sed
893 4615 1167 4671 dimidium
1196 4618 1266 4672 sit
1308 4618 1544 4687 largitus,
1575 4620 1698 4690 quia
1722 4621 1978 4690 scriptum
2008 4629 2091 4676 est
2122 4639 2135 4672 :
2169 4612 2221 4671 D

1984 4813 2250 4876 SERMO
2291 4812 2390 4875 Cf.

1515 4937 1592 4990 De
1620 4937 1771 4991 idolis
1798 4938 2092 5007 auferendis
2117 4938 2180 4990 de
2207 4937 2427 5008 propriis
2456 4932 2877 5007 possessionibus.

1986 5043 2375 5098 ADMONITIO.

639 5176 922 5248 Cognitum
952 5176 1117 5230 fuisse
1149 5176 1292 5230 hunc
1343 5183 1979 5248 sermonem,_autequam
2020 5175 2391 5248 a_Muratorio
2437 5174 2576 5248 typis
2609 5171 2898 5248 Patavinis
2928 5181 3058 5248 tom_.
3080 5173 3147 5228 IV
3186 5174 3476 5248 Anecdot.,
3510 5193 3624 5248 pag.
3648 5177 3724 5243 99,
3750 5182 3788 5233 in

573 5242 745 5300 lucem
786 5247 1060 5308 ederetur,
1102 5261 1207 5298 non
1237 5255 1344 5298 tam
1386 5259 1452 5298 ex
1499 5243 1728 5297 Baronio
1758 5242 1918 5311 quam
1964 5259 2031 5297 ex
2058 5243 2388 5298 Gothofredo
2417 5242 2713 5297 certissime
2759 5251 2988 5311 constat.
3021 5242 3287 5298 Baronius
3317 5247 3463 5300 enim
3500 5242 3554 5302 in
3582 5242 3719 5304 notis,
3736 5249 3788 5302 ad

569 5315 848 5383 Martyrol.
879 5314 1034 5369 Rom.
1059 5314 1147 5367 die
1167 5314 1229 5367 5|
1262 5313 1498 5383 Januarii
1532 5329 1650 5383 Anon
1681 5310 1874 5383 solum.
1898 5313 2014 5380 ejus
2041 5314 2332 5383 meminit,
2356 5312 2449 5367 sed
2478 5312 2606 5381 ipsis
2630 5310 3080 5383 verbisieamdcm
3113 5313 3398 5381 impiorum
3440 5318 3788 5373 sacriﬁciorum

569 5379 984 5452 descriptionem
1013 5384 1205 5445 habet;
1252 5381 1614 5436 Gothofredus
1639 5397 1768 5452 vero
1811 5382 1862 5434 in
1901 5379 2043 5452 notis
2068 5382 2134 5434 ad
2164 5383 2247 5436 tit.
2277 5381 2346 5439 10
2369 5383 2460 5435 lib.
2493 5379 2579 5435 ivx
2622 5382 2743 5452 rod.
2775 5379 3065 5443 Theodos.,
3111 5379 3235 5436 cum
3286 5386 3613 5440 mentionem
3659 5386 3790 5442 faciat

573 5449 763 5507 contra
789 5452 1139 5507 idololatriam
1169 5453 1235 5506 ab
1267 5451 1676 5520 imperatoribus
1705 5451 1928 5504 latarum
1959 5451 2134 5518 legum
2156 5494 2169 5512 ,
2198 5453 2304 5507 hoc
2332 5452 2637 5505 testimonio
2677 5449 2742 5504 ad
2791 5465 2905 5520 rem
2953 5465 3105 5503 suam
3131 5461 3442 5520 opportune
3492 5457 3665 5510 utitur.
3705 5456 3788 5510 De-

577 5530 854 5591 promptus
901 5538 932 5575 a
985 5521 1277 5575 Muratorio
1321 5521 1410 5591 hic
1453 5535 1630 5573 sermo
1669 5527 1753 5591 est
1780 5561 1794 5580 ,
1838 5521 2282 5591 quemadmodum
2327 5522 2462 5574 alter
2489 5521 2635 5591 iquir
2663 5519 3223 5591 proxime_suc_eedit,
3275 5536 3342 5575 ex
3394 5523 3597 5578 celebri
3634 5526 3789 5579 codice

584 5587 950 5664 Ambrosiano,
982 5591 1070 5644 ubi
1101 5599 1285 5646 sancto
1312 5590 1544 5644 Maximo
1567 5587 1891 5644 inscribitur.
1925 5590 2048 5659 Ejus
2072 5592 2255 5646 titulus
2283 5599 2364 5646 est
2387 5598 2442 5644 ut
2469 5590 2843 5659 descripsimus
2868 5606 2880 5640 :
2913 5587 2990 5643 De
3022 5589 3177 5644 idolis
3195 5592 3499 5662 uiuendis
3520 5593 3588 5648 de
3604 5595 3788 5664 pmpn'it

581 5659 995 5716 vastasionibus.
