3896 6250
133 388 255 443 733

1597 376 1826 435 ΒΕΜο
1858 375 1960 435 Cll.

3303 375 3413 436 731

135 503 541 556 Διοσιεκτωι.
567 533 636 541 -
658 498 758 552 Ille
776 501 858 568 qui
887 513 1035 551 suum
1062 494 1307 568 rusticum
1333 493 1487 568 idolis
1524 491 1730 568 sacri/i-
1754 490 1806 550 Δ
1831 489 1885 544 in
1913 487 2131 554 aedibus,
2166 488 2217 540 in
2248 486 2407 556 agris,
2438 487 2491 542 in
2520 487 2748 542 rusticis.
2791 488 2930 542 Nihil
2959 489 3030 543 ibi
3072 482 3309 543 liberutn-
3325 499 3408 544 est

220 589 343 625 care
366 573 547 636 cernit,
579 585 672 621 nec
691 562 941 636 prohibet,
963 573 1156 634 peccat.
1194 563 1511 618 ldololatria:
1536 562 1731 615 malum

218 642 448 704 vatisque
475 638 680 690 habitus
709 635 1028 689 describitur.

219 769 363 823 Ante
390 768 505 823 dies
530 779 970 822 commonueram
997 761 1276 817 caritatem
1325 767 1579 821 vestram,
1622 756 1730 811 fra-

131 869 280 923 tres,
311 867 368 911 ut
395 866 650 926 tanquam
673 854 911 922 religiosi
927 860 982 907 et
1007 851 1181 908 sancti
1220 851 1486 906 idolorum
1513 863 1728 904 omnem

131 950 505 1020 pollutionem
531 948 597 1002 de
643 948 834 1001 vestris
869 943 1304 1014 possessionibus
1342 941 1644 1004 auferretis,
1676 948 1731 994 et

127 1037 410 1092 erueretis
436 1052 504 1091 ex
523 1036 663 1105 agris
691 1035 996 1090 universum
1025 1032 1301 1101 gentilium
1339 1046 1598 1086 errorem.
1629 1030 1730 1085 Fas

130 1129 292 1183 enim
323 1143 430 1182 non
453 1133 623 1182 estut
666 1127 755 1194 qui
784 1124 1057 1179 Christum
1107 1122 1320 1177 habetis
1354 1123 1408 1177 in
1455 1120 1727 1186 cordibus,

133 1218 535 1272 Antichristum
562 1218 617 1272 in
644 1216 959 1272 habitaculis
985 1215 1230 1274 habeatis
1252 1231 1267 1280 ;
1289 1228 1410 1268 cum
1437 1227 1534 1266 vos
1561 1211 1729 1275 Deum

129 1306 387 1360 adoretis
433 1307 486 1360 in
513 1304 773 1370 Ecclesia,
804 1304 969 1358 vestri
1018 1303 1290 1358 diabolum
1330 1309 1651 1356 venerentur
1674 1301 1728 1355 in

131 1397 306 1469 fanis.
345 1396 453 1450 Nec
495 1410 556 1450 se
601 1395 794 1464 aliquis
821 1401 1135 1449 excusatum
1163 1399 1318 1461 putet
1363 1391 1578 1457 dicens,
1609 1389 1728 1444 Non

131 1487 280 1556 iussi
307 1483 436 1548 ﬁeri,
456 1502 563 1539 non
587 1485 852 1538 mandavi.
876 1483 1125 1552 Quisquis
1145 1484 1286 1538 enim
1308 1483 1553 1549 intelligit
1575 1479 1729 1537 exer-

132 1578 257 1632 ceri
284 1579 337 1630 in
366 1593 424 1631 re
443 1592 537 1633 sua
567 1576 867 1644 sacrilegia,
901 1591 1002 1630 nec
1030 1575 1143 1629 lieri
1172 1574 1437 1643 prohibet,
1469 1573 1727 1642 quodam-

132 1667 314 1721 modo
341 1668 454 1736 ipse
481 1667 748 1736 pmcipit;
781 1665 1010 1721 tacendo
1040 1665 1181 1719 enim
1207 1673 1260 1719 et
1307 1679 1415 1719 non
1457 1664 1727 1731 arguendo

1831 594 1864 633 a
1890 579 2112 643 scelere,
2144 577 2235 631 ubi
2257 586 2427 632 totum
2448 587 2693 633 versatur
2731 579 2784 632 in
2813 579 3037 633 scelere.
3060 579 3199 634 Cum
3215 579 3406 633 cellam

1831 669 2100 736 ingressus
2150 667 2313 722 fueris
2337 706 2352 731 ,
2400 667 2636 735 reperies
2666 668 2719 721 in
2771 682 2834 721 ea
2877 669 3139 736 pallentes
3174 669 3408 737 cespites

1830 764 2181 824 mortuosque
2209 755 2493 821 carbones,
2518 755 2735 824 dignum
2781 753 3100 809 sacriﬁcium
3125 755 3404 820 εἰωθώς,

1829 861 1951 902 cum
1972 853 2184 900 mortuo
2213 845 2415 898 numini
2457 846 2616 899 rebus
2640 846 2865 900 mortuis
2888 846 3236 916 supplicatur.
3268 845 3336 900 Et
3362 848 3408 901 si

1830 934 1897 988 ad
1923 949 2106 1002 agrum
2137 934 2479 1003 processeris,
2512 933 2687 988 cernis
2711 949 2832 988 aras
2856 935 3080 1002 ligneas,
3105 943 3161 988 et
3189 935 3407 989 simula-

1829 1038 1919 1078 cra
1950 1010 2175 1093 lapidea,
2220 1037 2522 1092 congruens
2570 1025 2944 1101 ministerium,
2977 1027 3068 1080 ubi
3096 1026 3197 1081 diis
3225 1027 3408 1081 insen-

1828 1114 2070 1168 sibilibus
2099 1114 2206 1168 aris
2223 1116 2662 1183 putrescentibns
2688 1116 3038 1171 ministratur.
3068 1117 3201 1172 Cum
3233 1125 3407 1172 matu-

1829 1205 1940 1258 rius
1969 1205 2290 1272 vigilaveris,
2348 1213 2404 1260 et
2441 1206 2638 1260 videris
2684 1208 2923 1260 saucium
2953 1208 3080 1261 vino
3125 1210 3403 1273 rusticum,

1829 1295 1971 1348 scire
1995 1295 2158 1349 debes
2183 1295 2458 1362 quoniam,
2509 1296 2646 1350 sicut
2666 1297 2871 1362 dicunt;
2918 1299 2939 1328 ²
2968 1304 3062 1353 aut
3087 1297 3406 1363 dianaticus,

1830 1391 1924 1438 aut
1950 1400 2184 1454 aruspex
2205 1393 2315 1449 est;
2343 1387 2589 1440 insanum
2618 1389 2760 1442 enim
2793 1404 2991 1443 numen
3020 1399 3290 1445 amentem
3313 1406 3405 1444 so-

1824 1467 1904 1528 let
1947 1475 2148 1529 habere
2198 1477 2542 1546 pontificem;
2583 1479 2748 1550 658
2796 1479 2917 1534 talis
2965 1481 3112 1534 enim
3158 1482 3409 1537 sacerdos

1828 1552 1983 1635 parat
2011 1578 2069 1618 se
2082 1565 2219 1632 .vino
2245 1566 2313 1620 ad
2340 1566 2522 1634 plagas
2548 1567 2660 1622 dcte
2688 1582 2816 1634 suae,
2862 1576 2920 1622 ut
2940 1567 3067 1621 dum
3108 1577 3191 1624 est
3229 1571 3409 1626 ebrius

1828 1668 2040 1722 pmnam
2069 1670 2217 1711 suam
2242 1656 2354 1724 ipse
2383 1673 2490 1711 non
2518 1659 2735 1712 sentiat.
2761 1657 2876 1713 Hoc
2898 1668 3079 1715 autem
3104 1676 3214 1713 non
3236 1661 3408 1714 solum

131 1770 470 1811 consensum
516 1755 743 1825 pmbuil,
795 1754 1112 1809 immolanti,
1164 1753 1300 1808 Dicit
1349 1755 1490 1808 enim
1538 1753 1728 1807 beatus
1758 1823 1780 1825 _
1827 1743 1894 1798 de
1916 1747 2290 1825 temperantia,
2317 1746 2414 1803 θεά
2441 1749 2582 1804 etde
2603 1757 2718 1804 arte
2746 1748 2968 1825 faciunt,
2997 1758 3058 1804 ut
3084 1751 3261 1806 niinus
3287 1753 3409 1805 VU!-

134 1845 454 1915 Αροςιοιυε,
483 1823 800 1901 οίιίηιῑηοςοε
835 1860 974 1910 esse,
1007 1860 1115 1900 non
1142 1846 1314 1900 somm
1353 1846 1445 1916 qui
1493 1844 1717 1909 facium,
1756 1823 1794 1880 Β
1826 1851 1954 1890 nera
1983 1852 2079 1890 sua
2125 1823 2360 1903 doleant,
2405 1839 2530 1894 dum
2548 1839 2657 1894 vini
2680 1823 2941 1894 ebrietate
2968 1833 3274 1907 ‘jac'tantur.
3301 1841 3407 1894 Va-

134 1936 243 1991 sed
272 1938 434 1990 etiam
460 1937 550 2005 qui
579 1937 922 1993 consentiunt
944 1937 1279 1992 facientibus.
1303 1936 1385 1992 Tu
1414 1938 1591 2006 igitur,
1623 1937 1732 1992 fra-

136 2035 256 2088 ter,
287 2041 408 2079 cum
428 2034 572 2079 tuum
589 2026 889 2081 sacrificare
917 2027 1176 2081 rusticum
1201 2027 1397 2092 cernis,
1427 2042 1527 2082 nec
1547 2027 1732 2095 prohi-

135 2115 245 2170 bes
273 2115 573 2180 immolare,
615 2131 839 2186 peccas;
870 2117 918 2170 si
961 2132 1071 2171 non
1118 2115 1242 2170 data
1286 2117 1466 2185 copia,
1494 2125 1733 2171 attamen

135 2211 410 2282 permissa
431 2211 679 2277 licentia;
703 2210 749 2266 si
785 2225 895 2265 non
918 2209 1088 2280 jussio
1119 2217 1210 2263 tua
1238 2209 1293 2263 in
1322 2209 1566 2274 crimine,
1590 2217 1733 2262 atta-

136 2316 274 2355 men
305 2302 552 2357 voluntas
578 2302 634 2356 in
673 2303 829 2371 culpa
875 2309 978 2357 est.
1021 2299 1159 2354 Dum
1187 2300 1329 2354 enim
1361 2307 1524 2365 taces,
1555 2299 1732 2368 placet

135 2390 242 2443 tibi
275 2390 419 2457 quod
468 2388 597 2444 fecit
622 2390 854 2444 rusticus
882 2397 1027 2457 tuus,
1057 2388 1204 2456 quod
1251 2387 1297 2442 si
1352 2403 1461 2441 non
1509 2388 1732 2452 faceret,

137 2479 374 2533 forsitan
395 2479 719 2548 displiceret.
742 2478 858 2536 Non
886 2479 1031 2534 enim
1057 2479 1158 2533 sibi
1179 2478 1339 2548 657
1366 2485 1576 2532 tantum
1606 2493 1731 2547 pec-

136 2579 236 2625 cat
263 2569 526 2634 subditus,
557 2586 680 2625 cum
729 2569 1014 2635 sacriﬁcat,
1045 2569 1141 2623 sed
1163 2575 1218 2623 et
1258 2570 1275 2601 ⁸
1303 2569 1611 2634 domnedio,
1642 2569 1734 2636 qui

138 2677 258 2714 non
299 2659 578 2728 prohibet;
618 2659 712 2727 qui
742 2660 787 2714 si
817 2659 1151 2729 prohibéret,
1191 2659 1376 2727 utique
1406 2673 1512 2712 non
1539 2669 1735 2726 pecca-

135 2757 251 2803 ret.
285 2746 495 2803 Grande
517 2749 678 2816 igitur
696 2748 893 2802 malum
915 2756 995 2803 est
1017 2748 1340 2814 idololatria;
1365 2748 1556 2817 polluit
1570 2762 1736 2800 exer-

137 2845 354 2905 centes,
377 2839 567 2908 polluit
595 2838 918 2902 habitantes,
951 2838 1141 2907 polluit
1169 2838 1455 2902 intuentes,
1485 2842 1734 2907 penetrat

138 2928 214 2982 ad
245 2927 534 2993 ministros,
563 2935 810 2998 penetrat
855 2927 923 2982 ad
950 2927 1216 2992 conscios,
1259 2935 1504 2997 penetrat
1544 2925 1612 2980 ad
1654 2934 1735 2980 ta-

141 3026 357 3075 centes.
396 3016 713 3073 lmmolante
740 3018 884 3073 enim
929 3018 1130 3073 rustico
1177 3019 1484 3086 inquinatur
1510 3018 1737 3072 domne-

143 3109 294 3164 dius.
307 3108 422 3163 Non
442 3117 622 3178 potest
637 3125 744 3164 non
767 3124 887 3164 esse
900 3110 1134 3178 pollutus
1154 3109 1245 3164 ubi
1265 3109 1519 3182 eibus[F.
1532 3108 1733 3181 cibum]

142 3198 318 3266 capit,
348 3175 508 3266 quem
533 3199 825 3268 sacrilegus
851 3175 1028 3254 cultor
1055 3187 1317 3264 exercuit,
1341 3175 1485 3255 terra
1509 3175 1731 3255 eruenta
1759 3175 1805 3236 C

144 3288 340 3353 edidit,
371 3296 569 3342 tetrum
592 3289 844 3344 horreum
874 3290 1249 3345 conservavit:
1279 3291 1459 3345 omnia
1489 3292 1631 3345 enim
1661 3290 1733 3344 ibi

148 3376 450 3446 inquinata,
479 3379 658 3434 omnia
690 3387 815 3434 sunt
840 3379 1095 3448 nefanda,
1123 3380 1214 3438 ubi
1235 3380 1480 3438 diabolus
1525 3382 1734 3437 habitat

1834 1942 1935 1979 nus
1987 1929 2145 1996 plane
2168 1937 2316 1983 vates
2341 1936 2450 1994 est,
2499 1930 2590 1998 qui
2643 1937 2793 1999 putat
2820 1931 3136 2004 crudelitate
3163 1931 3408 1987 astruere

1832 2016 2110 2085 pietatem.
2149 2016 2320 2082 Quam
2362 2018 2669 2073 misericors
2710 2018 2765 2071 in
2793 2018 2999 2073 alienos
3026 2019 3158 2075 deos
3184 2020 3275 2074 ille
3316 2020 3407 2088 qui

1835 2107 1887 2161 in
1914 2122 2041 2162 suos
2073 2116 2154 2162 est
2191 2107 2472 2177 pontifices
2496 2117 2602 2162 tam
2631 2110 2917 2163 cruentus!
2947 2109 3081 2163 Nam
3120 2120 3178 2163 ut
3205 2111 3406 2179 paulis-

1834 2211 1932 2264 per
1958 2196 2325 2252 describamus
2353 2198 2591 2252 babitum
2618 2197 2755 2252 vatis
2783 2198 3004 2268 hujusce
3035 2216 3050 2251 :
3081 2205 3162 2253 est
3189 2199 3238 2253 ei
3267 2199 3406 2253 adul~

1833 2287 2022 2341 terinis
2050 2286 2318 2342 criniculis
2367 2286 2634 2342 hirsutum
2661 2294 2845 2357 caput,
2871 2287 3028 2348 ,nuda
3055 2286 3257 2340 habens
3285 2301 3408 2356 pec-

1835 2387 1974 2444 tora,
2004 2378 2165 2449 pallio
2206 2393 2363 2432 crura
2407 2377 2740 2443 semicincta,
2771 2384 2825 2431 et
2850 2390 3002 2429 more
3052 2376 3408 2444 gladiatoruln

1834 2478 2055 2540 paratus
2082 2466 2149 2523 ad
2195 2483 2426 2538 pugnam
2466 2469 2665 2524 ferrum
2693 2474 2870 2537 gestat
2891 2468 2946 2522 in
2993 2467 3261 2529 manibus,
3313 2467 3410 2524 nisi

1834 2562 1977 2631 quod
2006 2560 2302 2630 gladiatore
2329 2561 2479 2630 pejor
2500 2568 2603 2626 est,
2625 2560 2750 2629 quia
2786 2559 2876 2612 ille
2905 2558 3161 2612 adversus
3186 2558 3412 2612 alterum

1834 2653 2088 2708 dimicare
2116 2654 2343 2719 cogitur,
2374 2652 2474 2706 iste
2501 2658 2688 2706 contra
2715 2665 2775 2704 se
2796 2660 3034 2718 pugnare
3054 2646 3410 2716 compellitur.

1835 2742 1924 2796 ille
1945 2742 2119 2798 aliena
2140 2741 2272 2812 petit
2290 2740 2518 2808 viscera,
2540 2739 2640 2793 iste
2667 2737 2884 2808 propria
2911 2736 3148 2791 membra
3173 2734 3412 2802 dilaniat,

1834 2838 1892 2891 et
1910 2831 1955 2886 si
1982 2831 2084 2885 dici
2114 2837 2312 2899 potest,
2333 2831 2400 2884 ad
2426 2828 2800 2884 crudelitatem
2827 2825 2972 2880 illum
3001 2826 3217 2890 lanista,
3243 2825 3408 2879 istum

1835 2936 2033 2978 numen
2082 2921 2347 2975 hortatur.
2396 2918 2511 2974 Hoc
2557 2918 2718 2985 igitur
2769 2915 2988 2970 indutus
3034 2914 3250 2981 habitu,
3314 2915 3419 2969 hac

1836 3020 2092 3067 cruentus
2112 3011 2280 3079 unde,
2297 3009 2534 3078 judicate
2564 3016 2739 3061 utrum
2764 3007 3028 3077 gladiator
3053 3007 3124 3060 sit
3144 3021 3211 3060 an
3233 3019 3432 3061 sacer-"

1835 3102 1952 3157 dos.
1983 3102 2155 3170 Ergo,
2183 3103 2326 3158 sicut
2348 3101 2700 3168 gladiatorum
2743 3099 3015 3167 publicum
3063 3098 3269 3154 facinus
3290 3100 3415 3154 reli-

1834 3199 1983 3266 giosa
2011 3197 2310 3266 principum
2337 3194 2622 3248 devotione
2643 3191 2910 3245 sublatum
2939 3198 3044 3258 est,
3069 3192 3141 3244 ita
3164 3198 3218 3244 et
3239 3206 3414 3244 amen-

1835 3301 1918 3347 tes
1958 3287 2284 3354 gladiatores
2340 3285 2428 3338 isti
2475 3279 2892 3336 Christianitatis
2931 3281 3306 3337 observatione
3350 3281 3419 3336 de

1833 3378 2066 3451 propriis
2089 3375 2369 3432 domiciliis
2396 3372 2724 3429 auferantur.

1563 3574 1833 3638 SERMO
1875 3576 2001 3638 Cll.

1587 3713 1668 3767 De
1691 3713 1870 3768 eadem
1893 3729 1965 3766 re.

149 3837 720 3910 AlGUIENTllIi.—IU€
738 3839 823 3910 qui
837 3840 933 3892 scit
953 3841 1007 3894 in
1030 3856 1155 3910 agro
1171 3857 1262 3895 suo
1278 3841 1432 3895 idolis
1449 3841 1730 3906 immolari,

225 3924 317 3961 nec
345 3908 612 3977 prohibet,
644 3908 899 3978 particeps
922 3908 1152 3981 profecto
1176 3912 1436 3982 sacrilegii
1463 3912 1698 3982 eﬁicitur.

223 4019 343 4073 Non
391 4034 580 4088 parum
627 4027 856 4074 tractatu
897 4021 1189 4076 Dominicae
1231 4023 1525 4092 superioris
1547 4021 1736 4091 profe-

152 4109 293 4165 cisse
321 4125 415 4164 vos
441 4108 736 4174 credimus;
768 4110 1033 4178 siquidem
1059 4111 1439 4180 praedicatione
1464 4121 1643 4166 nostra
1669 4112 1737 4166 ab

151 4200 303 4255 omni
343 4198 610 4254 idolorum
651 4200 1055 4268 inquinamento
1095 4202 1257 4257 corda
1284 4211 1460 4256 vestra
1489 4203 1739 4272 purgavi-

153 4303 298 4343 mus.
349 4287 540 4342 Nostra
583 4289 727 4343 enim
773 4289 938 4343 corda
985 4290 1329 4356 mundantur,
1378 4306 1499 4346 cum
1538 4292 1736 4345 diaboli

152 4378 404 4434 sordibus
429 4378 631 4447 polluta
658 4387 842 4433 nostra
871 4381 1197 4435 conscientia
1225 4396 1332 4435 non
1363 4389 1592 4435 tenetur.
1621 4379 1736 4436 Pol-

154 4471 324 4525 lutam
373 4479 552 4525 autem
591 4470 638 4528 is
681 4471 1066 4527 conscientiam
1097 4487 1202 4526 non
1232 4472 1413 4536 habet,
1462 4472 1554 4540 qui
1581 4479 1760 4527 εχει-ον

155 4562 268 4617 ceri
295 4561 573 4628 sacrilegia
596 4561 649 4615 in
679 4577 775 4615 sua
805 4563 1146 4631 possessione
1175 4578 1281 4617 non
1307 4563 1524 4632 patitur.
1558 4561 1732 4618 Caete-

155 4665 305 4712 rum,
349 4651 440 4717 qui
475 4651 576 4705 scit
604 4651 660 4704 in‘
687 4664 816 4718 agro
845 4667 942 4706 suo
970 4651 1126 4706 idolis
1155 4652 1449 4720 immolari,
1479 4669 1579 4708 nec
1604 4668 1732 4722 pro-

154 4739 332 4803 hibet;
379 4739 622 4807 quamvis
659 4740 772 4808 ipse
807 4740 966 4807 longe
995 4741 1047 4794 in
1072 4741 1288 4795 civitate
1315 4742 1590 4806 consistat,
1616 4740 1734 4810 pol-

153 4829 290 4886 lutio
340 4836 516 4884 tamen
563 4830 713 4884 illum
755 4831 985 4886 nefanda
1023 4832 1313 4900 continget.
1363 4831 1431 4884 Et
1473 4833 1596 4885 licet
1625 4832 1733 4886 aris

151 4919 372 4975 assistat
396 4920 627 4974 rusticus
649 4959 662 4984 ,
702 4921 768 4974 ad
795 4921 1136 4976 domnedium
1166 4922 1550 4977 eontaminatio
1579 4938 1733 4978 exse—

150 5007 353 5065 cranda
396 5007 721 5076 regreditur.
772 5007 1044 5079 Particeps
1083 5010 1225 5065 enim
1266 5009 1382 5078 ejus
1408 5009 1655 5079 ellieitur,
1685 5012 1731 5065 si

151 5103 262 5153 non
288 5097 616 5151 conscientia
641 5138 659 5166 ,
705 5105 854 5154 certe
891 5097 1102 5153 notitia.
1151 5096 1448 5152 Profecisse
1475 5111 1604 5168 ergo
1631 5115 1732 5156 nos

225 5318 242 5349 ¹
271 5314 399 5387 λειω
443 5323 728 5370 monuerat
771 5313 1114 5387 Nugatorius
1141 5315 1194 5368 in
1242 5315 1392 5387 praef.
1437 5314 1503 5368 ad
1531 5312 1587 5369 S.
1617 5312 1728 5366 Ma-

154 5386 281 5442 ximi
329 5399 608 5440 sermones
656 5391 785 5438 tom.
825 5383 893 5437 ιν
938 5383 1196 5437 Anecdot.
1243 5383 1509 5453 vulgatos,
1537 5397 1727 5437 vocem

150 5453 496 5510 domnedium
521 5453 818 5506 derivatam
855 5468 921 5506 ex
959 5461 1216 5521 corrupto
1245 5453 1385 5507 illius
1418 5454 1590 5507 relatis
1617 5467 1731 5506 ser—

152 5539 312 5578 mone
335 5563 351 5588 ,
392 5531 448 5576 et
477 5523 620 5590 idem
644 5523 825 5576 valere
865 5537 929 5575 ac
965 5523 1261 5586 dominum,
1303 5523 1600 5590 eademque
1628 5537 1734 5574 non

153 5610 257 5648 uno
286 5594 339 5646 in
365 5592 488 5646 loco
514 5590 571 5646 S.
602 5589 884 5644 Paulinum
912 5591 1176 5646 Nolanum
1207 5607 1360 5647 usum
1384 5589 1565 5644 fuisse.
1597 5590 1739 5644 Con-

151 5663 228 5717 fer
246 5663 412 5716 etiam
437 5661 732 5727 Cangium,
775 5658 1010 5715 Glossar.
1045 5661 1184 5716 med.
1216 5671 1271 5717 et
1300 5661 1465 5716 inlim.
1498 5659 1731 5722 Latinit.,

148 5735 209 5789 ad
241 5733 468 5787 verbum
499 5729 877 5784 Domina'dius.

1834 3841 2104 3895 credimus
2127 3882 2142 3908 ,
2190 3855 2312 3895 cum
2353 3839 2618 3908 sacrilegii
2653 3839 2857 3896 cultum
2889 3839 2941 3893 in
2982 3839 3178 3895 vestris
3203 3855 3425 3910 posses~

1833 3931 2074 3987 sionibus
2103 3931 2372 3996 inhibent;
2419 3928 2645 3985 dicimus
2690 3930 2866 3996 enim,
2897 3937 2956 3982 ut
2996 3929 3282 3984 Christiani
3314 3931 3423 3984 ho.

1842 4023 2018 4087 minis,
2052 4023 2155 4076 hoc
2184 4029 2267 4076 est
2293 4021 2477 4075 mundi
2503 4021 2601 4076 viri
2630 4062 2645 4088 ,
2685 4020 2756 4074 sit
2783 4019 2982 4074 munda
3011 4019 3299 4089 possessio.
3332 4020 3428 4078 Ait

1842 4112 1984 4166 enim
2027 4111 2319 4165 Salomon:
2369 4110 2641 4164 Possessio
2690 4110 2918 4179 pretiosa
2956 4109 3034 4163 vir
3079 4109 3322 4163 mundus.
3362 4107 3433 4165 Si-

1843 4215 1972 4269 ergo
1995 4203 2076 4255 vir
2097 4217 2264 4270 purus
2290 4201 2617 4271 possessioni
2637 4200 3036 4271 pretiosissimae
3055 4207 3430 4269 comparatur,

1837 4301 2038 4360 quanto
2067 4292 2171 4345 ista
2218 4292 2488 4361 possessio
2535 4291 2754 4358 majoris
2783 4298 2867 4344 est
2903 4291 3090 4359 pretii,
3138 4289 3183 4344 si
3209 4289 3280 4342 sit
3306 4289 3419 4343 sin-

1837 4396 1962 4436 cera
1990 4389 2045 4434 et
2065 4396 2196 4449 pura
2216 4420 2230 4444 ,
2265 4395 2366 4433 nec
2394 4380 2569 4447 aliqua
2597 4378 2796 4432 diaboli
2821 4378 3142 4445 contagione
3167 4379 3426 4433 vilescat!

1840 4469 1949 4525 Cur
1993 4479 2174 4524 autem
2225 4470 2307 4523 vir
2352 4468 2580 4522 mundus
2646 4469 2918 4538 possessio
2973 4467 3172 4522 munda
3214 4467 3420 4523 dicatur

1837 4563 1977 4618 scire
2020 4562 2278 4617 debemus
2301 4600 2318 4625 ,
2373 4561 2574 4616 scilicet
2611 4562 2735 4630 quia
2784 4561 3080 4630 pretiosum
3118 4560 3264 4614 illum
3294 4559 3420 4617 facit

1763 4680 1813 4741 ι)
1839 4670 1947 4708 non
1970 4654 2226 4720 fragilitas
2258 4652 2537 4720 corporis,
2586 4650 2682 4705 sed
2711 4651 2990 4704 sinceritas
3014 4649 3338 4715 honestatis,
3365 4658 3419 4703 et

1839 4745 1964 4813 quia
2014 4758 2136 4798 eum
2185 4756 2282 4812 pro
2330 4742 2446 4810 ipsa
2487 4741 2720 4810 puritate
2741 4738 2938 4793 mentis
2966 4738 3222 4791 Dominus
3243 4737 3424 4806 possi-

1838 4834 1966 4888 dere
1998 4831 2265 4902 dignatur,
2295 4831 2433 4885 sicut
2461 4830 2536 4883 ait
2563 4829 2827 4899 propheta
2849 4843 2915 4882 ex
2946 4842 3176 4896 persona
3201 4835 3424 4880 sancto-

1835 4939 1978 4977 rum.
2008 4921 2096 4993 (ln
2127 4922 2240 4976 cod.
2271 4921 2492 4974 Ambros
2539 4921 2626 4974 ubi
2653 4921 2734 4972 In'c
2760 4936 2926 4972 sermo
2947 4919 3135 4988 legitur
3170 4919 3428 4972 nonnullo

1836 5016 1964 5088 folia
1992 5011 2389 5082 desiderantur.)

1903 5314 1925 5344 ²
1965 5309 2223 5365 Dia'natici
2251 5307 2438 5364 rustici
2468 5308 2541 5361 illi
2567 5308 2990 5376 appellabantur,
3012 5308 3103 5376 qui
3130 5306 3312 5367 Dianae
3340 5327 3424 5365 ar.

1833 5397 2022 5434 vorum
2063 5380 2264 5433 numini
2312 5379 2692 5444 immolabant,
2742 5386 2797 5432 et
2824 5378 3097 5444 aruSpices
3125 5378 3312 5444 etiam,
3335 5398 3419 5435 su-

1835 5450 2149 5519 perstitione
2194 5448 2374 5519 ducti,
2408 5449 2475 5501 ab
2503 5456 2760 5519 extorum
2799 5447 2850 5498 in
2876 5447 3104 5519 victimis
3125 5460 3426 5519 conspectu

1841 5515 2018 5573 futura
2067 5517 2449 5587 prmdicebant.
2501 5515 2765 5572 Deseribit
2809 5515 3281 5587 autemllaximus
3309 5535 3429 5585 quo

1842 5589 2022 5642 furore
2048 5583 2435 5655 abriperentur,
2465 5603 2586 5640 cum
2619 5586 2741 5638 talia
2779 5583 3036 5637 sacriﬁcia
3079 5583 3419 5653 peragerent,

1843 5668 1896 5711 et
1924 5673 2082 5724 quam
2115 5657 2275 5722 impie
2303 5671 2365 5708 ac
2393 5657 2553 5708 stulte
2583 5657 2634 5707 in
2664 5671 2722 5708 se
2752 5655 2898 5722 ipsos
2925 5655 3205 5719 saevirent,
3235 5664 3295 5708 ut
3323 5655 3423 5708 fair

1842 5743 1912 5781 sa:
1938 5725 2200 5781 divinitati
2231 5725 2488 5779 honorem
2519 5733 2853 5790 praestarent.
