3896 6250
499 287 605 346 7'65

1698 285 1752 340 S.
1796 281 2037 339 MAXIM
2073 277 2520 337 TAURINENSIS

3661 273 3782 329 736

1880 393 2148 456 81111Μο
2188 394 2346 456 CIII.

1661 493 1741 549 De
1761 495 2078 577 speculatore
2105 493 2272 562 posita
2297 492 2422 562 ﬁliis
2452 489 2638 545 Israel.

1938 579 2327 635 ADIONITIU.

579 676 741 747 659
766 673 956 732 Exstat
976 677 1030 732 in
1057 673 1276 732 laudato
1297 672 1484 728 codice
1512 670 1889 736 Ambrosiano,
1917 669 2218 738 legiturque
2241 667 2384 737 apud
2411 666 2758 723 luratorium
2783 674 2893 722 tom
2921 667 2988 722 IV
3020 668 3378 734 Aneedotor.,
3399 682 3529 740 pag.
3569 669 3698 723 ΝΒ.

506 791 894 840 Διιευιειιτιιι.
923 815 993 825 —
1015 783 1353 848 Prtedicator,
1396 785 1438 837 si
1477 785 1689 838 noluerit
1723 783 2071 848 dissimulare,

2187 779 2329 850 scopi
2375 780 2590 849 sanguis
2633 780 2949 850 exquiritur.
2999 780 3351 851 Loquendum
3392 793 3483 840 est
3513 785 3690 853 igitur
3721 795 3777 839 et

576 857 742 917 silere,
773 856 958 917 celare,
988 863 1038 907 et
1065 855 1276 922 fratrem
1305 853 1518 923 tacendo
1537 869 1642 906 non
1668 853 1915 923 corrigit,
1942 859 2003 923 et;
2021 867 2076 904 te

575 941 680 976 non
715 923 1043 992 prtedicando
1060 919 1362 992 ieententnit.
1407 920 1769 992 Speculatores
1792 919 1825 974 ti
1857 919 2076 974 Domino

574 987 854 1057 constituti,
884 1007 988 1044 non
1014 991 1105 1044 alii
1125 1000 1244 1044 sunt
1260 990 1362 1044 nisi
1387 987 1695 1043 sacerdotes.

581 1143 851 1199 Interdum
873 1183 891 1209 ,
935 1142 1128 1198 fratres
1146 1180 1164 1208 ,
1205 1156 1330 1200 cum
1373 1139 1726 1212 prasdicamus
1743 1178 1761 1205 ,
1808 1137 2080 1208 plerisque

505 1242 686 1286 sermo
725 1239 910 1285 noster
949 1230 1162 1285 videtur
1184 1229 1449 1299 asperior,
1476 1236 1533 1284 et
1559 1242 1624 1284 ea
1649 1241 1770 1297 qua:
1787 1227 2077 1282 secundum

508 1323 745 1392 regulam
791 1322 1186 1392 prosequimur,
1234 1321 1307 1375 ita
1350 1336 1383 1375 a
1425 1318 1697 1375 nonnullis
1723 1317 2077 1388 accipiuntur,

505 1411 660 1482 quasi
701 1418 898 1466 nostrae
941 1406 1243 1465 severitatis
1282 1408 1596 1463 austeritate
1623 1411 1954 1476 promantur.
1986 1403 2079 1458 Di—

509 1510 641 1558 cunt
664 1501 806 1556 enim
832 1518 846 1553 2
876 1499 1049 1566 Quam
1087 1499 1220 1554 dure
1247 1506 1304 1553 et
1329 1512 1512 1552 amare
1537 1495 1842 1567 prmdicavit
1866 1494 2080 1564 episeo-

509 1606 609 1661 pus
629 1630 645 1652 .
673 1590 980 1660 ignorantes
1022 1587 1166 1657 quod
1204 1585 1576 1642 sacerdotibus
1598 1584 1891 1640 necessitas
1910 1582 2084 1652 major

507 1687 593 1734 est
626 1693 789 1748 quam
828 1663 1098 1732 voluntas.
1143 1674 1444 1730 Necessitas
1465 1714 1481 1736 .
1512 1673 1759 1742 inquam,
1791 1671 1974 1740 major
1999 1677 2083 1726 est

507 1765 742 1832 dicendi,
774 1781 882 1820 non
908 1762 1054 1833 quod
1075 1777 1261 1818 verum
1280 1760 1636 1832 prosequendi
1655 1758 1794 1815 desit
1813 1759 2078 1825 voluntas,

507 1855 604 1909 sed
630 1855 757 1923 quia
802 1851 1016 1920 tacendi
1059 1851 1331 1906 silentium
1374 1849 1562 1905 statuti
1588 1863 1747 1919 pana
1775 1846 2079 1918 depcllitur.

511 1943 896 1999 Necessitatem
945 1941 1196 2012 patimur,
1243 1941 1369 1995 dum
1417 1938 1692 2004 timemus,
1734 1952 1800 1993 ac
1839 1951 1936 2007 per
1978 1937 2083 1992 hoc

2177 868 2514 925 clamandum
2537 907 2554 933 ,
2605 882 2677 924 ne
2723 869 2992 924 silentium
3038 879 3280 927 nostrum
3327 873 3382 926 in
3432 873 3526 927 die
3573 873 3776 942 judidi

2177 957 2317 1016 idem
2341 969 2593 1028 peccator
2615 967 2866 1026 excuset,
2907 961 3081 1029 etqui
3107 961 3411 1017 dissimulat
3437 978 3566 1018 esse
3596 966 3777 1032 parti-

2179 1061 2307 1117 ceps
2332 1047 2652 1112 sanctitatis,
2687 1054 2817 1104 tunc
2841 1048 3045 1103 socium
3065 1050 3380 1105 criminetur
3405 1051 3634 1106 erroris
3659 1068 3675 1103 :
3709 1049 3778 1103 Et

2177 1143 2254 1201 ιιι,
2282 1135 2487 1206 inquit,
2527 1135 2607 1204 ﬁli
2647 1135 2890 1198 hominis,
2917 1137 3284 1206 ερεαιιαιοηπι
3322 1147 3372 1194 te
3407 1139 3538 1193 dedi
3591 1140 3778 1194 danai

2181 1223 2368 1280 Israel.
2418 1224 2556 1290 Quid
2581 1232 2665 1282 est
2690 1225 3030 1294 speculator?
3065 1225 3384 1296 Speculator
3409 1228 3614 1296 utique
3641 1229 3776 1282 dicio

2179 1320 2268 1366 tur
2288 1313 2380 1380 qui
2410 1314 2555 1367 velut
2583 1313 2636 1366 in
2662 1313 2892 1384 quadam
2911 1313 3125 1369 sublimi
3152 1329 3277 1370 arce
3299 1317 3644 1380 consistens.
3677 1317 3778 1370 ad-

2175 1400 2378 1469 jacenti
2403 1401 2605 1471 populo
2628 1400 2906 1472 prospicit,
2927 1417 2995 1456 ne
3015 1403 3136 1471 qu'm
3161 1403 3216 1457 in
3242 1419 3364 1458 eum
3383 1404 3574 1458 subito
3599 1404 3781 1459 hostia

2180 1490 2406 1559 obrepat
2429 1529 2445 1553 ,
2487 1489 2583 1545 sed
2625 1490 2696 1545 de
2743 1491 2837 1545 illo
2883 1491 3109 1547 sollicite
3153 1506 3336 1546 curam
3379 1505 3553 1560 agens
3568 1532 3590 1557 ,
3622 1492 3779 1563 plebs

2179 1581 2330 1652 pacis
2373 1579 2654 1636 dulcedine
2681 1581 2954 1650 potiatur;
2982 1581 3074 1650 qui
3117 1581 3165 1636 si
3201 1581 3400 1651 aliquid
3426 1583 3658 1638 adversi
3687 1598 3776 1638 re-

2180 1678 2342 1741 pente
2368 1669 2726 1739 conspexerit,
2737 1686 2864 1724 mox
2886 1669 3102 1736 indicet,
3116 1677 3428 1726 constanter
3452 1672 3774 1735 amantist,

2180 1768 2241 1816 ut
2267 1768 2320 1815 et
2349 1760 2480 1815 civis
2523 1759 2589 1814 ad
2630 1760 2923 1816 cavendum
2967 1759 3262 1830 perieulum
3306 1761 3378 1816 sit
3413 1770 3654 1832 paratus
3676 1800 3694 1826 ,
3721 1771 3776 1818 et

2182 1850 2352 1906 hostis
2393 1849 2560 1918 fugiat
2602 1848 2987 1918 deprehensus.
3028 1847 3292 1903 (laterum
3319 1849 3368 1904 si
3394 1857 3640 1919 urgente
3676 1849 3772 1904 ad-

2180 1939 2421 1995 versario
2456 1937 2766 2008 speculator
2803 1936 3255 2006 dissimulaverit,
3294 1939 3547 2002 tacuerit,
3581 1937 3773 2006 negle-

508 2034 754 2101 eogimur
797 2031 919 2102 plus
965 2043 1124 2100 posse
1166 2042 1330 2098 quam
1372 2026 1544 2094 velle,
1571 2034 1628 2082 et
1653 2024 1936 2080 metuenda
1964 2024 2083 2079 aliis
2183 2032 2323 2090 ιθι-ῑι
2341 2074 2358 2101 ,
2389 2038 2518 2088 tunc
2544 2029 2606 2086 tit
2640 2037 2699 2085 ut
2724 2029 3028 2100 inopinatus
3053 2037 3460 2099 prmoccupetur
3511 2029 3773 2099 populus.

510 2124 822 2192 ingerimus,
851 2120 979 2174 dum
1007 2117 1108 2188 ipsi
1134 2117 1294 2172 saluti
1310 2118 1539 2187 proprias
1565 2115 1928 2170 formidamus.
1957 2112 2084 2170 Hace
2112 2136 2158 2196 ιι
2183 2131 2241 2179 ει
2285 2124 2534 2179 inimicus
2577 2121 2963 2191 superveniens
3005 2120 3384 2186 debacchemr,
3429 2129 3604 2188 atque
3653 2119 3774 2174 ideo

511 2217 690 2266 autem
718 2214 802 2264 est
828 2207 1067 2264 conditio
1093 2202 1466 2278 pmdicantis,
1496 2212 1558 2260 ut
1583 2221 1691 2261 non
1718 2204 1936 2260 alterius
1957 2218 2086 2275 pec-
2188 2212 2363 2268 omnis
2398 2211 2553 2281 culpa
2580 2210 2631 2265 ei
2655 2209 2942 2264 “crinitur
2965 2209 3058 2277 qui
3098 2207 3243 2278 loqui
3279 2208 3451 2262 nolui:
3504 2215 3563 2260 ιι
3588 2207 3773 2261 ωτι-

510 2307 633 2356 cata
660 2305 840 2354 taceat
859 2335 877 2362 ,
915 2297 961 2352 si
987 2311 1084 2351 sua
1112 2297 1226 2351 vult
1250 2296 1522 2352 declinare
1545 2302 1764 2367 peccata
1783 2335 1800 2362 ,
1829 2303 1887 2350 et
1903 2309 2087 2350 emen-
2184 2309 2270 2355 ret
2296 2299 2555 2370 plurimos
2577 2339 2595 2367 ,
2633 2297 2730 2354 sed
2757 2305 2942 2353 tacere
2968 2294 3156 2350 maluit
3181 2302 3241 2350 ut
3266 2296 3468 2364 periret
3505 2295 3630 2364 ipse
3651 2310 3774 2351 eam

510 2389 605 2444 det
631 2383 969 2456 objurganda
1005 2384 1221 2440 fratrem
1238 2426 1256 2453 ,
1283 2393 1344 2440 ut
1369 2385 1423 2438 in
1450 2400 1511 2439 se
1532 2385 1702 2454 possit
1727 2399 1834 2445 non
1862 2383 2088 2453 perdere
2185 2391 2447 2461 pluribus.
2477 2387 2589 2444 llos
2623 2401 2753 2463 ergo
2789 2387 3154 2459 speculatores
3180 2400 3212 2439 a
3239 2384 3469 2440 Domino
3496 2385 3771 2440 constitu-

510 2474 870 2531 sacerdotem.
917 2471 1181 2527 Caeterum
1200 2511 1217 2539 ,
1262 2472 1311 2528 si
1353 2472 1586 2528 voluerit
1610 2470 1977 2536 dissimulare,
2008 2469 2086 2525 εἰ·
2185 2488 2304 2548 ιω,
2330 2492 2470 2547 quos
2510 2491 2631 2534 esse
2655 2477 2914 2541 dicimus,
2937 2476 3040 2530 nisi
3067 2475 3408 2531 beatissimos
3429 2475 3772 2542 Wes,

515 2567 648 2633 lere,
677 2565 875 2630 celare,
903 2571 961 2619 et
985 2564 1135 2619 illum
1160 2563 1387 2618 tacendo
1415 2579 1522 2618 non
1548 2562 1788 2631 corrigit,
1813 2569 1870 2617 et
1893 2576 1953 2616 se
1977 2578 2088 2617 non
2185 2567 2278 2636 qui
2297 2565 2447 2621 velut
2477 2566 2533 2622 in
2571 2565 2786 2621 sublimi
2807 2564 3038 2634 quadam
3064 2579 3190 2620 arce
3214 2565 3492 2634 sapientiae
3519 2565 3773 2621 collocati

512 2654 853 2725 praedicando
891 2653 1203 2709 contemnit.
1247 2652 1438 2707 Melius
1465 2660 1548 2708 est
1576 2651 1738 2720 igitur
1764 2650 2089 2721 increpando
2188 2653 2258 2707 ad
2287 2653 2568 2708 tuitionem
2588 2652 2911 2723 populorum
2929 2652 3360 2722 supervenientia
3387 2655 3532 2708 mala
3559 2656 3774 2710 eminus

512 2742 804 2797 emendare
827 2751 1112 2812 peceatum
1133 2782 1152 2808 ,
1201 2757 1364 2811 quam
1407 2741 1615 2796 silendo
1652 2739 1926 2809 peccantis
1951 2739 2087 2794 deli-
2188 2750 2483 2808 intuentur,
2531 2747 2589 2797 et
2632 2740 2808 2796 adhuc
2848 2738 3007 2807 longe
3037 2741 3198 2810 positi
3225 2741 3670 2811 conternplantur
3695 2742 3774 2796 fu.

513 2839 611 2887 cta-
630 2830 923 2900 suscipere.
957 2827 1015 2885 In
1043 2831 1148 2886 boe
1175 2831 1317 2886 enim
1346 2829 1506 2899 positi
1531 2842 1733 2893 sumus,
1755 2835 1816 2882 ut
1841 2827 1887 2882 si
1913 2826 2088 2883 delin-
2188 2836 2309 2884 tura
2349 2829 2607 2899 supplicia
2629 2869 2646 2895 ,
2693 2845 2802 2885 non
2847 2825 2990 2884 oculi
3017 2829 3250 2885 carnalis
3274 2830 3496 2898 intuitu,
3523 2830 3626 2886 sed
3649 2847 3770 2900 pru-

469 2959 474 2966 .
512 2921 802 2992 quentibus
847 2937 956 2976 non
1003 2936 1192 2977 eorum
1236 2921 1441 2975 scelera
1475 2918 1800 2982 dixerimus,
1828 2917 2090 2973 scelerum
2188 2919 2382 2974 dentize
2400 2919 2654 2990 spiritalis
2679 2916 3026 2988 aspectulEt
3045 2918 3164 2974 ideo
3184 2927 3362 2974 tacere
3390 2935 3500 2973 non
3523 2928 3772 2988 possum,

515 3012 753 3078 ipsorum
797 3009 961 3063 etiam
1008 3024 1108 3064 nos
1147 3015 1330 3064 reatus
1357 3006 1623 3076 involvat.
1653 3005 1786 3059 Nam
1808 3005 1886 3060 sic
1910 3004 2092 3073 utique
2189 3009 2284 3065 sed
2311 3000 2544 3064 Clamare
2571 3015 2854 3075 cognatm,
2875 3021 2944 3061 ne
2969 3021 3069 3076 per
3089 3006 3355 3061 silentium
3384 3020 3606 3075 gregem
3627 3006 3770 3061 Clu-i-

515 3098 648 3153 dicit
690 3097 947 3153 Dominus
986 3111 1085 3167 per
1126 3097 1482 3166 prophetam:
1525 3092 1596 3147 Et
1625 3103 1710 3162 tu,
1748 3093 1827 3163 ﬁli
1851 3093 2090 3157 hominis,
2189 3098 2260 3154 sti
2296 3097 2542 3153 diabolus
2584 3096 2758 3152 hostis
2800 3096 3034 3151 invadat.
3081 3095 3221 3152 Ecce
3243 3097 3388 3151 enim
3414 3095 3772 3165 pravideuu

515 3189 886 3258 speculatorem
926 3198 974 3244 te
1015 3189 1136 3242 dedi
1167 3188 1342 3242 domari
1389 3186 1586 3250 Israel,
1631 3194 1680 3240 et
1717 3186 1894 3240 audies
1917 3202 1982 3240 ea:
2004 3202 2094 3241 ora
2191 3186 2337 3242 diem
2359 3185 2611 3241 advenire
2629 3184 2837 3254 iudicii,
2864 3193 2922 3240 et
2947 3192 3290 3254 peccatorum
3311 3200 3502 3254 ptenas
3523 3183 3639 3253 jam
3662 3185 3772 3255 ipsa

516 3295 627 3332 nteo
649 3278 874 3343 verbum,
902 3295 1018 3332 cunt
1045 3278 1220 3331 dicam
1242 3277 1499 3347 peccaturi
1520 3291 1539 3329 :
1561 3275 1731 3328 Morte
1757 3275 2012 3337 morieris,
2043 3281 2094 3333 el
2192 3276 2519 3344 cogitatione
2550 3275 2839 3331 sancimus.
2887 3275 3075 3346 Atque
3100 3274 3223 3329 ideo
3253 3275 3638 3330 annuntiamus
3658 3276 3770 3329 uni-

517 3385 622 3422 non
650 3368 892 3440 loqueris,
923 3375 979 3420 at
1002 3375 1179 3421 caveat
1201 3365 1388 3436 impius
1408 3364 1470 3418 de
1491 3365 1573 3419 ria
1599 3380 1729 3432 tua,
1757 3365 1866 3435 ipse
1889 3363 2093 3433 iniquus
2193 3367 2386 3437 cuique
2431 3374 2490 3422 ut
2535 3375 2744 3421 avertat
2788 3381 2849 3422 se
2893 3380 2927 3419 a
2954 3366 3044 3419 via
3087 3364 3375 3434 impietatis
3400 3380 3535 3427 sum,

517 3459 575 3511 in
609 3458 879 3526 iniquitate
921 3472 1015 3511 sua
1051 3456 1316 3520 morietur,
1357 3455 1661 3524 sanguinein
1699 3462 1866 3507 autem
1893 3452 2004 3522 ejus
2030 3451 2096 3507 de
2119 3478 2166 3540 ρ
2196 3456 2510 3522 temulento,
2532 3464 2592 3512 ut
2610 3455 2957 3512 sobrietatem
2979 3455 3504 3523 sectetur,quoniam
3522 3454 3769 3510 ebrietati

518 3561 676 3599 manu
715 3553 803 3599 tua
839 3546 1106 3615 exquiram
1139 3543 1355 3614 (Ezech.
1384 3542 1485 3612 lii),
1513 3550 1570 3597 et
1595 3541 1818 3610 reliqua.
1860 3541 2095 3599 Evidens

521 3634 681 3704 plane
705 3642 764 3689 et
786 3631 1070 3688 manifesta
1098 3631 1387 3700 sententia,
1415 3646 1536 3700 qua:
1560 3631 1967 3701 speculatorem,
1997 3646 2096 3688 cur

521 3719 783 3784 tacuerit,
809 3721 1124 3788 sanguinem
1151 3720 1342 3790 polluit
1374 3718 1681 3784 criminosi;
1707 3732 1808 3773 nec
1841 3726 2093 3777 contenta

520 3815 608 3863 est
657 3807 803 3877 quod
849 3808 1078 3877 'niquum
1119 3824 1217 3866 sua
1244 3809 1464 3862 damnat
1514 3806 1797 3876 iniquitas,
1826 3807 1928 3862 nisi
1950 3815 2007 3862 et
2032 3808 2095 3862 il-

524 3898 636 3952 lum
682 3912 834 3954 reum
877 3905 1080 3953 statuat
1131 3899 1225 3967 qui
1277 3898 1517 3958 eamdem
1558 3899 1888 3968 iniquitatem
1929 3898 2101 3953 noluit

527 3987 828 4056 increpare.
879 3989 1063 4045 Videte
1106 4003 1236 4057 ergo
1279 3997 1535 4059 quantum
1579 3990 1775 4044 malum
1819 3990 1890 4045 sit
1922 3989 2098 4045 delin-

525 4076 777 4143 quentis;
822 4077 1138 4147 delinquens
1176 4079 1342 4148 660
1384 4077 1499 4146 ipse
1535 4085 1745 4147 peccat,
1765 4085 1822 4132 et
1845 4078 2098 4134 sacerdos

522 4165 722 4233 arguit.
753 4165 871 4236 Ipse
901 4182 964 4223 se
987 4168 1197 4225 delictis
1225 4168 1339 4224 suis
1359 4167 1594 4237 jugulat,
1622 4175 1680 4224 et
1702 4167 1772 4224 de
1798 4183 1959 4222 manu
1985 4169 2095 4239 epi-

2196 3562 2378 3602 comes
2397 3555 2480 3606 est
2521 3547 2736 3602 inimica
2777 3545 3020 3610 luxuria;
3052 3558 3238 3610 avaro,
3280 3551 3337 3598 ut
3363 3545 3626 3613 pecunia
3651 3560 3767 3598 suas

2197 3643 2424 3702 eroget,
2470 3649 2540 3689 ne
2583 3634 2935 3690 custodiendo
2963 3649 3089 3701 eas,
3137 3651 3244 3690 non
3270 3632 3338 3687 ad
3361 3633 3646 3699 utendum,
3676 3633 3764 3689 sed

2198 3723 2270 3779 ad
2297 3724 2577 3778 colendum
2601 3720 3070 3780 videaturbabere
3094 3724 3334 3790 divitias;
3356 3723 3604 3793 quisquis
3631 3724 3764 3779 enim

2197 3813 2346 3881 quod
2370 3813 2560 3882 diligit,
2591 3814 2698 3870 hoc
2734 3815 2868 3870 colit
2887 3854 2903 3880 ,
2936 3821 3138 3883 tuetur,
3165 3822 3224 3870 et
3246 3813 3651 3884 quodammodo
3675 3829 3763 3868 ve-

2196 3910 2436 3957 neratur.
2481 3901 2617 3958 Vide
2659 3915 2811 3969 ergo,
2858 3917 3050 3966 avare,
3101 3917 3169 3957 ne
3193 3903 3410 3956 vascula
3438 3917 3643 3956 ens:
3669 3909 3760 3954 ι

2201 3991 2294 4046 tibi
2322 3991 2518 4046 cedant
2541 4007 2642 4061 pro
2671 3991 2817 4047 idolo
2835 4029 2853 4055 .
2899 3990 3026 4045 dum
3054 3991 3139 4045 bis
3177 4006 3284 4046 non
3312 3991 3482 4045 uteris
3508 3998 3570 4045 ut
3593 3989 3759 4045 don-i-

2196 4099 2319 4150 nus,
2348 4083 2444 4139 sed
2468 4098 2534 4139 ea
2560 4083 2840 4140 recondita
2863 4080 3106 4139 custodis
3132 4090 3192 4138 ut
3216 4096 3423 4138 servus.

1897 4257 2169 4320 SERMO
2209 4259 2367 4321 CIV.

529 4353 827 4425 lnacpatio
849 4353 921 4409 ad
944 4353 1161 4428 plebeia,
1187 4364 1238 4412 et
1264 4356 1328 4412 de
1347 4372 1407 4411 ea
1431 4356 1568 4428 quod
1594 4358 1670 4411 ait
1695 4356 2301 4482 Domimﬁnguig‘bg
2323 4360 2577 4483 ,
2605 4359 2676 4423 ei,
2701 4357 2831 4414 Luc.
2855 4373 2945 4413 ru.
2979 4357 3046 4413 Et
3069 4355 3388 4411 muri-tu
3404 4353 3570 4421 nobis,
3589 4361 3640 4408 at
3664 4370 3756 4410 asa

1953 4516 2343 4572 ADMONI'I'IO.

598 4609 758 4688 θοι
785 4606 1092 4688 In_v_etnstis
1112 4602 1636 4688 ﬁcetlicibnnsusaneun
1659 4606 1847 4688 procis
1872 4608 1928 4662 in
1952 4606 2248 4688 Ierusalem
2269 4650 2285 4674 ,
2321 4608 2392 4664 90
2418 4624 2564 4688 nunt.
2592 4609 2682 4671 40,
2704 4615 2761 4662 et
2787 4604 3148 4688 pomus},
3179 4620 3242 4661 ac
3262 4611 3525 4688 prtetefea
3556 4605 3616 4688 in
3639 4605 3751 4658 Ata-

532 4671 797 4760 brosiiio
811 4686 868 4731 et
895 4675 1250 4760 Laurentiano
1276 4677 1503 4760 10.1’lut.
1533 4694 1646 4760 rw,
1671 4678 1773 4757 hic.
1784 4693 1982 4742 sermo,
1996 4671 2307 4760 _et-titulum
2330 4693 2490 4760 quem
2513 4679 2725 4746 damus,
2754 4684 2813 4733 et
2847 4674 3062 4730 Maximi
3082 4671 3284 4732 nomen
3303 4671 3542 4746 prafert.
3572 4673 3753 4741 Quan-

533 4747 721 4802 obrem
749 4745 865 4814 ejus
897 4755 1172 4801 auctorem
1207 4760 1313 4801 non
1341 4746 1502 4801 fuisse
1530 4746 1888 4810 Ambrosium,
1919 4745 2015 4802 sed
2042 4745 2329 4802 Maximum
2349 4745 2672 4817 judieamus.

535 4859 921 4942 Διιιξριιξιιτυι.
935 4891 1020 4942 ⁸-
1039 4858 1369 4942 8ιιρειχ1ιωιιι
1382 4860 1525 4942 forte
1549 4867 1626 4942 est
1639 4898 1656 4924 ,
1693 4859 1881 4942 inquit.
1895 4868 2100 4941 sanctus
2129 4871 2184 4932 Ι)
2205 4875 2314 4914 non
2340 4859 2552 4930 elargiri
2571 4859 2767 4930 sacpius
2785 4873 3092 4914 sermonum
3109 4856 3407 4914 celestium
3423 4862 3755 4914 sacram.

607 4927 870 4998 Maximus
885 4968 900 4992 ,
929 4927 1158 4998 ingereie
1185 4927 1393 4983 Domini

606 4999 692 5065 qui
725 4996 935 5052 Domini
968 4994 1269 5051 mandatum
1310 4994 1464 5050 corde
1499 4994 1623 5051 non'
1643 4997 1845 5049 retinet.
1905 4994 2102 5049 Deinde

605 5066 818 5120 laudata
838 5083 946 5136 sac.
971 5065 1170 5136 Script.
1188 5067 1477 5136 testimonia
1495 5067 1723 5136 exponit,
1755 5074 2105 5136 postremoque

1515 4929 1600 5021 ῗέξ
1613 4929 2102 5021 Ρζξῗῇξξίίυξξξᾚξξ
2131 4929 2163 4932 “
2203 4929 2480 5020 Siquidem
2507 4929 2842 5020 nihilprosit
2863 4945 3061 5021 offerre
3083 4946 3282 5016 pabula
3308 4946 3583 5002 recusanti
3605 4953 3656 5000 et
3672 4961 3755 5016 ρο·

2205 5046 2319 5093 tum
2359 5038 2636 5109 porrigere
2673 5037 2892 5092 minime
2919 5035 3121 5092 sitienti
3143 5073 3161 5102 ,
3188 5050 3312 5091 cum
3339 5033 3393 5089 id
3417 5034 3567 5104 quod
3588 5033 3758 5090 olent

606 5138 812 5206 beatam
854 5123 1103 5190 Mariam.
1132 5134 1392 5206 Virgineus
1432 5150 1541 5189 esse
1561 5123 1766 5189 hrcar'n'
1793 5123 2105 5190 Testaménti
2207 5143 2319 5183 non
2347 5135 2456 5182 tam
2485 5127 2718 5182 libenter
2747 5126 2981 5192 hauriat,
3006 5140 3170 5196 quam
3196 5123 3473 5179 fastidiose
3499 5124 3642 5179 velut
3665 5131 3756 5177 tur-

608 5204 807 5260 scribit.

612 5315 940 5385 Frequenter
982 5314 1291 5370 studueram
1334 5313 1472 5384 apud
1517 5327 1604 5368 me
1651 5312 1822 5382 ipsum
1846 5351 1863 5377 ,
1891 5312 2105 5381 fratres,

2204 5219 2480 5274 bulentum
2508 5217 2730 5283 reddat;
2771 5227 2933 5287 atque
2960 5216 3035 5270 ita
3060 5216 3122 5271 ιιι
3146 5214 3177 5254 ³·
3207 5222 3269 5270 ιιι
3300 5215 3482 5285 poculi
3508 5215 3759 5270 sinceritas

2207 5309 2444 5375 vitietur,
2493 5316 2549 5362 et
2591 5322 2782 5362 causas
2825 5305 3006 5361 delicti
3050 5303 3358 5360 fastidiosus
3389 5310 3606 5373 potator
3628 5303 3758 5358 inve-

540 5408 856 5462 subtrahere
880 5406 1031 5460 vobis
1056 5404 1336 5462 dominicae
1364 5402 1753 5474 praedicationis
1779 5402 2011 5471 eloquia,
2041 5417 2108 5457 ac
2212 5402 2346 5457 niat.
2393 5402 2484 5457 Sic
2530 5415 2660 5470 ergo
2699 5408 2756 5457 et
2780 5401 2993 5456 caritati
3036 5407 3228 5455 vestra:
3262 5398 3515 5467 ingerere

615 5548 640 5572 ⁸
684 5538 906 5605 Vulgata
936 5537 1062 5604 legit
1105 5551 1244 5591 vers.
1297 5536 1384 5603 l7,
1427 5533 1711 5590 Cecinintus
1740 5534 1913 5601 vobis,
1941 5544 2112 5588 etnon

549 5608 796 5660 saltauit.

2288 5535 2315 5574 ι’
2352 5532 2485 5593 Cod.
2521 5536 2588 5592 l0
2615 5534 2754 5593 Plut.
2787 5551 2874 5592 xiv
2902 5534 3181 5600 Laurent..
3207 5542 3330 5589 utet
3351 5534 3554 5605 populi.
