3896 6250
83 350 182 405 73⁸1

1503 335 1730 395 8311110
1764 335 1896 392 CIV.
1986 400 1990 404 ν

3251 333 3356 402 75s

80 459 260 531 poculi
306 456 754 529 pradicatlonem
799 454 938 510 forte
981 452 1305 524 superﬂuum
1332 458 1435 514 est,
1467 465 1588 506 cum
1619 450 1671 504 id
1702 452 1748 511 Δ
1776 445 2054 502 ridiculam
2079 453 2258 514 putat,
2314 447 2391 501 sic
2409 448 2494 513 Jait
2519 445 2810 517 Apostolus
2841 463 2855 500 :
2901 447 3157 501 Animalia
3184 464 3354 502 autem

80 551 258 604 anima
308 557 497 603 vestra
547 547 743 602 clausis
785 545 1079 600 visceribus
1120 559 1226 597 non
1273 550 1385 595 tam
1431 541 1679 595 sitienter

80 639 296 693 hauriat
316 677 334 703 ,
380 651 550 705 quam
577 634 973 689 dissimulanter
1009 631 1265 686 etl'undat.
1309 629 1508 687 Fundit
1534 630 1678 682 enim

82 727 402 783 mandatum
435 725 650 779 Domini
677 724 766 792 qui
795 722 925 777 illud
950 735 1078 777 aure
1103 735 1200 776 sua
1227 717 1485 790 percipit,
1515 717 1680 773 corde

81 832 188 870 non
217 816 448 869 retinet.
481 812 540 866 ln
561 808 843 881 superﬁcie
868 810 1010 865 enim
1030 808 1259 877 quadam
1283 806 1528 874 corporis
1548 802 1680 858 illud

83 912 303 972 gestans
321 943 338 968 ,
373 917 445 955 ac
471 901 691 954 minime
719 899 787 953 ad
816 898 1071 953 interiora
1101 895 1502 961 transmittens,
1531 892 1678 962 quod

85 993 307 1057 audivit,
329 992 469 1045 dum
495 990 845 1056 obliviscitur,
875 989 1069 1044 seriem
1088 986 1483 1058 praedicationis
1510 983 1682 1040 effun-

86 1082 179 1144 dit,
212 1089 270 1136 et
299 1082 379 1134 ita
411 1080 631 1135 domum
659 1093 858 1133 vacuus
883 1077 1135 1147 repedat,
1175 1076 1268 1146 qui
1295 1075 1365 1131 de
1397 1074 1624 1130 ecclesia
1653 1084 1693 1155 ⁸-

90 1166 319 1223 onustus
349 1169 582 1228 exierat.
632 1167 804 1221 Dicite
830 1155 976 1220 enim
1015 1165 1147 1220 mihi
1164 1205 1179 1230 ,
1210 1163 1238 1203 δ
1265 1164 1384 1232 quis
1410 1163 1479 1218 de
1505 1163 1678 1223 vobis,

88 1273 209 1313 eum
258 1257 332 1311 ad
382 1257 678 1327 hospitium
717 1255 973 1322 redierit,
1003 1254 1151 1320 dicit,
1182 1254 1356 1309 Hodie
1383 1254 1684 1308 audivimus

88 1350 407 1418 episcopum
452 1347 520 1401 de
559 1346 913 1417 eleemosynis
939 1345 1321 1415 disputantem,
1349 1359 1466 1398 rem
1494 1344 1682 1398 utilem

89 1437 403 1506 pnedicavit
428 1473 446 1500 ,
473 1435 730 1490 debemus
765 1435 1086 1506 pauperibus
1111 1435 1372 1488 misereri.
1421 1433 1684 1488 Prosecu-

92 1539 174 1581 tus
199 1529 369 1582 etiam
403 1535 491 1581 est
516 1526 584 1581 de
611 1526 879 1581 idolorum
898 1525 1229 1581 exsecranda
1248 1526 1476 1592 cultura,
1504 1525 1686 1594 requi-

93 1631 272 1670 ramus
319 1631 394 1670 ne
425 1614 800 1683 ignorantibus
827 1614 982 1669 nobis
1021 1613 1076 1668 in
1104 1615 1446 1684 possessione
1497 1621 1681 1668 nostra

95 1705 163 1756 sit
193 1702 424 1758 idolum.
475 1702 767 1757 Admonuit
811 1702 973 1757 etiam
1015 1702 1270 1757 lestinare
1297 1701 1494 1757 debere
1530 1709 1680 1757 cate-

1778 537 1932 589 homo-
1957 551 2062 588 non
2079 535 2296 604 percipit
2321 551 2434 605 qua:
2462 544 2582 588 sunt
2609 537 2820 605 spiritus
2851 534 2907 606 (1
2931 534 3050 590 Cor.
3084 536 3122 605 ι)
3154 554 3170 590 :
3223 539 3354 590 stul-

1778 624 1894 678 titia
1920 624 2061 677 eim
2091 631 2173 678 est
2209 623 2304 676 illi.
2359 624 2489 678 Tale
2521 625 2663 679 enim
2690 633 2772 679 est
2798 626 2862 680 iis
2889 627 3180 695 prmdicare
3209 626 3356 694 quod

1776 712 2075 782 perfectum
2106 719 2216 775 est,
2275 713 2433 779 quale
2473 713 2516 767 si
2544 713 2847 768 mendicum
2887 716 3075 784 pannis
3104 717 3357 770 obrutum

1781 802 2082 857 boloserica
2131 803 2262 857 velis
2309 802 2529 857 induere
2549 842 2566 868 ,
2621 810 2676 859 et
2726 805 3050 859 esurientem
3096 807 3359 861 rusticum

1779 893 2027 963 placenta
2047 893 2314 947 delectare
2341 911 2354 945 :
2386 909 2603 949 necesse
2628 903 2709 948 est
2724 903 2781 948 ut
2807 896 2875 949 ab
2897 903 3124 965 utroque
3153 897 3250 950 ista
3272 913 3356 952 re-

1779 989 2001 1037 cusetur
2045 981 2266 1036 oblatio.
2315 981 2394 1035 Illi
2441 982 2582 1036 enim
2629 983 2876 1052 displicet
2918 983 3235 1048 boloscrica,
3267 985 3359 1053 qui

1782 1069 2082 1125 necessaria
2129 1070 2298 1138 magis
2324 1069 2508 1138 frigori
2549 1072 2862 1126 vestimenta
2901 1073 3204 1139 desiderat;
3235 1076 3360 1130 huic

1779 1159 2083 1228 placentum
2134 1174 2372 1213 amarum
2399 1202 2414 1228 ,
2461 1159 2587 1215 dum
2632 1176 2808 1216 escam
2854 1163 3023 1231 magis
3065 1166 3362 1221 saturitatis

1780 1248 2033 1316 exquirit.
2096 1247 2215 1326 Istis
2256 1261 2385 1316 ergo
2423 1251 2666 1318 personis
2704 1251 2988 1307 auferenda
3030 1257 3212 1322 potius
3235 1265 3360 1310 sunt

1780 1350 1900 1404 qua:
1928 1351 2034 1396 sua
2050 1344 2204 1403 sunt,
2249 1337 2388 1391 sicut
2416 1338 2490 1390 ait
2514 1336 2859 1406 Evangelium
2884 1357 2898 1393 :
2941 1340 3119 1395 Etiam
3151 1343 3208 1396 id
3226 1344 3362 1414 quod

1782 1427 1932 1481 habet
1958 1428 2220 1498 auferetur
2254 1426 2319 1480 ab
2345 1443 2406 1481 eo
2437 1426 2648 1498 (Matth.
2683 1430 2810 1499 xxv)
2837 1448 2848 1482 :
2873 1430 2977 1485 hoc
3003 1438 3087 1485 est
3112 1473 3128 1498 ,
3157 1448 3360 1501 cogen-

1783 1515 1886 1570 dus
1942 1515 2236 1571 fornicator
2293 1532 2502 1586 pannos
2545 1533 2655 1573 sum
2700 1519 3064 1589 corruptionis
3105 1522 3364 1588 abjicere,

1781 1605 2179 1674 compellendus
2220 1622 2413 1661 avarus
2458 1616 2540 1661 est
2579 1623 2773 1677 panem
2801 1625 2910 1664 suae
2936 1611 3241 1680 cupiditatis
3269 1628 3361 1667 ex-

1781 1709 2006 1766 ponere.
2057 1695 2264 1751 Vereor
2307 1705 2484 1752 autem
2508 1737 2526 1764 ,
2557 1697 2747 1754 fratres
2768 1739 2784 1764 ,
2826 1715 2894 1754 ne
2922 1701 3034 1756 hazc
3058 1704 3361 1770 evangelica

95 1793 422 1847 cbmueuum
459 1803 482 1832 ε
522 1791 590 1846 ad
635 1793 863 1860 gratiam
910 1792 1044 1858 Dei,
1085 1791 1375 1848 otleramus
1415 1791 1683 1847 familiolze
1714 1785 1943 1858 316060
1965 1785 2236 1856 plerisque
2270 1788 2337 1842 de
2367 1789 2521 1843 vobis
2547 1795 2841 1856 congruat,
2875 1805 2995 1859 Quae
3022 1792 3134 1845 ait:
3168 1793 3360 1847 Canta-

96 1888 323 1951 nostrae,
354 1890 420 1936 ut
473 1882 630 1936 fidem
669 1881 913 1951 quisquis
938 1889 1022 1937 est
1048 1881 1219 1937 ﬁdelis
1245 1882 1493 1951 accipiat,
1522 1881 1685 1952 662

100 1986 164 2024 ne
192 1971 332 2026 forte
363 1973 505 2026 ratio
533 1971 719 2026 salutis
747 1986 931 2026 eorum
961 1971 1266 2040 requiratur
1288 1986 1319 2024 a
1348 1971 1534 2034 nobis,
1560 1970 1686 2039 quia

99 2060 201 2113 vita
231 2076 424 2115 eorum
463 2069 648 2115 nostro
677 2061 878 2131 pendet
903 2061 1146 2116 arbitrio.
1186 2060 1356 2116 Nemo
1379 2062 1446 2116 de
1472 2060 1565 2116 Dei
1595 2077 1685 2116 re-

101 2148 196 2202 bus
223 2151 462 2219 cogitat,
507 2165 665 2204 nemo
694 2149 764 2205 de
791 2151 878 2205 die
898 2149 1086 2220 judicii
1121 2149 1379 2222 loquitur,
1415 2150 1569 2223 quasi
1595 2157 1688 2204 aut

105 2237 130 2276 δ
155 2255 254 2310 per
299 2242 485 2295 omnia
513 2241 701 2295 victuri
726 2280 742 2306 ,
787 2249 880 2296 aut
905 2255 1004 2310 per
1029 2239 1209 2295 omnia
1236 2241 1505 2296 morituri.
1559 2240 1687 2294 Mihi

103 2328 301 2384 credite
324 2369 344 2397 ,
397 2330 472 2383 ita
519 2329 746 2383 vivimus
771 2329 822 2382 in
849 2329 953 2383 hoc
979 2329 1176 2383 saeculo
1197 2370 1213 2396 ,
1241 2337 1302 2383 ut
1321 2342 1549 2398 corpore
1573 2343 1690 2383 mo-

104 2416 341 2480 riamur;
395 2417 471 2470 ita
509 2416 787 2482 morimur,
805 2423 866 2470 ut
890 2416 1088 2470 rationi
1112 2416 1395 2470 reddenda:
1417 2417 1682 2471 vivamus.

107 2505 330 2559 Moritur
353 2507 569 2560 interim
599 2507 793 2570 homo,
823 2506 916 2560 sed
952 2513 1165 2560 actuum
1189 2520 1348 2559 causa
1380 2521 1487 2560 non
1516 2504 1686 2558 mori-

105 2601 225 2647 tur:
257 2595 476 2649 vlvente
503 2603 683 2648 autem
705 2609 896 2659 causa,
934 2607 1156 2648 necesse
1189 2600 1274 2647 est
1296 2599 1356 2646 ut
1383 2607 1556 2646 causa:
1578 2606 1687 2646 suae

106 2697 334 2753 persona
362 2702 474 2740 non
507 2685 676 2752 desit,
707 2679 846 2739 sicut
872 2685 946 2738 ait
970 2683 1235 2754 propheta
1259 2701 1272 2737 :
1305 2682 1438 2737 Ecce
1467 2683 1616 2737 homo
1639 2692 1688 2737 et

107 2790 256 2842 opera
282 2776 421 2844 ejus.
471 2774 758 2829 Volueram
803 2786 933 2841 ergo
975 2772 1294 2826 subtrahere
1338 2772 1490 2826 vobis
1510 2771 1685 2825 domi-

110 2863 236 2916 nica:
261 2863 659 2934 pradicationis
684 2861 895 2930 eloquia
914 2902 930 2929 ,
969 2876 1077 2915 non
1105 2859 1252 2929 quod
1281 2859 1450 2914 iratus
1470 2859 1575 2913 hoc
1601 2858 1684 2911 fa-

111 2965 276 3006 cerem
304 2993 320 3019 ,
369 2952 465 3006 sed
511 2959 569 3005 ut
595 2950 958 3017 evangelicam
995 2947 1314 3003 sententiam
1337 2946 1683 3002 custodirem.

113 3041 195 3095 Ait
221 3043 364 3097 enim
394 3042 650 3097 Dominus
675 3058 689 3093 :
723 3039 823 3104 Qui
853 3040 1032 3105 habet,
1059 3038 1267 3092 dabitur
1285 3038 1332 3090 ei
1349 3078 1365 3101 ,
1392 3046 1440 3089 et
1467 3037 1550 3106 qui
1580 3052 1683 3088 non

1784 1875 1946 1927 vim:
1973 1872 2130 1939 vobis,
2153 1884 2202 1928 et
2225 1891 2327 1930 non
2342 1877 2602 1941 sattastis;
2627 1877 3093 1946 lamentavimus,et
3111 1897 3212 1936 non
3241 1883 3358 1952 pln-

1785 1967 1937 2019 rastis
1967 1964 2114 2036 (Luc.
2147 1967 2264 2037 vu).
2314 1967 2704 2023 Annuntiamus
2732 1983 2861 2036 ergo
2887 1970 3040 2026 vobis
3077 1973 3227 2038 regni
3253 1989 3359 2028 cm-

1784 2054 1933 2110 lestis
1958 2057 2226 2125 gaudium,
2249 2065 2302 2112 et
2323 2059 2542 2112 minimc
2564 2059 2724 2114 corda
2748 2068 2924 2114 vestra
2952 2070 3099 2115 motu
3128 2063 3361 2131 quodam

1786 2144 2077 2199 alacritatis
2108 2147 2394 2200 exsultant.
2429 2155 2452 2184 ο
2485 2146 2895 2204 Praedicavimus
2913 2151 3065 2205 triste
3080 2151 3361 2220 judicium,

1785 2240 1840 2287 et
1886 2233 2072 2288 scnsus
2116 2236 2279 2290 vestri
2325 2236 2390 2290 ad
2435 2237 2805 2305 paenitentiam
2850 2239 2904 2294 in
2950 2239 3212 2312 lacrymas
3252 2260 3360 2299 non

1784 2332 2160 2394 prorumpunt.
2199 2324 2531 2382 lnﬁdelitatis
2573 2328 2717 2383 enim
2761 2343 2928 2397 genus
2963 2338 3046 2386 est
3084 2333 3137 2386 in
3166 2333 3360 2388 divinis

1784 2416 1944 2470 rebus
1989 2432 2089 2472 nec
2135 2418 2364 2485 gaudere
2409 2420 2708 2489 prosperis,
2757 2437 2857 2477 nec
2892 2422 3020 2478 ﬂere
3048 2426 3355 2478 contrariis.

1783 2501 2134 2559 Saltationem
2161 2520 2289 2572 ergo
2315 2523 2347 2561 a
2372 2509 2522 2562 vobis
2550 2510 2773 2579 requirit
2794 2509 3051 2566 Dominus
3076 2554 3092 2580 ,
3122 2529 3229 2567 non
3254 2515 3358 2568 uti-

1784 2605 1889 2658 que
1915 2592 2116 2647 sinuosi
2143 2594 2532 2650 volubilitatem
2561 2598 2820 2666 corporis,
2849 2599 2942 2654 sed
2964 2601 3274 2655 cxtollentis
3300 2617 3360 2656 so

1786 2679 1907 2735 ﬁdei
1933 2682 2289 2736 sanctitatem.
2333 2683 2483 2739 Sicut
2512 2686 2653 2738 enim
2683 2685 2773 2754 qui
2803 2688 3153 2756 corporaliter
3180 2689 3361 2756 saltat,

1785 2782 1927 2826 nunc
1973 2772 2025 2826 in
2073 2788 2200 2828 aere
2229 2774 2584 2843 suspenditur.
2635 2791 2774 2831 nunc
2802 2777 2870 2831 ad
2892 2777 3081 2832 altiora
3104 2778 3361 2847 jactatur,

1784 2875 1926 2915 nunc
1953 2861 2173 2916 alternis
2201 2863 2424 2918 saltibus
2452 2864 2568 2918 loca
2608 2865 2818 2920 diversa
2860 2866 3168 2932 collustrat;
3201 2869 3274 2922 ita
3304 2875 3360 2923 et

1783 2953 1875 3022 qui
1898 2952 2248 3022 spiritualiter
2292 2954 2491 3020 saltat,
2538 2955 2929 3012 interveniente
2958 2956 3090 3024 (ide,
3116 2960 3280 3014 modo
3307 2961 3361 3014 in

1783 3041 1921 3095 aeris
1948 3040 2329 3098 sublimitatem
2352 3042 2587 3112 erigitur,
2626 3046 2789 3100 modo
2814 3046 2881 3100 ad
2910 3046 3143 3101 siderum
3172 3049 3361 3105 altiora

113 3134 275 3203 habet,
297 3135 355 3188 id
368 3135 504 3204 quod
521 3132 669 3186 habet
681 3134 941 3204 auferetur
967 3131 1030 3184 ab
1052 3147 1112 3185 eo
1128 3128 1340 3202 (Matth.
1361 3144 1488 3193 nv,
1509 3125 1680 3180 Marc.
1707 3133 1754 3194 C
1789 3131 1808 3171 ί
1843 3134 2064 3198 tollitur,
2095 3134 2258 3205 665.
2281 3135 2441 3189 modo
2479 3136 2704 3191 diversis
2729 3138 3114 3205 cogitationum
3139 3140 3360 3195 saltibus

113 3221 439 3292 tv).llabenti
467 3235 596 3290 ergo
609 3220 722 3276 dari
738 3222 920 3290 jussit,
944 3229 999 3274 et
1013 3235 1120 3274 non
1137 3218 1354 3273 habenti
1379 3233 1486 3272 non
1510 3216 1684 3271 solum

115 3327 218 3367 non
231 3311 369 3381 dari,
385 3311 482 3368 sed
499 3313 658 3367 etiam
681 3311 732 3364 id
749 3309 894 3380 quod
909 3309 1071 3363 habet
1091 3307 1306 3361 auferri.
1323 3306 1450 3372 Quae
1469 3313 1687 3360 senten-

114 3404 180 3456 tia
195 3393 462 3474 superﬂua
473 3403 694 3458 forsitan
708 3402 860 3457 vobis
870 3402 1080 3455 videtur
1101 3417 1116 3465 ;
1145 3414 1246 3468 ego
1257 3407 1436 3452 autem
1448 3397 1571 3451 dico
1594 3411 1684 3451 re-

115 3503 197 3549 cte
231 3510 293 3551 ac
313 3496 588 3565 sapienter
618 3493 899 3548 Dominum
932 3490 1268 3562 praecepisse.
1301 3488 1529 3543 Habenti
1556 3500 1685 3554 ergo

116 3584 320 3651 iubetur
330 3585 468 3639 dari.
499 3583 730 3639 Meretur
754 3582 913 3652 plane
932 3579 1292 3650 accipere,qui
1315 3578 1684 3642 italaboravit,

119 3681 173 3724 ut
190 3672 402 3742 propria
431 3671 786 3726 sollicitudine
813 3668 1005 3722 anima:
1032 3683 1140 3722 sua:
1155 3666 1370 3720 divitias
1385 3666 1688 3735 spirituales

117 3761 445 3828 acquireret:
477 3769 536 3814 ut
559 3766 718 3830 putas
741 3757 861 3827 quis
888 3757 1230 3811 continentiae
1259 3755 1380 3809 torti
1409 3754 1687 3824 proposito

118 3848 269 3916 «epit
298 3849 630 3904 castimoniae
649 3846 921 3901 custodire
940 3845 1213 3911 virtutem,
1246 3851 1485 3897 meretur
1503 3842 1687 3895 audire

117 3947 229 4000 quae
253 3937 513 3991 castitatis
541 3935 901 3990 remuneratio
929 3935 996 3988 sit
1026 3933 1200 3988 futura
1218 3972 1234 3999 ,
1289 3941 1349 3988 ut
1374 3933 1442 3987 ad
1469 3933 1684 3987 virtutis

119 4023 502 4079 observantiam
529 4023 727 4078 addens
770 4023 1216 4077 remunerationis
1261 4022 1516 4093 gloriam,
1564 4020 1689 4076 faci-

121 4113 214 4167 lius
234 4115 402 4183 possit
426 4129 658 4185 pugnam
685 4129 844 4184 quam
864 4114 1026 4182 cmpit
1045 4120 1294 4166 atterere.
1329 4113 1476 4167 Alius
1495 4111 1563 4164 ad
1585 4111 1686 4166 mi-

117 4204 452 4259 sericordiam
479 4212 760 4273 promptus
786 4203 946 4258 debet
977 4202 1163 4256 audire
1215 4201 1338 4271 quia
1369 4200 1470 4269 ipsi
1516 4201 1683 4254 mise-

119 4293 311 4349 rebitur
327 4285 518 4360 ‘Deus;
545 4303 602 4348 et
629 4295 720 4362 qui
748 4295 888 4348 hanc
912 4301 1179 4347 terrenam
1198 4291 1547 4345 substantiam
1576 4305 1685 4344 cm-

122 4382 330 4439 lestibus
346 4385 548 4439 divitiis
578 4383 912 4453 repensavit,
939 4397 1160 4436 necesse
1182 4389 1265 4435 est
1292 4387 1352 4434 ut
1379 4381 1683 4434 auscultans

1785 3223 2090 3291 paradisum
2123 3224 2422 3291 cmlumque
2445 3224 2743 3284 collustrat.
2792 3223 2858 3278 Et
2886 3224 3023 3283 sicut
3047 3227 3138 3294 qui
3167 3242 3359 3295 corpo-

1785 3311 1971 3366 raliter
1997 3312 2193 3377 saltat,
2215 3312 2549 3366 volubilitate
2589 3311 2949 3365 membrorum
2984 3327 3042 3366 se
3078 3328 3357 3376 exercens,

1785 3415 1974 3472 gyrum
1999 3402 2098 3457 sibi
2125 3403 2424 3457 saltationis
2449 3402 2696 3471 acquirit,
2719 3402 2793 3456 ita
2820 3410 2874 3457 et
2896 3403 2987 3470 qui
3013 3404 3360 3472 spiritualiter

1784 3491 1983 3558 saltat,
2033 3490 2154 3546 ﬁdei
2185 3492 2460 3545 alacritate
2487 3506 2546 3546 se
2572 3507 2824 3559 movens,
2855 3506 3039 3563 gyrum
3068 3494 3166 3547 sibi
3197 3495 3362 3550 totius

1786 3581 1935 3635 orbis
1955 3581 2194 3636 assumit.
2229 3580 2437 3634 Saltent
2464 3587 2639 3634 autem
2664 3581 2931 3646 homines,
2955 3581 3090 3636 sicut
3109 3598 3226 3637 mos
3255 3592 3361 3652 est,

1779 3668 1842 3723 in
1886 3669 1996 3723 suis
2023 3669 2161 3724 votis
2184 3709 2198 3733 ,
2249 3669 2351 3722 hoc
2397 3674 2481 3723 est
2526 3668 2725 3736 nuptiis
2761 3666 3030 3738 praecipue
3058 3672 3360 3730 saltarech

1785 3772 2018 3823 canere,
2062 3756 2202 3812 unde
2248 3765 2304 3811 et
2347 3773 2447 3811 nos
2491 3756 2751 3810 habemus
2797 3758 3002 3811 votivas
3030 3759 3272 3827 nuptias,
3307 3761 3365 3815 in

1785 3849 1979 3917 quibus
2008 3849 2204 3902 saltare
2229 3847 2316 3902 vel
2344 3861 2540 3901 canere
2567 3846 2878 3901 debeamus.
2927 3847 3062 3900 Vota
3091 3849 3234 3902 enim
3260 3866 3360 3903 no-

1784 3944 1894 3991 stra
1923 3937 2280 4002 celebrantur,
2310 3935 2524 4004 quando
2550 3935 2764 3990 Christo
2791 3933 3026 3991 Ecclesia
3057 3939 3358 4006 copulatur,

1783 4027 1925 4081 sicut
1962 4027 2036 4080 ait
2079 4025 2344 4080 Joannes:
2395 4024 2496 4088 Qui
2539 4025 2690 4079 habet
2714 4042 2988 4093 sponsam,
3033 4045 3248 4098 sponsus
3286 4040 3364 4083 est

1787 4116 1964 4187 (Joan.
1989 4116 2087 4184 ιιι).
2126 4115 2353 4184 Propter
2377 4117 2471 4170 has
2493 4130 2620 4185 ergo
2647 4116 2858 4185 nuptias
2884 4117 3081 4171 saltare
3112 4134 3211 4172 nos
3238 4135 3362 4174 con-

1785 4207 1952 4259 venit.
1981 4205 2255 4273 Siquidem
2284 4206 2446 4260 David
2478 4221 2571 4259 rex
2599 4206 2801 4274 pariter
2833 4213 2890 4258 et
2907 4208 3193 4276 prepheta,
3226 4209 3357 4263 dum

1785 4295 1948 4349 multa
1976 4296 2266 4360 cecinerit,
2307 4303 2433 4350 ante
2478 4309 2659 4349 arcam
2710 4298 3017 4350 testamenti
3057 4299 3216 4351 etiam
3249 4299 3358 4353 sal-

1785 4396 1928 4442 tasse
1973 4387 2179 4441 dicatur
2226 4385 2315 4455 (II
2345 4386 2474 4456 Reg.
2503 4385 2598 4456 vi).
2658 4384 2842 4440 Elates
2882 4388 3024 4440 enim
3063 4388 3260 4455 gaudio
3305 4389 3362 4442 in

129 4472 507 4528 vicissitudines
533 4472 830 4527 caelestium
846 4471 1184 4540 prtemiorum
1198 4470 1498 4540 promptior
1524 4484 1588 4523 ac
1613 4469 1680 4521 li-
1710 4481 1758 4539 D
1783 4476 2123 4530 saltationem
2171 4474 2434 4544 prorupit.
2499 4472 2836 4527 Praavidebat
2879 4477 3019 4529 enim
3066 4478 3120 4529 in
3168 4478 3359 4546 spiritu

123 4561 321 4618 bentior
358 4579 495 4635 opus
522 4562 732 4616 Domini
759 4568 1147 4631 prosequatur,
1203 4567 1258 4613 et
1279 4559 1347 4613 ad
1375 4558 1678 4612 misericor—
1782 4561 2004 4616 Mariam
2032 4562 2098 4616 de
2127 4563 2366 4631 germine
2402 4576 2502 4645 suo
2528 4562 2726 4617 Christi
2764 4563 3000 4618 thalamo
3026 4565 3358 4621 sociandam.

124 4653 215 4706 dia:
249 4654 390 4722 quod
432 4653 596 4709 habet
630 4653 830 4706 bonum
876 4649 1136 4717 largitatis
1177 4648 1338 4702 addat
1387 4661 1681 4714 angumen-

1789 4652 1936 4706 Unde
1965 4652 2039 4705 ait
2061 4669 2077 4704 :
2119 4651 2188 4704 Et
2215 4652 2322 4720 ipse
2342 4661 2582 4722 tanquam
2605 4667 2822 4721 sponsus
2850 4655 3126 4722 procedant
3150 4654 3212 4706 de
3243 4656 3362 4706 tha-

122 4747 225 4794 tum
248 4760 260 4794 :
288 4742 407 4797 ideo
433 4743 510 4796 ait
528 4741 819 4795 Dominus:
849 4741 933 4810 qui
955 4738 1102 4793 habet
1125 4738 1326 4792 dabitur
1352 4737 1420 4802 ei,
1448 4737 1553 4791 hoc
1576 4744 1678 4802 est,
1783 4742 1920 4795 tanta
1949 4757 2040 4794 suo
2063 4740 2233 4806 (Paul.
2271 4741 2436 4809 xvm).
2467 4741 2591 4794 ideo
2620 4741 2734 4809 ipse
2760 4756 2870 4809 pra:
2891 4743 3098 4798 caeteris
3127 4745 3360 4813 prophe-

122 4830 206 4896 qui
231 4831 375 4887 dives
401 4832 563 4886 fuerit
584 4831 739 4885 bonis
767 4813 1039 4900 operibus,
1069 4829 1156 4884 hic
1182 4829 1352 4897 magis
1379 4828 1683 4896 evangelica

123 4919 486 4986 pmdicatione
531 4921 745 4975 ditetur.
798 4918 1061 4973 Caeterum
1099 4919 1145 4973 si
1193 4919 1500 4973 fornicatori
1549 4934 1684 4988 pra:-

126 5009 257 5064 dices
279 5012 435 5082 363
468 5018 526 5065 et
546 5011 693 5064 dicas
720 5009 864 5079 quod
889 5009 1040 5078 virgo
1068 5010 1226 5063 debet
1253 5024 1597 5078 permanere;
1631 5018 1686 5063 et

127 5112 308 5167 avaro,
347 5101 494 5173 quod
521 5101 700 5156 omnia
730 5115 826 5154 sua
854 5099 1153 5155 distrahere
1177 5101 1371 5154 debeat
1399 5108 1559 5167 atque
1584 5100 1683 5154 do-

132 5201 272 5257 nare,
317 5191 542 5256 stultitia
583 5187 658 5244 illi
686 5196 789 5244 est.
846 5187 994 5244 Hanc
1032 5197 1211 5244 autem
1253 5188 1684 5258 praedicationem

201 5375 225 5438 ξ
410 5369 692 5438 Laurent.,
721 5367 1178 5438 injustusezierat.

200 5433 224 5473 δ
252 5436 388 5506 idem
412 5439 536 5495 cod.
569 5433 859 5506 Laurent,
878 5437 989 5506 quis
1013 5435 1077 5506 de
1097 5434 1276 5487 vestris
1299 5450 1433 5506 eunt,
1465 5442 1571 5506 etc.

160 5516 222 5591 ,_°
447 5507 506 5562 S.
537 5507 723 5562 Crucis
752 5506 804 5562 in
833 5502 942 5560 Jer.
972 5513 1028 5559 et
1055 5503 1305 5558 Laurent.
1337 5502 1424 5570 10,
1460 5505 1528 5555 ad
1560 5518 1682 5572 gra-

140 5577 247 5626 tiam
274 5577 408 5645 ﬁdei.

199 5641 222 5680 ἀ
253 5644 325 5700 ita
354 5648 473 5704 cod.
503 5646 559 5702 S.
599 5646 785 5702 Crucis
829 5645 883 5698 in
912 5641 1046 5707 Jer.,
1078 5659 1167 5711 per
1193 5644 1364 5696 omnia
1388 5642 1566 5694 victuri
1596 5656 1684 5692 su-

1786 4834 1975 4887 tiarum
2003 4832 2308 4887 auctoribus
2335 4831 2453 4900 plus
2481 4831 2713 4885 cantavit
2737 4874 2752 4899 ,
2800 4832 2924 4900 quia
2953 4832 3124 4886 laetior
3153 4835 3363 4888 cunctis

1786 4937 1884 4991 per
1903 4922 2018 4975 haec
2043 4920 2232 4988 gaudia
2260 4935 2386 4974 suos
2410 4927 2657 4988 posteros
2677 4921 2996 4988 conjugabat
3012 4963 3026 4985 ,
3060 4929 3115 4975 et
3142 4922 3208 4975 ad
3235 4939 3364 4991 pro-

1788 5012 1903 5083 pria
1931 5018 2056 5065 vota
2085 5011 2244 5065 solito
2272 5009 2477 5063 dulcius
2506 5010 2734 5064 invitans
2757 5052 2772 5078 ,
2811 5010 2992 5064 docuit
3018 5027 3116 5064 nos
3146 5011 3274 5080 quid
3306 5013 3363 5067 in

1791 5099 1918 5170 ipsis
1943 5099 2142 5167 nuptiis
2166 5097 2340 5151 facere
2365 5106 2388 5142 8
2418 5095 2766 5160 deberemus,
2797 5111 2920 5151 cum
2943 5097 3031 5149 ille
3059 5106 3184 5150 ante
3224 5113 3362 5167 nup-

1790 5192 1893 5245 tias
1920 5197 2063 5244 tanta
2092 5181 2448 5244 exsultatione
2474 5186 2750 5241 saltaverlt
2788 5193 2914 5241 ante
2964 5200 3164 5240 arcam.
3219 5185 3362 5256 Ergo

1791 5384 2060 5489 wished.
2086 5433 2142 5488 S.
2171 5433 2357 5486 Crucis
2386 5432 2438 5487 iu
2466 5430 2603 5495 Jer.,
2635 5430 3008 5483 Pratdicamus.

1864 5505 1883 5547 τ
1931 5505 2160 5572 Uterque
2188 5503 2311 5572 cod.
2337 5500 2393 5553 S.
2419 5499 2608 5572 Crucis
2632 5500 2683 5551 in
2709 5499 2844 5572 {et},
2876 5497 3181 5549 sustollitur.

1865 5585 1888 5623 α
1929 5565 2158 5629 Οοά.’90
2187 5572 2242 5625 S.
2276 5570 2459 5624 (Irucis
2479 5569 2529 5622 in
2551 5565 2687 5634 Jer.,
2717 5565 3008 5619 debeamus.
