3896 6250
537 309 641 364 739
1736 321 1794 376 S.
1836 323 2078 378 MAXIM!
2119 323 2564 380 TAURINENSIS
3688 333 3714 383 Ἰ
3726 328 3774 385 i6

531 422 749 477 saltavit
777 426 1032 494 propheta
1082 427 1247 482 David
1295 438 1418 481 ante
1465 444 1662 483 arcam.
1712 431 1900 485 Arcam
1923 440 2103 485 autem
2134 446 2177 500 Α
2206 432 2463 496 habebat;
2507 434 2618 487 lucc
2649 443 2672 471 ι·
2705 433 2934 489 Verbum
2984 451 3202 501 verum;
3257 447 3446 493 tamen
3496 453 3614 492 arca
3656 441 3773 492 intus

537 514 664 583 quid
709 515 808 568 nisi
851 515 909 570 S.
952 515 1169 570 Mariam
1214 519 1536 573 dixerimus?
1577 520 1860 588 Siquidem
1877 536 1998 576 arca
2029 523 2107 576 in-
2214 519 2449 589 forisque
2477 523 2593 575 auri
2627 522 2803 578 nitore
2838 524 3108 591 radiabat;
3147 528 3246 581 sed
3287 536 3346 581 et
3375 527 3434 580 S.
3472 527 3631 581 llaria
3661 529 3774 581 inus

538 604 798 658 trinsecus
840 606 1090 673 portabat
1135 610 1440 662 testamenti
1463 609 1687 673 tabulas,
1734 609 1896 663 Maria
1926 620 2106 666 autem
2210 609 2448 680 forisque
2479 612 2796 680 virginitatis
2829 614 3118 683 splendore
3142 616 3412 686 fulgebat.
3465 617 3558 671 llla
3588 625 3773 672 terra»

538 693 703 762 ipsius
730 698 1032 750 testamenti
1053 699 1295 766 gestabat
1321 700 1604 754 hmredem.
1647 701 1739 754 llla
1771 701 1907 755 intra
1933 712 2107 757 semet
2211 701 2504 756 ornabatur
2525 717 2678 769 auro,
2710 702 2810 759 ista
2838 705 3062 761 caelesti.

537 782 706 851 legem
729 825 746 851 ,
785 787 897 842 haec
939 786 1284 856 Evangelium
1314 789 1600 843 retinebat.
1651 788 1745 842 illa
1785 788 1880 843 Dei
1916 804 2103 844 vocem

1945 896 2212 958 SERMO
2251 899 2375 960 CV.

1779 1055 1784 1060 _
1809 993 1886 1049 De
1913 996 2075 1050 calice
2101 1014 2248 1068 aqua:
2276 1000 2500 1071 frigide.

1969 1125 2361 1183 ADMONITIO.

539 1284 551 1296 .
604 1216 765 1285 665
787 1214 908 1297 line
928 1228 1096 1297 usque
1123 1213 1341 1294 mutilus
1363 1213 1532 1297 iacuit
1558 1214 1646 1270 hic
1672 1230 1849 1297 sermo
1879 1215 2109 1297 intomo
2136 1217 2203 1270 ιν
2234 1221 2521 1297 Anecdot.,
2547 1237 2706 1297 quem
2729 1223 2841 1297 ipse
2868 1225 3043 1297 editor
3070 1225 3401 1281 Muratorius
3431 1229 3778 1297 imperfectum

537 1284 589 1367 in
620 1282 928 1367 pervetus-to
953 1282 1306 1367 Ambros‘iapio
1322 1284 1521 1367 “codice
1543 1299 1662 1337 cum
1689 1285 1806 1367 aliis
1825 1285 2004 1367 multis
2033 1297 2322 1365 repercrat.
2355 1282 2547 1367 Deerat
2564 1282 2648 1367 illi
2674 1282 2990 1367 principium
3008 1311 3178 1367 usque
3202 1297 3269 1348 ad
3301 1298 3391 1350 illa
3415 1282 3580 1352 verba
3611 1282 3777 1367 diligit,

536 1363 584 1405 et
601 1345 939 1413 emnmendat,
966 1352 1110 1432 quod
1133 1361 1191 1404 ut
1216 1352 1292 1406 illi
1321 1345 1684 1434 restituamus,
1716 1351 1976 1407 beneficio
2001 1345 2303 1423 accepimus
2323 1373 2352 1411 a
2383 1345 2815 1415 clarissimo'Ste
2839 1345 2989 1416 nisi;
3007 1345 3780 1434 abigis—53él'idﬁi‘dé'riil

536 1433 655 1483 pag.
689 1421 817 1475 Fide
844 1437 875 1473 a
903 1423 1154 1474 Secretis.
1186 1420 1236 1475 ls
1261 1436 1402 1475 entm
1435 1429 1694 1483 Integrum
1725 1422 2134 1483 absolutumque
2161 1425 2405 1478 eumdem
2437 1429 2575 1480 eruit
2605 1444 2673 1483 ex
2710 1379 2833 1483 cod:
2867 1430 3242 1483 Beneventano
3275 1450 3352 1483 ιιι-
3385 1449 3510 1483 nan-
3544 1436 3662 1483 118-
3693 1438 3780 1483 hoc

536 1433 655 1503 pag:
689 1421 817 1502 Fide
844 1437 875 1473 a
895 1417 1154 1503 .Secretits.
1186 1420 1236 1475 ls
1261 1417 1694 1503 enimjntégrum
1714 1417 2145 1503 absolutumque
2161 1425 2416 1503 eumdem
2437 1429 2575 1503 eruit
2605 1444 2673 1483 ex
2710 1417 2832 1484 cod.
2867 1417 3242 1488 Beneventano
3274 1417 3352 1501 tn,
3385 1417 3782 1502 pagi—Hine:

537 1489 692 1545 titulo
719 1490 1023 1558 insignitum
1050 1508 1063 1542 :
1097 1489 1280 1544 Sermo
1305 1490 1366 1543 S.
1399 1489 1617 1543 Mummi
1644 1493 1868 1560 episcOpi
1892 1491 1957 1544 de
1983 1494 2144 1545 calice
2171 1509 2320 1562 aqua
2348 1497 2574 1567 frigidm.

540 1616 1026 1697 Aacuuanynu._—
1052 1617 1312 1697 Caelestem
1341 1617 1623 1697 mercedem
1647 1616 1784 1671 Deus
1823 1621 1977 1697 etiam
2017 1637 2112 1697 pro
2218 1625 2656 1696 gazophylacium
2685 1627 2792 1683 duo
2830 1645 2934 1684 mra
2980 1631 3179 1685 minuta
3217 1634 3495 1697 mittebat,
3529 1634 3782 1690 dominica

607 1702 756 1752 aqua
782 1687 988 1755 frigidae
1014 1687 1194 1755 poculo
1235 1687 1576 1753 repromittit;
1605 1688 1784 1751 inopes
1821 1687 2032 1751 invitat,
2062 1695 2111 1740 et

606 1755 789 1824 incitat
818 1753 1120 1824 locupletes;
1150 1771 1254 1808 non
1281 1755 1462 1824 quierit
1497 1757 1723 1824 muneris
1753 1759 1991 1824 pretium,
2020 1757 2113 1810 sed

2228 1715 2484 1768 sententia
2515 1716 2722 1770 cunctis
2751 1727 2830 1771 est
2855 1720 3070 1788 prmlata
3100 1721 3366 1775 divitibus.
3396 1721 3462 1776 Et
3492 1734 3661 1782 recte.
3692 1725 3782 1777 fra-

608 1804 1455 1893 MBiﬁﬁ’pEﬁééthéue
1495 1804 2113 1892 etiamtamen“.
2148 1833 2190 1890 Β
2221 1807 2352 1867 "es,
2399 1804 2524 1871 quia
2573 1806 2994 1893 ἓθρίθιηὶεξίωυε
3039 1807 3230 1873 διιδεῖν
3262 1828 3366 1864 non
3413 1821 3523 1865 tam
3568 1817 3783 1883 ορεηώ

608 1893 783 1961 gentia
803 1890 1055 1960 ejusmodi
1074 1890 1448 1959 promissionis.
1626 1890 1634 1892 “
2216 1893 2485 1960 qumrebat
2527 1890 2851 1950 afﬂuentiam
2879 1913 3037 1967 quam
3067 1901 3338 1967 operantis
3363 1901 3648 1955 allectum.
3689 1903 3783 1956 Nec

606 1982 854 2036 Salvator
882 1982 1099 2035 humani
1127 1980 1338 2050 generis
1368 1981 1818 2037 clementissimus
1845 1982 2002 2047 Deus,
2036 1982 2116 2036 in-
2216 1982 2547 2050 intendebat,
2576 1988 2833 2052 quantum
2869 1989 3016 2042 dives
3044 1991 3097 2043 in
3127 1991 3264 2043 dona
3297 1989 3393 2044 Dei
3437 1991 3505 2046 de
3554 1993 3784 2060 plenissi-

540 2072 961 2142 curruptibilium
989 2071 1250 2127 donorum
1282 2073 1681 2142 copiosissimus
1703 2073 2033 2139 distributor,
2058 2081 2116 2126 ut
2216 2071 2317 2125 mis
2345 2072 2456 2126 suis
2483 2073 2744 2142 proferret
2770 2076 2998 2140 mdibus,
3030 2079 3125 2131 sed
3153 2087 3385 2148 quantus
3424 2081 3571 2147 apud
3610 2081 3780 2135 mulie-

543 2161 722 2231 plures
756 2160 989 2230 reperiat
1014 2161 1208 2230 quibus
1234 2177 1329 2217 sua
1359 2177 1580 2216 munera
1605 2162 1914 2232 largiatur;
1947 2161 2117 2217 fideli-
2215 2175 2330 2215 rem
2358 2161 2546 2228 victus,
2573 2178 2690 2232 qum
2711 2165 2843 2219 nihil
2880 2167 2980 2220 sibi
3006 2168 3312 2235 reliquerat,
3340 2169 3624 2224 resideret.
3658 2171 3786 2223 Divi-

544 2253 642 2307 bus
669 2252 780 2308 suis
808 2252 1079 2308 cmlestem
1109 2252 1406 2308 mercedem
1437 2252 1600 2306 etiam
1621 2267 1720 2322 pro
1741 2267 1891 2320 aqum
1919 2250 2117 2319 frigidm
2219 2259 2301 2305 tes
2329 2253 2469 2305 euim
2500 2253 2573 2307 illi
2603 2255 2680 2309 sic
2719 2269 2912 2322 magno
2941 2255 3051 2310 Deo
3097 2255 3391 2311 offerebant
3436 2273 3681 2322 munera,
3726 2275 3786 2310 ne

544 2341 738 2411 poculo
775 2342 1098 2410 repromittit
1131 2342 1352 2396 dicens:
1389 2339 1685 2412 Quicunque
1722 2351 1895 2410 potant
1923 2341 2118 2394 dederit
2217 2341 2424 2395 divites-
2447 2357 2565 2396 esse
2593 2342 2917 2399 desinerent.
2970 2344 3176 2414 Pauper
3210 2361 3339 2399 vero
3382 2347 3601 2409 mulier,
3645 2356 3779 2400 tanta

541 2433 630 2485 nui
657 2448 721 2486 ea:
748 2433 970 2485 minimis
991 2432 1201 2486 calicem
1229 2450 1376 2503 aqua:
1396 2433 1602 2503 [rigidae
1623 2441 1819 2484 tantum
1838 2433 1892 2483 in
1913 2431 2120 2484 nomine
2220 2426 2341 2484 fidei
2370 2432 2805 2497 magnanimitate
2825 2433 2990 2487 Deum
3014 2434 3113 2487 sibi
3137 2435 3393 2503 prmtulit;
3418 2444 3476 2488 ut
3495 2435 3784 2504 despiciens

544 2542 675 2589 meo,
725 2542 874 2578 amen
924 2525 1040 2578 dico
1088 2524 1250 2589 vobis,
1299 2541 1402 2576 non
1430 2523 1606 2592 perdet
1647 2522 1926 2577 mercedem
1973 2537 2120 2574 suam
2220 2527 2511 2586 egestatem
2542 2535 2713 2584 suam,
2747 2528 2919 2574 totum
2957 2521 3100 2589 quod
3139 2521 3373 2576 habebat
3402 2521 3647 2576 offerret.
3678 2523 3787 2577 Plus

544 2612 787 2680 (Matth,
807 2612 884 2682 x).
917 2611 1228 2682 Perspicite,
1253 2610 1460 2676 fratres,
1491 2613 1615 2679 quia
1655 2611 1909 2665 Dominus
1941 2617 2124 2664 noster
2220 2621 2351 2675 ergo
2387 2609 2454 2661 ab
2479 2609 2727 2663 omnibus
2752 2610 2928 2674 misit,
2959 2610 3082 2679 quia
3111 2611 3282 2666 minus
3311 2611 3412 2665 sibi
3444 2612 3512 2665 ab
3555 2613 3789 2666 omnibus

546 2703 796 2757 minimos
841 2718 968 2758 suos
1012 2702 1303 2757 studiosius
1350 2709 1406 2757 et
1451 2701 1620 2772 diligit
1665 2709 1720 2755 et
1761 2700 2119 2754 commendat.
2224 2699 2532 2752 reservavit.
2561 2697 2662 2762 Qui
2689 2699 2906 2765 dederit,
2939 2702 3129 2769 inquit,
3151 2705 3360 2756 calicem
3389 2721 3541 2774 aqum
3575 2707 3789 2775 frigida,

544 2790 676 2846 Nam
701 2807 800 2861 pro
829 2790 917 2844 illa
939 2799 1146 2845 tantum
1175 2806 1310 2859 aqua
1341 2791 1588 2845 daturum
1616 2804 1676 2844 se
1703 2790 1930 2858 pretium
1961 2803 2122 2857 spon-
2223 2804 2328 2842 non
2376 2787 2551 2857 perdet
2597 2789 2879 2844 mercedem
2922 2806 3088 2844 suam.
3135 2791 3264 2858 Qum
3316 2794 3478 2860 igitur
3526 2795 3631 2848 sub
3661 2804 3790 2848 tanta

544 2881 664 2944 det,
695 2896 854 2951 quam
901 2881 1128 2935 servulis
1157 2879 1293 2948 ejus,
1323 2881 1414 2949 qui
1451 2881 1636 2949 utique
1681 2881 1736 2933 in
1778 2879 1883 2934 hoc
1925 2879 2125 2934 smculo
2223 2877 2444 2946 piissimi
2501 2876 2701 2933 iudicis
2728 2878 3039 2935 liberalitate
3077 2879 3190 2936 sine
3218 2883 3436 2954 prmmio
3464 2891 3649 2951 potest
3687 2900 3789 2939 esse

546 2972 749 3027 minimi
778 2979 1111 3039 reputantur,
1149 2986 1341 3024 manus
1371 2969 1617 3036 religiosa
1650 2969 1969 3038 porrexerit.
2003 2966 2081 3020 Ex
2105 2968 2124 2988 ⁶
2225 2974 2533 3035 paupertas,
2562 2968 2701 3036 apud
2741 2978 2898 3036 quem
2928 2977 2982 3024 et
3021 2984 3158 3038 aqua
3198 2970 3322 3026 facit
3365 2971 3552 3026 oblata
3602 2989 3790 3030 merce-

546 3064 659 3132 ipsa
710 3062 764 3114 lit
813 3077 951 3132 aqua
1000 3061 1382 3131 acceptabilior
1429 3060 1572 3124 Deo,
1621 3075 1740 3129 qum
1783 3057 2125 3114 credentibus
2228 3055 2389 3108 dem?
2418 3053 2706 3109 Abundans
2728 3058 2942 3126 quidem
2967 3065 3253 3129 est‘aqua,
3284 3070 3337 3114 et
3369 3061 3484 3130 ipsa
3524 3065 3613 3118 sui
3655 3065 3790 3117 inun—

545 3152 760 3206 Christo
800 3167 899 3221 pro
939 3151 1172 3206 nominis
1217 3150 1333 3218 ejus
1379 3149 1538 3203 fuerit
1576 3148 1783 3202 honore
1811 3147 2005 3201 delata.
2041 3144 2128 3199 Ait
2155 3183 2200 3245 C
2229 3142 2447 3197 datione
2475 3144 2756 3211 vilissima;
2785 3154 2842 3199 at
2868 3163 2988 3202 cum
3017 3147 3238 3202 obtentu
3263 3150 3539 3217 religionis
3561 3151 3790 3214 oﬂertur,

547 3245 747 3312 itaque,
778 3243 1090 3310 Quicunque
1118 3248 1304 3311 potum
1334 3239 1548 3293 dederit
1594 3239 1815 3293 calicem
1853 3251 2002 3304 aqum
2030 3234 2126 3289 fri-

545 3334 681 3402 gidm
701 3340 903 3386 tantum
926 3333 977 3386 in
1002 3331 1218 3386 nomine
1244 3345 1384 3383 meo.
1409 3329 1605 3383 Multos
1626 3327 1888 3390 videmus,
1912 3325 2126 3391 fratres,

550 3438 655 3476 non
687 3430 793 3474 tam
821 3421 1003 3488 gratim
1025 3420 1260 3475 cmlestis
1289 3419 1483 3472 intuitu
1511 3433 1670 3486 quam
1694 3432 1792 3470 usu
1813 3424 1866 3468 et
1895 3414 2128 3469 necessi-

549 3521 662 3566 tate
707 3510 1131 3565 conversationis
1176 3509 1444 3569 humanm,
1477 3508 1608 3572 suis,
1639 3513 1732 3558 aut
1758 3505 2125 3568 familiaribus,

549 3609 640 3656 aut
665 3600 906 3670 patronis
949 3599 1207 3669 plurimas
1235 3612 1365 3665 opes
1392 3602 1446 3649 et
1488 3592 1766 3662 magnifica
1813 3592 1956 3646 dona
1995 3607 2126 3647 con-

549 3691 708 3744 ferre.
741 3689 871 3755 Qum
898 3705 1018 3743 cum
1047 3689 1151 3742 hoc
1170 3685 1367 3740 mundo
1397 3686 1607 3753 lapsura
1646 3683 1981 3738 manifestum
2010 3689 2124 3747 est;

546 3780 673 3848 quia
708 3793 814 3832 non
844 3777 955 3832 Deo
995 3777 1048 3830 in
1093 3784 1352 3830 mternum
1395 3773 1653 3836 manenti,
1683 3771 1775 3825 sed
1815 3771 2128 3825 discessuris

547 3870 676 3924 hinc
721 3869 976 3942 continuo
1040 3865 1355 3920 mortalibus
1418 3863 1740 3916 tribuuntur.
1791 3859 2129 3929 Qumcunque

546 3961 695 4014 enim
724 3975 823 4028 pro
850 3957 1029 4013 smculi
1057 3956 1434 4010 ambitionibus
1458 3953 1853 4023 impenduntur,
1877 3967 1997 4007 cum
2025 3968 2126 4006 sm-

546 4051 675 4105 culo
704 4063 924 4104 necesse
951 4055 1033 4102 est
1059 4046 1381 4102 dilabantur.
1415 4045 1485 4098 At
1511 4059 1641 4098 vero
1664 4043 1918 4098 Dominus
1944 4051 2130 4097 noster

549 4152 849 4209 pauperum
875 4152 1093 4192 suorum
1135 4143 1297 4203 atque
1339 4133 1617 4188 humilium
1661 4133 1986 4197 consolator,
2019 4148 2126 4186 non

551 4228 866 4296 fulgentium
894 4239 1222 4293 gemmarum
1253 4223 1565 4278 illecebrosa
1594 4222 1832 4286 monilia,
1862 4237 1972 4276 non
1995 4223 2128 4277 seri-

551 4335 646 4374 cas
676 4319 1044 4388 pretiosasque
1092 4317 1294 4385 expetit
1335 4322 1532 4378 vestes,
1577 4313 1675 4368 sed
1721 4313 2124 4368 retributionem

552 4410 718 4464 etiam
748 4423 846 4478 pro
892 4422 1028 4476 aqua
1067 4407 1254 4475 frigida
1300 4406 1604 4476 pollicetur.
1634 4403 1839 4473 Aquam
1884 4403 2126 4471 frigidam

2230 3233 2356 3288 facit
2381 3249 2500 3288 eam
2541 3234 2739 3290 Christi
2766 3237 3027 3292 confessio
3057 3239 3366 3308 pretiosam.
3395 3239 3531 3296 Hinc
3570 3243 3699 3309 jam,
3724 3244 3790 3296 di-

2229 3322 2517 3389 lectissimi,
2571 3333 2805 3379 vestrum
2856 3335 2940 3380 est
2972 3327 3300 3396 perpendere
3346 3345 3464 3398 qua:
3498 3340 3791 3399 quartaque

2227 3415 2526 3469 omlestium
2551 3415 2854 3470 divitiarum
2897 3416 3172 3472 referenda
3199 3427 3322 3473 sunt
3359 3421 3582 3488 prmmia
3614 3422 3783 3475 cibum

2228 3514 2318 3559 aut
2347 3507 2740 3570 vestimentum,
2771 3508 2854 3561 vel
2884 3508 3160 3576 pecuniam
3187 3509 3466 3576 largienti;
3507 3525 3631 3564 cum
3660 3511 3790 3564 otio-

2227 3612 2344 3650 sum
2372 3611 2479 3651 non
2517 3598 2619 3651 erit
2663 3611 2812 3665 aqum
2847 3598 3066 3652 calicem
3111 3598 3442 3667 propinasse.
3490 3598 3790 3655 Cavendum

2227 3703 2356 3742 sane
2384 3688 2632 3757 divitibus
2659 3703 2725 3742 ne
2757 3688 2872 3744 hmc
2900 3703 2996 3743 eos
3022 3689 3319 3756 benignitas
3345 3686 3546 3744 Christi
3597 3691 3662 3744 ad
3694 3692 3788 3743 lar-

2227 3777 2476 3844 giendum
2504 3777 2662 3832 faciat
2699 3778 2990 3846 pigriores;
3023 3779 3144 3848 quia
3181 3778 3282 3832 illis
3308 3779 3616 3848 specialiter
3652 3781 3790 3834 oblac

2228 3869 2303 3921 tio
2345 3881 2498 3935 aqum
2543 3867 2818 3935 prmmium
2867 3867 3035 3937 gignit
3078 3867 3270 3937 quibus
3323 3868 3454 3920 nihil
3513 3877 3599 3922 est
3658 3868 3786 3922 aliud

2227 3957 2369 4026 quod
2397 3957 2602 4026 possint
2638 3954 2830 4011 oflerre
2855 3957 3193 4026 pauperibus.
3236 3956 3368 4010 Nam
3397 3972 3516 4025 qum
3560 3959 3673 4012 hmc
3712 3975 3787 4012 re.—

2229 4046 2377 4116 ligio,
2416 4053 2680 4115 quantave
2706 4045 2921 4101 devotio
2959 4052 3058 4108 est,
3090 4045 3255 4100 multa
3292 4047 3450 4116 667
3495 4048 3787 4100 redundare

2228 4137 2542 4204 substantia,
2589 4143 2645 4191 et
2690 4137 2881 4204 exiguo
2927 4137 3252 4206 minimoque
3296 4135 3363 4191 de
3391 4151 3558 4205 opere
3607 4139 3786 4192 cmlum

2228 4229 2365 4282 velle
2411 4227 2674 4282 mercari?
2702 4226 2831 4281 Post
2857 4227 2978 4291 ista,
3025 4227 3303 4290 carissimi,
3332 4227 3379 4281 si
3429 4244 3649 4282 sensum
3701 4245 3786 4282 no-

2227 4325 2394 4372 strum
2443 4316 2508 4369 ad
2551 4315 2880 4385 spiritualem
2926 4315 3323 4384 intelligentiam
3372 4314 3700 4382 derivemus,
3747 4326 3786 4368 et

2229 4406 2385 4459 aliam
2435 4407 2762 4474 reperiemus
2803 4420 3016 4473 aquam,
3062 4420 3178 4472 qum
3223 4404 3526 4458 delectabili
3576 4406 3784 4458 multum

554 4499 756 4569 poscit,
789 4504 845 4550 ut
873 4497 1087 4565 inopum
1110 4495 1370 4565 religiosm
1398 4493 1773 4550 misericordia:
1800 4493 1974 4546 omnis
2002 4507 2124 4560 pos-
2157 4528 2203 4587 D
2229 4495 2394 4560 gratia
2424 4493 2585 4548 corda
2615 4492 2789 4547 valeat
2829 4492 3140 4560 refrigerare
3160 4492 3442 4560 iustorum.
3486 4491 3786 4560 Quicunque

552 4588 623 4640 sit
638 4585 910 4639 abundare
923 4592 1226 4654 paupertas.
1247 4582 1560 4654 Quicunque,
1575 4586 1734 4654 ωε
1747 4584 1936 4652 inquit,
1951 4590 2126 4652 potum

552 4675 753 4729 dederit
798 4675 1009 4728 calicem
1044 4689 1192 4744 aqua;
1217 4674 1451 4744 frigidm,
1490 4690 1593 4727 non
1637 4673 1811 4742 perdet
1847 4672 2124 4726 mercedem

555 4785 722 4821 suam.
754 4765 879 4821 Haec
906 4766 1191 4830 sententia,
1221 4765 1498 4830 carissimi,
1527 4766 1578 4819 in
1608 4764 1920 4832 obsequium
1961 4762 2123 4817 cccle-

555 4858 720 4911 stium
749 4855 1118 4909 mandatorum
1144 4864 1199 4909 et
1225 4855 1413 4924 inopes
1438 4855 1655 4919 invitat,
1686 4862 1741 4908 et
1763 4854 1947 4907 incitat
1974 4853 2124 4907 locu-

557 4946 749 5016 pletes.
775 4945 905 4998 Nam
932 4946 1018 4999 cui
1053 4959 1346 5014 pauperum
1374 4952 1548 5014 potest
1575 4958 1712 5012 aqua
1753 4942 1937 4998 deesse
1964 4957 2121 5010 quam

556 5035 810 5088 exhibeat
852 5034 1090 5088 sitienti?
1117 5043 1209 5086 aut
1251 5033 1371 5102 quis
1417 5032 1650 5086 fidelium
1686 5032 1946 5086 duntaxat
1991 5030 2126 5084 divi-

559 5133 674 5180 tum
724 5142 835 5180 non
879 5127 1083 5182 ambiat
1109 5127 1318 5195 potiora
1361 5125 1573 5193 largiri,
1601 5141 1719 5179 cum
1766 5125 1944 5180 videat
1985 5124 2124 5193 apud

559 5215 1102 5269 muniﬁcentissimum
1150 5215 1316 5270 Deum
1363 5215 1570 5284 magnis
1610 5216 1838 5285 prmmiis
1865 5223 1918 5268 et
1961 5229 2122 5283 parva

555 5305 873 5360 donariiln
897 5305 998 5360 hac
1042 5307 1239 5375 quippe
1287 5305 1691 5373 communione,
1732 5320 1836 5358 non
1868 5304 2122 5373 qumritur

558 5394 796 5449 muneris
824 5395 1070 5464 pretium,
1101 5395 1194 5450 sed
1220 5395 1436 5450 devotio
1463 5395 1802 5464 porrigentis.
1831 5393 1980 5448 Sicut
2007 5408 2126 5460 ege-

557 5501 624 5540 na
663 5485 751 5540 illa
791 5499 855 5540 ac
896 5486 1290 5556 religiosissima
1339 5486 1534 5544 femina
1576 5486 1767 5554 (Marc.
1805 5485 1896 5550 xu)
1924 5500 2042 5554 qum
2070 5486 2121 5539 in

628 5613 656 5642 ⁸
692 5612 769 5668 lta
799 5621 1021 5683 uterque
1043 5613 1160 5670 cod.
1186 5613 1244 5670 S.
1273 5613 1459 5671 Crucis
1483 5616 1534 5670 in
1563 5614 1668 5670 Jcr.

2231 4583 2389 4649 igitur
2432 4597 2734 4636 sermonem
2773 4589 3078 4649 sanctorum
3114 4582 3345 4635 virorum
3397 4583 3785 4651 prmdicantium

2231 4673 2395 4727 Deum
2449 4672 2662 4726 credula
2709 4686 2836 4725 aure
2896 4671 3263 4740 susceperint,
3313 4672 3493 4725 omnia
3546 4673 3784 4726 interiora

2230 4777 2439 4829 eorum,
2468 4777 2585 4830 qum
2614 4761 2796 4831 utique
2831 4761 2992 4814 vitam
3036 4761 3254 4827 sitiunt,
3283 4761 3615 4815 audientium
3645 4760 3783 4814 ﬁdem

2230 4867 2325 4909 sua
2361 4853 2700 4921 simplicitate
2726 4851 3075 4906 roborabant.
3106 4851 3254 4906 Sicut
3281 4852 3395 4922 ipse
3422 4851 3684 4908 Dominus
3707 4850 3782 4906 Je-

2229 4958 2319 4997 sus
2349 4942 2526 5014 (Joan.
2558 4942 2629 5012 rv)
2661 4958 2780 4996 cum
2810 4941 3057 5011 fatigatus
3083 4957 3245 5011 super
3269 4949 3510 5011 puteum,
3535 4952 3593 4997 et
3618 4942 3783 4998 sitiens

2231 5032 2533 5096 resedisset,
2574 5033 2666 5100 qui
2694 5046 2881 5086 revera
2929 5031 3154 5086 salutem
3199 5031 3505 5086 mortalium
3553 5032 3782 5093 sitielnt,

2229 5121 2577 5176 Samaritanm
2597 5120 2835 5178 mulieris
2867 5130 2922 5175 et
2948 5119 3328 5191 prodeuntium
3349 5120 3419 5174 de
3444 5121 3664 5174 civitate
3685 5130 3776 5173 tur-

2228 5213 2413 5265 barum
2444 5212 2714 5264 uberrima
2752 5219 2833 5265 est
2871 5210 3184 5265 credulitate
3213 5217 3448 5279 potatus.
3477 5211 3642 5279 668
3669 5208 3780 5262 Nam

2228 5302 2468 5371 quamvis
2496 5299 2795 5353 ariditatem
2825 5300 3018 5353 mentis
3039 5313 3222 5352 eorum
3251 5297 3528 5352 salutifero
3551 5296 3779 5351 Dominus

2228 5407 2474 5447 sermone
2501 5391 2772 5457 rigaverit,
2802 5398 3084 5445 esttamen
3112 5389 3408 5458 spiritualis
3435 5389 3618 5443 verbis
3643 5395 3774 5440 uatu-

2230 5499 2284 5537 ra
2336 5480 2658 5548 huiusmodi,
2708 5488 2767 5533 ut
2817 5481 2860 5535 si
2903 5463 3258 5547 subsequatur
3299 5476 3544 5540 eﬂ’ectus,
3595 5477 3778 5532 almo

2286 5619 2300 5633 ‘
2314 5613 2446 5666 Num
2463 5611 2740 5681 legendum
2759 5630 2771 5664 :
2791 5611 2868 5665 Eo
2883 5613 3012 5680 ipso.
3024 5649 3058 5664 ..
3077 5626 3175 5680 quo
3189 5609 3517 5665 credentibus
3532 5611 3556 5664 3
3569 5608 3717 5665 Eutr.
