3896 6250
554 296 660 352 743

1764 306 1820 363 S.
1861 306 2101 362 MAXIM!
2139 309 2587 372 TAURINENSlS

3703 323 3808 378 7U

552 412 1083 498 Αιιοιιιιειιτριις-ζιι
1133 415 1468 498 Redemptore
1500 429 1678 498 nostra
1705 421 1961 498 disjuncta
1990 439 2114 489 ope-
2145 431 2188 486 Λ
2217 426 2316 483 bus
2335 430 2550 484 satiavit
2574 437 2805 498 quatuor
2831 431 2992 485 millia
3019 432 3324 498 hominum,
3367 434 3644 489 credimus
3670 437 3800 491 divi-

619 483 752 534 ratio
797 483 1074 555 divinitatis
1122 497 1170 538 et
1215 483 1552 539 humanitatis
1597 483 1971 542 comidémnda
2015 483 2111 555 est,

619 558 772 626 atque
809 567 952 626 error
999 551 1292 626 Eutychetis
1325 557 1674 616 delectandas,
1714 558 1802 626 qui
1821 575 1976 610 unam
1998 551 2120 611 tan:-

619 621 797 694 timtjn
825 620 1032 694 Christo
1055 620 1406 694 dogmatizare
1449 627 1709 692 prtcsumit
1727 620 2116 694 'operationent.

617 686 832 754 Copiose
881 686 1192 763 mysticeque
1233 686 1589 757 multiplicatio
1630 709 1743 746 cum
1769 686 1986 763 piscium
2016 706 2120 749 tum

616 764 807 824 septem
836 774 1026 823 panum
1055 760 1361 829 explicatur.

618 889 961 944 Altitudinem
999 892 1292 948 divinitatis
1333 910 1443 949 suae
1469 903 1524 949 et
1553 897 1970 951 misericordiam
2015 901 2117 953 hu-

545 980 835 1044 manitatis,
868 982 1048 1034 multis
1075 991 1129 1035 et
1152 985 1309 1037 variis
1337 984 1508 1039 modis
1537 986 1588 1039 in
1617 984 1904 1055 Scripturis
1922 989 2118 1042 sanctis

547 1067 801 1122 Dominus
829 1079 1010 1124 noster
1035 1069 1190 1125 Jesus
1217 1072 1464 1128 Christus
1491 1073 1742 1138 ostendit,
1771 1077 2118 1143 quemadmo-

542 1157 668 1210 dum
687 1157 828 1212 solet
855 1160 910 1212 in
937 1161 1203 1230 mysteriis
1221 1168 1278 1214 et
1295 1164 1643 1224 sacramentis
1667 1181 1680 1216 ε
1713 1172 1770 1217 ιιι
1797 1172 1852 1218 et
1873 1173 2118 1232 petentes

542 1247 828 1316 accipiant,
886 1257 943 1302 et
992 1257 1290 1318 quarrentes
1346 1250 1635 1316 inveniant,
1693 1260 1748 1306 et
1784 1253 2116 1320 pulsantibus

541 1339 828 1404 aperiatur.
855 1336 1041 1392 Omnia
1071 1341 1213 1394 enim
1240 1355 1357 1408 qua:
1380 1341 1434 1395 in
1458 1341 1562 1396 hoc
1584 1342 1782 1396 mundo
1809 1343 1908 1396 sub
1950 1341 2112 1410 fragi-

542 1426 691 1481 litate
710 1438 892 1483 nostra
911 1430 1153 1483 exhibuit
1180 1430 1451 1496 miracula,
1475 1432 1630 1486 nobis
1657 1431 1963 1501 proficiunt.
1996 1433 2112 1489 Non

542 1519 728 1586 utique
753 1517 870 1574 sine
897 1534 1057 1574 causa
1088 1519 1316 1575 faciebat
1341 1536 1404 1576 ea
1432 1521 1706 1585 Dominus,
1729 1522 1813 1576 vel
1832 1524 1984 1591 quasi
2007 1523 2116 1578 fru-

538 1617 650 1662 stra
697 1615 754 1662 et
797 1608 1048 1663 inaniter.
1101 1608 1331 1664 Verbum
1361 1610 1452 1664 Dei
1479 1619 1561 1664 est
1587 1610 1849 1676 Christus,
1879 1612 1970 1679 qui
2005 1627 2112 1666 non

538 1699 716 1754 solum
741 1699 876 1754 solis
895 1698 1088 1762 verbis,
1119 1699 1214 1752 sed
1240 1697 1399 1752 etiam
1422 1697 1576 1753 factis
1621 1699 1858 1769 loquitur
1882 1701 2112 1755 homini-

2224 533 2304 572 nze
2342 535 2476 589 opus
2499 536 2617 575 esse
2643 522 2875 576 virtutis.
2904 525 3155 578 Attendat
3183 539 3314 592 ergo
3342 525 3609 579 sanctitas
3631 540 3800 580 vestra

2220 610 2344 677 quia
2393 610 2494 663 hoc
2520 610 2674 664 nobis
2702 612 3031 680 propositum
3058 620 3158 674 est,
3189 614 3332 680 quod
3357 629 3482 666 cum
3507 622 3690 667 vestra
3715 631 3798 667 ca-

2219 697 2376 751 ritate
2398 705 2708 766 tractemus,
2727 699 2872 766 quod
2899 699 2998 753 sibi
3021 700 3147 752 velit
3175 699 3332 767 hujus
3352 701 3431 753 rei
3464 708 3678 754 tantum
3701 718 3802 770 my-

2217 786 2454 850 sterium,
2484 787 2626 854 quod
2654 801 2721 841 eo
2749 787 2907 842 modo
2934 802 2993 842 se
3022 787 3189 842 Deum
3243 787 3519 858 discipulis
3572 790 3798 844 demas-

2217 882 2416 930 strasse
2442 885 2626 930 saneta
2656 885 2882 931 testatur
2927 877 3221 946 Scriptura,
3250 878 3526 947 quomodo
3561 877 3800 945 ενιηεε-

2218 965 2346 1019 lium
2361 974 2562 1020 narrat.
2581 965 2668 1020 Ait
2687 967 2830 1021 enim
2849 967 3173 1035 evangelista
3193 967 3244 1020 in
3262 952 3521 1020 hodierna
3541 968 3794 1020 lectione:

2217 1054 2342 1109 Cum
2369 1059 2528 1109 multa
2573 1056 2722 1109 turba
2768 1064 2900 1109 esset
2926 1071 3040 1108 cum
3083 1055 3227 1120 Jan,
3278 1071 3371 1108 nec
3390 1055 3648 1107 haberent
3668 1061 3798 1124 quod

2215 1145 2619 1209 manducarent;
2647 1147 2935 1199 convocatis
2962 1145 3243 1214 discipulis,
3267 1145 3341 1198 ait
3369 1144 3514 1198 illis:
3540 1145 3798 1198 Nisam

2215 1233 2378 1285 turba:
2405 1234 2520 1286 huic
2545 1232 2739 1304 (Marc.
2764 1231 2896 1300 vni).
2919 1231 3025 1287 Sed
3047 1231 3379 1299 requiramus
3405 1232 3555 1300 quod
3601 1233 3680 1286 ait
3705 1249 3791 1285 sn—

2214 1322 2393 1392 perius
2418 1339 2431 1374 :
2484 1321 2548 1374 In
2587 1322 2692 1374 illis
2727 1322 2904 1374 diebus
2931 1337 3043 1374 cum
3069 1320 3230 1374 multa
3258 1319 3402 1372 turba
3432 1331 3591 1374 aut.
3625 1320 3792 1388 Supe-

2215 1413 2325 1467 rius
2352 1414 2492 1467 enim
2520 1420 2862 1467 accesserunt
2904 1411 3072 1466 Judmi
3099 1413 3167 1465 ad
3211 1410 3572 1475 Salvatorem,
3629 1427 3789 1466 accn-

2213 1513 2393 1560 santes
2436 1505 2722 1574 discipulos
2767 1505 2885 1573 ejus
2931 1520 2998 1560 eo
3037 1504 3179 1572 quod
3203 1520 3310 1559 non
3358 1505 3484 1558 lotis
3534 1503 3789 1558 manibus

2212 1593 2614 1648 manducarent.
2637 1594 2782 1660 Quos
2808 1595 3060 1649 Dominus
3080 1593 3369 1662 redarguit,
3398 1593 3524 1661 quia
3573 1608 3701 1662 qua:
3727 1594 3788 1647 de

2211 1680 2373 1736 corde
2400 1683 2538 1737 mala
2566 1684 2880 1753 procedunt,
2911 1699 2975 1739 ea
3018 1683 3192 1752 potius
3241 1683 3508 1736 hominem
3537 1683 3786 1750 coinqui-

537 1794 651 1848 bus.
713 1792 829 1848 Hoc
872 1793 1019 1848 enim
1072 1789 1234 1842 etiam
1275 1790 1418 1858 quod
1446 1789 1606 1845 hodie
1634 1789 1702 1844 de
1728 1789 1785 1844 S.
1818 1789 2110 1858 Evangelio
2145 1779 2420 1838 B'narent.
2454 1770 2516 1826 Et
2546 1773 2748 1827 relictis
2776 1773 2898 1839 illis,
2930 1773 3074 1826 venit
3102 1774 3155 1826 in
3185 1773 3374 1825 ﬁnibus
3394 1773 3664 1841 gentium,
3699 1773 3785 1826 ubi

538 1888 732 1937 lectum
753 1890 856 1947 est,
888 1885 1077 1953 qvnnrit
1098 1880 1520 1944 intellectorem;
1548 1887 1603 1933 et
1628 1895 1748 1934 cum
1778 1879 1934 1934 fuerit
1957 1881 2113 1934 intel-

537 1969 756 2036 lectum,
803 1971 1040 2039 spiritale
1084 1971 1211 2026 facit
1260 1965 1534 2034 gaudium.
1581 1965 1647 2019 Et
1675 1967 1730 2021 in
1754 1967 1855 2022 hac
1881 1967 2111 2023 lectione

536 2061 696 2116 simul
714 2061 1100 2116 consideranda
1123 2071 1206 2116 est
1235 2061 1287 2114 in
1309 2072 1418 2115 uno
1437 2055 1731 2124 eodemque
1753 2055 2112 2125 Redemptore

537 2160 724 2204 nostro
749 2150 1011 2218 disjuncta
1035 2151 1277 2218 operatio
1320 2144 1613 2203 divinitatis
1639 2153 1693 2199 et
1741 2145 2108 2213 humanitatis,

537 2243 552 2270 '
585 2249 746 2308 atque
773 2240 1094 2294 omnimodis
1119 2239 1464 2295 detestandus
1490 2249 1644 2292 error
1672 2233 1997 2306 Eutychetis,
2019 2235 2112 2304 qui

538 2344 588 2384 ιιι
611 2344 698 2382 am
729 2337 934 2394 tantum
963 2329 1017 2382 in
1043 2327 1259 2383 Christo
1281 2328 1645 2397 dogmatizare
1687 2323 1957 2392 praesumit
1982 2337 2114 2392 ope-

532 2402 814 2473 rationem.
845 2419 902 2472 ln
934 2419 1189 2472 alterutra
1219 2418 1364 2472 enim
1390 2427 1539 2486 parte
1566 2413 1651 2471 vel
1681 2413 1771 2480 qui
1814 2413 1986 2467 solum
2007 2413 2108 2466 ho-

533 2507 732 2561 minem
759 2506 920 2561 fuisse
946 2507 1159 2570 dixerit,
1185 2507 1408 2574 gloriam
1435 2507 1648 2574 negabit
1666 2502 1998 2566 Conditoris;
2021 2502 2110 2558 vel

531 2595 626 2663 qui
653 2595 825 2648 solum
856 2595 1042 2657 Demn,
1072 2595 1286 2662 negabit
1314 2593 1730 2648 misericordiam
1778 2590 2105 2658 Redempto-

533 2684 627 2739 ris.
681 2684 884 2754 Nempc
928 2685 1073 2754 quod
1098 2700 1260 2754 super
1288 2684 1494 2738 turbam
1515 2685 1797 2738 miseretur
1824 2682 2102 2749 Dominus,

530 2787 600 2826 ne
626 2772 709 2827 vel
732 2773 903 2826 inedia
922 2760 1014 2827 'vel
1054 2773 1307 2841 longioris
1337 2773 1432 2826 vim
1456 2770 1667 2826 deficiat
1695 2773 1900 2838 labore,
1931 2784 2100 2824 nove-

529 2861 696 2914 rimus
718 2860 964 2914 allectum
992 2869 1152 2928 atque
1179 2859 1604 2928 compassionem
1634 2859 1875 2915 humana:
1897 2856 2099 2925 fragiliv

527 2951 686 3016 tatis;
713 2951 856 3021 quod
876 2959 1054 3005 autem
1075 2950 1141 3005 de
1160 2959 1366 3021 septem
1391 2949 1614 3020 panibus
1640 2957 1696 3004 et
1723 2950 1908 3019 paucis
1933 2946 2096 3018 pisci-

2214 1861 2403 1916 mulier
2453 1862 2776 1926 Cbananaca,
2823 1864 2980 1932 671
3009 1875 3128 1930 qua:
3153 1869 3236 1916 est
3264 1870 3433 1914 mater
3478 1863 3785 1927 gentilium,

2215 1964 2311 2020 pro
2358 1951 2462 2005 lilia
2507 1966 2619 2016 sua,
2650 1951 2700 2005 id
2729 1959 2812 2006 est
2839 1950 3093 2016 Ecclesia,
3118 1949 3399 2004 Dominum
3422 1950 3786 2018 deprecaturi

2212 2046 2332 2107 qua:
2355 2041 2535 2095 tandiu
2565 2041 2852 2111 postulavit
2877 2041 3047 2095 donec
3074 2040 3340 2109 acciperet
3366 2041 3508 2109 quod
3537 2042 3785 2110 petebat.

2213 2127 2341 2183 Post
2366 2130 2478 2183 haec
2505 2130 2694 2184 iterum
2723 2131 2927 2185 curavit
2957 2139 3159 2184 mutum
3204 2138 3260 2184 et
3286 2131 3522 2185 surdum.
3556 2129 3708 2198 Ergo
3739 2131 3788 2185 in

2214 2220 2295 2274 his
2340 2221 2544 2286 diebus,
2589 2236 2711 2276 cum
2759 2220 3042 2276 multitudo
3070 2221 3251 2291 populi
3272 2220 3659 2285 concurrisset,
3691 2235 3792 2275 nec

2215 2311 2474 2370 haberent
2490 2312 2631 2380 quod
2676 2311 3077 2379 manducarent,
3103 2311 3227 2380 quia
3256 2319 3442 2379 gentes
3473 2310 3652 2377 legem
3684 2326 3791 2364 non

2212 2403 2499 2469 habebant,
2527 2403 2578 2457 id
2607 2411 2689 2458 est
2709 2403 2944 2473 quinque
2972 2401 3136 2456 libros
3161 2399 3328 2470 Moysi
3369 2408 3425 2455 et
3453 2404 3790 2469 prophetas;

2210 2506 2316 2547 non
2341 2493 2767 2563 pnedicationem
2793 2491 2851 2546 S.
2881 2489 3119 2556 Joannis,
3151 2490 3274 2559 quia
3305 2497 3494 2556 gentes
3534 2504 3650 2543 non
3695 2503 3792 2557 per

2209 2579 2397 2650 legem,
2429 2580 2522 2636 sed
2571 2596 2669 2651 per
2712 2578 2868 2635 fidem
2921 2586 3182 2634 venerant
3227 2577 3293 2631 ad
3323 2577 3790 2646 Redemptor-em;

2207 2675 2328 2730 illeo
2353 2675 2525 2729 triduo
2549 2682 2910 2744 perseverant,
2937 2673 3042 2727 hoc
3069 2681 3152 2729 est
3179 2673 3229 2725 in
3262 2671 3558 2737 nativitate,
3595 2671 3650 2724 in
3673 2686 3791 2740 pn—

2205 2767 2375 2830 sione,
2422 2767 2474 2820 in
2517 2765 2906 2820 resurrectione
2944 2763 3171 2827 Domini,
3203 2764 3316 2816 sive
3345 2763 3397 2815 in
3428 2760 3612 2824 Patre,
3649 2771 3706 2815 et
3737 2763 3788 2814 in

2205 2855 2357 2919 Filio,
2389 2863 2443 2909 et
2472 2855 2523 2908 in
2551 2852 2753 2923 Spiritu
2779 2859 2983 2906 sancto.
3008 2851 3360 2905 Perseverate
3383 2850 3525 2904 enim
3554 2858 3644 2904 est
3665 2865 3790 2918 per~

2210 2958 2426 2999 manere
2455 2943 2508 3002 in
2535 2941 2901 3009 confessione,
2932 2941 3070 2996 sicut
3097 2941 3211 3010 ipse
3238 2939 3497 2994 Dominus
3524 2939 3603 2992 ait
3639 2958 3651 2990 :
3690 2936 3790 3003 Qui

599 3170 621 3203 ι
653 3166 980 3238 Disjunctam
1001 3164 1390 3238 _opcra_tionem
1446 3164 1722 3231 Maximus,
1753 3167 1856 3222 hoc
1885 3176 1965 3222 est
1993 3185 2096 3222 non
2123 3172 2168 3232 C
2199 3166 2373 3238 prium
2395 3173 2496 3222 est.
2518 3165 2696 3220 Verbo
2716 3166 2918 3238 scilicet
2946 3174 3207 3238 operante
3228 3165 3369 3238 quod
3405 3165 3562 3238 Verbi
3593 3176 3701 3229 est,
3725 3178 3786 3222 et

526 3233 798 3308 confusam
825 3234 970 3308 dicit.
1001 3233 1130 3308 Nam
1151 3233 1807 3308 Eutychetenhoppugnat,
1856 3239 1946 3304 qui
1976 3253 2098 3290 con-

551 3303 721 3367 iuent,
750 3304 852 3357 etsi
881 3318 985 3355 non
1013 3303 1193 3371 verbis
1221 3304 1350 3356 satis
1378 3303 1682 3371 explicate,
1726 3312 1780 3357 at
1817 3303 1888 3358 rei
1920 3316 2096 3360 tamen

585 3393 642 3430 sa
663 3372 970 3428 aflirtnarat.
995 3369 1090 3434 Qui
1114 3371 1254 3423 enim
1278 3369 1494 3442 naturas
1513 3369 1672 3442 duas,
1688 3373 1915 3442 divinam
1937 3384 2097 3442 atque

529 3441 834 3506 Romanam,
863 3453 1152 3506 earumque
1172 3441 1528 3508 proprietates
1548 3441 1792 3495 confusas
1810 3441 1860 3494 in
1885 3441 2097 3498 Christo

526 3515 639 3584 post
681 3512 959 3584 unitiqnem
1010 3515 1289 3572 statuerat,
1323 3510 1365 3562 is
1391 3516 1538 3563 certe
1575 3509 1702 3562 illud
1725 3517 2002 3584 statuerat,
2030 3528 2094 3584 ex

525 3576 634 3650 quo
685 3577 1022 3650 manifestum
1074 3584 1165 3650 est
1205 3591 1558 3650 consequens,
1615 3576 1860 3631 confusas
1886 3579 2012 3632 item
2042 3582 2096 3634 in

526 3644 715 3703 eodem
761 3647 1049 3716 Servatore
1097 3644 1256 3698 fuisse
1282 3645 1503 3716 duarum
1546 3653 1853 3716 naturarum
1902 3663 2092 3716 opera-

517 3714 721 3773 tiones.
770 3713 923 3779 Quod
976 3727 1098 3766 cum
1145 3727 1213 3766 ex
1258 3713 1375 3766 aliis
1399 3715 1674 3782 permultis
1720 3713 2095 3771 ecclesiasticis

527 3784 904 3846 monumentis,
924 3789 1044 3852 tum
1066 3796 1134 3852 ex
1159 3782 1356 3835 celebri
1381 3783 1537 3852 1,73
1560 3783 1868 3851 cumprimis
1888 3783 1945 3838 S.
1969 3785 2096 3852 Aga-

526 3855 707 3932 thonis
735 3867 884 3932 papa:
912 3850 1018 3932 (cui
1049 3851 1189 3903 ultro
1235 3850 1468 3932 synodus
1493 3850 1543 3905 vl
1565 3850 1889 3932 meuinenica
1919 3850 2094 3932 adhin-

525 3925 615 3988 sit)
664 3918 888 3990 epistola
919 3918 1082 3992 plane
1101 3926 1330 3992 constat.
1376 3918 1431 3972 In
1477 3934 1540 3992 ea
1589 3935 1816 3992 namque
1835 3919 2092 3992 deEuty-

525 3986 732 4045 chianis
751 3986 948 4056 agens:
991 4005 1008 4037 ι
1044 3986 1461 4053 Confundentes,
1486 3988 1674 4056 inquit,
1697 3986 1890 4042 sancta:
1917 3986 2094 4044 lnca'r-

527 4061 758 4113 nationis
785 4057 1112 4128 mysterium,
1155 4057 1390 4128 eouquod
1419 4057 1630 4111 deitatis
1669 4067 1722 4110 et
1750 4059 2092 4128 humanitatis

524 4129 720 4184 Christi
751 4125 906 4180 unam
937 4132 1180 4177 naturam
1203 4125 1398 4188 dicant,
1433 4141 1591 4179 unam
1635 4141 1752 4178 eum
1781 4127 1917 4180 sicut
1936 4130 2092 4182 unius

525 4199 854 4251 voluntatem
883 4202 937 4248 et
959 4194 1326 4262 operationem
1354 4195 1687 4262 personalem
1719 4195 1912 4247 habere
1960 4212 2092 4250 con-

523 4266 763 4321 tendunt.
790 4263 958 4316 Porro
987 4263 1275 4331 apostolica
1308 4261 1500 4316 Christi
1525 4261 1776 4326 Ecclesia,
1803 4264 2091 4331 spiritualis

522 4343 693 4390 mater
719 4349 749 4388 a
780 4333 888 4386 Deo
919 4331 1123 4384 fundati
1154 4331 1312 4383 vestri
1345 4333 1569 4399 imperii,
1603 4341 1657 4385 et
1701 4347 1863 4385 unum
1909 4332 2087 4387 Domi-

524 4419 648 4458 num
677 4410 914 4456 nostrum
942 4399 1121 4453 Iesum
1146 4399 1412 4453 Christum
1444 4401 1746 4463 conﬁtetur,
1783 4415 1848 4453 ex
1884 4401 2088 4457 duabus

522 4482 576 4526 et
597 4473 646 4525 in
669 4471 871 4524 duabus
891 4469 1206 4522 existentem
1231 4469 1453 4532 naturis,
1484 4479 1538 4522 et
1562 4469 1694 4523 duas
1714 4469 1829 4536 ejus
1851 4479 2083 4534 naturas,

520 4542 753 4595 divinam
794 4539 999 4592 scilicet
1049 4546 1101 4590 et
1140 4538 1425 4607 humanam
1474 4540 1633 4590 etiam
1662 4547 1785 4607 post
1814 4539 2086 4607 insepara-

520 4610 681 4664 bilem
713 4609 1002 4662 unitionem
1033 4605 1336 4661 inconfusas
1360 4608 1409 4658 in
1438 4622 1504 4659 eo
1531 4621 1648 4660 esse
1668 4605 1999 4672 defendit,‘et
2018 4626 2084 4663 ex

519 4678 934 4802 Eroprietatibus
987 4675 1316 4730 naturalibus
1368 4690 1795 4755 unamquamque
1857 4677 2084 4758 formam

564 4749 710 4801 hnstt
736 4754 1044 4799 naturarum
1073 4744 1362 4802 perfectam
1389 4759 1506 4798 esse
1536 4753 1827 4802 cognoscit.
1857 4755 1911 4798 et
1929 4746 2084 4802 uuid-

564 4744 710 4801 hristi
736 4754 1044 4799 naturarum
1073 4744 1362 4812 perfectam
1389 4759 1506 4798 esse
1536 4744 1827 4811 Cognoscit,
1857 4755 1911 4798 et
1929 4746 2087 4812 quid-

520 4816 658 4886 quid
701 4816 767 4868 ad
814 4814 1167 4886 proprietates
1206 4823 1511 4886 naturarum
1569 4813 1818 4886 pertinet,
1851 4813 2082 4886 duplicia

517 4881 1025 4965 doma-conﬁtetur.
1052 4881 1453 4965 Conseqvtcnter
1481 4881 1825 4965 itaque'juxta
1845 4881 2081 4965 regulam

515 4947 726 5008 Sancta!
763 4953 1037 5008 catholica:
1078 4947 1261 5018 atque'
1293 4947 1600 5020 apostolici
1656 4947 2081 5006 Ecclesim'duas

515 5024 677 5077 etiam
705 5022 975 5075 naturales
1019 5023 1319 5076 voluntates
1362 5022 1413 5073 in
1445 5035 1513 5074 eo
1549 5027 1604 5073 et
1630 5020 1761 5074 duas
1808 5020 2080 5074 naturales

516 5093 856 5160 operationes
883 5105 1000 5144 esse
1035 5089 1316 5145 confitetur
1344 5098 1397 5142 et
1442 5089 1726 5160 pnedicat.
1750 5108 1768 5160 ι
1792 5090 1950 5160 _Vide
1991 5105 2083 5160 ac:

520 5157 650 5213 tion.
702 5161 736 5210 4
785 5161 969 5229 synodi
1009 5160 1359 5229 metllnenica:
1409 5157 1480 5229 vi,
1505 5172 1627 5227 pag.
1675 5157 1826 5229 [08},
1860 5167 1989 5211 tom.
2015 5158 2078 5229 lll

516 5225 827 5282 Conciliorﬁ
849 5229 974 5281 edit.
1008 5225 1176 5281 Paris.
1207 5244 1294 5280 an.
1329 5228 1418 5279 l7l
1438 5228 1482 5279 ι.
1508 5225 1648 5280 Ἠὶηε
1677 5226 1731 5280 S.
1765 5225 1875 5280 Leo
1903 5229 1952 5279 in
2001 5228 2082 5279 di-

514 5299 636 5350 vina
667 5297 753 5348 illa
782 5297 846 5350 ad
884 5297 1186 5350 Flavianum
1233 5298 1542 5365 episcopum
1591 5296 2081 5363 ConstantinOpoli—

515 5375 698 5438 tanum
728 5366 972 5438 epistola,
1019 5367 1200 5438 inqua
1254 5365 1594 5438 Petrumper
1642 5365 1870 5419 Leonem
1915 5365 2080 5438 ﬁnisse

515 5433 1020 5504 locutumiisynodus
1071 5433 1333 5489 Chalcedo
1375 5433 1515 5504 ensis
1544 5442 1733 5488 testata
1785 5444 1884 5497 est,
1915 5433 2082 5503 Euty-

513 5504 762 5557 cliianum
787 5503 1089 5556 binreticum
1115 5505 1303 5569 dogma
1325 5503 1571 5557 refellens
1591 5504 1656 5557 de
1679 5505 2079 5570 operationibus

517 5571 692 5624 divina
715 5573 1044 5639 humanaque
1066 5570 1258 5625 Christi
1285 5574 1469 5626 scribit
1501 5574 1602 5626 hoc
1643 5574 1804 5625 modo
1833 5590 1849 5623 :
1903 5592 1935 5624 ι.
1955 5573 2077 5638 Agit

517 5645 742 5708 utraque
769 5639 934 5694 forma
964 5657 1082 5696 cum
1133 5641 1348 5696 alterius
1378 5642 1750 5696 communione
1779 5642 1920 5711 quod
1950 5658 2075 5712 pro-

2200 3233 2363 3292 carne
2393 3242 2721 3301 exsequente
2768 3236 2912 3304 quod
2939 3233 3113 3290 carnis
3137 3233 3434 3304 estJllnnm
3474 3235 3669 3288 borum
3693 3251 3786 3290 co—

2199 3313 2382 3359 ruscat
2425 3303 2712 3368 miraculis,
2763 3302 2904 3357 aliud
2971 3304 3272 3357 succumbit
3327 3302 3554 3368 injuriis,
3593 3322 3612 3353 ι
3668 3315 3778 3357 etc-

2199 3319 2382 3359 ruscat
2425 3319 2712 3368 miraculis,
2763 3319 2904 3357 anuu
2971 3319 3272 3357 succumbit
3327 3319 3377 3355 In
3404 3319 3554 3366 urns,
3593 3322 3612 3353 ι
3668 3319 3778 3357 etc-

2198 3373 2367 3442 Epist.
2395 3371 2481 3436 25,
2505 3372 2577 3442 al.
2608 3372 2696 3433 26,
2728 3387 2845 3440 cap.
2870 3371 2921 3435 4,
2954 3381 3084 3442 tom.
3107 3373 3148 3426 ll
3172 3387 3296 3442 opp.
3328 3319 3457 3442 θείη.
3495 3371 3658 3442 Rom.
3688 3389 3782 3426 an.

2198 3439 2333 3496 1755
2362 3454 2480 3510 pag.
2505 3439 2594 3494 20.
2798 3439 3096 3522 atquehoc
3115 3439 3326 3521 quidem
3355 3439 3413 3492 S.
3437 3439 3637 3494 Leonis
3661 3444 3786 3496 loco

2198 3527 2323 3561 usus
2350 3514 2407 3561 S.
2439 3510 2648 3561 Agatho
2701 3519 2776 3561 ιιιι
2805 3526 2856 3561 ιιι
2885 3525 2947 3561 ea
2978 3525 3088 3561 Insa
3120 3509 3187 3561 ad
3217 3516 3588 3561 imperatores.
3614 3526 3782 3561 quam

2195 3509 2407 3590 usus_S.
2439 3509 2656 3590 Agatho
2677 3509 2776 3590 fuit
2805 3511 2856 3564 in
2885 3509 2947 3562 ea
2963 3511 3088 3590 ipsa
3120 3509 3187 3562 ad
3217 3510 3782 3590 imperatores,_quam

2194 3581 2434 3648 proxime
2459 3579 2690 3649 indicavi
2735 3593 2765 3632 a
2810 3580 3013 3649 synodo
3050 3579 3376 3649 mcunienica
3406 3585 3558 3632 sexta
3592 3586 3780 3649 tanto-

2193 3645 2322 3716 pere
2341 3648 2609 3702 celebrata
2639 3645 2859 3716 epistola
2891 3661 3010 3715 pag.
3043 3647 3199 3701 £099.
3223 3645 3339 3698 lam
3357 3661 3491 3700 vero
3519 3647 3781 3702 confusas

2194 3715 2311 3796 esse
2338 3725 2552 3796 naturas
2573 3717 2705 3796 duas
2728 3717 2779 3770 in
2808 3715 3042 3796 Christo,
3073 3729 3366 3796 clarumque
3388 3717 3756 3796 proprietates

2196 3784 2471 3854 Eutychen
2499 3784 2722 3851 dixisse,
2753 3794 2942 3840 auctor
2963 3793 3045 3839 est
3089 3784 3145 3839 8.
3176 3784 3462 3854 Flavianus
3490 3784 3566 3854 in,
3588 3787 3778 3854 priore

2193 3854 2258 3906 ad
2287 3851 2520 3923 Leonem
2545 3855 2772 3922 epistola
2800 3869 2918 3923 cap.
2950 3854 3005 3918 3,
3039 3862 3169 3908 tom.
3194 3853 3252 3923 ll,
3282 3867 3408 3923 opp.
3438 3851 3498 3906 8.
3548 3851 3772 3923 Leonis,

2194 3869 2258 3906 au
2287 3869 2520 3908 Leonem
2545 3869 2772 3922 epistola
2800 3869 2918 3923 cap.
2950 3869 3005 3918 θ,
3039 3869 3169 3908 tom.
3194 3869 3236 3905 ιι
3282 3869 3408 3975 opp.
3438 3869 3498 3906 δ.
3548 3869 3772 3917 Leonis.

2194 3935 2314 3989 pag.
2347 3922 2465 3987 l00,
2519 3932 2575 3976 et
2602 3923 2653 3991 in
2680 3923 2848 3976 altera
2877 3937 2995 3991 qua:
3022 3930 3198 3977 exstat
3225 3922 3295 3975 lbi
3337 3961 3374 3983 .,
3408 3937 3530 3990 pag.
3567 3921 3656 3986 16,
3683 3925 3772 3978 ubi

2191 3992 2440 4045 statuisse
2483 3993 2557 4044 ait
2600 3990 2918 4061 Eutychen:
2959 4010 2977 4042 ε
3011 3991 3148 4061 _Ante
3193 3992 3618 4061 incarnationem
3657 3997 3772 4061 qui-

2191 4061 2310 4113 dem
2332 4061 2624 4114 Salvatoris
2651 4059 2820 4113 nostri
2846 4059 2968 4113 .lesn
2997 4059 3194 4113 Christi
3223 4059 3356 4113 duas
3377 4069 3593 4113 naturas
3625 4059 3766 4125 esise,

2191 4128 2480 4183 divinitatis
2509 4139 2562 4183 et
2605 4130 2978 4192 humanitatis;
3011 4138 3131 4198 post
3161 4129 3410 4198 unionem
3443 4144 3580 4198 vero
3600 4145 3768 4183 unam

2190 4198 2459 4251 exstitisse
2489 4207 2751 4260 naturam,
2776 4199 2993 4264 ignarus
3012 4196 3145 4266 quid
3167 4197 3435 4263 loquatur,
3467 4212 3531 4250 ac
3551 4196 3620 4249 de
3641 4199 3763 4266 qui-

2190 4266 2289 4318 bus
2331 4266 2578 4320 afﬁrmat.
2635 4266 2818 4333 Neque
2851 4267 2993 4320 enim
3019 4267 3144 4318 unio
3170 4266 3396 4318 duarum
3427 4273 3763 4328 naturarum,

2189 4350 2305 4402 quae
2333 4335 2384 4388 in
2412 4335 2623 4389 Christo
2671 4342 3056 4399 convenerunt,
3087 4335 3444 4403 proprietates
3470 4349 3656 4386 earum
3709 4337 3761 4388 in

2189 4405 2386 4458 unione
2415 4404 2687 4467 confudit;
2729 4404 2821 4458 sed
2848 4413 3070 4459 manent
3089 4402 3256 4458 etiam
3306 4402 3358 4454 in
3391 4403 3585 4456 unione
3615 4403 3760 4456 inte-

2188 4484 2293 4592 ine
2342 4473 2564 4553 duarum
2613 4482 2918 4554 naturarum
2960 4473 3334 4542 proprietates.
3373 4490 3392 4522 ι
3449 4469 3650 4524 Confer
3701 4471 3756 4525 S.

2233 4557 2446 4592 eonem.
2468 4549 2623 4592 emst.
2647 4542 2710 4592 ad
2740 4541 3001 4592 Flavnan..
3028 4556 3147 4592 can.
3176 4540 3232 4592 3.
3255 4553 3377 4592 pag.
3407 4538 3528 4592 120.
3551 4549 3603 4592 et
3635 4556 3754 4592 can.

2233 4557 2446 4608 eonem,
2468 4543 2623 4610 epist.
2647 4542 2710 4594 ad
2740 4538 3001 4607 FlavianI,
3028 4538 3147 4610 cap.
3176 4540 3232 4610 3,
3255 4553 3377 4610 pag.
3407 4538 3528 4610 ιεο,
3551 4549 3603 4592 et
3635 4556 3754 4610 cap.

2188 4559 2623 4663 Leonem,;pISt.
2647 4559 2710 4594 an
2740 4559 3001 4623 “anan,
3176 4559 3232 4604 ο,
3255 4559 3377 4663 pag.
3407 4559 3528 4620 uo,
3551 4559 3603 4592 et
3635 4559 3754 4610 cap.

2188 4608 3034 4732 :us‘tilgnfnaufﬁgrﬁoeplgzo
3085 4608 3756 4732 Eﬁcbiﬁﬁﬁﬁaﬁ

2190 4677 2417 4749 gustum,
2451 4693 2568 4748 pag.
2603 4677 2724 4742 107,
2755 4696 2861 4749 quo
2884 4677 3034 4734 'loco
3085 4677 3446 4747 Eutycbianos
3493 4677 3752 4749 indicam,

2195 4765 2212 4818 ι
2249 4746 2465 4801 Illorum
2485 4746 2857 4816 blasphemias,
2889 4749 3078 4818 inquit,
3110 4746 3473 4809 exSecramur,
3493 4746 3583 4813 qui
3613 4762 3753 4800 nova

2189 4817 2493 4871 inventione
2520 4819 2698 4871 dicere
2725 4817 2990 4871 conantur
3015 4833 3046 4870 a
3076 4826 3317 4884 tempore
3352 4824 3612 4883 susceptae
3641 4831 3756 4868 car-

2187 4885 2269 4939 nis
2298 4886 2474 4939 omnia
2503 4887 2695 4940 divinae
2728 4895 2930 4940 natura:
2959 4887 3012 4939 in
3040 4887 3348 4952 humanam,
3377 4892 3541 4952 atque
3571 4885 3751 4936 omnia

2187 4953 2430 5008 humana:
2484 4957 2534 5008 in
2581 4956 2812 5008 divinam
2855 4961 3177 5009 commutata
3227 4951 3410 5020 fuisse,
3434 4951 3584 5019 quod
3606 4954 3750 5006 nulla

2186 5037 2414 5091 unquam
2445 5025 2654 5078 haeresis
2674 5024 2851 5078 dicere
2869 5038 2996 5078 ausa
3021 5032 3120 5076 est.
3154 5021 3256 5074 Per
3281 5021 3585 5091 hujustnodi
3606 5023 3749 5074 enim

2183 5089 2568 5148 confessionem
2600 5102 2876 5160 utramque
2903 5091 3192 5146 divinitatis
3245 5099 3406 5158 atque
3453 5089 3751 5142 humaniu-

2184 5162 2248 5214 tis
2269 5172 2510 5214 naturam
2538 5163 2590 5214 in
2611 5162 2750 5215 aliud
2779 5169 3158 5215 commutatam
3187 5174 3305 5214 esse
3333 5167 3626 5221 autumant,
3662 5173 3750 5212 ne-

2183 5245 2287 5296 que
2318 5231 2479 5283 Deum
2508 5230 2821 5299 perfectum,
2848 5245 3018 5299 neque
3042 5227 3336 5299 perfectum
3365 5229 3635 5299 hominem
3657 5243 3745 5281 se-

2183 5294 2410 5351 cundum
2441 5294 2720 5351 veritatem
2751 5294 3330 5353 Filiunfconlirmatur.
3371 5316 3388 5348 ι
3442 5294 3592 5364 Lege,
3625 5310 3746 5364 qua:

2181 5378 2475 5434 sequuntur
2501 5369 2566 5420 de
2595 5367 2993 5436 operationibus
3014 5367 3064 5436 in
3086 5365 3298 5420 Christo
3317 5365 3546 5436 duabus,
3565 5363 3745 5418 divina

2178 5439 2381 5490 scilicet
2401 5445 2454 5490 et
2476 5434 2727 5489 humana.
2760 5434 2914 5489 Plura
2938 5434 3163 5504 proferri
3192 5437 3243 5488 in
3265 5434 3507 5488 eamdem
3529 5449 3746 5489 senten-

2180 5507 2304 5558 tiam
2327 5507 2586 5572 majorum
2615 5506 2930 5574 documenta
2953 5513 3194 5574 possent,
3221 5504 3316 5561 sed
3344 5520 3452 5560 non
3480 5513 3563 5560 est
3588 5519 3745 5574 opus.

2175 5591 2294 5629 cum
2324 5577 2453 5630 satis
2481 5576 2593 5630 haec
2619 5590 2737 5630 esse
2765 5573 2988 5630 videam
