3896 6250
35 411 67 461 7
86 412 151 462 ll)
1533 399 1760 456 SEIIMO
1797 397 1971 453 CVIII.
3239 393 3340 443 7m

37 534 228 574 autent
267 524 674 589 perseveraverit
720 535 873 590 usque
910 521 962 571 in
990 518 1165 587 ﬁnem,
1213 515 1293 567 hic
1335 512 1505 566 saluus
1555 511 1651 562 erit
1680 513 1732 571 Α
1757 506 1984 575 Spiritus
2021 504 2224 557 consilii
2273 513 2321 555 et
2363 504 2724 574 fortitudinis,‘
2747 501 2973 569 Spiritus
3029 501 3256 590 scientia:
3293 515 3344 554 et

40 588 277 678 (Marc.
306 613 486 677 xxix).
512 609 647 664 Dicit
671 588 802 677 ergo
830 608 1085 663 Dominus
1118 625 1129 657 :
1167 602 1288 657 Non
1315 601 1506 654 habent
1525 598 1660 670 quod
1759 593 1984 662 pietatis,
2005 599 2056 643 et
2071 591 2279 661 replebit
2293 607 2404 644 eum
2421 591 2623 659 Spiritu
2636 590 2836 642 timoris
2856 590 3062 643 Domini
3080 588 3338 659 (lsai.xn).

42 701 413 763 manducent,
444 702 568 770 quia
601 699 768 767 legem
799 715 904 752 non
931 700 1162 760 habent;
1194 703 1250 749 et
1295 694 1548 746 dimittere
1575 706 1660 743 eos
1761 681 1839 736 Ibi
1858 681 2137 736 duodecim
2156 681 2373 749 ecphini
2399 678 2766 770 pleniquiritu
2785 687 2970 733 sancto
2989 697 3007 770 ξ
3019 680 3124 770 hic
3138 689 3340 770 septeni

43 792 271 858 jejunos
327 768 479 854 nolo,
529 807 594 842 ne
645 790 887 857 deficiant
918 791 968 841 in
990 790 1067 840 via
1090 785 1301 856 (Matth.
1336 783 1456 850 xv);
1486 790 1544 835 ut
1571 779 1661 848 qui

1764 771 2030 833 Ecclesiaz,
2058 770 2170 824 sive
2199 777 2404 838 septem
2426 768 2749 824 candelabra
2781 783 2961 822 aurea.
2992 768 3067 821 lbi
3097 768 3203 822 duo
3232 769 3342 834 pis-

45 897 146 948 pcr
181 880 365 934 ﬁdem
393 881 588 935 Christi
616 879 977 943 crediderunt,
1007 893 1105 948 per
1147 877 1306 930 tidem
1337 873 1532 929 Christi
1549 871 1663 950 Isal-
1762 878 1871 927 cos,
1903 861 1992 931 qui
2022 869 2146 915 sunt
2174 859 2282 914 duo
2311 859 2673 950 Testamenta,
2716 860 2828 912 sive
2858 874 3001 950 unus;
3052 859 3184 950 liber
3225 875 3341 912 nm-

49 978 357 1023 varentur.
412 967 636 1031 Quidam
679 977 849 1020 autem
889 984 954 1020 ea:
994 967 1073 1018 his
1116 965 1178 1018 de
1223 965 1374 1033 longe
1394 967 1658 1015 uenerunt.

49 1057 254 1126 Longe
310 1059 461 1111 enim
490 1065 644 1111 erant
669 1065 858 1124 gentes
888 1071 916 1108 a
946 1055 1078 1118 Deo,
1107 1052 1336 1108 errando
1364 1066 1460 1120 per
1487 1047 1659 1110 idola;

50 1156 107 1198 et
149 1146 342 1200 modo
400 1147 574 1199 omnis
601 1145 691 1214 qui
723 1152 908 1213 peccat
953 1144 1111 1210 longe
1153 1150 1235 1196 est
1262 1156 1293 1194 a
1319 1140 1448 1194 Deo.
1472 1137 1665 1192 Dicunt

51 1235 324 1304 discipuli
358 1234 474 1302 ejus
502 1252 514 1287 :
552 1233 700 1288 Unde
747 1235 872 1288 istos
901 1234 1011 1303 quis
1040 1233 1226 1301 poterit
1253 1240 1488 1300 saturare
1510 1229 1662 1299 pani-

53 1323 151 1375 bus
174 1325 234 1374 in
257 1323 546 1377 solitudine
576 1321 798 1393 (Ibid.)?
826 1320 1009 1375 Adhuc
1041 1319 1312 1389 apostolos
1339 1318 1558 1372 tonebat
1585 1317 1664 1371 in-

51 1411 396 1476 credulitas,
428 1412 598 1464 donec
629 1409 879 1480 mysteria
919 1408 1302 1472 revelarentur,
1351 1422 1450 1462 nec
1484 1421 1666 1460 recor-

54 1501 351 1554 dabantur
372 1499 513 1566 quod
542 1497 743 1552 fecerat
765 1499 832 1553 de
861 1498 1096 1567 quinque
1125 1496 1351 1565 panibus
1379 1504 1433 1550 et
1459 1495 1665 1549 duobus

53 1589 336 1654 piscibus.
359 1587 426 1640 Et
446 1589 773 1658 interrogavit
793 1604 878 1641 eos
906 1587 1058 1640 Jesus
1079 1595 1198 1657 quot
1223 1603 1380 1656 panes
1401 1585 1661 1639 haberent.

56 1674 164 1737 Qui
191 1676 472 1740 dixerunt,
497 1685 718 1746 septem;
741 1687 790 1730 et
816 1678 1058 1746 pracepit
1086 1676 1248 1730 turbae
1282 1683 1336 1728 ut
1382 1675 1665 1728 discumbe-

56 1774 178 1817 rent
210 1783 384 1834 super
406 1775 615 1818 terram.
651 1765 715 1817 Et
759 1767 1014 1834 accipiens
1042 1781 1246 1834 panem,
1275 1765 1470 1835 gratias
1499 1764 1598 1832 egit
1617 1772 1666 1816 et

1763 953 1908 1006 nium
1938 951 2343 1021 prophetarum,
2375 949 2459 1003 vel
2490 948 2549 1002 S.
2597 948 2815 1003 Joannis
2863 948 3196 1018 pmdicatio;
3256 950 3342 1002 hic

1764 1041 2072 1096 indeﬁnitus
2125 1053 2379 1094 numerus
2432 1039 2670 1109 ponitur,
2708 1039 2799 1107 qui
2827 1050 2950 1093 sunt
2977 1039 3116 1092 dona
3145 1040 3337 1106 gratia-

1764 1149 1902 1193 rum.
1933 1133 2073 1186 sicut
2120 1132 2196 1184 ait
2233 1129 2523 1199 Apostolus
2559 1146 2571 1181 :
2603 1129 2707 1181 Alii
2745 1146 2836 1198 per
2877 1127 3131 1197 Spiritum
3188 1127 3342 1180 datur

1763 1241 1931 1279 sermo
1977 1225 2266 1294 sapientia,
2311 1224 2402 1276 alii
2441 1238 2608 1277 sermo
2651 1223 2899 1285 scientia,
2932 1223 3024 1276 alii
3051 1223 3339 1293 prophetia,

1764 1315 1857 1369 alii
1874 1329 2062 1385 genera
2076 1313 2386 1383 linguarum,
2402 1313 2496 1366 alii
2517 1313 2868 1380 interpretatio
2885 1327 3205 1366 sermonum:
3229 1329 3340 1365 ont-

1764 1405 1854 1458 nia
1878 1405 1986 1457 haec
2009 1409 2252 1473 operatur
2270 1419 2401 1456 unus
2429 1413 2579 1472 atque
2601 1403 2732 1455 idem
2760 1401 2986 1470 Spiritus
3014 1401 3064 1472 (I
3083 1401 3202 1456 Cor.
3223 1403 3339 1470 xu).

1766 1493 1839 1546 lbi
1869 1509 2031 1561 super
2073 1492 2250 1546 fenum
2297 1493 2634 1554 recumbunt,
2680 1501 2734 1545 et
2779 1492 2865 1545 hic
2911 1506 3072 1561 super
3118 1499 3333 1545 terram.

1771 1580 2027 1649 Utrinquc
2057 1595 2157 1634 una
2180 1581 2536 1645 conversatio,
2564 1596 2665 1634 una
2686 1580 2876 1648 gratia,
2903 1595 3004 1633 una
3030 1580 3217 1642 virtus,
3238 1595 3339 1633 una

1767 1673 1966 1726 Deitas.
1997 1672 2073 1726 lbi
2096 1687 2252 1742 supra
2283 1669 2462 1725 fenum
2491 1672 2847 1737 discumbunt,
2879 1672 2982 1727 hoc
3011 1681 3092 1726 est
3118 1671 3342 1726 mortiﬁ-

1765 1771 1884 1815 cata
1907 1777 2070 1830 opera
2090 1761 2284 1827 carnis,
2305 1761 2430 1830 quia
2452 1763 2617 1814 omnis
2646 1778 2765 1814 caro
2791 1765 2985 1832 fenum,
3014 1763 3087 1820 ait
3107 1763 3340 1831 prophe-

57 1854 206 1905 dedit
231 1855 513 1922 discipulis
543 1856 666 1918 suis,
698 1863 752 1906 ut
782 1862 1115 1924 opponerent.
1141 1853 1210 1906 Et
1235 1857 1399 1923 pisces
1429 1853 1661 1906 similiter
1693 1860 1739 1918 Β
1765 1859 1817 1904 ta
1847 1849 2001 1920 (Isai.
2031 1851 2154 1919 XL);
2181 1851 2267 1904 hic
2305 1865 2463 1919 supra
2492 1859 2691 1904 terram
2737 1851 3098 1916 discumbunt,
3155 1852 3208 1905 id
3258 1861 3340 1906 est

58 1943 368 2005 benedixit,
396 1954 444 1995 et
469 1945 637 2011 posuit
675 1953 795 1996 ante
823 1944 964 1996 illos.
1010 1941 1080 1996 Et
1110 1943 1562 2007 manducaverunt,
1611 1952 1661 1996 et

58 2045 118 2081 sa
143 2031 299 2082 urati
342 2039 480 2096 sunt,
537 2041 586 2084 et
631 2031 944 2084 sustulerunt
983 2039 1172 2095 septent
1219 2039 1420 2100 sportas
1461 2029 1654 2100 plenas.

59 2120 240 2171 Erant
263 2129 444 2173 autem
465 2121 550 2190 qui
579 2121 1014 2174 manducaverunt
1039 2121 1188 2190 quasi
1215 2127 1436 2191 quatuor
1478 2119 1660 2181 millia,

58 2222 216 2263 extra
260 2212 509 2264 mulieres
529 2222 578 2264 et
597 2213 824 2282 infantes
844 2209 1056 2283 (lbid.).
1084 2209 1152 2263 Et
1178 2211 1402 2265 virtutes
1447 2209 1664 2279 quidem

63 2301 290 2354 Domini
323 2301 754 2356 manifestissime
800 2300 1068 2356 credimus
1111 2315 1231 2355 esse
1252 2299 1420 2356 factas
1448 2301 1501 2354 in
1529 2313 1666 2370 pra:-

64 2391 236 2452 senti;
274 2390 376 2443 sed
405 2389 530 2459 quid
554 2391 718 2444 lateat
744 2389 798 2443 in
844 2390 1100 2460 mysterio
1139 2390 1302 2459 ipsius
1349 2389 1521 2458 gratia
1569 2387 1667 2443 do-

65 2488 236 2533 uante
268 2479 630 2547 requiramus.

136 2569 197 2623 lu
255 2570 529 2639 superiori
567 2571 710 2624 enim
739 2569 973 2624 lectione
999 2570 1068 2623 de
1095 2569 1331 2637 quinque
1358 2568 1586 2638 panibus
1605 2577 1668 2622 et

67 2661 289 2715 duobus
347 2661 578 2729 piscibus
632 2661 868 2729 quinque
895 2659 1060 2713 millia
1100 2660 1379 2714 hominum
1405 2658 1619 2712 satiavit
1649 2675 1662 2709 :

66 2750 159 2801 hic
213 2745 434 2818 septem
481 2749 707 2818 panibus
755 2751 1012 2804 saturavit
1040 2758 1271 2819 quatuor
1298 2749 1464 2802 millia
1490 2749 1666 2803 homi-

69 2853 223 2890 num.
251 2837 334 2891 lbi
361 2838 601 2907 discipuli
647 2847 938 2907 suggerunt
963 2839 1210 2904 Domino,
1241 2838 1481 2893 dicentes
1508 2856 1520 2891 :
1570 2837 1669 2892 Lo-

69 2943 158 2978 cus
183 2927 424 2979 desertus
449 2935 544 2990 est,
592 2939 642 2980 et
691 2926 818 2981 hora
844 2930 1112 2997 preteriit,
1145 2929 1346 2980 dimitte
1390 2927 1587 2994 turbas,
1617 2938 1668 2982 et

70 3025 252 3070 euntes
282 3018 338 3070 in
358 3019 566 3070 castella
590 3028 762 3071 emant
791 3019 886 3072 sibi
911 3036 1056 3073 escas
1087 3018 1297 3090 (Ibid.).
1326 3019 1425 3074 Ilic
1453 3020 1666 3089 penitus

73 3112 261 3160 tacent
291 3106 564 3176 discipuli;
597 3107 689 3162 sed
719 3109 832 3177 ipse
861 3108 1117 3163 Dominus
1146 3125 1244 3178 pro
1273 3110 1352 3165 eis
1404 3109 1663 3164 sollicitus

1763 1953 1927 2007 opera
1951 1945 2166 1992 terrena
2188 1939 2524 1992 conculcant.
2553 1937 2626 1991 lbi
2657 1938 2894 2009 quinque
2917 1940 3083 1992 millia
3129 1939 3335 2004 reiecti,

1762 2029 1852 2098 qui
1884 2043 2134 2082 numerus
2154 2028 2386 2098 pertinet
2405 2027 2470 2081 ad
2497 2025 2740 2091 Judxos;
2772 2043 2895 2080 nam
2925 2036 3045 2097 post
3073 2030 3338 2083 ascensio~

1767 2135 1888 2176 nem
1916 2116 2148 2183 Domini,
2180 2118 2433 2187 loquente
2484 2116 2661 2182 Petro,
2715 2118 2953 2187 quinque
2999 2119 3163 2173 millia
3216 2131 3339 2175 sunt

1764 2209 2044 2278 baptizati;
2076 2209 2162 2264 hic
2189 2217 2366 2263 autem
2394 2215 2626 2277 quatuor
2652 2208 2836 2270 millia,
2871 2209 2976 2264 hoc
3022 2218 3106 2264 est
3132 2211 3200 2266 de
3230 2219 3339 2268 tota

1765 2307 1910 2353 terra
1930 2313 2117 2352 omnes
2137 2305 2322 2364 gentes
2349 2313 2380 2351 a
2405 2307 2639 2365 quatuor
2665 2296 2970 2352 cardinibus
2994 2299 3113 2353 coeli
3143 2300 3211 2354 de
3257 2317 3335 2356 sc~

1765 2387 2035 2460 ptil‘ormis
2053 2389 2283 2458 Spiritus
2303 2389 2471 2456 gratia
2501 2403 2620 2442 esse
2647 2388 2878 2458 repletas
2901 2390 2955 2443 in
2985 2389 3148 2446 vitam
3186 2399 3347 2444 teter—

1768 2496 1912 2536 nam.
1943 2479 2011 2534 Et
2036 2481 2176 2544 ideo,
2205 2473 2559 2541 dilectissimi,
2606 2494 2702 2533 nos
2727 2479 2820 2547 qui
2848 2494 2956 2534 non
3001 2495 3099 2550 per
3145 2480 3336 2548 legem,

1766 2570 1860 2625 sed
1882 2586 1981 2640 per
2005 2568 2160 2623 ﬁdem
2188 2569 2454 2623 credimus
2483 2567 2537 2622 in
2565 2568 2790 2623 Domino
2819 2578 3004 2624 nostro
3030 2568 3156 2624 Iesu
3187 2571 3337 2625 Chri-

1766 2666 1875 2727 sto,
1903 2659 1993 2727 qui
2023 2674 2127 2712 non
2149 2674 2214 2711 ex
2248 2657 2516 2726 operibus,
2538 2655 2632 2711 sed
2681 2658 2793 2727 ipsa
2821 2659 2989 2725 gratia
3017 2675 3200 2714 sumus
3255 2676 3337 2714 rc~

1767 2751 1999 2820 dempti;
2029 2749 2120 2817 qui
2149 2764 2254 2803 non
2284 2763 2352 2802 ex
2372 2749 2608 2818 quinque
2634 2749 2878 2818 panibus,
2909 2750 2963 2803 id
2990 2760 3072 2805 est
3099 2767 3165 2806 ex
3193 2754 3350 2820 quin-

1768 2857 1873 2912 que
1903 2841 2050 2894 libris
2095 2839 2284 2910 Moysi,
2325 2838 2419 2893 sed
2449 2855 2516 2893 ex
2562 2839 2858 2909 septiformi
2896 2844 3064 2910 gratia
3114 2842 3344 2913 Spiritus

1770 2931 1943 2986 sancti
1964 2945 2150 2983 sumus
2177 2929 2389 2998 repleti,
2411 2929 2547 2984 sicut
2567 2930 2757 2984 beatus
2783 2930 2946 2985 Isaias
2987 2933 3338 3002 prophetave~

1770 3029 1854 3076 rat
1881 3020 2062 3075 dicens
2087 3038 2098 3050 '
2133 3019 2361 3089 Spiritus
2389 3021 2657 3089 sapientia:
2685 3031 2732 3074 et
2761 3023 3063 3087 intellectus,
3116 3023 3345 3093 Spiritus

1769 3110 1969 3164 consilii
1996 3116 2045 3162 et
2074 3109 2413 3176 fortitudinis,
2447 3108 2672 3176 Spiritus
2696 3112 2923 3163 scientia:
2953 3123 3001 3164 et
3040 3117 3264 3180 pietatis,
3293 3127 3340 3168 et

75 3208 179 3252 est.
200 3202 368 3272 67a
385 3201 670 3256 Videamus
698 3218 864 3272 quare
885 3210 1083 3257 tacent.
1110 3201 1244 3268 Quia
1276 3202 1500 3257 necdum
1517 3202 1661 3256 missi
1691 3209 1734 3268 (ἶ
1769 3197 1978 3268 replebit
1995 3198 2140 3251 illum
2163 3196 2372 3267 Spiritu
2395 3197 2591 3250 timoris
2615 3197 2822 3251 Domini
2853 3199 3006 3269 (Isai.
3033 3204 3106 3272 XI)
3128 3220 3140 3268 ;
3166 3205 3217 3258 in
3241 3205 3341 3259 hac

75 3290 298 3344 lrcrant
326 3294 612 3361 pranlicare
640 3295 904 3362 gentibus,
933 3294 1025 3348 scd
1073 3295 1250 3362 potius
1293 3294 1357 3346 ad
1388 3309 1516 3348 oves
1541 3308 1662 3363 per-

79 3380 219 3434 ditas
247 3381 442 3436 domus
462 3382 642 3436 Israel.
675 3383 829 3438 Prior
872 3398 1000 3452 ergo
1030 3385 1116 3437 illa
1147 3384 1401 3453 parabola
1431 3385 1664 3452 pertinet

82 3469 145 3522 nd
195 3470 438 3538 Judmos;
487 3473 586 3526 ista
633 3488 762 3527 vero
791 3474 855 3528 ad
897 3482 1103 3542 gentes.
1133 3473 1208 3528 lbi
1234 3476 1470 3544 quinque
1499 3489 1662 3542 ianos

74 3557 98 3610 f
99 3567 315 3625 nerant,
344 3560 448 3615 hoc
467 3569 548 3614 est
567 3561 802 3630 quinque
832 3563 950 3616 libri
972 3562 1164 3632 Moysi;
1197 3565 1282 3618 hic
1308 3579 1437 3618 vero
1455 3571 1661 3633 septem

82 3661 267 3713 panes,
315 3651 406 3718 qui
458 3659 582 3706 sunt
627 3652 951 3721 septiformis
980 3652 1210 3723 Spiritus
1238 3655 1400 3720 dona,
1423 3655 1560 3710 sicut
1587 3657 1663 3709 ait

83 3744 135 3790 δ.
167 3735 338 3796 Isaias
364 3742 666 3811 propheta:
699 3741 926 3798 Spiritus
959 3745 1227 3812 sapientia:
1264 3753 1311 3797 et
1353 3745 1658 3808 intellectus,

1766 3302 1895 3356 ergo
1941 3287 2262 3356 septiformis
2315 3285 2545 3356 Spiritus
2573 3288 2742 3355 gratia
2783 3304 3112 3356 maneamus,
3154 3293 3209 3348 in
3235 3309 3338 3362 qua

1769 3375 1944 3432 vocati
1965 3390 2167 3441 sumus,
2197 3374 2383 3444 repleti
2412 3373 2556 3430 dono
2581 3373 2810 3444 Spiritus
2837 3380 3005 3432 sancti
3038 3395 3133 3449 per
3162 3381 3339 3436 Domi~

1768 3483 1894 3522 num
1924 3474 2166 3522 nostrum
2191 3463 2372 3520 Iesum
2399 3464 2688 3532 Christum,
2720 3467 2810 3536 qui
2837 3468 2968 3522 vivit
2996 3478 3050 3524 et
3077 3480 3264 3540 regnat
3287 3473 3338 3527 in

1767 3563 1972 3616 unitate
1999 3558 2230 3629 Spiritus
2257 3557 2427 3612 sancti
2456 3556 2598 3613 Deus
2625 3573 2724 3628 per
2755 3560 2932 3615 omnia
2960 3563 3148 3616 sarcula
3171 3578 3336 3618 smcu-

1762 3653 1961 3707 lorum.
1992 3648 2182 3704 Amen.

1449 3835 1715 3898 SERMO
1754 3831 1971 3898 CVIII.

1382 3933 1457 3988 De
1480 3936 1688 3990 muliere
1716 3934 2032 3989 Chananwa.

1519 4019 1907 4078 ADMONITIO.

151 4104 208 4159 lu
239 4107 427 4161 codice
447 4105 696 4168 Chisiauo
722 4108 1008 4162 cliartaceo
1036 4109 1218 4162 stcculi
1245 4125 1328 4163 xv.
1354 4125 1532 4164 sermo
1560 4125 1720 4178 quem
1749 4125 1896 4164 num.
1927 4121 2049 4161 cvm
2099 4104 2392 4170 vulgamus,
2424 4112 2610 4158 sancto
2639 4103 2870 4160 Maximo
2891 4107 3154 4164 tribuitur.

92 4195 631 4268 Matianum—De
669 4213 860 4268 magna
898 4198 1123 4268 mulieris
1178 4197 1491 4252 Chanantetu
1534 4199 1657 4268 ﬁde,

153 4265 424 4331 patientia,
459 4265 773 4336 humilitate;
808 4266 951 4319 Sicut
979 4267 1071 4319 illa
1100 4265 1562 4336 permansitﬁrma
1604 4269 1656 4321 in

153 4337 410 4453 Ofdli%ﬂ8,
453 4335 527 4387 sic
575 4351 667 4390 nos
714 4334 1107 4403 perseveremus
1136 4337 1190 4388 in
1237 4334 1470 4389 omnibus
1513 4334 1658 4390 bonis

153 4417 296 4455 oneri
333 4418 413 4455 us.

187 4418 413 4470 person.

155 4548 273 4607 ιειω
315 4547 557 4609 civitates
601 4555 668 4608 ad
716 4569 847 4624 quas
885 4552 1144 4609 Dominus
1187 4556 1333 4609 venit
1359 4556 1660 4623 signiﬁcant

93 4639 225 4696 hunc
252 4641 530 4705 mundum,
561 4643 613 4696 in
642 4659 749 4713 quo
776 4643 1032 4698 Dominus
1061 4645 1205 4698 venit
1230 4659 1329 4712 pro
1369 4652 1551 4700 nostra
1575 4659 1660 4698 sa-

89 4727 212 4794 lute,
269 4740 332 4786 ut
369 4747 470 4786 nos
523 4733 774 4788 liberaret
817 4733 885 4789 de
928 4741 1198 4804 potestate
1220 4734 1436 4789 diaboli.
1470 4732 1537 4788 Et
1562 4736 1660 4788 ista

91 4823 272 4878 mulier
305 4821 568 4892 signiﬁcat
593 4833 831 4879 sanctam
851 4823 1147 4881 Ecclesiam
1168 4825 1236 4880 de
1257 4827 1505 4895 gentibus
1526 4841 1659 4881 con-

89 4924 379 4982 gregatam.
409 4915 515 4970 Ista
547 4916 740 4970 mulier
767 4924 1056 4987 propterea
1084 4924 1309 4972 vocatur
1337 4917 1656 4982 Chananma,

91 5003 205 5068 quia
225 5013 347 5060 erat
370 5015 494 5060 nata
523 5005 590 5060 de
615 5007 784 5076 stirpe
802 5006 1077 5071 Chanaan,
1101 5008 1192 5076 qui
1221 5007 1319 5061 luit
1361 5007 1498 5061 illius
1525 5006 1657 5070 Noe,

91 5091 174 5152 qui
201 5094 304 5149 iuit
329 5094 643 5150 maledictus
675 5111 704 5150 a
755 5104 927 5167 patre.
979 5096 1270 5154 Audiamus
1298 5097 1423 5166 quid
1466 5097 1660 5152 clamat

93 5176 198 5235 lucc
225 5183 422 5239 mulier
447 5194 570 5254 post
597 5185 901 5240 Dominum.
935 5186 1182 5241 Miserere
1207 5189 1325 5253 mei,
1356 5188 1434 5256 ﬁli
1471 5186 1657 5245 Dauid.

95 5271 196 5332 ﬁlia
223 5291 338 5329 mea
365 5275 502 5329 male
521 5293 553 5329 a
573 5276 828 5331 damonio
867 5289 1080 5332 vexatur
1111 5277 1323 5349 (Matth.
1359 5281 1470 5348 xv).
1519 5279 1658 5332 Tan-

101 5364 195 5412 tam
231 5361 394 5418 ﬁdem
445 5365 636 5419 habuit
677 5367 870 5421 mulier
891 5368 1011 5430 ista,
1035 5376 1095 5421 ut
1121 5384 1228 5422 non
1257 5368 1477 5424 duceret
1499 5368 1657 5422 ﬁliam

100 5460 235 5505 suam
259 5469 446 5508 secum
489 5454 555 5509 ad
605 5454 904 5522 Dominum,
939 5473 1036 5512 nec
1066 5457 1307 5511 invitavit
1334 5473 1453 5512 eum
1485 5466 1542 5511 ut
1569 5474 1658 5512 vc-

102 5535 224 5592 nit‘et
248 5542 314 5597 ad
334 5557 474 5606 eam,
503 5544 594 5598 sed
617 5545 842 5601 ﬁrmiter
867 5548 1121 5602 credebat
1148 5549 1292 5615 quod
1321 5549 1366 5603 si
1388 5549 1528 5603 Deus
1548 5551 1656 5604 vcl-

104 5620 184 5690 lct,
207 5641 385 5697 posset
412 5632 542 5686 dare
564 5635 852 5689 sanitatem
880 5635 999 5690 illia:
1024 5651 1151 5689 sum.
1185 5635 1287 5690 Per
1313 5637 1470 5691 tiliam
1501 5638 1655 5706 hujus

103 5716 316 5777 mulieris
345 5722 605 5778 debemus
645 5725 942 5796 intelligere
993 5741 1419 5797 unamquamque
1470 5746 1654 5800 pecca-

359 5814 626 5874 Pn‘non.
678 5815 862 5876 LVII.

1762 4199 1948 4254 tricem
1979 4195 2229 4258 animam,
2257 4209 2374 4262 qua:
2394 4193 2632 4262 quotidie
2660 4205 2884 4251 vexatur
2910 4212 2940 4251 a
2968 4197 3201 4267 diabolo,
3221 4216 3335 4270 quas

1761 4297 1843 4342 εει
1890 4287 2128 4354 subjecta
2178 4285 2325 4339 vitiis
2379 4294 2433 4340 et
2487 4285 2734 4342 omnibus
2762 4288 2917 4343 malis
2957 4291 3230 4360 operibus.
3257 4294 3336 4354 Illi

1759 4380 1902 4433 cnim
1930 4377 2019 4447 qui
2043 4375 2293 4430 doctores
2321 4375 2574 4430 Ecclesia:
2599 4385 2742 4442 sunt,
2765 4393 2977 4447 semper
3003 4381 3201 4436 debent
3224 4401 3336 4440 πηο-

1763 4484 1890 4524 nere
1917 4477 1974 4523 et
2002 4468 2278 4536 increpare
2322 4466 2442 4521 illos
2481 4467 2573 4536 qui
2602 4482 2766 4536 opera
2793 4469 2989 4524 diaboli
3037 4470 3254 4540 iaciunt,
3286 4485 3336 4533 et

1761 4577 1858 4632 pro
1883 4561 1963 4616 eis
2015 4565 2190 4625 orent,
2237 4558 2375 4614 sicut
2402 4558 2516 4613 huic
2538 4558 2730 4613 mulier
2755 4561 2931 4614 oravit
2956 4576 3057 4630 pro
3087 4562 3192 4617 ﬁlia
3218 4581 3335 4620 sua.

1765 4653 1869 4707 Sed
1892 4651 2148 4705 Dominus
2179 4664 2285 4702 non
2314 4647 2594 4717 respondit
2620 4649 2670 4703 ei
2718 4651 2964 4705 verbum.
2997 4650 3102 4706 Pro
3148 4655 3338 4713 talibus

1763 4743 1938 4799 causis
1960 4740 2132 4796 uoluit
2159 4739 2416 4793 Dominus
2435 4739 2764 4808 respondere
2791 4741 3022 4795 mulieri.
3056 4741 3255 4806 Primo,
3281 4757 3340 4802 ut

1765 4831 2018 4902 probaret
2063 4829 2180 4898 ejus
2204 4829 2584 4893 constantiam,
2614 4821 2707 4885 Sed
2735 4842 3108 4900 perseveraret
3135 4835 3186 4889 in
3217 4852 3339 4906 prc-

1762 4937 1872 4978 ccs.
1902 4918 2170 4984 Secundo,
2203 4925 2262 4972 ut
2303 4917 2520 4973 tolleret
2547 4918 2889 4974 occasionem
2938 4917 3135 4976 Iudaeis
3164 4939 3231 4978 ne
3253 4925 3338 4979 dio

1765 5021 1968 5077 carent,
2013 5011 2255 5066 Christus
2301 5010 2456 5066 nobis
2493 5011 2788 5080 promissus
2816 5018 2917 5080 est,
2970 5021 3025 5066 et
3057 5013 3156 5068 iste
3184 5014 3338 5072 docet

1761 5111 1966 5171 gentes,
1993 5111 2051 5155 ct
2070 5109 2222 5155 curat
2248 5101 2395 5166 illas;
2417 5109 2716 5170 propterea
2742 5101 2992 5157 nolumus
3017 5104 3238 5160 credere
3289 5109 3341 5163 in

1763 5192 1928 5245 illum.
1963 5190 2163 5256 Tertio,
2189 5199 2248 5244 ut
2268 5191 2520 5260 probaret
2543 5191 2750 5246 animos
2770 5192 3173 5262 discipulorum,
3195 5208 3251 5253 ct
3275 5203 3341 5257 ad

1762 5283 2180 5337 misericordiam
2210 5291 2550 5352 provocarct.
2575 5283 2643 5336 Et
2672 5285 2969 5341 accedentes
2988 5288 3228 5358 discipuli
3257 5311 3341 5345 ro-

1763 5372 1953 5442 gabant
1980 5388 2092 5424 eum
2115 5373 2339 5426 dicentes
2364 5389 2380 5425 .'
2431 5372 2644 5428 Dimitte
2667 5391 2804 5439 eam,
2845 5378 2965 5449 quia
3005 5379 3198 5432 clamat
3226 5395 3340 5450 post

1764 5477 1877 5513 nos.
1910 5459 1985 5514 Ac
2015 5461 2057 5514 si
2085 5461 2321 5515 dicerent
2359 5481 2368 5513 :
2405 5461 2621 5516 Dimitte
2651 5472 2891 5532 peccata,
2920 5473 2976 5520 et
3004 5467 3142 5520 dona
3174 5470 3340 5525 virtu-

1765 5560 1862 5606 tes.
1897 5550 2184 5621 Postquam
2215 5554 2406 5607 mulier
2435 5553 2637 5607 audivit
2664 5553 2759 5608 SS.
2816 5558 3090 5626 apostolos
3138 5575 3234 5627 pro
3283 5580 3340 5617 se

1763 5650 2031 5709 rogantes.
2062 5644 2242 5698 statim
2273 5658 2392 5699 cum
2425 5656 2614 5709 magna
2666 5639 2855 5697 ﬁducia
2897 5648 3040 5700 venit
3069 5649 3132 5700 ad
3164 5650 3338 5705 Domi-

1765 5746 1911 5796 num,
1941 5732 2101 5806 375
2127 5739 2184 5789 et
2211 5729 2452 5787 adoravit
2483 5748 2627 5798 eum,
2687 5733 2907 5788 dicens:
2966 5736 3200 5801 Domine,
3245 5745 3336 5793 ad.

2817 5825 2894 5887 2h
