3896 6250
576 372 676 430 747

1626 377 1681 430 S.
1723 374 1962 429 MAXIM!
2000 373 2296 429 EPlSCOl’l
2335 371 2782 427 TAUllINENSlS

3741 365 3838 422 7&8

568 493 694 565 jnna
724 507 824 545 me.
847 487 946 554 Qui
972 491 1300 562 respondens,
1326 493 1398 544 ait
1428 508 1444 544 :
1474 488 1595 542 Non
1625 499 1700 544 est
1735 490 1919 542 bonum
1938 504 2138 541 sumere
2165 492 2211 549 Α
2239 486 2472 553 gentilis,
2499 485 2724 540 credidit
2746 484 2886 552 quod
2937 484 3192 538 Dominus
3243 490 3441 552 posset
3471 481 3610 536 dare
3640 482 3836 536 sanita—

574 597 759 651 panem
807 581 1054 648 ﬁliorum,
1107 589 1156 634 et
1183 583 1380 634 mittere
1409 580 1657 642 canibus;
1688 580 1791 632 hoc
1819 577 1945 632 dicit
1977 595 1989 629 :
2021 575 2136 629 Non

573 678 657 723 est
700 668 900 723 bunum
947 677 1005 722 ut
1031 668 1371 723 subtrahatur
1397 667 1592 722 Judaris
1615 667 1856 721 doctrinm
1905 667 2019 731 Dei,
2047 665 2138 734 qui

572 772 786 826 semper
830 756 1112 811 Dominum
1162 757 1536 821 adoraverunt,
1587 765 1641 810 ut
1669 755 1823 809 detur
1852 755 2018 817 vobis,
2051 754 2140 822 qui

572 845 800 912 gentiles
852 846 980 900 estis
1033 853 1088 899 et
1133 845 1343 914 pagani,
1385 852 1440 898 et
1467 844 1759 898 s‘ervivistis
1786 857 1997 911 semper
2023 843 2138 896 dia-

575 934 721 988 bolo.
776 933 976 987 Tamen
1029 934 1219 988 mulier
1245 934 1516 1002 sapienter
1536 933 1835 1000 intelligens
1862 932 2003 1002 quod
2034 931 2140 984 Do-

572 1024 746 1082 minus
771 1022 922 1087 dixit,
946 1037 1066 1076 cum
1085 1022 1382 1076 humilitate
1410 1022 1586 1076 taliter
1606 1020 1880 1089 respondit
1905 1038 1917 1072 :
1941 1019 2136 1082 Etiam,

570 1111 804 1164 Domine.
835 1109 949 1165 Hoc
970 1116 1053 1165 est
1072 1111 1248 1165 dicere
1273 1129 1284 1163 :
1317 1110 1454 1165 Vere
1482 1111 1613 1174 scio,
1638 1110 1879 1176 Domine,
1904 1119 1954 1163 et
1976 1109 2136 1164 credo

547 1187 691 1266 quia
721 1199 790 1252 ita
819 1207 899 1253 est
927 1207 984 1252 ut
1012 1207 1065 1252 tu
1089 1199 1236 1253 dicis.
1270 1197 1426 1253 Certe
1450 1215 1556 1253 non
1587 1211 1770 1254 sumus
1816 1200 1961 1266 digni
1991 1198 2135 1252 acci-

566 1305 692 1357 pere
707 1305 903 1358 panem
929 1287 1173 1354 ﬁliorum,
1199 1290 1288 1359 qui
1314 1305 1526 1358 semper
1544 1290 1826 1344 adoramus
1847 1289 2008 1342 idola.
2026 1286 2132 1342 Sed

544 1368 783 1446 propter
808 1377 908 1432 hoc
935 1377 1077 1445 dico,
1098 1379 1222 1445 quia
1243 1377 1490 1446 dignatus
1515 1392 1573 1432 es
1598 1378 1780 1440 venire
1803 1377 1852 1431 in
1875 1376 2131 1430 mundum

555 1473 623 1519 ut
651 1465 961 1521 ostenderes
987 1467 1209 1535 gratiam
1241 1475 1384 1521 tuam
1410 1483 1570 1536 super
1597 1483 1696 1526 nos
1721 1467 1964 1534 gentiles,
1989 1465 2131 1520 Nam

549 1568 611 1609 et
636 1555 803 1610 catelli
821 1557 974 1610 edunt
998 1557 1059 1608 de
1078 1558 1224 1611 micis
1251 1573 1363 1627 quis
1390 1557 1576 1611 cadunt
1605 1557 1666 1610 de
1693 1573 1872 1610 mensa
1898 1556 2132 1610 dontino-

564 1663 674 1697 rum
721 1663 946 1698 suorum.
1001 1645 1178 1698 Fidem
1207 1648 1367 1715 576
1396 1646 1597 1714 habuit,
1643 1647 1767 1716 quia
1823 1661 1940 1700 cum
1988 1654 2130 1700 esset

2240 584 2347 628 tem
2371 575 2489 628 ﬁlia:
2509 590 2636 628 sue.
2661 573 2976 628 Patientiam
3005 574 3193 627 habuit
3221 573 3450 643 quando
3503 587 3633 626 eam
3664 571 3834 626 Domi-

2239 680 2341 719 nus
2383 663 2698 733 repudiavit,
2744 663 2927 717 tandiu
2973 663 3026 718 in
3055 677 3218 732 prece
3261 664 3654 732 perseveravit
3676 680 3836 731 mque

2241 767 2348 822 quo
2375 754 2638 822 acciperet
2663 753 2806 822 quod
2850 754 3141 822 quaerebat.
3192 752 3576 807 Humilitatem
3631 752 3834 814 habuit,

2241 845 2364 914 quia
2392 844 2606 913 quando
2634 843 2886 898 Dominus
2912 844 3241 912 comparavit
3266 857 3389 896 eam
3418 843 3684 907 canibus,
3731 843 3836 910 ipsa

2241 933 2539 1002 comquavit
2584 948 2643 987 se
2669 933 2891 987 catellis.
2939 931 3227 1000 Postquam
3258 930 3610 1000 Redemptor
3658 942 3837 984 noster

2240 1022 2370 1076 vidit
2399 1020 2554 1076 ﬁdem
2588 1023 2738 1077 istius
2761 1023 2998 1076 mulieris
3019 1030 3125 1074 tam
3157 1035 3426 1089 magnam,
3460 1022 3613 1076 dixit
3643 1023 3725 1076 illi
3752 1043 3764 1074 :
3791 1023 3830 1074 0

2239 1114 2441 1181 mulier,
2470 1129 2659 1184 magna
2680 1123 2760 1166 est
2789 1113 2919 1182 ﬁdes
2946 1122 3033 1165 tua
3044 1128 3062 1175 ;
3082 1112 3177 1180 ﬁat
3198 1111 3287 1164 tibi
3327 1113 3464 1165 sicut
3485 1113 3588 1164 ris.
3640 1111 3834 1166 Emeru-

2239 1204 2383 1273 plum
2413 1203 2669 1258 debemus
2709 1203 2972 1271 accipere;
3021 1200 3212 1256 fratres
3255 1200 3550 1263 carissimi,
3611 1201 3687 1254 ab
3739 1203 3832 1256 ista

2237 1290 2492 1354 muliere;
2544 1299 2603 1343 ut
2630 1290 2767 1344 sicut
2813 1290 2900 1342 illa
2932 1288 3220 1356 permansit
3262 1286 3412 1340 ﬁrma
3465 1288 3521 1340 in
3552 1290 3832 1352 oratione,

2236 1378 2312 1433 sic
2334 1393 2432 1432 nos
2459 1377 2698 1447 quotidie
2719 1392 3120 1447 perseveremus
3145 1376 3199 1431 in
3223 1375 3478 1429 omnibus
3501 1377 3677 1430 bonis
3707 1393 3830 1444 ope—

2235 1466 2413 1532 ribus;
2439 1475 2492 1522 et
2510 1465 2646 1520 sicut
2668 1466 2755 1520 illa
2771 1465 2943 1520 oravit
2962 1463 3264 1529 Dominum,
3287 1463 3362 1516 ita
3387 1478 3624 1517 oremus
3642 1466 3826 1525 Deum,

2237 1563 2296 1611 ut
2320 1565 2527 1612 mentes
2556 1563 2769 1612 nostras
2793 1555 3042 1625 dignetur
3068 1553 3296 1610 liberare
3323 1553 3393 1608 de
3445 1554 3673 1609 insidiis
3721 1555 3828 1608 dia-

2233 1646 2363 1700 buli.

1944 1733 2207 1795 SERMO
2249 1735 2406 1798 CIX.

1835 1831 1913 1884 De
1939 1834 2170 1902 fraterna
2193 1840 2528 1903 correptione.

1997 1921 2384 1977 ADMONITIO.

633 2009 818 2067 Sancti
846 2010 1058 2068 Maximi
1086 2012 1578 2068 ornatum‘nomine
1596 2013 1740 2068 hunc
1766 2028 2066 2068 sermonem
2100 2013 2199 2067 109
2218 2030 2281 2068 ex
2313 2015 2498 2071 codice
2519 2013 2794 2071 Casinensi
2818 2033 2908 2081 xn,
2940 2030 3060 2088 pag.
3089 2016 3212 2084 334,
3239 2019 3662 2088 exscripsimus.

515 2159 520 2161 ·
561 2145 1051 2218 Αιιειριεκτξςιιη-
1072 2142 1296 2218 Summis
1324 2141 1562 2218 laudibus
1595 2141 1817 2218 Paulam
1847 2149 2128 2218 apostolum
2165 2151 2203 2208 Β
2234 2143 2371 2199 forte
2424 2148 2525 2201 iter
2570 2156 2802 2203 vestrum
2850 2163 2960 2217 quo
3000 2149 3066 2203 ad
3093 2163 3313 2218 regnum
3343 2152 3568 2206 caeleste
3591 2163 3822 2207 conten-

633 2212 782 2280 eﬁ‘ert
829 2211 1108 2273 Maximus,
1142 2212 1650 2280 ejusqueresplicaus
1697 2211 2042 2265 testimonium
2088 2212 2130 2266 ll

633 2279 881 2334 corinth.
915 2295 985 2340 γι,
1035 2279 1516 2332 οδιειιάλίΙιαὸὶιανε
1548 2295 1649 2332 non
1690 2297 1838 2348 posse
1866 2281 1919 2332 in
1959 2281 2130 2333 eodem

633 2349 787 2402 corde
818 2349 1024 2401 ét‘inter
1048 2349 1200 2400 unius
1237 2349 1454 2418 pectoris
1493 2348 1766 2417 hospitium
1815 2349 2130 2418 iniquitatem

635 2418 785 2470 simul
814 2424 861 2469 et
891 2418 1200 2487 (equitatem.

637 2507 995 2562 Ecclbsiarum
1023 2507 1258 2559 omnium
1287 2508 1524 2574 regimen
1555 2506 1891 2561 beatissimus
1919 2508 2127 2572 Paulus,

565 2601 757 2654 fratres
777 2597 1059 2664 carissimi,
1089 2612 1246 2666 quem
1267 2612 1366 2667 pro
1389 2598 1714 2652 conscientia
1742 2599 1995 2668 inculpati
2034 2613 2130 2667 pe-

565 2689 750 2752 ctoris,
793 2698 1097 2756 sanctisque
1142 2687 1468 2756 perfectione
1518 2689 1774 2742 doctrina:
1824 2691 2130 2756 magistrum

563 2776 811 2844 gentibus
837 2776 1102 2830 universis
1130 2777 1322 2830 electio
1345 2777 1578 2832 caelestis
1604 2778 1848 2842 instituit,
1901 2778 2130 2832 domini-

565 2881 681 2919 eam
701 2867 912 2935 plebem
935 2881 1076 2920 nunc
1104 2866 1284 2933 vigore
1323 2866 1580 2935 Apostoli,
1631 2882 1772 2922 nunc
1817 2867 2132 2922 auctoritate

564 2955 798 3011 doctoris
823 2965 1057 3026 paternm
1086 2956 1364 3009 all'ectione
1393 2957 1606 3024 pietatis
1636 2957 1896 3024 increpat,
1921 2957 2133 3010 instruit

563 3054 620 3099 et
638 3045 904 3100 emendat.
933 3044 1108 3101 Habet
1126 3057 1314 3098 revera
1345 3045 1392 3097 id
1416 3045 1676 3113 propositi
1706 3046 1789 3098 vir
1814 3045 2134 3112 gloriosissi-

566 3148 705 3200 mus,
737 3146 804 3186 ne
830 3132 1120 3201 discipulos
1143 3146 1269 3186 suos
1297 3140 1390 3185 aut
1409 3132 1785 3186 blandimentis
1815 3134 1950 3187 forte
1979 3135 2133 3188 nimis

565 3224 774 3278 desiles
818 3222 1024 3287 reddat,
1075 3229 1166 3275 aut
1219 3223 1492 3290 asperiore
1536 3237 1718 3276 rursus
1770 3223 2132 3291 increpatione

565 3311 868 3366 cuntur-bet.
917 3309 1021 3364 Sed
1051 3317 1200 3363 tanto
1227 3324 1528 3363 sermonem
1555 3326 1712 3363 suum
1739 3311 1976 3380 pondere
2002 3318 2132 3364 tem-

566 3411 982 3473 peramentoque
1028 3399 1352 3464 circumfert,
1397 3407 1454 3452 ut
1480 3398 1736 3454 inoffensa
1767 3400 1989 3454 docendi
2017 3409 2130 3454 arte

2231 2233 2375 2298 ditis,
2408 2235 2732 2292 inﬁdelitatis
2757 2253 2822 2293 ac
2848 2239 3112 2294 scelerum
3140 2239 3306 2309 spinae
3352 2252 3658 2310 sentesque
3689 2258 3814 2296 θοι)-

2231 2322 2462 2377 chnlant.
2488 2325 2595 2380 Sed
2621 2328 2761 2392 agite
2780 2336 3041 2397 quatenus
3063 2328 3216 2382 vobis
3245 2328 3329 2383 via
3355 2329 3443 2385 illa
3469 2331 3620 2399 regia
3653 2347 3813 2401 quam

2229 2414 2475 2480 voluptas
2504 2417 2680 2469 mundi
2713 2417 2870 2484 hujus
2921 2431 2985 2473 ac
3036 2428 3375 2488 peccatorum
3421 2421 3813 2488 impedimenta

2229 2510 2600 2583 coangustant,
2631 2501 2753 2558 ﬁdei
2800 2520 2868 2561 ac
2914 2507 3164 2561 virtutum
3215 2510 3478 2564 exercitio
3524 2511 3810 2565 dilatetur.

2232 2591 2427 2658 Nolite,
2441 2594 2531 2658 ait,
2543 2593 2728 2664 jugum
2743 2595 2924 2649 ducere
2941 2612 3054 2650 cum
3067 2598 3374 2666 inﬁdelibus.
3389 2598 3586 2667 Jugum
3611 2603 3815 2672 quippe

2229 2683 2374 2738 ducit
2392 2698 2514 2738 cum
2543 2682 2842 2740 inﬁdelibus
2861 2687 3035 2742 omnis
3062 2686 3151 2756 qui
3178 2689 3229 2741 in
3252 2689 3611 2757 perditionem
3637 2692 3813 2746 homi-

2230 2774 2312 2827 nis
2335 2781 2669 2842 mortemque
2693 2774 2952 2842 coniurat.
2978 2774 3168 2844 Jugum
3189 2792 3307 2832 cum
3331 2778 3642 2832 inﬁdelibus
3668 2782 3813 2834 ducit

2230 2862 2531 2930 quicunque
2545 2877 2602 2916 se
2614 2864 2714 2932 67
2724 2863 2772 2932 7
2788 2863 3082 2918 inhonestis
3100 2865 3268 2918 sociat
3286 2865 3642 2933 tnrpibusque
3660 2885 3675 2930 ;
3701 2873 3814 2935 qui,

2229 2949 2473 3004 confesso
2495 2948 2691 3004 Christi
2703 2952 2918 3006 nomine
2931 2951 3135 3022 ﬁdeque
3149 2962 3410 3022 suscepta,
3427 2955 3496 3007 ad
3512 2961 3815 3029 sacrilegas

2229 3037 2529 3106 voluptates
2557 3038 2819 3094 diabolica
2851 3043 3228 3110 superstitione
3257 3053 3555 3099 revocatur.
3585 3046 3661 3100 Et
3693 3060 3817 3118 post

2229 3129 2428 3197 omnia,
2458 3129 2669 3198 fratres,
2715 3132 3068 3202 periculosum
3095 3134 3250 3188 nimis
3284 3134 3466 3205 jugum
3495 3137 3670 3193 trahit
3697 3144 3812 3210 qui,

2230 3225 2410 3285 spreta
2439 3218 2741 3286 integritate
2769 3221 2996 3286 vivendi,
3034 3222 3362 3292 diruptisque
3391 3225 3554 3280 divini
3595 3230 3816 3284 timoris

2229 3306 2470 3374 vinculis,
2501 3323 2704 3363 mersus
2733 3317 2874 3365 totus
2903 3312 2954 3365 iu
2979 3321 3194 3376 terram,
3221 3329 3374 3367 sazva:
3401 3321 3814 3374 conversa-tiam

2229 3395 2435 3464 captiva
2480 3398 2640 3451 miser
2666 3397 2802 3453 colla
2837 3400 3098 3454 submittit
3130 3418 3142 3452 :
3174 3409 3233 3454 ut
3270 3402 3335 3456 de
3371 3401 3546 3471 impiis
3586 3404 3811 3474 legitur,

567 3504 997 3559 unumquemque
1018 3498 1169 3542 recto
1198 3503 1228 3541 a
1258 3489 1469 3542 tramite
1493 3487 1792 3541 dcviantcm
1849 3489 2129 3543 salubriter
2154 3488 2198 3548 C
2229 3485 2320 3552 qui
2345 3487 2583 3557 aspicere
2610 3489 2661 3542 in
2689 3489 2881 3544 celum
2909 3499 2965 3544 et
2991 3491 3224 3546 cmlestia
3253 3494 3698 3559 contemnebant,
3730 3499 3810 3552 di-

563 3587 798 3642 revocet,
841 3579 1065 3646 castiget
1093 3585 1146 3629 et
1176 3575 1367 3630 foveat.
1403 3575 1584 3628 Voluit
1611 3577 1751 3630 enim
1781 3577 2130 3644 prudentissi-

565 3687 682 3725 mus
707 3670 917 3736 doctor,
941 3677 1001 3722 ut
1047 3683 1173 3722 vere
1200 3665 1490 3734 spiritualis
1518 3667 1652 3734 apis,
1684 3682 1780 3736 pro
1821 3667 2130 3722 diversitate

563 3757 894 3827 peccantium
917 3765 970 3809 et
998 3755 1199 3824 spicula
1225 3755 1429 3822 jacere,
1461 3762 1514 3807 et
1539 3755 1694 3808 mella
1723 3756 1974 3823 pnnbere.
2022 3755 2130 3810 Nos

567 3864 713 3911 vero,
763 3846 974 3912 fratres,
1025 3859 1160 3911 quos
1189 3853 1241 3896 et
1270 3844 1435 3896 virtus
1464 3840 1660 3906 deﬁcit,
1711 3851 1764 3895 et
1818 3843 2126 3898 multimoda

561 3945 778 4007 peccata
806 3935 1148 3999 comitantur,
1181 3933 1403 3987 acrioris
1426 3933 1781 4001 correptionis
1803 3934 2016 3989 aculeos
2037 3950 2131 3987 au-

559 4029 822 4082 ctoritatis
874 4025 1181 4094 apostolica:
1233 4023 1602 4091 delinquentes
1650 4024 1703 4076 in
1750 4024 1985 4078 auditum
2038 4041 2122 4091 vc-

559 4129 728 4173 strum
773 4115 1096 4172 blandientis
1138 4114 1424 4169 astruimus
1453 4112 1726 4167 allectum.
1773 4113 1902 4166 Nam
1932 4123 1986 4168 et
2012 4115 2127 4168 vul-

2230 3582 2386 3628 cente
2414 3577 2670 3645 propheta
2702 3594 2715 3628 :
2743 3574 2930 3631 Oculos
2975 3595 3095 3633 suos
3133 3589 3422 3634 statuerunt
3451 3581 3730 3638 declinare
3759 3588 3808 3638 in

2231 3669 2371 3713 terra
2389 3661 2560 3732 (Psal.
2588 3661 2716 3732 xvi).
2741 3663 3002 3720 intendite
3021 3667 3192 3723 adhuc
3215 3668 3506 3736 cujusmodi
3533 3674 3806 3740 apostoli-

2229 3765 2306 3804 ca:
2353 3751 2607 3807 doctrina:
2648 3769 2707 3808 se
2747 3755 2879 3811 ordo
2920 3759 3165 3812 subtexat
3195 3777 3208 3812 :
3240 3761 3314 3813 ait
3354 3776 3584 3832 namque
3627 3784 3642 3818 :
3680 3767 3806 3830 Quir

2228 3845 2553 3912 participitio
2573 3847 2790 3914 justilite
2815 3864 2927 3901 cum
2967 3849 3270 3920 iniquitate?
3300 3863 3388 3904 aut
3424 3871 3537 3924 quer
3577 3862 3802 3912 societas

2229 3933 2329 3984 luci
2358 3934 2424 3984 ad
2456 3933 2722 3988 tenebras?
2753 3936 2879 4002 Quen
2905 3947 3074 3991 autem
3098 3943 3359 3994 conventio
3381 3943 3569 3996 Chriin
3599 3950 3678 3999 ad
3709 3948 3802 4001 Be-

2230 4020 2360 4073 lial?
2386 4019 2513 4083 Quae
2538 4039 2660 4089 pars
2688 4023 2831 4093 ﬁdeli
2859 4038 2970 4078 cum
2998 4027 3230 4096 inﬁdeli?
3257 4031 3340 4100 qui
3377 4041 3543 4085 autem
3571 4051 3796 4090 consen-

2228 4125 2312 4162 sns
2342 4111 2528 4179 templo
2555 4110 2652 4163 Dei
2677 4129 2789 4166 cum
2828 4114 3013 4167 idolis?
3047 4113 3190 4180 Quir,
3231 4118 3420 4187 inquit,
3463 4125 3796 4193 participatis

559 4222 687 4262 nera
731 4208 1083 4261 humanorum
1128 4215 1411 4271 corporum
1449 4200 1726 4255 dulcedine
1747 4202 1934 4256 melius
1964 4218 2126 4271 quam
2219 4199 2440 4269 justitia:
2467 4217 2580 4254 cum
2618 4203 2886 4273 iniquitate
2918 4204 2971 4276 (1
2982 4204 3002 4258 ι
3028 4204 3146 4261 Cor.
3176 4209 3423 4277 vr;?Non
3453 4221 3657 4280 potest,
3691 4216 3792 4269 fra-

562 4295 915 4351 amaritudine
945 4291 1292 4347 medicantur.
1321 4291 1409 4344 Ait
1429 4305 1557 4359 ergo
1585 4292 1724 4346 inter
1744 4305 1935 4346 cratera
1987 4293 2129 4362 Apo-

559 4386 726 4441 stolas
781 4383 846 4438 ad
892 4381 1199 4437 Corinthios
1243 4381 1484 4435 scribens
1521 4381 1763 4434 eamdem
1813 4397 2124 4436 remunera-

561 4476 764 4529 tionem
793 4491 806 4525 :
839 4472 1103 4542 Tanquam
1123 4471 1246 4540 ﬁliis
1267 4470 1400 4534 dico,
1432 4469 1725 4524 dilatamini
1753 4481 1802 4524 et
1829 4488 1936 4535 vos,
1957 4481 2006 4524 et
2033 4489 2126 4524 no-

557 4566 646 4617 lite
683 4563 867 4633 jugunt
917 4561 1099 4612 ducere
1126 4575 1238 4611 cum
1278 4557 1569 4626 inﬁdelibus
1600 4557 1687 4628 (Il
1711 4559 1828 4612 Cor.
1860 4559 1954 4626 vr).
1988 4559 2126 4612 Tan-

559 4665 720 4720 quam
751 4649 890 4713 ﬁliis,
922 4648 1114 4715 inquit,
1147 4645 1289 4700 dico.
1342 4643 1485 4699 Ecee
1526 4648 1764 4713 quamvis
1817 4656 2124 4716 peccatores

561 4742 699 4796 ﬁlios
745 4739 976 4808 appellat
1029 4737 1338 4807 Apostolus,
1394 4750 1460 4789 ne
1495 4736 1774 4803 quisquam
1819 4739 2126 4805 peccatricis

2226 4297 2354 4357 tres,
2386 4289 2437 4344 in
2464 4291 2652 4345 eodem
2693 4293 2860 4348 corde
2897 4303 2952 4348 et
2991 4295 3128 4350 inter
3153 4298 3311 4352 unius
3347 4302 3580 4367 pectoris
3612 4301 3795 4373 hospi-

2227 4379 2357 4432 tium
2388 4379 2637 4449 iniquitas
2675 4381 2831 4434 simul
2861 4391 3019 4449 atque
3045 4385 3263 4451 :nquitas
3288 4385 3558 4441 habitare.
3603 4388 3794 4444 Conti-

2226 4483 2387 4523 nuum
2435 4469 2682 4523 nimirum
2732 4472 2872 4525 inter
2917 4481 3192 4542 utramque
3235 4475 3434 4542 geritur
3471 4476 3696 4542 bellum,
3743 4491 3794 4533 et

2232 4574 2440 4614 accesse
2469 4570 2550 4614 est
2578 4569 2636 4613 ut
2664 4576 2766 4614 una
2813 4553 3038 4630 pellaiur
3068 4563 3134 4618 ab
3161 4562 3283 4617 alia.
3315 4563 3530 4618 Frustra
3563 4566 3793 4634 injnstus

2224 4648 2446 4716 quisque
2485 4649 2749 4704 interdum
2795 4651 2970 4707 inesse
3007 4651 3105 4704 sibi
3154 4652 3432 4719 imaginem
3473 4654 3792 4722 integritatis

2224 4748 2456 4792 ostentat
2484 4757 2496 4791 :
2532 4740 2582 4792 in
2611 4741 2790 4794 animo
2817 4742 2959 4794 enim
2988 4755 3146 4809 quem
3177 4740 3476 4810 frequentat
3514 4743 3786 4811 iniquitas,

557 4831 897 4888 conscientia:
923 4829 1126 4898 pudore
1154 4828 1438 4883 deterritus
1467 4826 1534 4882 de
1559 4829 1691 4881 tanti
1713 4830 1876 4896 patris
1904 4832 2123 4884 caritate
2156 4830 2202 4887 D
2225 4827 2470 4882 simulata
2494 4828 2696 4896 iustitia
2737 4838 2838 4884 est.
2883 4828 3129 4898 Plerique
3167 4845 3394 4899 namque
3434 4846 3543 4885 non
3571 4843 3789 4903 propter

555 4929 852 4978 cunctetur.
902 4919 1056 4984 Nam,
1106 4920 1248 4987 quod
1302 4921 1540 4988 increpat
1568 4917 1778 4985 Paulus,
1809 4936 1916 4976 non
1942 4922 2119 4977 odium

555 5021 774 5069 exercet
829 5012 970 5075 irati,
1011 5009 1102 5065 sed
1131 5025 1321 5064 munus
1349 5009 1616 5076 diligentis
1644 5010 1916 5078 impendit.
1944 5011 2120 5066 Incre—

555 5103 704 5172 patio
751 5102 893 5157 enim
938 5114 1056 5169 quae
1109 5099 1280 5153 amico
1327 5099 1394 5152 de
1434 5114 1528 5152 ore
1564 5099 1804 5167 procedit
1833 5101 2115 5169 optabilem

2229 4919 2395 4987 ipsam
2421 4919 2680 4988 justitiam
2717 4920 2848 4989 justi
2894 4937 3267 4991 nonnunquam
3310 4923 3576 4990 videntur,
3605 4926 3704 4981 sed
3735 4937 3787 4979 ut

2223 5011 2588 5079 iniquitatibus
2617 5014 2728 5068 suis
2747 5013 2997 5068 umbram
3016 5013 3313 5067 sanctitatis
3334 5013 3621 5081 abducant,
3635 5031 3786 5075 inen-

2223 5103 2331 5156 titre
2351 5103 2612 5170 aequitatis
2629 5101 2890 5156 velamina
2909 5103 3251 5170 praemittunt.
3268 5101 3372 5158 Sed
3392 5103 3464 5157 illi
3489 5117 3612 5158 rere
3635 5118 3783 5159 enm

553 5201 732 5263 portat
755 5193 807 5246 in
832 5191 1051 5245 vulnere
1068 5189 1367 5243 sanitatem.
1400 5187 1466 5242 Ut
1486 5189 1561 5242 ait
1585 5189 1671 5242 ille
1697 5191 2115 5258 sapientissimus
2215 5195 2342 5261 justi
2380 5181 2570 5264 quibus
2614 5195 2828 5263 penitus
2867 5193 3049 5247 odiosa
3089 5192 3200 5247 Deo
3246 5207 3512 5261 nunquam
3546 5194 3786 5264 subrepit

553 5283 805 5338 Salomon
835 5298 846 5333 :
881 5291 904 5315 ⁴
928 5278 1145 5338 Meliora
1166 5285 1284 5330 sunt
1305 5278 1512 5331 vulnera
1543 5280 1696 5332 amici
1715 5295 1863 5348 quam
1885 5278 2115 5333 volunta-

553 5375 629 5425 ria
651 5372 823 5427 oscula
851 5371 1041 5424 inimici
1067 5367 1244 5439 (Prov.
1289 5368 1471 5435 xxvn).
1505 5368 1571 5422 At
1599 5383 1718 5438 quae
1743 5369 1844 5422 alia
1891 5378 2112 5438 possunt

552 5477 668 5516 esse
694 5461 984 5515 amicorum
1025 5460 1264 5522 vulnera,
1293 5458 1394 5513 nisi
1423 5458 1584 5513 verba
1611 5460 1801 5527 quibus
1831 5471 2111 5530 peccantes

552 5550 934 5605 verberantur?
985 5547 1312 5612 Dilatamini,
1367 5548 1554 5616 inquit,
1605 5549 1654 5602 id
1705 5557 1786 5604 est
1837 5551 2012 5606 videte
2043 5567 2108 5605 ne

2222 5283 2503 5351 iniquitas;
2532 5283 2598 5337 de
2625 5283 2816 5351 quibus
2844 5289 2899 5337 et
2923 5279 3256 5336 venerandus
3286 5281 3586 5350 patriarcha
3623 5282 3782 5338 David

2219 5373 2287 5440 ait
2317 5391 2328 5425 :
2358 5372 2501 5426 Beati
2525 5373 2611 5444 qui
2638 5372 2929 5427 custodiunt
2951 5371 3208 5441 judicium
3236 5380 3285 5424 et
3311 5373 3506 5441 faciunt
3527 5372 3781 5441 justitiam

2216 5464 2270 5516 in
2317 5464 2456 5516 omni
2495 5472 2717 5531 tempore
2747 5460 2914 5531 (Psal.
2944 5460 3054 5530 cv).
3101 5460 3352 5528 Sequitur
3387 5460 3578 5518 deinde
3609 5479 3624 5513 :
3660 5459 3780 5525 Qua

2216 5554 2429 5606 societas
2456 5553 2557 5606 luci
2583 5552 2653 5605 ad
2676 5551 2938 5606 tenebras?
2960 5551 3214 5608 Advertat
3235 5551 3412 5608 omnis
3433 5551 3645 5606 auditor
3663 5547 3780 5619 quis

620 5695 643 5723 ⁸
675 5685 731 5741 ln
754 5686 974 5752 Vulgata
999 5684 1122 5753 legit
1152 5701 1161 5734 :
1186 5680 1407 5738 Meliora
1430 5687 1633 5736 vulnera
1660 5683 1935 5753 diligentis,
1957 5701 2105 5754 quam
2136 5687 2462 5753 framlulenta
2493 5684 2666 5738 oscula
2695 5681 2928 5738 odientis.
