3896 6250
62 430 92 479 τ
106 418 163 478 ω
1496 398 1724 457 διεπιΜο
1758 397 1869 456 CX.
3187 396 3298 456 750

47 547 147 590 non
174 539 360 601 potest
379 542 521 583 unus
551 525 793 592 idemque
832 534 949 575 esse
991 516 1294 587 splendidus
1331 522 1386 568 et
1425 512 1621 567 obscu-
1648 515 1698 573 Α
1723 511 2009 601 subvenire
2054 510 2282 578 miseris,
2323 511 2524 601 sectari
2568 523 2776 579 pacem,
2823 523 3039 565 servare
3084 509 3295 601 patien-

45 638 133 678 τω
157 600 257 673 :Vid
280 627 390 686 est,
419 630 533 671 non
572 619 751 684 potest
782 610 922 667 idem
951 610 1063 679 ipse
1090 608 1252 662 homo
1280 604 1479 674 pariter
1503 605 1625 655 esse
1722 601 1887 666 tiam,
1931 600 2147 655 illaesam
2190 608 2376 656 tenere
2421 600 2696 655 caritatem
2744 614 2841 669 per
2880 601 3077 654 omnia.
3120 600 3299 656 Habes

48 712 262 766 dolosas
286 718 345 763 et
370 706 627 776 simplex,
656 702 921 779 superbus
952 702 1017 754 et
1046 695 1279 757 humilis,
1317 691 1559 779 crudelis,
1574 697 1629 743 et

53 801 213 863 ruitis,
234 798 546 852 luxuriosus
572 804 629 848 et
648 778 846 856 castus,
874 787 1106 859 perﬁdus
1124 792 1181 839 et
1202 782 1391 849 ﬁdelis,
1420 778 1630 834 invidus

59 897 112 942 et
138 888 362 941 amicus.
391 883 466 938 Ut
492 882 635 937 enim
666 879 771 935 ulla
799 879 905 933 luci
928 874 1263 941 tenebrisque
1281 870 1532 935 societas,
1556 868 1628 921 ita

58 976 193 1029 nulla
238 971 531 1027 virtutibus
574 967 823 1035 vitiisque
870 961 1194 1019 communio.
1242 956 1421 1012 Habes
1464 956 1629 1026 678

59 1064 399 1119 nihilominus
428 1078 443 1113 :
472 1074 587 1131 quc
613 1056 876 1112 concentio
904 1052 1095 1107 Christi
1133 1049 1202 1102 ad
1240 1046 1441 1101 Betial?
1465 1043 1523 1099 Id
1546 1050 1632 1098 est

57 1169 160 1209 non
190 1158 419 1220 possunt
446 1150 499 1202 in
527 1162 635 1201 uno
663 1146 784 1199 loco
806 1151 967 1211 atque
989 1141 1043 1195 in
1062 1138 1249 1220 eadem
1277 1142 1458 1189 mente
1478 1132 1634 1187 Chri-

59 1250 171 1295 stus
218 1248 276 1293 et
318 1238 568 1293 diabolus
610 1232 918 1295 convenire,
957 1237 1017 1283 ut
1061 1228 1139 1282 ait
1182 1224 1519 1280 ﬁdelissimus
1545 1220 1634 1275 ille

60 1328 199 1381 Elias
244 1326 313 1381 ad
360 1324 524 1378 lsracl
571 1321 1026 1391 prmvaricantem,
1074 1316 1257 1370 dicens
1305 1330 1327 1365 τ
1366 1311 1633 1382 Usquean

59 1415 361 1469 clandicatis
388 1414 446 1465 in
475 1411 601 1465 duas
630 1408 839 1481 parta?
876 1407 938 1461 Si
974 1404 1226 1476 Dominus
1262 1410 1339 1456 est
1366 1400 1526 1464 Deus,
1551 1415 1633 1452 se-

59 1503 273 1572 quimini
293 1484 442 1565 eum;
464 1502 508 1553 si
530 1507 698 1551 autem
718 1492 869 1563 Baal,
897 1493 1164 1565 sequimini
1184 1492 1331 1545 illum
1354 1488 1478 1560 (111
1506 1488 1632 1561 Reg.

63 1593 168 1661 l8).
191 1591 249 1646 Si
277 1606 413 1659 ergo
438 1592 577 1644 inter
602 1602 841 1643 errorem
869 1600 933 1639 ac
954 1584 1235 1639 veritatem
1263 1579 1518 1651 populum
1538 1579 1637 1633 ﬁu-

62 1688 332 1736 ctuantem
362 1688 473 1733 tam
491 1678 838 1731 vehementer
857 1673 1120 1744 propheta
1140 1669 1483 1735 condemnat,
1503 1682 1638 1736 quo.

65 1769 221 1823 modo
249 1776 503 1836 putamus
536 1778 695 1835 posse
722 1778 841 1830 nos,
870 1761 1083 1837 ﬁ-atres,
1119 1757 1336 1813 incertis
1368 1754 1640 1824 gressibus

1698 698 1850 759 _post
1876 690 1989 745 haec
2018 708 2034 744 :
2065 687 2193 754 Qua:
2218 706 2337 761 pars
2372 690 2519 761 ﬁdeli
2562 706 2677 743 cum
2717 689 2952 759 inﬁdeli?
2986 687 3090 754 Qui
3126 700 3297 745 autem

1728 794 2004 833 consensus
2046 779 2234 849 tempto
2273 777 2522 834 Dei-cum
2559 779 2750 833 idolis?
2772 777 2926 844 Quod
2955 779 3160 848 utique,
3190 778 3295 834 fra-

1730 875 1858 934 tres,
1899 866 2042 922 ﬁdeli
2087 866 2392 937 inﬁdelique
2438 868 2790 937 consortium,
2812 884 2947 925 cum
2986 885 3124 924 unus
3164 869 3296 925 sini—

1728 962 1895 1009 strum
1920 962 2062 1010 terat
2088 957 2209 1023 iter,
2237 956 2482 1011 dextrum
2520 957 2655 1011 alius
2680 957 2985 1025 gradiatur;
3016 974 3153 1013 unus
3180 970 3298 1014 ten-

1729 1043 1822 1098 dat
1841 1044 1913 1099 ad
1940 1045 2123 1108 vitam,
2152 1053 2341 1115 pergat
2367 1046 2504 1100 alter
2530 1046 2597 1100 ad
2633 1054 2890 1112 mortem;
2920 1047 3008 1102 hic
3028 1047 3298 1103 Christum

1730 1141 2016 1202 sequatur,
2062 1134 2153 1188 ille
2199 1134 2468 1189 diabolum
2515 1136 2831 1190 comitetur?
2882 1136 3019 1202 Quid
3068 1152 3301 1206 unquam

1732 1228 2020 1291 potuerant
2053 1222 2251 1277 habere
2300 1230 2407 1277 tam
2446 1223 2657 1279 diversa
2682 1227 3002 1280 commune?
3029 1224 3148 1280 Jam
3173 1241 3301 1281 vero

1734 1313 1854 1380 quis
1900 1311 2104 1367 dubitet
2148 1312 2351 1367 nullum
2391 1324 2553 1383 posse
2582 1315 2837 1385 templum
2865 1315 2960 1371 Dei
2988 1332 3107 1372 cum
3150 1318 3307 1373 idolis

1734 1414 1855 1456 esse
1874 1403 2227 1457 consensum?
2249 1400 2407 1457 Unde
2420 1410 2481 1457 et
2501 1404 2576 1458 ait
2602 1404 2888 1474 Apostolus
2911 1404 3151 1463 ﬁdelibus
3176 1410 3307 1464 viris

1735 1506 1872 1561 quos
1916 1491 2180 1548 idolorum
2219 1495 2468 1563 prohibet
2513 1510 2635 1551 esse
2673 1497 2959 1566 participes
2989 1516 3002 1550 :
3043 1498 3146 1554 Vos
3184 1503 3307 1555 estis

1736 1584 1979 1652 templum
2006 1582 2104 1637 Dei
2130 1584 2227 1638 vivi
2258 1582 2343 1655 (II
2372 1582 2492 1638 Car.
2522 1584 2620 1653 π).
2652 1585 2835 1655 Itaque
2860 1587 2905 1640 si
2933 1588 3188 1657 templum
3213 1588 3307 1644 Dei

1739 1686 1941 1735 sumus,
1972 1687 2079 1726 non
2112 1670 2405 1727 efﬁciamur
2429 1673 2728 1742 sepulcrum
2767 1674 2973 1729 diaboli
2989 1684 3045 1730 et
3069 1685 3307 1746 recepta-

1738 1759 1919 1815 culum
1960 1759 2233 1814 vitiorum.
2282 1759 2339 1815 Si
2386 1762 2648 1817 veraciter
2697 1760 2969 1817 Christum
3021 1772 3215 1820 nostro
3256 1766 3310 1821 in

63 1857 427 1912 claudicantes
454 1855 651 1925 pariter
674 1860 729 1908 et
755 1852 883 1907 vitia
910 1847 1062 1918 sequi
1088 1854 1143 1905 et
1169 1861 1352 1901 amare
1382 1844 1640 1900 virtutes?
1672 1861 1717 1922 Β
1741 1846 1907 1903 corde
1924 1847 2257 1916 suscipimus,
2288 1848 2561 1903 inimicum
2587 1848 2782 1904 Christi
2806 1853 2933 1905 totis
2953 1865 2982 1905 a
3013 1853 3169 1907 nobis
3190 1853 3310 1908 ﬁdei

63 1944 347 2010 Quomodo
392 1957 673 2013 possumus
728 1955 834 1995 uno
869 1937 1060 2006 signati
1102 1935 1292 2006 spiritu
1331 1941 1390 1989 et
1424 1932 1638 1989 Christo

66 2033 266 2089 servire
292 2040 350 2088 et
376 2031 578 2086 diaboli
606 2031 783 2085 facere
807 2027 1171 2087 voluntatem?
1199 2024 1281 2080 An
1315 2039 1424 2079 non
1451 2022 1640 2078 diabo-

1740 1937 1943 2003 yiribus
1968 1937 2343 2008 propellamus.
2366 1937 2510 2003 Htec,
2543 1939 2892 2008 dilectissimi,
2922 1955 3019 2010 pro
3043 1944 3311 1998 communi

1741 2028 1982 2099 profectu
2002 2037 2187 2085 nostro
2205 2029 2272 2084 de
2290 2030 2580 2098 apostolica
2603 2030 2833 2085 lectione
2860 2030 3201 2100 protulimus,
3232 2042 3310 2096 ut,

68 2124 179 2178 licae
226 2124 519 2177 voluntatis
560 2129 643 2177 est
686 2118 922 2176 insidiari
955 2116 1348 2180 innocentibus,
1377 2114 1645 2169 instruere
1742 2116 1891 2171 omni
1919 2116 2036 2171 nisu
2063 2116 2416 2186 omnibusque
2440 2116 2631 2172 studiis
2670 2117 2850 2187 iniqua
2881 2133 2947 2173 ac
2985 2117 3188 2188 perﬁda
3216 2119 3312 2175 de-

68 2213 355 2276 factiones,
399 2212 701 2267 obtrectare
747 2208 962 2274 amicis,
1018 2206 1256 2262 invidere
1302 2204 1640 2268 melioribus,

70 2300 276 2354 violare
322 2298 507 2363 ﬁdem,
553 2299 867 2367 impugnare
905 2294 1200 2364 justitiam?
1239 2292 1389 2348 Sicut
1426 2300 1642 2347 econtra

70 2385 266 2441 Christi
312 2396 395 2442 est
440 2386 616 2457 portio
643 2386 831 2440 timere
868 2382 1056 2449 Deum,
1086 2382 1309 2450 diligere
1332 2381 1642 2445 bonitatem,

1742 2204 2024 2273 clinantes,
2063 2205 2400 2276 beneplacita
2435 2205 2547 2266 Deo
2588 2216 2773 2264 nostro
2798 2222 3014 2279 semper
3034 2218 3198 2280 atque
3221 2224 3312 2267 ac-

1745 2300 1900 2362 cepta
1928 2300 2212 2349 sectemur.

1475 2471 1742 2533 SERMO
1783 2472 1914 2535 CX.

1405 2570 1483 2625 De
1504 2570 1754 2624 castitatis
1778 2571 1969 2624 studio.

1498 2657 1884 2716 ADMONlTlO.

137 2755 300 2825 679
337 2754 489 2812 llunc
516 2770 727 2825 quoque
764 2754 865 2808 HO
904 2769 1206 2825 sermonem
1233 2750 1508 2825 ineodem
1546 2767 1619 2807 xu
1642 2750 1920 2825 Casinensi
1949 2751 2156 2825 codice,
2186 2768 2303 2822 pag.
2347 2753 2473 2825 355,
2512 2763 2698 2812 sancto
2744 2755 2975 2813 Maximo
3002 2758 3315 2820 attributum

74 2819 327 2889 vidui—ius;
357 2839 514 2893 quem
533 2819 606 2877 ide
632 2819 882 2878 castitatis
908 2823 1075 2877 studio
1102 2819 1200 2877 seu
1227 2822 1464 2876 custodia
1495 2819 1889 2875 inscribendum
1917 2837 2037 2878 esse
2065 2819 2527 2893 cuiquc'eumden
2557 2825 2751 2891 legenti
2778 2834 2948 2896 patet.

82 2935 463 2989 Διοωιειετυιι.
494 2934 565 2972 -ἑ
588 2932 714 2987 Prae
750 2934 949 2987 cazteris
978 2949 1009 2986 a
1036 2930 1181 2986 nobis
1218 2930 1486 3000 virtutibus
1513 2945 1647 3000 prce-7

141 3003 306 3056 dicari
344 3004 555 3056 castitas
594 3000 758 3065 debet,
790 3018 943 3071 quam
988 3018 1097 3071 prae
1133 2998 1363 3071 omnibus
1399 2998 1647 3071 peculiari

240 3019 306 3056 trs
344 3018 555 3056 casuras
594 3018 758 3065 aeoet,
860 3018 943 3055 am
988 3018 1097 3071 prae
1133 3018 1363 3055 omnwus
1399 3018 1641 3069 pecuuan

240 3071 363 3147 dans
390 3073 561 3147 gratia
588 3018 855 3124 nascenti:
870 3071 936 3147 de
971 3070 1166 3147 virgine
1202 3066 1432 3121 Christus
1466 3067 1641 3147 elegit.

240 3088 363 3124 cans
390 3088 561 3140 grana
588 3088 843 3124 nascenao
870 3088 936 3123 ae
971 3088 1166 3140 virgine
1202 3088 1432 3121 manuus
1472 3088 1641 3137 etegu.

140 3088 356 3193 mlius
379 3140 710 3209 aspiciamus,
731 3139 958 3209 sanctius
987 3139 1283 3209 cogitemus,
1309 3152 1375 3189 ne
1397 3133 1647 3206 subripiat

146 3209 311 3262 otioso
337 3207 483 3261 cordi
507 3207 924 3277 iudisciplinatus
952 3207 1203 3276 aspectus.

144 3294 414 3361 Quantum
456 3302 513 3349 et
550 3308 711 3363 quam
737 3293 1116 3359 necessarium,
1145 3291 1339 3347 fratres
1364 3289 1648 3358 carissimi,

80 3386 147 3440 de
194 3384 486 3456 Scripturis
526 3385 724 3441 sanetis
763 3399 1046 3454 possumus
1089 3383 1301 3449 habere,
1330 3381 1648 3452 profectum,

83 3472 292 3527 instruit
320 3488 421 3527 nos
448 3473 782 3527 beatissimus
808 3471 1022 3538 Paulus,
1053 3471 1236 3527 dicens
1263 3488 1277 3523 :
1312 3469 1492 3524 Omnis
1519 3470 1649 3524 scri-

81 3571 227 3633 ptura
254 3563 500 3617 divinitus
537 3564 792 3633 inspirata
836 3562 979 3616 utilis
1016 3570 1092 3616 est
1134 3562 1205 3615 ad
1250 3560 1552 3622 docendum,
1583 3559 1654 3612 ad

82 3652 479 3722 corripiendum,
524 3652 593 3705 ad
638 3652 973 3705 erudiendum
1018 3649 1105 3722 (11
1151 3651 1284 3705 Tim.
1334 3649 1432 3719 ιιι).
1481 3648 1651 3714 Quam

84 3738 387 3805 praeclaram
432 3753 699 3809 quamque
748 3736 1027 3793 miriﬁcam
1067 3738 1257 3793 doctor
1296 3735 1653 3790 Ecclesiarum

84 3828 403 3881 sententiam
438 3827 507 3883 de
550 3828 742 3890 divinis
778 3827 1132 3897 promulgavit
1164 3827 1409 3895 eloquiis,
1440 3838 1558 3895 quae
1589 3824 1656 3878 ad

86 3915 449 3981 plenissimam
490 3916 701 3971 vivendi
737 3917 1120 3986 perfectionem
1158 3915 1462 3970 mortalium
1493 3911 1655 3969 corda

88 4003 315 4071 dirigunt
343 4012 399 4059 et
428 4004 741 4059 informant!
773 4003 929 4059 Utilis
955 4003 1196 4075 profecto
1231 4011 1314 4058 est
1346 4016 1524 4057 sermo
1548 4015 1657 4055 co:-

88 4089 231 4148 lsstis
258 4094 327 4148 ad
362 4094 677 4160 docendam,
717 4095 782 4149 ad
826 4093 1241 4165 corripiendum,
1292 4093 1360 4147 ad
1404 4092 1655 4148 erudien—

89 4183 228 4237 dmn.
262 4185 342 4239 Ad
368 4184 665 4240 docendum
697 4186 931 4255 quidem,
961 4199 1083 4240 cum
1119 4198 1400 4254 perversos
1440 4182 1658 4237 indisci-

91 4272 406 4340 plinatorum
429 4290 605 4329 mores
625 4274 794 4328 sancti
821 4273 1108 4341 magisterii
1127 4274 1351 4328 sanitate
1364 4273 1656 4342 componit.

92 4357 165 4412 Ad
205 4361 600 4429 corripiendum
648 4377 807 4429 vero,
855 4378 980 4421 cum
1018 4377 1230 4417 errores
1277 4361 1543 4415 haereseos
1594 4360 1661 4413 ab

1746 2928 1870 2997 gelii
1916 2931 2072 2993 nobis
2116 2930 2431 3001 assumenda
2459 2932 2701 2991 doctrina
2731 2945 2833 3000 est,
2867 2950 3031 3006 quam
3068 2936 3317 2992 divinitus

1745 3020 2054 3089 inspiratam
2083 3019 2319 3075 ﬁdelium
2340 3022 2517 3077 nullus
2540 3024 2767 3091 ignorat.
2790 3024 2867 3078 lbi
2889 3025 3033 3079 enim
3060 3027 3317 3095 scriptum

1674 3131 1720 3196 ο
1748 3110 1980 3180 reperio,
2007 3110 2080 3165 ibi
2101 3126 2288 3166 omnes
2312 3111 2537 3179 legimus
2568 3130 2582 3165 :
2613 3114 2673 3167 Si
2700 3116 2815 3185 quis
2841 3114 3024 3169 viderit
3055 3118 3318 3172 mulierem

1748 3198 1819 3252 ad
1861 3199 2317 3270 concupiscendum
2357 3216 2490 3267 eam,
2519 3202 2635 3271 jam
2672 3202 2947 3256 marchatus
2993 3213 3071 3258 est
3114 3222 3229 3259 eam
3265 3207 3321 3259 in

1747 3287 1903 3342 corde
1922 3303 2014 3342 suo
2036 3286 2245 3358 (Matth.
2269 3286 2347 3359 v).
2369 3286 2578 3353 Videte,
2603 3289 2951 3355 dilectissimi,
2973 3307 3132 3359 quam
3156 3295 3322 3365 εει)

1747 3375 2104 3432 validissimus
2127 3376 2382 3432 Dominus
2400 3385 2585 3433 noster
2604 3379 2767 3433 totius
2786 3380 3126 3448 turpitudinis
3144 3396 3323 3437 emen-

1750 3464 1906 3521 dator
1930 3465 2279 3535 petulantiam
2317 3466 2669 3525 humanorum
2708 3467 2941 3525 refrenat
2986 3479 3322 3541 aspectuum,

1753 3560 1808 3607 et
1827 3568 1934 3623 quo
1964 3554 2220 3623 praecipiti
2247 3554 2427 3623 vigore
2469 3555 2738 3610 incentiva
2784 3556 3001 3612 lubrica:
3027 3561 3201 3614 carnis
3227 3576 3323 3613 an-

1755 3643 1990 3705 tevertit,
2022 3658 2091 3697 ne
2130 3643 2328 3697 malum
2356 3656 2573 3711 germen
2608 3644 2809 3700 fructus
2848 3647 3110 3715 pessimus
3135 3648 3312 3704 subse-

1753 3731 1976 3801 quatur!
2021 3746 2180 3800 quam
2229 3732 2386 3800 longe
2429 3747 2460 3785 a
2501 3733 2665 3789 corde
2708 3734 2939 3789 hominis
2985 3736 3100 3789 vult
3138 3737 3325 3793 abesse

1754 3822 2035 3887 luxuriam,
2062 3822 2153 3891 qui
2192 3829 2339 3876 tanta
2373 3814 2580 3881 cauiela
2626 3823 2964 3880 lascivientes
2998 3827 3241 3895 reprimit
3268 3839 3325 3883 et.

1755 3912 1977 3981 castigat
2004 3912 2245 3966 obtutus!
2275 3912 2338 3967 Si
2364 3914 2494 3979 quis,
2528 3913 2717 3982 inquit,
2747 3915 2930 3968 uiderit
2963 3918 3225 3970 mulierem
3254 3920 3325 3972 ad

1756 4000 2210 4072 concupiscendum
2236 4018 2368 4067 eam,
2388 4002 2502 4072 jam
2540 4003 2817 4056 mret-Iratus
2844 4012 2921 4056 est
2952 4021 3064 4057 eam
3094 4006 3148 4058 in
3176 4007 3327 4060 corde

1756 4108 1869 4145 suo.
1900 4090 1985 4158 Et,
2017 4098 2076 4145 ut
2107 4091 2359 4159 arbitror,
2400 4092 2608 4147 ratione
2649 4094 2905 4147 Dominus
2947 4104 3055 4148 tam
3102 4097 3328 4153 sollicite

1758 4179 2020 4234 diabolica
2058 4186 2384 4234 tentameuta
2427 4190 2783 4251 prmoccupat,
2822 4190 2879 4236 ut
2912 4184 2992 4237 vir
3028 4185 3326 4253 religiosus,

1760 4268 1804 4321 si
1828 4268 2011 4323 oculos
2034 4266 2169 4322 forte
2196 4284 2322 4323 suos
2348 4276 2638 4337 conspectu
2667 4270 2902 4325 mulieris
2939 4271 3148 4326 decora:
3181 4273 3331 4347 laxa-

1762 4356 1917 4423 verit,
1945 4364 2069 4411 ante
2113 4372 2172 4410 se
2209 4357 2573 4426 deprehendat
2600 4372 2821 4427 peccare
2853 4375 3009 4427 quam
3040 4371 3245 4430 peccet,
3272 4348 3333 4418 et

94 4445 331 4503 Ecclesia
358 4448 457 4504 Dei
484 4464 618 4519 pura
646 4465 709 4505 ac
735 4465 881 4505 mera
920 4452 1270 4506 assertionum
1307 4465 1525 4506 suarum
1565 4463 1659 4503 ve-
1691 4483 1741 4542 ι)
1764 4445 2023 4511 intelligat
2048 4444 2322 4500 oculorum
2362 4461 2421 4501 se
2457 4462 2673 4500 suorum)
2715 4447 3066 4517 deprobatum
3095 4452 3333 4508 ministe-

94 4536 245 4592 ritate
269 4535 530 4592 confutat.
565 4536 939 4607 Unusquisque
963 4553 1192 4608 namque
1220 4538 1449 4593 ﬁdelium
1472 4537 1664 4595 divina:

95 4624 223 4693 legis
264 4627 634 4683 admonitione
678 4629 961 4697 dignoscit,
1003 4644 1072 4684 ne
1110 4630 1318 4699 culpam
1358 4630 1568 4684 nescius
1611 4638 1665 4685 et

96 4712 308 4778 ignarus
338 4715 597 4780 incurrat,
627 4724 788 4786 atque
834 4718 1002 4786 ipsius
1047 4719 1334 4772 severitate
1377 4725 1663 4785 terremur,

97 4816 160 4856 ac
186 4806 599 4874 praesumptione
616 4805 903 4861 damnabili
930 4806 1217 4862 audeamus
1237 4804 1376 4876 quod
1406 4823 1513 4861 non
1538 4808 1667 4862 licet

99 4900 422 4961 perpetrare.
455 4893 624 4964 Ipsius
652 4894 994 4950 nihilominus
1019 4896 1374 4951 insinuatione
1399 4894 1665 4950 bonorum

100 4979 463 5051 malorumque
519 4991 733 5037 actuum
798 4992 1099 5039 nostrorum
1153 4984 1383 5039 futurum
1431 4984 1663 5052 judicem

101 5069 351 5125 sentimus
375 5069 566 5136 Deum,
597 5080 655 5125 et
680 5070 997 5128 conﬁtemur
1024 5072 1271 5127 ultorem.
1295 5071 1421 5127 lude
1449 5074 1502 5127 in
1530 5074 1666 5130 Serio

101 5159 263 5226 pturis
288 5161 492 5214 sanctis
511 5169 566 5214 et
592 5162 887 5217 honestatis
920 5161 1161 5217 doctrina
1187 5170 1285 5226 est,
1317 5170 1372 5216 et
1397 5163 1664 5233 correptio

105 5245 435 5319 delictorum,
466 5256 522 5301 ct
546 5248 779 5302 eruditio
816 5250 1077 5306 veritatis.
1106 5248 1473 5321 Opportunum
1514 5268 1663 5307 nam-

103 5347 204 5401 que
225 5344 311 5389 est
336 5344 397 5389 ut
423 5335 598 5404 aliqua
624 5339 833 5393 caritati
860 5348 1050 5393 vestrae
1078 5340 1144 5393 de
1191 5341 1456 5408 pudicitia:
1482 5342 1665 5395 obser-

104 5421 296 5488 vantia,
342 5423 415 5478 de
455 5426 716 5479 castitatis
761 5428 998 5482 custodia
1046 5432 1445 5499 proloquamur.
1501 5429 1668 5483 Debet

104 5510 240 5564 enim
268 5526 379 5581 pra:
405 5515 615 5568 casteria
659 5531 688 5568 a
738 5517 891 5571 nobis
927 5518 1208 5572 virtutibus
1235 5521 1451 5573 castitas
1481 5520 1667 5588 praedi-

107 5599 230 5665 cari,
274 5616 437 5671 quam
484 5618 595 5672 pra:
640 5606 885 5662 omnibus
931 5608 1185 5675 peculiari
1232 5610 1459 5676 quadam
1500 5608 1667 5675 gratia

106 5688 365 5745 nascme
392 5686 460 5744 de
487 5691 688 5757 virgine
712 5693 951 5748 Christus
972 5696 1146 5757 elegit.
1183 5696 1244 5747 Et
1276 5698 1393 5750 ideo
1418 5698 1472 5752 S.
1500 5697 1670 5749 Evan-

1764 4534 1845 4587 rio
1883 4542 2007 4587 ante
2044 4534 2327 4589 incurrisse
2353 4546 2560 4595 reatum
2587 4550 2745 4603 quam
2774 4547 3111 4607 perpetrasse
3144 4557 3332 4611 pecca-

1764 4630 1897 4676 tum.
1950 4621 2016 4675 Et
2057 4623 2187 4687 hmo,
2233 4622 2507 4687 carissimi,
2554 4640 2661 4677 non
2703 4636 2761 4678 ut
2801 4627 3120 4682 miserabilis
3168 4630 3334 4684 homo

1766 4710 2124 4779 prmjudicium
2149 4711 2507 4765 damnationis
2536 4713 2791 4780 incurrat,
2818 4714 2912 4769 sed
2936 4724 2993 4768 ut
3020 4718 3338 4785 suspirantis

1768 4800 1999 4870 pectoris
2026 4801 2431 4870 compunctionc
2456 4802 2695 4870 depulsa,
2720 4818 2826 4856 non
2850 4804 3146 4860 dissimulet
3172 4808 3339 4863 vitare

1767 4906 1925 4955 quam
1955 4890 2204 4957 praevidet
2231 4890 2459 4957 culpam.
2492 4889 2571 4943 Oh
2598 4907 2720 4945 vere
2744 4892 3065 4948 inﬁrmitatis
3089 4894 3336 4951 humanm

1770 4980 2009 5034 medicus
2036 4979 2309 5033 salutaris!
2343 4980 2442 5045 Qui
2491 4996 2558 5034 ne
2604 4983 2837 5037 inveniat
2880 4985 2932 5037 in
2972 4986 3187 5042 homine
3214 5004 3336 5043 cum

1770 5067 1998 5122 hominis
2027 5069 2241 5123 lmsione
2269 5070 2409 5136 quod
2435 5080 2605 5131 curet.
2637 5075 2910 5140 praemittit
2937 5076 3142 5130 vulneri
3171 5081 3339 5133 medi-

1771 5158 1963 5212 cinam.
1997 5156 2059 5209 Et
2087 5159 2207 5226 quia
2241 5158 2439 5211 nullum
2473 5161 2581 5212 vult
2611 5161 2941 5216 credentium
2963 5179 3179 5219 suorum
3205 5183 3339 5221 mor-

1773 5248 1939 5303 tiferis
1966 5258 2300 5316 peccatorum
2332 5248 2565 5304 febribus
2591 5255 2834 5310 astuare.
2868 5265 3099 5322 paterna
3129 5258 3342 5323 pietatis

1772 5341 1973 5395 medela
2002 5350 2125 5395 ante
2153 5350 2305 5396 sanat
2327 5357 2484 5409 quam
2510 5344 2762 5413 subrepat
2791 5345 3086 5409 infirmitas,
3108 5348 3247 5401 sicut
3270 5352 3343 5402 ait

1770 5429 1957 5482 beatus
1982 5428 2237 5497 propheta
2268 5429 2434 5489 David
2466 5448 2477 5481 :
2510 5430 2645 5484 Dens
2672 5449 2830 5494 meus.
2862 5435 3212 5487 misericordia
3232 5439 3344 5506 ejus

1770 5520 2039 5587 praeveniet
2063 5536 2141 5571 me
2168 5518 2338 5587 (Psal.
2372 5524 2537 5588 mu).
2569 5518 2778 5590 Optime
2807 5540 3035 5593 namque
3068 5524 3213 5578 novit
3241 5528 3342 5581 hu—

1776 5607 1914 5660 mani
1943 5608 2152 5672 generis
2180 5608 2321 5661 salus
2348 5624 2498 5662 saevae
2519 5612 2884 5679 conceptionis
2916 5613 3072 5665 noxia
3096 5629 3343 5669 reserare

1776 5695 2081 5767 primordia,
2104 5697 2192 5763 qui
2225 5698 2276 5750 in
2307 5699 2415 5765 ipsa
2442 5701 2693 5767 peccandi
2720 5700 2879 5768 janua
2908 5704 3199 5769 ingressum
3221 5703 3339 5756 dia-
