3896 6250
605 379 702 437 761
1663 380 1720 435 8.
1761 379 2002 434 MAXIMI
2040 380 2339 437 EPISCOPI
2379 382 2827 444 TAURINENSIS
3758 393 3844 446 7L2

604 492 711 546 boli
736 491 1078 562 subripientis
1113 487 1369 544 excludit.
1415 486 1560 542 Unus
1602 487 1743 541 enim
1791 487 2038 558 idemque
2075 489 2168 542 Dei
2198 496 2240 550 Λ
2274 499 2359 544 tus
2410 501 2676 559 aspectus.
2712 491 2906 548 Oculos
2946 509 3178 564 namque
3229 497 3547 567 accepimus
3587 507 3647 553 ut
3689 499 3838 554 lunae:

606 582 767 637 Filius
796 591 997 636 natura:
1026 590 1222 636 nostra:
1249 579 1504 633 Dominus
1531 587 1587 631 et
1621 578 1873 646 magister
1899 586 1982 632 est
2007 579 2169 634 casti-
2271 582 2486 651 corpori
2506 582 2796 651 praebeant,
2822 598 2928 648 non
2956 593 3016 639 ut
3042 587 3237 640 animae
3275 588 3519 642 inferant
3547 591 3839 644 inanitatem.

604 676 742 730 tatis.
776 673 843 727 Et
869 673 995 743 quid
1025 673 1199 727 dicam
1225 669 1486 725 castitatis
1514 668 1784 736 magister,
1813 683 1937 724 cum
1965 668 2079 738 ipse
2102 669 2173 724 sit
2270 672 2431 744 681
2455 671 2523 727 Et
2550 681 2674 742 post
2700 675 2880 728 omnia
2920 677 3178 732 ministris
3214 679 3354 733 lucis
3384 681 3732 734 tendinum
3753 697 3840 736 sua

603 766 910 834 incorrupta
937 761 1214 832 pudicitia,
1246 761 1359 830 ipse
1384 759 1633 814 inviolata
1660 759 1731 813 sit
1757 760 2013 813 castitas?
2040 759 2170 814 Nam
2271 760 2468 816 debent
2511 777 2629 818 esse
2677 764 2934 830 leviores;
2965 768 3043 820 ait
3085 769 3224 821 enim
3262 767 3532 824 Dominus
3564 771 3637 825 ad
3674 788 3840 826 unum-

601 853 655 908 in
683 853 836 921 cujus
860 867 954 907 ore
977 851 1132 906 dolus
1161 866 1267 904 non
1296 857 1380 904 est
1403 857 1668 912 inventus,
1693 846 1844 915 cujus
1863 863 1957 902 cor
1974 856 2030 901 et
2046 861 2173 903 caro

601 944 901 1002 exsultaver
909 951 1004 996 unt
1014 943 1066 996 in
1078 941 1244 997 Deum
1260 941 1456 1004 vivum,
1472 953 1541 992 ne
1553 939 1604 992 in
1617 937 1784 992 oculis
1793 937 2004 1005 quidem
2019 937 2174 991 vesti-

601 1035 747 1102 gium
762 1034 936 1104 potuit
951 1031 1148 1086 habere
1158 1030 1356 1086 delicti.
1370 1028 1532 1096 Ergo,
1547 1030 1756 1092 fratres,
1772 1026 1898 1096 quia
1914 1026 2171 1093 fragilita-

603 1133 712 1179 tem
727 1131 964 1177 nostram
987 1118 1298 1176 multimoda
1318 1125 1536 1187 peccata
1556 1124 1923 1186 corrumpunt,
1951 1123 2172 1170 nostra:-

601 1229 708 1284 que
718 1211 1184 1267 vitat-tremendum
1203 1209 1328 1263 illud
1336 1207 1594 1277 judicium
1609 1214 1955 1275 pnnparatur,
1968 1205 2174 1259 cautius

601 1302 943 1371 aspiciamus,
971 1299 1209 1356 sanctius
1243 1297 1556 1364 cogitemus,
1596 1311 1664 1348 ne
1704 1293 1964 1363 subripiat
2001 1293 2174 1348 otioso

602 1389 748 1446 cordi
775 1401 962 1448 nostro
988 1382 1496 1457 circumvagautium
1526 1383 1786 1439 luminum
1815 1381 2177 1452 indisciplina-

2273 865 2538 920 quemque
2567 862 2846 908 nostrum:
2879 855 2942 910 Si
2969 857 3136 910 lumen
3172 859 3310 928 quod
3346 861 3402 912 in
3444 869 3499 913 te
3536 869 3619 914 est
3649 861 3838 916 taetra

2276 951 2412 1004 sunt,
2441 941 2569 1011 ipsa:
2591 944 2810 998 tenebrae
2834 955 3039 1015 parate
3064 957 3209 999 erunt
3231 947 3448 1016 (Matth.
3483 949 3593 1014 vi)!
3629 947 3702 1002 Et
3721 950 3837 1012 ideo,

2276 1031 2553 1093 carissimi,
2593 1033 2788 1102 sapius
2828 1030 2982 1088 nobis
3027 1035 3300 1104 Scriptura
3338 1047 3532 1092 sancta
3563 1048 3652 1093 est
3676 1056 3836 1094 reces-

2277 1117 2460 1183 senda,
2502 1133 2600 1188 per
2640 1122 2802 1192 382
2828 1137 2989 1190 quam
3016 1124 3279 1191 possimus
3320 1126 3620 1180 honestate
3656 1128 3836 1188 doceri.

2277 1208 2514 1260 coerceri
2555 1211 2813 1274 avaritiis,
2859 1220 2914 1264 et
2956 1212 3273 1267 salutaribus
3316 1230 3462 1268 vera:
3497 1215 3626 1270 falci
3673 1219 3840 1283 regulis

2279 1294 2493 1358 erudiri,
2519 1298 2660 1353 idem
2685 1301 2824 1356 sicut
2846 1302 2972 1356 dicit
2993 1303 3278 1373 Apostolus
3301 1322 3324 1357 τ
3344 1305 3668 1360 Dilatams’ni
3687 1317 3734 1361 et
3753 1325 3839 1372 ros,

2277 1391 2326 1436 et
2353 1379 2511 1439 nolite
2527 1385 2709 1457 jugam
2739 1389 2921 1444 ducere
2947 1406 3061 1443 cum
3095 1393 3391 1460 inﬁdelibus
3419 1393 3474 1463 (I
3507 1395 3635 1450 Cor.
3663 1400 3755 1465 η).

1987 1491 2250 1552 SERMO
2293 1493 2456 1555 CXI.

1827 1587 2018 1643 Contra
2047 1589 2284 1658 loquendi
2311 1591 2632 1650 pravitatem.

2035 1675 2420 1731 ADMONITIO.

674 1778 730 1832 In
758 1777 946 1832 eodem
976 1774 1163 1831 codice
1189 1789 1264 1828 xu
1289 1770 1588 1834 Casinensi,

1630 1781 1751 1849 pag.
1780 1765 1908 1848 ᾆδε,
1934 1773 2107 1849 exstat
2133 1764 2218 1849 hic
2244 1764 2884 1849 tertius'rnoralis'sermo
2916 1778 3183 1842 expressis
3212 1779 3391 1849 verbis
3418 1794 3545 1849 cum
3583 1781 3640 1834 in
3688 1783 3838 1843 titulo.

607 1856 719 1903 tum
747 1847 800 1900 in
829 1843 1264 1912 marginesancti
1303 1840 1518 1912 Maximi
1561 1833 1795 1912 episcopi
1838 1833 2371 1912 nomine-insignitus.
2403 1833 2539 1912 δυηρ
2567 1836 2782 1892 dubium
2809 1856 2928 1896 esse
2953 1833 3129 1911 potest
3155 1859 3217 1898 ex
3248 1833 3438 1901 eodem
3469 1833 3645 1912 fonte,

3675 1854 3840 1932 υιρυυ

607 1902 1379 1988 superiores_,prodiisse,cum
1409 1902 1610 1962 eadem
1632 1907 1718 1959 hic
1741 1902 1949 1959 dicendi
1990 1903 2126 1956 ratio
2153 1902 2394 1970 idemque
2417 1902 2809 1975 Scripturarum
2844 1902 2970 1966 usus
2999 1912 3051 1965 in
3080 1929 3186 1982 quo
3206 1913 3261 1968 S.
3290 1914 3562 1970 Maximus
3589 1902 3838 1988 pracipes"
3681 1902 3830 1964 vivi

612 1981 882 2046 ex’celluit,
911 1981 1230 2034 inveniatur.

607 2071 974 2126 Ancuunaruu
1024 2099 1097 2144 -τ
1122 2064 1328 2144 Cantia
1357 2061 1878 2143 superiorifoncione
1899 2058 1975 2144 ἐς
2011 2058 2165 2144 Mari

2284 2059 2525 2130 sterium,
2557 2069 2614 2117 et
2641 2065 2816 2121 nullus
2842 2067 3168 2137 simplicibus
3191 2071 3322 2127 viris
3347 2072 3604 2127 tondetur
3640 2075 3838 2144 laqueis

675 2157 786 2192 nuis
813 2139 994 2208 ﬁdeles
1021 2137 1088 2188 ad
1116 2135 1285 2208 cordis
1322 2127 1714 2208 sanctimoniam
1750 2144 1855 2208 per.
1874 2127 2176 2208 diligentem.

673 2193 935 2263 oculdrum
975 2204 1260 2258 custodiam
1295 2201 1596 2253 adhortatus
1632 2199 1804 2268 fuerit,
1835 2196 1914 2268 Itic
1943 2193 2175 2268 loquendi

673 2278 933 2330 licentiam
963 2273 1052 2327 red
1067 2272 1244 2341 zrguit,
1285 2269 1607 2337 corruptique
1632 2264 1893 2319 sermonis
1933 2264 2174 2332 pessimos

676 2346 888 2413 e/Iectus
917 2343 1238 2411 manifestat.

673 2433 978 2499 Congruum
1025 2429 1180 2483 nobis
1227 2435 1312 2480 est
1361 2439 1426 2479 ac
1473 2423 1847 2485 necessarium,
1878 2420 2085 2482 fratres,
2111 2418 2176 2472 ad

603 2522 959 2578 eruditionem
989 2516 1496 2586 correptionemque
1523 2524 1857 2566 communem
1887 2508 2176 2577 apostolica

606 2611 809 2666 monita
853 2620 1158 2673 recensere,
1187 2612 1243 2658 et
1280 2603 1332 2656 in
1372 2601 1548 2656 verbis
1574 2598 1901 2668 simplicibus
1927 2597 2175 2650 salutaria

604 2698 854 2754 mandata
895 2694 1096 2759 rimari,
1135 2693 1274 2748 sicut
1309 2691 1566 2759 scriptum
1596 2695 1680 2742 est
1707 2706 1719 2740 :
1748 2687 1892 2740 Beati
1918 2687 2002 2757 qui
2034 2702 2176 2739 scru-

604 2797 780 2842 tantur
808 2783 1097 2840 testimonia
1141 2783 1273 2852 ejus,
1313 2781 1369 2834 in
1411 2787 1515 2834 toto
1562 2777 1714 2832 corde
1755 2777 2027 2846 exquirunt
2062 2791 2174 2826 eum

603 2876 778 2946 (Psal.
811 2874 979 2944 xvtn).
1013 2873 1102 2926 Ait
1126 2886 1256 2939 ergo
1294 2869 1709 2939 gloriosissimus
1735 2866 1927 2920 Paulus
1957 2883 1969 2919 :
1995 2864 2176 2918 Omnis

601 2981 768 3019 sermo
807 2963 972 3017 malus
997 2977 1062 3015 ea:
1101 2977 1190 3015 ore
1215 2968 1381 3014 vestro
1415 2974 1516 3012 non
1559 2956 1800 3029 procedat
1829 2954 2040 3026 (Ephes.
2076 2955 2170 3022 tv).

601 3054 772 3121 Quam
807 3053 1028 3124 pulchre
1058 3056 1328 3120 quamque
1364 3047 1643 3116 magnifice
1682 3045 1976 3101 cmlestium
2019 3044 2174 3098 disci-

601 3145 866 3214 plinarum
910 3139 1340 3211 speeiosissimus
1383 3137 1573 3192 doctor
1614 3135 1770 3191 unius
1819 3149 1956 3204 pene
1999 3133 2174 3200 rigore

599 3231 880 3285 sententia:
933 3227 1297 3283 effrenatiouis
1342 3224 1636 3292 maliloquii
1685 3232 1739 3278 et
1784 3223 2172 3277 contumaciam

600 3321 792 3388 lingme
835 3317 1125 3388 petulantis
1169 3315 1445 3370 emendat!
1497 3312 1725 3384 Propter
1776 3311 1919 3381 quod
1969 3313 2165 3374 videte,

2277 2149 2623 2206 adulantium.
2649 2152 2800 2210 Tolle
2840 2155 3029 2224 lingua:
3055 2156 3272 2214 artificis
3302 2161 3590 2227 fabricam,
3618 2172 3680 2216 et
3705 2169 3834 2217 mali-

2277 2237 2348 2290 tia
2371 2239 2628 2295 scelerum
2658 2257 2822 2298 vacua
2849 2246 3143 2300 remanebit
3165 2257 3189 2283 ι
3213 2250 3434 2303 avaritia
3460 2268 3474 2302 :
3509 2265 3689 2320 neque
3716 2256 3836 2306 enim

2275 2326 2412 2378 avidi
2440 2328 2616 2384 cordis
2655 2329 2820 2386 fames
2864 2332 3048 2387 insana
3085 2337 3339 2403 pascitur,
3370 2339 3473 2393 nisi
3524 2339 3580 2393 in
3619 2342 3833 2409 pra-dam

2274 2415 2532 2482 malignus
2577 2434 2754 2475 sermo
2793 2426 3132 2491 processerit.
3165 2423 3348 2480 Omnis
3375 2445 3549 2483 sermo
3587 2433 3755 2484 malls
3785 2450 3835 2484 es

2273 2520 2363 2556 ore
2389 2517 2552 2560 vestro
2579 2525 2682 2562 non
2709 2513 2969 2580 procedat.
3001 2514 3170 2579 Quam
3214 2517 3372 2584 longe
3419 2534 3520 2573 nos
3559 2518 3676 2574 ﬁeri
3706 2523 3837 2574 malis

2274 2593 2341 2645 ab
2374 2596 2627 2662 operibus
2665 2602 2933 2667 convenit,
2962 2605 3154 2671 quibus
3179 2604 3495 2673 delinquere
3525 2624 3632 2663 nec
3659 2611 3712 2662 in
3736 2627 3833 2663 ser-

2242 2673 2432 2734 'mone
2476 2682 2829 2750 permittitur!
2863 2686 2948 2739 Ait
2975 2688 3116 2742 enim
3147 2690 3200 2743 in
3229 2695 3692 2761 consequentibus:
3729 2698 3836 2749 bea-

2275 2768 2507 2824 tissimus
2533 2768 2728 2829 Paulus
2754 2791 2767 2826 :
2797 2773 3098 2831 Fornicatio
3125 2788 3174 2832 et
3199 2782 3528 2837 immunditiis
3560 2803 3656 2838 nec
3685 2791 3836 2840 noni-

2272 2868 2418 2910 netur
2443 2861 2498 2912 in
2532 2861 2694 2929 vobis,
2723 2868 2810 2916 aut
2849 2868 3229 2938 turpiloqninm,
3264 2880 3353 2923 aut
3395 2875 3713 2941 scurrilitas,
3742 2895 3836 2948 quae

2272 2947 2341 3000 ad
2367 2965 2474 3002 rem
2500 2965 2603 3004 non
2627 2955 2843 3020 pertinet
2865 2953 3076 3025 (Ephes.
3107 2957 3201 3029 tv).
3230 2957 3436 3015 ideirco
3460 2963 3720 3018 nimirum
3741 2967 3839 3020 lucc

2270 3038 2447 3091 omnia
2475 3038 2616 3093 inter
2644 3041 2826 3096 lldeles
2864 3044 3066 3099 inhibet
3104 3046 3390 3116 Apostolus
3429 3055 3752 3122 nuncupari,
3781 3070 3839 3110 ne

2270 3133 2362 3178 aut
2389 3127 2440 3179 in
2471 3143 2604 3197 opus
2632 3131 2919 3199 pessimum
2949 3135 3239 3204 mahloquii
3266 3139 3606 3195 consuetudo
3635 3141 3838 3197 deme-

2269 3224 2376 3282 gat,
2409 3214 2500 3270 aut
2529 3222 2756 3288 turpium
2805 3223 3132 3280 obscenitate
3177 3242 3482 3283 sermonum
3532 3231 3716 3286 dicata
3758 3234 3839 3287 Ι)τὶ

2272 3301 2514 3360 laudibus
2540 3317 2843 3363 sanctorum
2887 3312 3060 3379 lingua
3104 3313 3398 3369 sordescat.
3432 3318 3565 3381 Quis
3594 3322 3740 3374 enim
3769 3319 3837 3375 fec

598 3409 788 3462 fratres
822 3406 1100 3469 carissimi,
1148 3405 1594 3473 quemadmodum
1638 3403 1888 3471 magister
1929 3404 2162 3470 gentium
2190 3389 2238 3457 C
2267 3401 2351 3446 Pal
2379 3408 2446 3448 ει
2475 3409 2582 3455 uno
2610 3397 2903 3467 eodemque
2941 3415 3036 3454 ore
3062 3416 3202 3456 nunc
3228 3402 3406 3456 divina
3433 3404 3677 3476 eloquia,
3710 3425 3837 3462 nunc

597 3506 654 3550 et
680 3497 958 3551 dominica:
998 3496 1168 3549 vinea:
1210 3502 1425 3564 putator
1452 3496 1695 3562 egregius
1724 3507 1907 3546 arsura
1936 3491 2168 3546 omnium

596 3586 864 3639 sarmenta
904 3585 1156 3638 vitiorum
1197 3584 1446 3652 prarcepti
1493 3583 1572 3636 sui
1621 3582 1755 3637 falce
1797 3581 2034 3635 succidit.
2076 3580 2168 3633 Di-

595 3673 769 3729 cendo
797 3673 938 3726 enim
971 3689 986 3725 :
1016 3670 1198 3725 Omnis
1236 3686 1406 3725 sermo
1443 3671 1607 3724 malus
1641 3688 1706 3724 ex
1745 3687 1832 3724 ore
1871 3679 2034 3724 vestro
2065 3687 2167 3725 non

595 3765 857 3836 procedat,
888 3764 1134 3818 universa
1173 3762 1328 3817 simul
1355 3760 1530 3816 cordis
1557 3769 1717 3829 atque
1747 3761 1856 3814 oris
1882 3761 2048 3815 nostri
2072 3775 2168 3814 no-

597 3854 683 3906 xia
721 3860 1070 3920 purgamenta
1106 3851 1356 3918 detergit.
1383 3850 1504 3918 Agit
1533 3851 1673 3902 enim
1705 3858 1762 3902 ut
1789 3849 1833 3903 si
1856 3849 2164 3918 cujusquam

593 3957 692 3998 cor
717 3941 913 3995 malitia
955 3939 1095 3995 forte
1132 3942 1328 4009 aliqua,
1353 3940 1565 3994 diabolo
1592 3940 1898 4008 inspirante,
1924 3941 2165 4008 pulsave-

593 4031 684 4094 rit,
717 4045 825 4083 nou
853 4029 1087 4088 inveniat
1113 4029 1166 4082 in
1199 4044 1266 4083 co
1303 4030 1567 4082 sermonis
1599 4029 1872 4097 operantis
1896 4028 2162 4083 ellectnm.

591 4117 780 4174 Omnia
827 4132 1022 4188 nempe
1066 4117 1395 4172 occultarum
1439 4117 1835 4186 cogitationum
1864 4131 2084 4181 venena,
2117 4117 2162 4171 si

592 4225 700 4264 non
729 4211 1068 4279 proferantur
1092 4208 1144 4262 in
1174 4208 1354 4270 verba,
1380 4207 1522 4261 velut
1557 4207 1759 4261 defecta
1788 4208 2008 4274 viribus,
2033 4225 2161 4278 pro-

592 4300 738 4353 tinus
762 4306 1108 4353 evanescunt.
1138 4297 1213 4351 ita
1250 4299 1391 4352 enim
1421 4297 1490 4351 ad
1520 4299 1918 4366 exprimendum
1949 4302 2159 4368 maligni

589 4388 768 4444 cordis
806 4388 1136 4458 propositum
1162 4387 1229 4441 de
1258 4388 1439 4455 iniquo
1468 4387 1697 4456 quodam
1726 4404 1902 4443 sermo
1929 4392 2160 4461 pr0phe-

592 4479 730 4532 ticus
753 4484 1096 4545 protestatur,
1129 4475 1310 4530 dicens
1342 4495 1354 4528 :
1386 4475 1627 4546 Concepit
1661 4476 1905 4541 dolorem,
1930 4486 1977 4530 et
2005 4495 2159 4547 pepe-

589 4570 660 4623 rit
699 4567 1020 4636 iniquitatem
1050 4565 1220 4634 (Psal.
1262 4567 1356 4637 vn)
1389 4583 1402 4619 :
1435 4566 1488 4620 id
1525 4575 1628 4634 est,
1668 4566 1831 4621 homo
1876 4568 2067 4636 impius
2105 4577 2160 4623 et

589 4657 816 4725 iujustus
869 4655 1125 4710 malitiam
1170 4670 1353 4722 suam,
1399 4670 1557 4724 quam
1603 4653 1765 4709 corde
1809 4665 2156 4726 conceperat,

2272 3485 2574 3541 drcmonum
2602 3489 2760 3542 verba
2791 3491 3038 3558 prodire?
3065 3491 3192 3558 Quis
3220 3491 3355 3548 ferat
3382 3509 3546 3549 unam
3575 3498 3834 3553 cantilau-

2269 3589 2374 3641 que
2403 3576 2630 3645 linguam
2661 3579 2769 3633 Deo
2799 3581 3024 3648 psallere
3061 3592 3115 3637 et
3142 3593 3358 3639 cantare
3383 3586 3645 3641 diabolo?
3671 3589 3830 3660 Atque

2267 3674 2325 3716 ut
2346 3665 2987 3740 pleniusquazquantaque
3003 3673 3106 3727 sint
3126 3675 3336 3744 maligni
3357 3681 3629 3734 sermonis
3653 3683 3824 3737 incen-

2267 3754 2370 3806 tiva
2391 3755 2784 3826 dignoscamus,
2813 3770 3114 3816 sanctarum
3134 3762 3532 3833 Scripturarum
3559 3770 3644 3823 vel
3675 3786 3828 3838 pauca

2265 3860 2599 3903 recurremus
2627 3851 2889 3921 exempla.
2921 3850 3086 3906 Malus
3114 3855 3253 3908 enim
3282 3871 3461 3910 sermo
3497 3856 3635 3926 Magi
3666 3860 3825 3914 Simu-

2265 3937 2345 3990 nis
2386 3937 2453 3990 de
2501 3953 2596 3992 ore
2638 3942 2914 4007 processit,
2963 3958 3082 3996 cum
3131 3943 3311 3998 oblato
3356 3949 3620 4014 apostolis
3667 3953 3825 4019 pretio

2262 4027 2554 4081 venundari
2601 4028 2698 4082 sibi
2747 4029 2838 4084 Dei
2884 4032 3108 4098 gratiam
3152 4034 3405 4100 postulat.
3448 4034 3622 4092 Malus
3661 4053 3824 4092 sermo

2263 4112 2524 4186 Egyptia:
2564 4117 2799 4171 mulieris
2826 4119 2893 4173 de
2919 4135 3014 4174 ore
3053 4123 3329 4189 processit,
3357 4137 3475 4192 qum
3502 4136 3714 4179 castum
3739 4126 3821 4180 Jo-

2259 4205 2389 4271 svph
2434 4205 2484 4257 in
2532 4205 2868 4260 concubitqu
2905 4223 3058 4262 suum
3090 4209 3227 4276 turpi
3258 4210 3582 4266 allocutione
3609 4228 3819 4266 succen-

2261 4293 2437 4346 dcbat.
2470 4293 2639 4348 Malus
2685 4311 2860 4350 sermo
2904 4297 3197 4352 avarissimi
3245 4300 3386 4366 regis
3429 4299 3609 4355 Achar.
3636 4303 3706 4357 de
3741 4319 3822 4358 ore

2259 4387 2536 4453 processit,
2564 4389 2723 4458 683
2761 4389 2851 4457 qui
2889 4386 3098 4442 ﬂamma
3137 4404 3349 4445 vesana:
3389 4391 3702 4461 cupiditatis
3739 4409 3818 4449 ac-

2257 4490 2448 4531 census
2475 4478 2764 4545 impudenti
2786 4478 2960 4546 lingua
2985 4479 3192 4534 vineam
3219 4480 3477 4550 poscebat
3501 4482 3753 4545 alienam,
3774 4493 3821 4537 ct

2256 4579 2368 4617 rem
2413 4565 2514 4618 sibi
2558 4565 2862 4632 indebitam,
2893 4565 3106 4623 Iezabel
3150 4571 3335 4625 uxoris
3365 4585 3477 4625 sua
3515 4572 3818 4641 maliloquio

2257 4655 2614 4722 ministrante,
2641 4657 2803 4712 occisi
2841 4659 3090 4727 pauperis
3136 4669 3308 4715 morte
3353 4661 3613 4729 possedit.
3659 4661 3819 4717 latus

588 4747 744 4801 labiis
786 4745 1114 4815 parturierit.
1154 4743 1306 4799 Tolle
1352 4759 1538 4799 revera
1579 4744 1920 4812 malignitatis
1945 4754 2153 4814 partum
2180 4726 2231 4786 ί)
2256 4756 2433 4797 sermo
2460 4741 2728 4797 traditoris
2751 4741 2903 4798 Judau
2929 4726 2997 4800 de
3023 4761 3118 4801 ore
3145 4726 3421 4817 processit,
3449 4764 3576 4804 cum
3597 4749 3816 4806 domini-

588 4833 871 4899 sermonis,
902 4840 957 4886 et
982 4847 1308 4901 quacunque
1353 4832 1407 4886 in
1441 4832 1602 4887 corde
1638 4833 1866 4886 hominis
1898 4843 2154 4904 concepta

587 4922 746 4978 fuerit
776 4921 1052 4986 mmstitia,
1081 4920 1225 4974 velut
1250 4921 1549 4976 abortivum
1592 4919 1861 4988 quoddam
1903 4923 2154 4977 nascendi

586 5010 881 5065 cﬂlcaciam
926 5025 1034 5065 non
1080 5008 1315 5072 habebit,
1355 5011 1558 5078 suaque
1601 5023 1726 5062 mox
1770 5009 1905 5062 intra
1948 5010 2154 5065 viscera

589 5097 866 5155 morietur.
899 5096 1079 5152 Omnis
1113 5114 1235 5168 ergo
1262 5113 1428 5152 sermo
1455 5097 1620 5150 malus
1649 5113 1712 5156 ex
1743 5112 1830 5150 ore
1859 5107 2022 5151 restro
2051 5114 2152 5152 non

585 5192 846 5259 procedat,
870 5191 993 5259 quia
1013 5190 1198 5260 procul
1221 5188 1383 5244 dubio
1402 5187 1544 5241 malo
1569 5189 1620 5241 in
1646 5203 1892 5242 sermone
1911 5189 2154 5258 blasphe-

585 5285 690 5338 mia
734 5292 836 5338 cst.
884 5281 1119 5336 Remove
1166 5281 1346 5349 itaque
1388 5279 1691 5347 iniquorum
1730 5279 2148 5333 susurrationem

584 5373 886 5434 verborum,
938 5379 992 5425 et
1038 5371 1356 5425 incentivum
1407 5367 1747 5436 malignitatis
1799 5383 1906 5422 sua:
1953 5369 2148 5422 invidia

581 5473 690 5514 non
718 5460 931 5512 habebit
986 5457 1218 5514 Remove
1261 5457 1501 5513 mollium
1542 5456 1800 5512 labiorum
1833 5467 1988 5528 turpe
2027 5475 2146 5529 my-

652 5673 678 5700 ⁸
703 5660 780 5717 ιω
812 5663 862 5717 iu
889 5663 1088 5717 codice.

2255 4847 2376 4886 eum
2415 4831 2727 4899 sanguinem
2754 4830 3055 4888 Iudaeorum
3084 4837 3409 4907 principibus
3449 4839 3615 4907 impia
3653 4839 3813 4893 collo-

2255 4923 2469 4977 catione
2515 4920 2803 4976 vendebat.
2852 4921 3044 4978 Audite
3082 4925 3278 4994 adhuc,
3313 4925 3596 4991 carissimi,
3627 4936 3812 4996 quanta

2254 5011 2309 5066 in
2335 5011 2549 5066 homine
2576 5025 2674 5079 per
2698 5009 2880 5064 divina
2907 5011 3118 5081 eloquia
3144 5027 3255 5067 non
3288 5015 3462 5068 solum
3491 5015 3621 5080 oris,
3650 5015 3744 5070 sed
3765 5024 3813 5068 et

2251 5098 2527 5152 oculorum
2555 5096 2834 5167 disciplina
2862 5097 3134 5152 formatur.
3169 5099 3258 5154 Ait
3281 5101 3484 5171 quippe
3507 5102 3810 5172 Apostolus,

2249 5189 2387 5244 sicut
2410 5189 2608 5243 dictum
2632 5197 2717 5242 est
2741 5207 2754 5241 :
2789 5186 2968 5242 Omnis
2994 5205 3114 5260 ergo
3141 5206 3306 5246 ser-to
3333 5193 3503 5246 maliis
3528 5210 3595 5248 es:
3622 5210 3711 5248 ore
3735 5211 3810 5248 se-

2248 5288 2356 5332 stro
2381 5294 2484 5332 non
2511 5278 2756 5348 procedat
2797 5276 3010 5348 (Ephes.
3049 5277 3144 5348 tv).
3189 5280 3276 5334 Ait
3301 5291 3358 5335 et
3384 5282 3643 5339 Dominus
3673 5303 3687 5338 :
3719 5283 3809 5349 Qui

2249 5370 2429 5423 uiderit
2456 5369 2718 5423 mulierem
2747 5369 2817 5422 ad
2843 5370 3294 5439 concupiscendum
3314 5389 3448 5438 eam,
3467 5375 3581 5445 jam
3603 5379 3807 5431 mlta-

2249 5469 2329 5514 ttts
2366 5468 2444 5514 est
2478 5459 2531 5511 in
2578 5458 2730 5512 corde
2769 5474 2860 5512 suo
2887 5458 3099 5529 (llattlt.
3132 5458 3205 5527 v).
3247 5457 3578 5531 Perspicitis,
3609 5463 3805 5522 trama.
