3896 6250
44 358 139 411 735

1452 340 1679 401 SERMO
1714 340 1868 399 CXII.

3192 328 3301 388 τδι

40 469 238 533 quanta
267 477 404 518 cura
436 471 497 517 et
520 471 721 534 quanta
757 456 1112 517 sollicitudine
1154 455 1503 526 prohibemur
1540 453 1626 507 vel
1653 457 1699 513 Α
1727 452 1795 507 ad
1823 451 2076 506 interiora
2107 450 2341 521 pectoris
2369 449 2535 506 nostri
2563 448 2729 518 possit
2750 455 2963 517 patrare
2989 452 3301 534 peccatum;

42 553 185 620 loqui
214 553 421 621 turpia,
454 533 549 608 vel
567 550 731 624 635
755 550 969 613 videre;
1002 552 1205 616 quanto
1232 551 1623 617 praeceptorum
1726 550 1783 597 et
1804 541 2036 611 linguam
2061 546 2300 596 nostram
2326 539 2575 594 emendat
2598 537 2903 608 Apostolus,
2934 551 3003 591 ne
3028 544 3182 605 turpe
3205 533 3301 590 de-

42 655 313 696 consensu
345 642 529 696 bonus
556 641 809 696 Dominus
835 646 891 694 et
921 650 1105 692 servus
1130 634 1298 691 ﬁdelis
1324 640 1627 689 nostrorum
1733 632 1987 689 siderium
2028 631 2237 701 turpior
2272 644 2449 685 sermo
2484 627 2741 700 perﬁciat.
2771 625 3000 698 Propter
3022 626 3192 697 quod,
3218 626 3301 681 di»

45 729 333 784 destruunt
359 744 568 798 organa
595 737 956 799 peccatorum.
982 725 1078 781 Ille
1104 725 1248 780 enim
1273 722 1460 778 oculos
1478 736 1641 777 coer-r

1733 722 2025 787 lectissimi,
2055 721 2203 779 omni
2229 737 2353 779 cum
2378 720 2651 791 vigilantia
2687 734 2974 777 caveamus
3010 732 3079 774 ne
3124 732 3305 773 sermo

46 826 151 883 cet,
182 817 275 872 hic
302 817 571 886 linguam,
599 818 722 886 quia
749 831 845 886 per
870 815 1057 871 oculos
1085 814 1139 869 in
1164 828 1259 869 cor
1283 811 1518 867 hominis
1562 810 1633 865 ir-
1735 812 1907 868 malus
1940 819 2034 866 aut
2071 811 2238 880 turpis
2284 818 2470 866 nostro
2495 809 2565 864 de
2597 825 2696 864 ore
2730 812 3004 880 procedat,
3035 815 3092 862 ut
3116 820 3308 877 preces

50 904 185 974 repit
231 904 433 971 libido,
472 914 528 960 et
567 905 991 974 concupiscentia
1017 902 1194 958 cordis
1227 901 1523 957 ministerio
1551 901 1631 954 lu-

1735 910 1965 969 nostras,
1994 914 2128 969 quas
2155 899 2352 969 suscipi
2378 914 2594 956 oramus
2618 899 2671 953 in
2690 899 2851 965 calo,
2874 905 3021 953 easta
3049 896 3117 952 ad
3139 896 3307 952 Deum

50 993 181 1048 brici
228 997 503 1049 sermonis
550 995 813 1065 impletur.
845 994 947 1048 Per
982 995 1096 1048 hare
1132 1008 1260 1061 ergo
1297 991 1549 1046 mandata
1578 1002 1634 1047 et
1732 993 1906 1055 lingua
1933 990 2274 1046 transmittat.

50 1081 298 1142 Christus
343 1084 658 1141 sordentem
686 1092 874 1156 purgat
901 1090 1196 1154 aspectum,
1227 1098 1296 1137 ne
1321 1098 1420 1151 per
1444 1083 1630 1137 oculos

1429 1172 1695 1233 SERMO
1736 1173 1926 1235 CXII.
2390 1258 2397 1271 ι
2602 1172 2611 1205 ί

1195 1272 1270 1327 De
1293 1289 1438 1328 servo
1460 1275 1767 1348 centurionis
1796 1274 1849 1328 in
1878 1273 2175 1346 Evangelia.

1492 1362 1879 1420 ΑΒΜΟΝΠἹΟ.

127 1453 472 1526 Benedictini
493 1454 745 1526 monachi
769 1466 1018 1521 congreg.
1047 1451 1305 1526 SaMauri
1330 1467 1457 1523 opp.
1487 1452 1543 1509 S.
1575 1452 1839 1526 Ambrosii
1866 1455 2119 1526 editores,
2149 1456 2252 1510 etsi
2278 1456 2480 1526 apertis
2510 1455 2688 1526 verbis
2720 1456 3068 1526 indicaverint
3094 1458 3313 1514 concio—

61 1540 180 1578 nem
210 1524 359 1594 hanc
388 1523 675 1594 Ambrosio
702 1537 953 1594 nonesse
980 1522 1379 1585 ascribendam,’
1408 1522 1646 1594 attamen
1674 1523 1916 1594 eamdem
1953 1525 2007 1579 in
2047 1524 2153 1580 ﬁne
2187 1522 2494 1580 sermonum
2534 1524 2649 1594 ejus
2676 1539 2822 1579 num.
2854 1525 2922 1594 6'5
2947 1526 3313 1589 collocarunt;

96 1607 220 1645 nam
248 1593 415 1646 veriti
444 1592 636 1646 fuimus
664 1592 717 1646 in
744 1591 1116 1646 collectionem
1144 1597 1384 1645 nostram
1414 1590 1712 1656 traducere,
1743 1592 1915 1648 donec
1944 1594 2141 1648 nostris
2180 1594 2349 1648 oculis
2377 1590 2604 1648 vidimus
2629 1593 2681 1647 in
2711 1594 2833 1648 cod.
2867 1592 2935 1646 99
2960 1594 3019 1649 S.
3051 1595 3233 1650 Crucis
3262 1596 3319 1649 in

92 1660 363 1731 erusalcm
393 1661 610 1714 nomine
636 1659 695 1714 S.
724 1659 1189 1731 Maximi_rel_a_tam
1215 1675 1365 1731 num.
1391 1658 1482 1731 94,
1504 1667 1558 1713 et
1577 1658 1832 1731 judicium
1857 1662 2017 1716 etiam
2042 1662 2335 1717 doctissimi
2362 1663 2649 1731 cardinalis
2672 1662 2892 1718 Besutii.
2921 1662 2972 1720 Is
2999 1665 3158 1731 igitur
3182 1665 3319 1720 scri-

63 1729 137 1803 bit
167 1744 181 1780 :
210 1729 524 1803 Postremus
549 1744 736 1803 sermo,
766 1744 917 1803 quem
941 1727 1007 1803 S._
1032 1728 1255 1803 Maximi
1280 1728 1536 1803 existimo,
1566 1738 1641 1782 est
1667 1727 1729 1803 de
1756 1746 1897 1784 servo
1939 1731 2250 1803 centurionis
2288 1732 2353 1803 in
2380 1730 2695 1803 Evangelia;
2722 1732 2779 1786 in
2825 1727 3147 1803 dedicatione
3176 1733 3320 1786 basi-

64 1797 195 1872 licar,
228 1796 383 1872 cujus
412 1798 718 1872 principium
744 1795 821 1851 est
842 1813 860 1872 ς
885 1796 1122 1872 Legimus
1168 1797 1223 1872 in
1260 1806 1438 1850 sancto
1483 1795 1777 1872 ΕινιιριςιειὶοΞ
1815 1806 1921 1872 etc.
2047 1837 2060 1852 .
2106 1801 2195 1872 qui
2232 1801 2432 1872 quidem
2461 1795 2563 1855 non
2592 1795 2789 1872 estpro
2818 1801 3323 1872 [estoDedicationis

65 1865 316 1935 ecclesite,
343 1865 562 1919 utnunc
580 1865 641 1919 in
667 1882 808 1919 more
835 1865 1098 1935 habemus,
1128 1865 1511 1935 sed_estsermo
1531 1866 1601 1917 ad
1624 1865 1863 1935 populum
1887 1865 2259 1932 habitus,'cuni
2295 1870 2359 1923 de
2396 1886 2525 1923 novo
2554 1887 2585 1921 α
2614 1865 2818 1935 comite,

2844 1871 2928 1952 φοί
2953 1868 3324 1952 “innim-

66 1934 496 2008 ratorisnomine
515 1950 779 2008 comesque
805 1929 1178 2008 appellabatur,
1210 1932 1421 2008 basilica
1451 1929 1740 2008 constructa
1779 1938 1896 2006 fuit.
1929 1929 2135 2008 Laudat
2160 1954 2355 2008 quoque
2381 1940 2435 1991 in
2462 1938 2639 2008 eodem
2658 1938 2787 2008 duos
2805 1929 2969 2001 ὐἷι-οι,
3007 1929 3326 1998 Vitalianum

65 2008 116 2078 et
150 2001 456 2078 Majanum,
485 2004 589 2072 qui,
615 2000 715 2078 etsi
742 2000 1020 2078 mediocres
1049 2002 1339 2078 ⁸ξιικειιεισιιζρ
1375 2000 1922 2078 fortunisque__lenues,
1953 2000 2333 2060 tabernaculum
2371 2016 2542 2061 tamen
2582 2000 2811 2062 basilica:
2837 2000 3065 2062 construi
3090 2008 3323 2078 fecerint.

70 2070 291 2125 Aocedit
310 2072 479 2125 etiam
498 2070 871 2126 testimonium
892 2071 1092 2126 codicis
1117 2070 1478 2137 Sangalleusis
1504 2070 1651 2127 num.
1683 2071 1769 2125 75.

72 2182 466 2237 Ancmurms.
497 2214 568 2226 -
596 2181 734 2246 Quid
761 2180 1022 2236 Maximus
1060 2182 1154 2236 hoc
1180 2161 1238 2252 in
1267 2188 1652 2252 sergnonerlra-
1683 2184 1731 2244 Β
1757 2182 1946 2249 vatori,
1978 2190 2033 2238 et
2057 2190 2314 2252 quantum
2350 2182 2564 2238 festinat
2597 2181 2664 2237 de
2699 2182 2932 2238 hostium
2962 2182 3207 2237 manibus
3232 2197 3324 2238 ca-

137 2252 355 2305 etauerit
384 2253 512 2307 satis
537 2268 605 2306 ea:
635 2252 883 2321 superiori
919 2251 1305 2305 eminentissimi
1334 2250 1528 2304 Besutii
1558 2250 1651 2321 ju-

141 2322 282 2375 dicio
308 2321 638 2389 exploratum
663 2331 759 2375 est.

143 2448 405 2518 legimus
432 2450 485 2505 in
511 2448 570 2504 Ss
611 2447 923 2519 Evangelio,
951 2464 1071 2505 cum
1113 2448 1443 2504 centurionis
1479 2449 1659 2518 cujus-

76 2535 196 2589 dam
222 2552 419 2591 servus
446 2537 535 2607 qui
565 2545 683 2592 erat
721 2537 797 2591 illi
831 2537 1135 2608 pretiosior,
1167 2551 1200 2592 e
1225 2538 1374 2605 gravi
1400 2537 1663 2608 paralysis

72 2625 399 2693 aegritudine
445 2627 735 2691 laboraret,
766 2635 822 2683 et
848 2642 947 2698 per
973 2628 1214 2682 seniores
1237 2625 1546 2682 Iudaeorum
1574 2627 1663 2682 ille

77 2715 325 2768 centurio
354 2723 570 2783 rogaret
594 2714 927 2771 Salvatorem
957 2724 1016 2770 ut
1044 2716 1159 2784 ejus
1184 2715 1459 2771 doloribus
1476 2716 1662 2770 mede-

86 2811 235 2857 retur
279 2805 420 2872 (erat
458 2804 614 2872 enim,
644 2812 704 2859 ut
741 2805 817 2858 ait
859 2803 1152 2874 Scriptura,
1177 2802 1497 2874 moriturus),
1526 2805 1666 2859 inter

81 2902 277 2948 cetera
303 2894 375 2949 ad
404 2894 660 2964 majorem
691 2894 1169 2951 commendationis
1204 2897 1428 2965 gratiam
1456 2910 1662 2951 sermo-

84 2981 163 3036 nis
187 2981 497 3039 Judaeorum
523 2983 721 3039 dixisse
745 2981 975 3040 Domino
1005 3002 1019 3037 :
1052 2984 1278 3056 Dignum
1302 2994 1379 3039 est
1399 2993 1453 3038 ut
1471 2984 1568 3040 hoc
1587 2986 1665 3039 illi

86 3083 295 3140 pestes
336 3090 357 3128 :
397 3075 566 3146 diligit
600 3076 739 3129 enim
764 3083 964 3147 gentem
992 3084 1243 3142 nostram,
1273 3086 1324 3131 et
1348 3092 1665 3148 synagogam

86 3163 193 3229 ipse
216 3164 498 3234 ludiﬁcari:
518 3165 666 3219 nobis
697 3164 846 3236 (Luc.
878 3182 950 3220 vn
978 3174 1029 3220 et
1054 3166 1238 3238 seqq.).
1267 3166 1325 3221 Si
1352 3179 1481 3235 ergo
1518 3181 1665 3221 com-

90 3252 374 3308 mendatur
401 3253 629 3309 Domino
658 3255 751 3323 qui
775 3254 1057 3311 aediﬁcavit
1088 3269 1435 3326 synagogam,
1461 3265 1667 3324 quanto

87 3348 169 3395 est
203 3344 634 3398 commendatior
668 3346 759 3413 qui
801 3344 1083 3401 aadiﬁcavit
1110 3343 1429 3401 ecclesiam?
1456 3344 1523 3399 Et
1552 3345 1594 3401 si
1622 3345 1668 3400 is

87 3439 328 3488 meretur
354 3435 579 3503 gratiam
607 3436 697 3505 qui
727 3437 1018 3506 impietatis
1046 3438 1441 3506 receptaculum
1469 3437 1669 3507 praesti-

1754 2273 1930 2342 ptivos
1966 2288 2174 2338 eruere,
2208 2280 2357 2328 tanto
2401 2274 2564 2344 685
2610 2272 2779 2339 magis
2807 2271 3021 2327 festinat
3059 2287 3091 2327 a
3127 2272 3327 2328 diaboli

1752 2368 1812 2418 'se
1837 2363 2115 2433 sacrilegio
2141 2364 2387 2418 liberare.
2434 2360 2516 2418 lbi
2554 2363 2801 2418 inimicos
2834 2365 3033 2418 terreni
3066 2364 3209 2435 regis
3243 2364 3325 2420 in-

1759 2448 1967 2515 terﬁcit,
2000 2451 2087 2507 hic
2114 2451 2449 2507 adversarios
2489 2451 2699 2507 Domini
2736 2441 3327 2523 calestis'insequitur;

1758 2543 1831 2598 ibi
1858 2544 2115 2599 barbaros
2151 2544 2337 2609 vincit,
2364 2544 2452 2599 hic
2479 2543 2768 2600 daemones.
2809 2544 3055 2615 Sapiens,
3092 2545 3329 2613 inquam,

1758 2631 1848 2700 qui
1876 2631 2014 2687 sicut
2041 2646 2224 2687 comes
2250 2632 2586 2702 imperatoris
2613 2640 2715 2698 est,
2747 2633 2820 2687 ita
2843 2640 2899 2687 et
2925 2647 3109 2689 comes
3133 2632 3330 2689 Christi

1760 2735 1880 2777 esse
1906 2720 2193 2778 desiderat.
2225 2720 2359 2776 Nam
2378 2722 2525 2777 bene
2548 2723 2732 2791 utique
2755 2730 2810 2778 et
2835 2722 3085 2792 religiose
3103 2720 3329 2794 agendo,

1760 2811 2071 2879 dignitatem
2111 2825 2264 2867 suam
2306 2812 2454 2881 cupit
2497 2816 2616 2867 eSse
2659 2820 2991 2882 perpetuam,
3039 2811 3333 2869 secundum

1760 2900 1903 2969 quod
1930 2900 2186 2969 scriptum
2207 2908 2290 2954 est
2317 2901 2369 2954 in
2398 2901 2657 2971 prOpheta
2692 2919 2705 2953 :
2736 2899 2813 2955 Et
2835 2918 2943 2967 ros,
2964 2918 2995 2956 ο
3022 2903 3141 2957 boni
3169 2909 3332 2972 reges,

1763 2988 1925 3043 bonas
1954 2990 2108 3059 facile
2133 2990 2244 3044 uias
2267 2998 2461 3043 vestras
2484 2999 2535 3044 et
2549 2987 2731 3044 studia
2756 2999 2942 3055 restra,
2969 2999 3016 3047 et
3047 2992 3221 3045 audite
3244 3008 3334 3046 ro-

1764 3095 1871 3133 cem
1908 3078 2119 3134 Domini
2166 3078 2264 3135 Dei
2308 3081 2480 3146 vestri,
2516 3090 2567 3134 et
2599 3080 2858 3150 paenitebit
2894 3079 3174 3136 Dominum
3212 3081 3336 3139 mali

1764 3168 1901 3240 quod
1926 3170 2122 3223 locutus
2148 3177 2222 3222 est
2251 3168 2518 3223 adversum
2544 3185 2629 3223 vos
2654 3167 2829 3230 (Prov.
2854 3167 3025 3240 xxvi).
3047 3168 3188 3239 Ergo
3215 3184 3336 3224 cum

1766 3258 2009 3313 centurio
2028 3266 2243 3328 rogaret
2260 3257 2542 3313 Dominum
2566 3265 2624 3312 ut
2650 3254 2720 3312 de
2744 3265 2917 3312 morte
2938 3267 3157 3313 erueret
3174 3271 3336 3326 πετο-

1767 3352 1995 3413 tantem,
2034 3354 2089 3401 et
2116 3346 2287 3405 uellet
2332 3344 2589 3400 Dominus
2636 3345 2703 3400 ad
2747 3345 2963 3403 domum
3013 3346 3340 3415 centurionis

1768 3451 2013 3508 pergere,
2042 3439 2095 3492 in
2124 3453 2229 3507 qua
2265 3438 2508 3493 servulus
2542 3435 2909 3499 decumbehat,
2941 3433 3015 3507 ait
3048 3436 3292 3493 centurio
3323 3454 3337 3489 :

92 3524 173 3587 tit,
202 3534 410 3592 quanto
453 3526 713 3594 majorem
760 3537 998 3582 meretur
1032 3529 1258 3596 gratiam
1294 3528 1387 3597 qui
1423 3527 1667 3595 religioni
1694 3518 1740 3581 C
1770 3528 2008 3592 Domine,
2038 3543 2142 3581 non
2172 3543 2285 3581 sum
2311 3526 2493 3598 dignus
2520 3535 2577 3579 ut
2605 3527 2764 3580 intres
2802 3525 2892 3579 sub
2932 3534 3115 3579 tortum
3152 3541 3340 3580 meum.

90 3612 418 3669 domicilium
439 3616 789 3684 praeparavit?
810 3616 877 3671 Et
904 3617 949 3672 si
972 3618 1060 3672 ille
1079 3617 1283 3672 caelesti
1305 3617 1667 3673 misericordia

93 3701 337 3757 visitatur
364 3704 457 3772 qui
491 3706 787 3759 construxit
826 3706 1002 3760 locum
1045 3706 1134 3760 ubi
1171 3704 1414 3762 Christus
1459 3722 1673 3776 semper

94 3800 335 3858 negatur,
365 3801 568 3864 quanto
612 3796 781 3864 magis
818 3796 1112 3873 visitandus
1140 3804 1223 3852 est
1251 3807 1276 3836 ιι
1298 3799 1390 3868 qui
1424 3798 1673 3853 fabricari

96 3880 215 3935 iecit
237 3883 637 3948 tabernaculum
668 3884 759 3939 ubi
774 3883 1027 3941 Christus
1055 3887 1292 3956 quotidie
1320 3888 1673 3957 praadicatur?

95 3967 149 4023 lu
175 3971 494 4027 centurione
520 3973 661 4026 enim
689 3972 946 4030 Dominus
972 3990 1080 4031 non
1108 3975 1235 4046 quid
1263 3978 1440 4047 operis
1464 3977 1668 4041 fecerit,

97 4059 187 4113 sed
213 4073 320 4128 qua
348 4068 530 4116 mente
558 4071 810 4131 Operatus
835 4065 905 4119 sit
930 4065 1317 4135 comprobavit.
1344 4067 1475 4121 Nam
1504 4066 1594 4136 qui
1618 4065 1670 4121 id

100 4150 351 4219 temporis
378 4166 488 4221 quo
522 4151 760 4207 nondum
796 4151 1086 4208 Christiani
1118 4163 1271 4209 erant
1314 4154 1543 4231 sollicite
1579 4170 1672 4224 sy-

102 4251 358 4307 nagogam
389 4238 545 4305 fecit,
588 4241 634 4295 si
660 4240 885 4297 fuissent
918 4244 1101 4312 utique
1130 4242 1439 4306 Christiani,
1472 4236 1673 4298 intelli-

100 4327 238 4393 gitur
262 4329 410 4400 quod
457 4330 627 4385 multo
671 4330 951 4387 sollicitius
991 4330 1202 4387 fecisset
1235 4333 1536 4388 ecclesiam.
1568 4332 1675 4387 Sed
1694 4396 1721 4416 _

106 4424 276 4473 tamen
304 4420 433 4475 licet
460 4434 781 4491 synagogam
809 4421 1055 4483 :edilicet,
1087 4418 1356 4475 Christum
1388 4420 1672 4490 praedicat;

106 4506 156 4558 in
184 4508 296 4576 ipso
325 4509 471 4564 enim
501 4525 664 4579 opere
691 4518 995 4565 commonet
1022 4509 1321 4565 Pharisaaos
1340 4510 1535 4564 debere
1556 4510 1675 4563 illos

108 4597 373 4667 suscipere
421 4596 774 4664 Salvatorem,
820 4606 875 4654 et
916 4600 1249 4654 demonstrat
1290 4606 1573 4668 propterea
1618 4612 1676 4652 se

105 4684 505 4742 tabernaculum
542 4688 1077 4757 amplius-addidisse,
1105 4696 1165 4742 ut
1202 4687 1564 4756 multipliciter
1600 4686 1674 4741 ibi

110 4772 309 4832 Domini
334 4777 561 4846 gloriam
589 4778 951 4847 loquerentur.
977 4776 1035 4831 Si
1068 4778 1210 4831 enim
1236 4776 1408 4832 credit
1433 4777 1486 4830 in
1516 4767 1673 4831 Chri-

1761 3615 2005 3669 ‘Excnsat
2032 3616 2194 3683 igitur
2219 3614 2484 3681 centurio,
2515 3622 2573 3667 et
2595 3629 2663 3667 ne
2690 3613 2790 3667 sub
2812 3620 3007 3668 tectum
3032 3612 3147 3680 ejus
3169 3613 3340 3680 ingre-

1771 3704 1949 3759 diatur
1986 3703 2241 3758 Dominus
2280 3703 2551 3770 indignum
2594 3711 2653 3757 se
2679 3702 2827 3757 dicit.
2871 3701 3010 3756 Ecce
3042 3701 3233 3769 dignus
3260 3709 3344 3756 est

1770 3807 1950 3848 comes
1977 3800 2182 3859 n0ster,
2217 3791 2317 3846 sub
2346 3792 2496 3859 cujus
2523 3799 2722 3846 tectum
2765 3790 2925 3847 hodie
2969 3789 3217 3845 Salvator
3261 3791 3344 3845 in-

1770 3882 2026 3951 greditur.
2053 3880 2339 3936 Videamus
2366 3882 2480 3950 ipsa
2519 3880 2849 3935 centurionis
2885 3879 3159 3934 excusatio
3180 3893 3343 3947 quam

1772 3972 1965 4025 haheat
1981 3970 2235 4038 gratiam;
2256 3970 2332 4023 ait
2354 3968 2499 4023 enim
2530 3986 2543 4020 :
2570 3967 2806 4034 Domine,
2830 3984 2932 4027 non
2952 3984 3065 4021 sum
3081 3969 3271 4039 dignus
3290 3976 3343 4022 ut

1769 4062 1928 4114 intres
1951 4059 2042 4113 sub
2073 4067 2254 4114 tectum
2278 4074 2466 4124 meum,
2487 4055 2513 4096 δ
2544 4057 2636 4113 sed
2662 4066 2863 4111 tantum
2888 4056 2970 4110 dic
2992 4056 3163 4124 rerbo,
3184 4073 3339 4110 sana-

1774 4149 1909 4205 bitur
1935 4167 2059 4220 puer
2086 4166 2229 4203 meus
2253 4149 2466 4221 (Matth.
2488 4149 2623 4219 vtn).
2653 4146 2698 4203 Ο
2726 4146 2855 4204 ﬁdes
2880 4146 3205 4213 Christiana,
3228 4163 3346 4218 qttze

1772 4255 1893 4294 cum
1936 4239 2234 4294 humilitate
2282 4246 2452 4293 totum
2482 4239 2769 4309 impetrare
2813 4237 3157 4293 consuevisti.
3208 4235 3348 4292 Ecce

1772 4331 2053 4400 religiosus
2094 4330 2337 4385 centurio
2373 4329 2440 4383 ad
2480 4328 2843 4398 accipiendam
2882 4329 3109 4384 salutem
3137 4327 3351 4398 dignior

1776 4420 1862 4483 lit,
1893 4420 2019 4474 dum
2047 4434 2105 4474 se
2134 4418 2414 4489 profitetur
2456 4418 2755 4486 indignum;
2788 4425 2841 4472 et
2879 4417 3006 4471 dum
3043 4416 3185 4472 mdes
3226 4432 3351 4473 suas

1775 4509 2054 4578 injuriosas
2073 4518 2247 4579 putat,
2268 4509 2439 4577 magis
2460 4520 2551 4563 eas
2572 4508 2895 4564 bonoriﬁcas
2919 4507 3046 4563 fecit
3072 4515 3127 4562 et
3150 4516 3347 4575 gratas.

1774 4598 1977 4668 Magna:
2003 4602 2146 4655 enim
2182 4607 2239 4654 et
2282 4599 2532 4670 perlecta:
2581 4598 2703 4654 ﬁdei
2749 4600 2849 4667 vir,
2900 4600 2992 4669 qui
3032 4599 3351 4667 intelligeret

1774 4689 2042 4744 Christum
2071 4690 2353 4745 Dominum
2380 4691 2635 4746 coriorum
2662 4704 2799 4753 esse,
2829 4690 2955 4744 dum
2977 4691 3261 4744 verebatur
3284 4704 3352 4743 ne

1779 4779 1991 4849 hospitii
2016 4779 2099 4833 sui
2125 4793 2247 4833 eum
2276 4788 2499 4847 angusta
2525 4780 2690 4850 686
2722 4794 2830 4833 non
2860 4778 3183 4848 acciperent.
3210 4778 3353 4845 Ergo

107 4873 240 4919 stum
262 4866 516 4922 conditor
549 4880 850 4936 synagogas,
878 4868 1048 4922 multo
1077 4868 1245 4935 magis
1271 4866 1491 4922 credere
1517 4866 1676 4920 debet
1706 4864 1754 4923 D
1779 4866 2186 4923 contradicente
2214 4868 2547 4932 centurione,
2580 4884 2688 4921 non
2719 4866 2891 4936 pergit
2918 4867 2982 4920 ad
3011 4867 3227 4921 domum
3256 4867 3354 4922 Do-

110 4954 373 5012 habitator
409 4957 575 5026 ipsius
612 4971 912 5028 synagogas.
939 4955 1195 5011 Centurio
1226 4970 1378 5025 ergo,
1407 4957 1453 5011 si
1474 4956 1670 5025 justiti-

111 5053 251 5099 catus
276 5054 366 5100 est
401 5053 621 5114 propter
647 5059 783 5113 opus
821 5044 1006 5112 fragile
1039 5045 1122 5099 vel
1165 5052 1456 5111 terrenum,
1480 5042 1674 5113 justiﬁ-

108 5135 305 5196 candns
332 5135 491 5204 plane
519 5135 600 5189 vir
624 5134 951 5190 clarissimus
977 5144 1032 5189 et
1062 5135 1557 5204 providentissimus
1580 5150 1673 5188 co-

113 5235 215 5277 mes
242 5233 431 5279 noster
455 5232 675 5294 propter
693 5239 830 5294 opus
849 5234 956 5277 tam
981 5232 1295 5294 perpetuum
1313 5225 1398 5278 vel
1419 5224 1632 5280 cmleste
1657 5242 1669 5277 :

113 5312 195 5379 qui
222 5327 428 5378 cornos,
457 5313 598 5366 sicut
630 5315 711 5367 est
751 5312 1063 5366 centurione
1090 5312 1346 5379 dignitate
1373 5313 1571 5382 potior,
1602 5314 1673 5365 ita

114 5410 166 5455 et
191 5403 287 5459 ﬁde
318 5404 482 5458 debet
507 5417 627 5457 esse
653 5401 915 5456 devotior.
957 5400 1181 5470 Sapiens
1208 5402 1290 5455 vir
1316 5412 1371 5456 et
1397 5402 1677 5469 religiosus

118 5504 305 5561 comes,
335 5492 430 5562 qui
468 5499 729 5560 quantum
756 5490 810 5545 in
838 5491 979 5545 bello
1006 5490 1315 5560 imperatori
1342 5491 1535 5545 militat
1561 5490 1678 5545 Sal-

183 5611 206 5639 ι
231 5602 364 5727 illati.
396 5603 456 5660 S.
485 5602 670 5658 Crucis
699 5601 752 5657 in
779 5599 887 5657 Jer.
912 5601 1039 5672 legit
1068 5620 1079 5656 :
1111 5602 1197 5674 qui
1218 5601 1485 5675 fabrefecit
1510 5603 1679 5658 taber-

183 5688 233 5725 ca
257 5690 358 5727 um.

121 5687 358 5730 naculum.

1779 4956 1972 5010 minus.
2019 4956 2135 5011 Non
2164 4955 2338 5025 pergit
2366 4956 2640 5021 Dominus,
2670 4955 2764 5011 sed
2801 4957 2975 5026 pergit
2997 4955 3207 5012 Domini
3234 4971 3353 5011 mea

1778 5045 1985 5110 dicina;
2036 5061 2143 5100 non
2192 5045 2373 5100 visitat
2414 5054 2672 5114 egrotum
2719 5044 2987 5112 Salvator,
3039 5045 3132 5101 sed
3178 5045 3354 5104 visitat

1778 5136 1979 5189 sanitas
2016 5134 2332 5190 Salvatoris.
2374 5134 2451 5189 De
2492 5133 2743 5189 fratribus
2770 5149 2898 5189 vero
2927 5134 3124 5190 nostris
3152 5137 3357 5190 sanctis

1782 5224 1909 5279 viris
1936 5223 2203 5279 Vitaliano
2232 5232 2287 5279 et
2312 5224 2522 5296 Majano
2548 5224 2677 5294 quid
2705 5224 2914 5279 dicam?
2942 5223 3065 5280 Scio
3096 5224 3215 5278 illos
3241 5225 3357 5293 glo-

1780 5313 1911 5366 riam
1960 5313 2027 5367 ab
2070 5313 2375 5391 hominibus
2408 5330 2515 5369 non
2554 5328 2811 5383 qumrere,
2845 5314 2945 5367 nisi
2981 5329 3010 5366 a
3050 5314 3165 5368 solo
3196 5314 3305 5369 Deo
3342 5334 3353 5367 :

1780 5401 1876 5455 sed
1901 5410 2077 5457 tamen
2103 5402 2312 5458 laudem
2332 5418 2537 5469 eorum,
2562 5404 2664 5458 etsi
2684 5418 2785 5472 ego
2807 5412 3030 5471 taceam,
3056 5404 3166 5473 ipsa
3191 5419 3356 5474 opera

1784 5492 2104 5562 loquuntur;
2146 5494 2214 5548 ad
2252 5494 2487 5562 ipsorum
2515 5494 2660 5548 enim
2690 5492 2899 5547 laudem
2936 5493 3169 5561 pertinet
3196 5494 3358 5562 quid-

1856 5602 1882 5639 ι)
1912 5603 2043 5658 Cod.
2071 5603 2126 5657 S.
2160 5604 2344 5661 Crucis
2370 5606 2420 5657 in
2449 5602 2558 5657 Jer.
2588 5603 2747 5671 legit:
2780 5606 2870 5660 sed
2908 5615 3101 5663 tantum
3132 5607 3214 5661 ilic
3242 5623 3357 5665 vcr-

1782 5670 1919 5740 bum,
1950 5683 1996 5727 et
2027 5674 2309 5727 sanabitur.
2345 5674 2388 5726 0
2418 5673 2566 5739 ﬁdes.
2595 5670 2699 5729 etc.
