3896 6250
532 318 641 375 155
1585 314 1623 366 S
1681 313 1923 370 MAXIM
1960 312 2261 370 EPISCOPI
2296 313 2749 374 TAURINENSIS
3690 321 3809 378 7Ξῦ

533 426 659 500 quid
686 428 739 481 in
767 427 886 481 aliis
911 426 1073 496 paulo
1099 432 1225 481 ante
1252 425 1597 479 laudavimus.
1630 423 1762 481 Nam
1789 424 1895 479 hoc
1922 423 2103 477 taber-
2132 430 2176 486 Α
2204 426 2558 483 substantiam
2592 435 2648 484 et
2684 427 2739 482 in
2775 427 2930 496 hujus
2971 428 3234 488 facturam
3285 433 3468 503 operis
3516 433 3807 501 expc-de-

534 518 803 582 naculum,
834 517 935 572 etsi
970 516 1183 586 plurimi
1207 524 1621 571 construxerunt
1670 516 1725 569 hi
1752 528 1932 571 tamen
1959 530 2105 568 sum.
2205 524 2351 584 runt,
2379 524 2436 571 et
2464 517 2593 587 ipsis
2618 523 2766 573 certe
2790 518 2924 572 nihil
2957 519 3125 574 deest.
3159 521 3281 591 Ipsa
3310 522 3474 591 plane
3520 529 3631 584 est,
3663 522 3807 575 sicut

535 616 630 677 ptu
654 608 858 677 operati
882 613 1008 667 sunt
1026 621 1134 661 uno
1160 620 1401 660 assensu.
1421 604 1488 659 Et
1507 620 1617 672 quo
1636 605 1847 660 tandem
1868 610 2099 674 sumptu,
2206 603 2458 669 diximus,
2488 603 2640 659 dives
2660 603 3003 675 locuplesque
3043 616 3355 676 paupertas,
3388 622 3516 675 qua:
3541 606 3809 675 expendit

538 713 660 752 eum
685 697 792 751 sint
818 696 870 750 in
898 696 1093 750 smculo
1121 694 1420 750 mediocres
1446 703 1501 749 et
1530 688 1873 749 tenuesl'lllo
1900 694 2106 750 scilicet
2207 694 2389 749 omnia
2416 702 2473 749 et
2498 692 2739 763 possidet
2764 696 2961 749 oruuia.
3007 695 3113 749 Sed
3150 696 3264 751 haec
3297 712 3328 750 a
3364 696 3482 751 Deo
3506 694 3805 749 benedicta

539 790 604 843 de
630 801 738 854 quo
762 785 839 839 ait
865 784 1172 855 Apostolus,
1202 784 1517 838 abundantia
1548 783 1669 853 ﬁdei
1694 793 1743 838 et
1772 783 1960 839 divitiis
1978 783 2104 836 sins-
2208 792 2310 850 est,
2336 784 2473 839 sicut
2500 784 2589 838 illa
2614 783 2773 837 vidua
2800 784 2869 838 de
2894 798 2999 854 qua
3028 784 3155 838 dicit
3203 785 3465 840 Dominus
3515 786 3577 838 in
3624 782 3809 836 Eran—

539 874 784 944 ptiritatis
813 872 902 944 (11
930 872 1050 927 Cor.
1077 873 1211 943 vm).
1237 872 1335 929 Est
1357 874 1500 927 enim
1529 873 1727 928 sanctis
1754 871 1879 925 viris
1899 884 2109 939 semper
2210 874 2349 943 gelio
2369 873 2559 945 (Marc.
2588 872 2682 943 xu)
2708 890 2722 925 :
2744 873 2932 928 Mulier
2949 874 3063 928 haec
3079 874 3239 929 vidua
3260 889 3472 943 pauper
3488 874 3625 942 plus
3642 887 3810 942 quam

540 961 687 1017 dives
715 962 827 1031 ipsa
856 971 1165 1032 paupertas.
1211 959 1363 1015 Unde
1398 961 1561 1016 credo
1607 962 1705 1015 hos
1746 960 1935 1014 beatos
1972 958 2110 1012 hanc
2213 975 2402 1016 omnes
2420 961 2594 1025 misit;
2628 975 2749 1014 nam
2776 975 2964 1015 omnes
2989 960 3043 1014 hi
3069 975 3139 1014 ex
3168 960 3462 1015 abundanti
3492 960 3610 1013 sibi
3641 960 3807 1012 mise-

541 1052 823 1106 ecclesiam
870 1068 979 1107 non
1026 1052 1203 1106 minus
1245 1050 1579 1106 orationibus
1624 1065 1783 1119 quam
1833 1046 2114 1117 impendiis
2214 1058 2339 1105 mm
2364 1050 2417 1104 in
2441 1063 2661 1104 munera
2687 1048 2803 1113 Dei,
2844 1049 2958 1104 hac
2996 1058 3175 1104 autem
3204 1056 3375 1104 totum
3405 1049 3625 1104 vicum;

545 1138 866 1207 fabricasse;
895 1142 973 1196 sic
999 1141 1140 1195 enim
1167 1142 1450 1210 oportebat
1476 1148 1535 1194 ut
1559 1155 1692 1209 opus
1715 1138 1911 1194 Christi
1941 1137 2113 1207 preci-
2216 1153 2376 1209 quem
2402 1139 2585 1194 habuit
2611 1137 2771 1194 misit.
2826 1146 2829 1147 '

546 1230 644 1285 bus
690 1230 861 1298 magis
905 1237 1174 1286 cresceret
1217 1244 1379 1299 quam
1425 1229 1715 1283 caementis.
1756 1228 1946 1281 Totam
1975 1226 2115 1281 enim
2176 1256 2191 1265 -

1901 1334 2165 1396 SEBMO
2206 1332 2421 1396 CXIII.

811 1458 887 1513 De
912 1474 972 1519 eo
995 1458 1131 1530 quod
1153 1459 1398 1529 scriptum
1423 1467 1538 1513 est:
1573 1457 1749 1511 Venite
1770 1456 1837 1509 ad
1863 1472 1961 1520 me,
1993 1467 2165 1508 omnes
2193 1452 2278 1521 qui
2307 1451 2553 1504 laboratis
2580 1458 2629 1503 et
2657 1454 2858 1505 onerati
2880 1455 3023 1508 estis.
3054 1452 3243 1509 Hattlt.
3272 1470 3383 1527 cap.
3421 1470 3501 1511 ll.

1965 1562 2347 1620 ADllONITlO.

623 1662 699 1717 Ex
730 1663 1017 1733 Anecdotis
1045 1641 1320 1719 Muratorii
1350 1672 1479 1719 tom.
1510 1662 1600 1727 IV,
1630 1676 1751 1733 pag.
1786 1659 1908 1733 l09_,
1939 1659 2081 1712 hunc
2107 1669 2405 1733 sermonem
2444 1656 2709 1724 mutilum,
2738 1665 2798 1711 ut
2819 1656 2962 1726 jacet
2985 1657 3041 1713 in
3067 1657 3250 1715 codice
3275 1658 3653 1715 Ambmsiann
3674 1658 3801 1711 tan-

555 1732 736 1795 simus,
766 1731 1121 1801 fragmentum
1137 1747 1351 1801 quoque
1374 1722 1619 1788 eumdem
1632 1722 1990 1784 'Muratori’um
2018 1723 2184 1779 secuti
2210 1722 2559 1791 publicamus.

555 1864 1023 1921 Anwnuurun.—
1042 1864 1272 1917 Christus
1319 1862 1565 1917 Dominus
1601 1862 1867 1931 discipulis
1885 1859 2012 1931 suis
2057 1856 2112 1908 in
2146 1854 2186 1912 Β
2213 1855 2408 1909 mentis
2435 1856 2785 1924 proﬁciscitur
2811 1858 3060 1927 puritate,
3091 1873 3198 1913 non
3224 1872 3344 1927 qua:
3370 1859 3441 1914 de
3466 1860 3686 1915 vitioso
3712 1876 3810 1930 pe-

621 1935 896 2015 remetipso
916 1932 1171 2015 ﬂuitantia
1190 1932 1436 2011 doctrina:
1452 1940 1659 2015 sancta:
1680 1929 1919 2000 proponit
1943 1940 2116 1980 exem-

2272 1958 2364 1999 ore
2392 1945 2719 2000 conscientia
2757 1946 3055 2015 trepidante
3092 1946 3389 2002 descendit.
3435 1947 3672 2014 Discite,

622 2002 729 2069 rla-
760 1999 925 2064 Quale
950 2003 1019 2053 εει
1040 2002 1185 2053 δαείη
1208 2000 1387 2070 iurum
1415 2008 1465 2052 ει
1494 2016 1642 2053 om
2215 2055 2249 2091 a
2268 2055 2368 2103 me,
2395 2040 2517 2110 quia
2538 1999 2681 2093 am.
2702 1999 2826 2093 sum
2840 1999 2890 2093 2:
2908 1999 3121 2094 ws
3138 1999 3320 2096 ea:
3331 1999 3688 2106 mare;
3708 1999 3811 2094 «ξιξ

622 2133 753 2186 Cum
783 2130 1167 2199 omnipotentis
1186 2129 1281 2184 Dei
1308 2127 1617 2197 Unigenitus
1642 2128 1760 2196 quis
1786 2133 2119 2195 quantusque
2198 2136 2303 2181 ~cet
2340 2129 2459 2183 talis
2497 2130 2768 2196 magister,
2798 2130 2891 2199 qui
2926 2129 3201 2200 discipulis
3240 2132 3352 2186 suis
3395 2131 3450 2185 in
3498 2132 3813 2200 semetipso

555 2230 695 2274 esset
732 2218 1073 2272 manifestare
1116 2218 1416 2271 hominibus
1443 2218 1601 2271 vellet
1640 2225 1694 2271 et
1731 2214 1984 2270 bonitatis
2009 2227 2118 2267 sua:
2217 2218 2469 2271 imitanda
2498 2217 2751 2273 doctrina:
2774 2227 2970 2274 sancta:
2996 2220 3247 2289 proponit
3272 2220 3547 2289 exempla.
3574 2220 3697 2275 Vos
3718 2236 3811 2273 an.

556 2307 751 2362 fontem
776 2308 1138 2376 proposuisset
1163 2307 1371 2375 aperire
1394 2307 1727 2379 mortalibus,
1750 2306 1826 2359 sic
1853 2304 1928 2357 ait
1951 2321 1963 2355 ;
1994 2302 2117 2356 Om-
2218 2316 2347 2372 tem,
2378 2306 2659 2375 carissimi,
2685 2323 2790 2361 non
2818 2307 2887 2362 ad
2914 2308 3197 2362 humanam
3219 2308 3592 2376 fragilitatem,
3616 2308 3720 2362 sed
3745 2310 3811 2360 ad

556 2397 641 2449 nia
661 2397 784 2449 mihi
806 2395 995 2448 tradita
1015 2404 1134 2469 sunt
1154 2411 1187 2447 a
1208 2394 1366 2448 Patre
1385 2411 1513 2458 meo,
1535 2405 1583 2448 et
1602 2411 1747 2447 nemo
1768 2395 1904 2446 novit
1924 2391 1970 2444 F
1974 2392 2118 2445 ilium
2214 2398 2364 2452 illum
2390 2412 2600 2466 semper
2624 2397 2877 2452 intendite
2903 2399 2993 2467 qui
3030 2414 3150 2467 qua:
3183 2398 3410 2453 faciebat
3453 2398 3813 2466 loquebatur,

556 2487 657 2540 nisi
685 2484 859 2549 Pater,
889 2500 1048 2555 neque
1072 2483 1283 2538 Patrem
1304 2485 1422 2555 quis
1449 2486 1585 2537 norit
1616 2485 1716 2536 nisi
1746 2482 1793 2534 Ρ
1796 2483 1937 2549 ilius,
1964 2490 2011 2534 et
2039 2483 2119 2535 cui
2217 2494 2271 2539 et
2297 2500 2416 2555 quae
2443 2475 2651 2540 locutus
2675 2493 2757 2540 est
2785 2485 2929 2541 fecit.
2960 2485 3163 2551 Tollite,
3189 2486 3285 2551 ait,
3301 2487 3488 2557 jugulat
3520 2503 3710 2540 m
3730 2503 3812 2539 sa-

556 2573 953 2629 aolueritFilius
978 2574 1205 2628 revelare
1228 2572 1441 2641 (Matth.
1456 2572 1721 2641 x1)?ﬂ:ec,
1738 2571 2016 2635 carissimi,
2042 2572 2118 2624 al-
2217 2591 2308 2644 per
2346 2590 2454 2641 nos,
2493 2575 2613 2644 quia
2638 2574 2803 2645 ωε
2822 2576 3006 2646 jugutn
3046 2591 3213 2628 meum
3253 2592 3408 2629 auare
3443 2582 3543 2636 est,
3590 2583 3649 2627 es
3687 2589 3817 2629 sua:

556 2674 707 2720 terna
735 2664 905 2719 Patris
930 2664 1155 2733 Filiique
1180 2664 1412 2732 cognitio
1442 2678 1599 2718 unam
1626 2664 1741 2717 sine
1768 2662 1931 2716 dubio
1960 2670 2120 2729 atque
2218 2679 2382 2742 meum
2420 2662 2540 2716 leve.
2580 2661 2771 2731 Iugum
2807 2663 3021 2727 Christi,
3066 2662 3279 2729 fratres,
3317 2664 3499 2718 omnia
3542 2663 3815 2719 diaboliei

557 2753 833 2809 indivisam
861 2754 1094 2809 ostendit
1119 2768 1238 2808 esse
1262 2748 1635 2808 substan’tiam.
1666 2751 1957 2807 Sollicitius
1981 2765 2120 2805 nunc
2215 2754 2326 2822 jugi
2354 2753 2724 2820 colligamenta
2752 2752 3013 2809 dissolvit.
3045 2752 3232 2821 Iugum
3260 2751 3464 2808 Christi
3490 2770 3608 2809 non
3644 2756 3815 2809 inurit

557 2844 839 2908 intendite,
864 2844 1077 2911 fratres,
1100 2858 1218 2912 qua:
1242 2851 1547 2912 quantaque
1572 2843 1642 2896 sit
1669 2842 1808 2911 apud
1837 2842 2118 2895 Dominum
2219 2841 2381 2907 colla,
2407 2840 2502 2896 sed
2529 2848 2705 2895 ornat.
2743 2840 2933 2910 Iugum
2978 2840 3176 2895 Christi
3206 2857 3311 2896 non
3340 2841 3605 2911 deprimit
3632 2846 3812 2913 capita

555 2948 619 3013 ηε
646 2932 1055 3002 Redemptorem
1082 2940 1323 2988 nostrum
1350 2931 1543 2986 divina:
1568 2933 1733 2985 virtus
1762 2938 1982 2993 natnrze,
2012 2945 2120 2984 cte-
2221 2938 2420 2993 nostra,
2450 2928 2545 2985 sed
2572 2930 2829 2984 continet.
2861 2928 3050 2996 Iugum
3077 2928 3274 2984 Christi
3302 2925 3549 2987 sulcante
3575 2948 3816 2988 volpem

555 3021 810 3092 testisque
846 3022 1100 3077 doctrinae
1138 3022 1425 3091 sapientia,
1465 3031 1519 3076 et
1562 3022 1958 3076 clementissimi
2005 3020 2121 3087 ejus
2223 3020 2365 3087 ﬁlei,
2390 3019 2639 3073 vitiorum
2681 3018 2919 3072 omnium
2953 3018 3192 3086 gramina
3218 3026 3507 3086 sentesque
3544 3022 3813 3075 succidit.

555 3100 787 3180 pectoris
809 3111 1245 3181 incomprehensa
1269 3110 1587 3178 benignitas.
1611 3110 1896 3178 Postquam
1918 3109 2059 3163 enim
2089 3124 2117 3161 a
2220 3107 2410 3177 Iugum
2441 3106 2635 3162 Christi
2662 3107 3015 3163 concordibus
3041 3108 3279 3162 caritatis
3306 3108 3528 3163 vinculis
3554 3110 3618 3163 in
3647 3118 3817 3164 etcr-

559 3204 665 3257 Deo
693 3200 850 3267 Patre
870 3217 986 3266 suo,
1016 3201 1153 3256 sicut
1180 3202 1518 3269 evangelicus
1541 3217 1716 3256 sermo
1742 3208 1989 3266 testatur,
2019 3209 2123 3253 tra-
2150 3185 2194 3245 C
2227 3212 2348 3250 nam
2376 3197 2688 3250 societatem
2716 3195 2883 3249 Deum
2910 3194 3293 3264 hominumque
3321 3196 3628 3265 conjungit.
3678 3197 3822 3263 Quid

556 3291 665 3342 dita
702 3289 804 3343 sibi
844 3288 1089 3343 universa
1134 3288 1406 3357 professus
1440 3297 1542 3354 est,
1584 3303 1775 3357 neque.
1816 3295 1923 3342 etc.
1960 3286 2119 3357 687
2224 3284 2385 3337 etiam
2422 3283 2491 3337 de
2534 3297 2700 3337 onere
2742 3282 3019 3336 Dominico
3057 3298 3374 3352 prosequar,
3403 3284 3548 3353 quod
3590 3285 3821 3351 quidem

557 3381 734 3450 (Deest
778 3382 987 3449 pagina.
1047 3380 1288 3451 Sequitur
1336 3372 1727 3451 fragmentum.)
1770 3418 1783 3433 .
1829 3418 1841 3432 .
1886 3418 1899 3431 .
1943 3418 1956 3430 .
2000 3417 2015 3432 .
2056 3378 2125 3432 de
2225 3371 2524 3440 huiusmOdi
2550 3379 2651 3436 εει,
2683 3379 2741 3427 υι
2760 3372 3057 3428 ωῐνίοὶὺιιε
3081 3374 3278 3427 nostris
3304 3381 3665 3449 peccatumst.)
3695 3391 3819 3429 oui-

556 3468 754 3524 dolosis
781 3468 1068 3536 simplices,
1105 3468 1170 3521 de
1204 3468 1471 3522 iracundis
1508 3466 1767 3535 placidos,
1801 3466 2027 3519 humiles
2060 3466 2125 3519 de
2226 3464 2370 3517 nium
2405 3462 2613 3534 pondus
2646 3464 2883 3517 avertat?
2924 3461 3070 3518 Onus
3108 3464 3249 3517 enim
3294 3463 3492 3519 Christi
3535 3465 3818 3533 pudici“:

557 3560 816 3629 superbis.
850 3557 1039 3614 Relicit
1061 3573 1207 3627 ergo.
1240 3559 1351 3612 imo
1377 3556 1565 3612 refacit
1599 3572 1696 3611 nos
1721 3555 1980 3621 Christus,
2005 3570 2124 3610 cum
2226 3564 2326 3619 est,
2352 3570 2489 3609 onus
2513 3554 2709 3611 Christi
2736 3554 3008 3608 humilitas
3027 3562 3129 3619 est,
3157 3570 3294 3610 onus
3311 3552 3509 3609 Christi
3538 3556 3815 3623 patienia

559 3658 646 3704 aut
672 3648 1027 3705 severioribus
1072 3649 1287 3702 monitis
1323 3646 1702 3702 committenda
1730 3645 1984 3713 prtevenit
2008 3659 2127 3698 sce-
2229 3655 2327 3711 est,
2356 3660 2491 3700 onus
2511 3643 2707 3699 Christi
2744 3652 3084 3714 contemptus
3110 3652 3193 3699 est
3220 3640 3426 3709 mundi,
3453 3653 3512 3699 et
3538 3658 3651 3712 pro
3680 3660 3814 3699 eon-

556 3737 691 3800 lera,
713 3743 805 3791 aut
830 3736 1164 3803 indulgentiae
1182 3750 1291 3789 sua:
1313 3749 1533 3788 munere
1560 3742 1862 3803 perpetrata
1883 3734 2126 3788 remittit.
2230 3735 2459 3789 fessione
2503 3732 2732 3789 nominis
2760 3732 2874 3803 ejus
2902 3734 3049 3788 beati
3093 3741 3357 3787 lamenta
3386 3733 3662 3802 martyrii.
3692 3731 3815 3789 Has

564 3826 767 3891 Tollite,
794 3826 885 3889 ait,
903 3827 1084 3895 jugnm
1104 3841 1268 3878 meum
1289 3840 1441 3892 super
1461 3839 1567 3890 vos,
1596 3833 1644 3875 et
1662 3824 1842 3876 discite
1860 3840 1892 3875 a
1912 3840 1993 3876 me
2010 3824 2129 3893 quia
2230 3826 2405 3893 nobis,
2430 3823 2641 3889 fratres,
2669 3823 3019 3878 saluberrima
3058 3824 3182 3877 vita:
3228 3838 3393 3877 onera
3422 3822 3684 3877 Salvator
3714 3824 3813 3877 il.-

562 3917 697 3969 mitis
727 3932 837 3969 sum
865 3925 915 3968 et
938 3916 1143 3968 Immitis
1171 3916 1321 3968 corde
1358 3914 1569 3984 (Matth.
1593 3915 1688 3985 XI).
1718 3912 1857 3969 Vere
1884 3915 2025 3969 mitis
2050 3922 2131 3968 est
2230 3915 2399 3984 ponit,
2427 3928 2493 3966 ne
2520 3911 2808 3967 mortiferis
2849 3912 3031 3965 mundi
3060 3911 3216 3981 hujus
3252 3911 3579 3985 ponderibus
3606 3914 3813 3967 obrua.

562 4007 825 4064 Christus.
856 4006 978 4073 quia
1008 4006 1077 4059 ob
1106 3992 1209 4058 hoc
1236 4005 1511 4058 descendit
1538 4005 1603 4058 de
1633 4004 1792 4070 coelo,
1823 4012 1878 4057 ut
1906 4020 2002 4073 per
2030 4019 2126 4073 op-
2231 4017 2369 4055 mur.
2403 3998 2575 4066 Atque
2610 3998 2736 4053 ideo
2775 3997 3136 4051 devotioribus
3175 3990 3365 4054 studiis
3402 3999 3582 4067 capita
3627 4010 3814 4053 nostra

562 4095 774 4161 probria
804 4094 1126 4163 injuriasque
1152 4108 1272 4145 suas
1298 4093 1634 4161 peccantibus
1659 4107 1870 4161 semper
1893 4094 2131 4147 mortali-
2229 4093 2353 4158 jngo
2374 4088 2676 4156 evangelico
2696 4087 3085 4151 submittamus,
3111 4086 3455 4155 subjiciamns
3477 4097 3535 4141 et
3550 4088 3814 4143 humeros

564 4187 661 4238 bus
692 4184 1067 4251 indulgentiam
1098 4182 1395 4249 largiretur.
1426 4180 1489 4234 Et
1516 4197 1637 4235 vere
1664 4188 1745 4235 est
1783 4181 2014 4247 humilis,
2042 4182 2130 4250 qui
2235 4191 2443 4237 nostros
2458 4181 2856 4237 delectabilihus
2875 4188 3072 4235 sancta
3086 4180 3511 4234 conversationis
3530 4182 3812 4237 oneribus.

566 4282 623 4326 ut
652 4274 783 4326 mori
832 4289 929 4341 pro
973 4273 1198 4325 mortuis
1239 4279 1440 4340 posset,
1470 4271 1735 4324 carnalem
1764 4271 1862 4324 sibi
1890 4270 2133 4339 dignatus
2231 4278 2490 4342 quatenus
2536 4273 2872 4341 omnipotens
2918 4286 3019 4325 nos
3060 4271 3203 4326 Deus
3240 4274 3427 4324 uester
3460 4285 3493 4323 a
3522 4270 3813 4333 durissimo

561 4374 642 4417 est
671 4364 981 4418 consociare
1008 4372 1270 4416 naturam.
1306 4361 1447 4414 Mitis
1476 4377 1607 4421 sum,
1640 4362 1827 4429 inquit,
1858 4371 1907 4414 et
1932 4363 2132 4415 Immitis
2232 4363 2506 4419 diabolica:
2530 4361 2849 4431 captivitatis
2872 4360 3003 4429 jugo
3038 4370 3093 4414 et
3132 4360 3200 4414 ab
3231 4374 3400 4413 onere
3441 4358 3658 4412 misera:
3698 4375 3813 4412 ser-

563 4456 735 4507 corde.
776 4452 951 4508 Corde
987 4469 1045 4508 se
1090 4469 1207 4507 esse
1251 4452 1503 4505 humilem
1544 4450 1798 4504 Dominus
1837 4452 2131 4519 profitetur,
2234 4454 2415 4505 vitatis
2433 4494 2447 4515 ,
2470 4459 2530 4504 ut
2557 4465 2686 4505 vere
2705 4451 2876 4505 bonus
2904 4457 2959 4505 et
2986 4456 3045 4512 ut
3066 4464 3192 4505 vere
3214 4449 3357 4504 mitis
3379 4462 3573 4503 eruere
3590 4456 3652 4503 et
3680 4449 3812 4503 libe-

563 4543 682 4609 quia
716 4543 801 4595 illa
839 4558 965 4596 vere
993 4542 1259 4595 humilitas
1287 4549 1473 4594 sancta
1501 4548 1601 4603 est,
1628 4555 1744 4609 qum
1773 4539 1840 4594 de
1869 4541 2126 4609 religiosa:
2159 4538 2204 4594 Β
2232 4555 2349 4595 rare
2373 4540 2635 4607 dignetur.

1909 4673 2175 4733 SERMO
2215 4673 2431 4736 CXIV.

843 4792 1008 4861 Super
1031 4792 1123 4845 illa
1153 4791 1300 4846 verba
1329 4790 1593 4862 Evangelii
1617 4808 1633 4845 :
1667 4787 1792 4855 Quis
1820 4801 1967 4860 putas
1996 4788 2163 4860 major
2190 4792 2287 4847 erit
2315 4796 2365 4847 in
2384 4808 2540 4862 regno
2558 4790 2833 4845 caelorum?
2856 4799 2961 4849 etc.
2989 4793 3179 4847 Matth.
3212 4810 3327 4862 cap.
3362 4810 3504 4849 sun.

1987 4898 2370 4955 ADMONITIO.

914 5010 1418 5111 Eganggliiqlgcu‘m:
1440 5012 2135 5111 .Ii‘uitinm
2150 5021 2297 5111 ξεί
2323 5013 2388 5095 Si
2722 5014 2938 5069 audistis
3355 5015 3812 5111 lec'tionem.'ctc.,

564 5095 725 5161 «tuam
756 5094 900 5134 num.
931 5078 1021 5159 85,
1050 5079 1152 5133 col.
1184 5078 1291 5160 2βό
1327 5079 1485 5204 htgus
1513 5078 2102 5162 voluminis’edidimus1

564 5159 618 5230 et
647 5150 735 5203 lne
760 5162 940 5230 sermo
968 5148 1144 5230 eidem
1174 5149 1381 5230 tnbuen
1423 5157 1622 5230 us.es_t.;
1652 5149 1807 5230 quod
1828 5148 2102 5230 horminum

2274 5078 2538 5137 laximmn
2572 5091 2844 5138 auctorem
2874 5098 2993 5141 esse
3019 5078 3212 5139 ibidem
3252 5086 3603 5139 ostendimus.
3648 5078 3811 5152 Igitur

2278 5152 2665 5230 inscriptione:
2698 5149 2829 5206 Item
2868 5152 3003 5207 unde
3036 5169 3214 5223 supra,
3256 5152 3312 5207 ia
3352 5152 3569 5209 laudato
3612 5154 3812 5211 ibidem

566 5218 913 5273 Casanatensi
937 5218 1123 5273 codice
1149 5222 1425 5287 sequatur,
1453 5219 1718 5287 similique
1744 5219 1814 5273 sit
1839 5217 2103 5274 scribendi
2134 5221 2340 5275 ratione
2369 5217 2667 5275 confectus.
2690 5266 2706 5277 .

570 5375 1253 5448 Assanitarum—statuto
1280 5377 1335 5429 in
1365 5376 1530 5448 medio
1550 5390 1725 5448 puero,
1754 5373 2004 5448 Dominus
2030 5376 2133 5427 vult
2302 5376 2605 5448 scandalum
2626 5376 2952 5446 facientium;
2976 5374 3329 5431 hereticorum
3349 5378 3644 5445 cumprimis
3664 5388 3812 5448 almis

638 5454 693 5496 ut
731 5444 885 5497 simili
914 5446 1144 5513 exemplo
1184 5446 1295 5497 sine
1320 5444 1521 5499 mlitia
1562 5452 1611 5497 et
1642 5446 1751 5497 sine
1791 5444 1909 5499 dolo
1947 5445 1999 5497 in
2032 5460 2133 5496 εαξ-
2302 5445 2620 5501 luditur-Itin.

638 5515 750 5581 culo
778 5514 1015 5581 praesenti
1045 5512 1285 5566 vivamus.
1321 5512 1640 5567 Patriarchte
1664 5524 1712 5565 et
1739 5514 1957 5580 apostoli
1990 5513 2132 5581 pueri
2305 5556 2610 5581 Inﬁma“
2644 5554 2813 5581 mnum
2842 5552 3079 5581 ,κηεηη
3118 5561 3312 5581 mum“
3351 5563 3489 5581 MM.
3521 5553 3651 5581 ’,ηε

640 5553 1341 5663 ῖιῗ’ἱό”ιίιῖη’ἇζέιὶνῖνὶῖἳᾷἲῖιῖἓε’
1356 5553 2131 5663 uernent-7&8
2291 5556 2615 5663 .'.§'3'“,‘°‘
2642 5553 3315 5663 “d'EE'F.‘1‘.‘°“.’.“‘3_‘_"EZ‘“
3519 5553 3811 5663 εὲῗτῗὶξιῗ

641 5648 892 5705 debemus.
936 5641 1017 5705 De
1042 5641 1195 5705 'mola
1236 5641 1468 5705 asinaria
1508 5641 1862 5718 suspendenda
1907 5650 1958 5704 in
2002 5650 2131 5704 collo
2234 5646 2490 5706 utilitatis,
2521 5643 2587 5699 de
2618 5641 2791 5701 meriti
2826 5642 2908 5698 sui
2938 5641 3018 5703 vel
3048 5641 3270 5697 honoris
3305 5641 3609 5713 prahtiun‘e
3635 5650 3813 5696 certa-
