3896 6250
58 294 167 352 757

1482 278 1712 339 saeuo
1748 258 1923 334 cxtv.

3236 282 3369 343 753‘"

61 405 215 466 bant,
248 401 519 457 dicentes
545 401 615 456 ad
642 400 923 456 Dominum
948 416 962 451 :
988 395 1117 462 Quis
1155 406 1303 467 putas
1328 397 1502 464 major
1521 402 1596 445 est
1618 393 1671 445 in
1700 394 1747 451 Α
1776 391 1887 460 ejus
1917 387 2067 460 (Isai.
2098 385 2192 459 ix).
2225 387 2349 442 inde
2381 399 2609 467 namque
2637 386 2797 441 etiam
2820 382 2932 439 SS.‘
2951 383 3263 452 patriai-clue
3290 396 3340 438 et

60 506 227 559 regno
257 489 526 542 caelorum
558 486 767 557 (Matth.
794 486 973 555 xvus)?
993 484 1401 540 Contentionem
1429 479 1675 549 discipuli

65 574 355 627 habebant
396 575 529 641 quis
570 571 739 640 major
776 580 915 631 esset
952 573 1005 626 in
1044 586 1208 640 regno
1247 570 1521 632 caelorum,
1550 582 1672 622 cum

65 662 190 716 sine
214 660 391 716 dubio
425 663 573 729 apud
608 662 769 714 Deum
800 661 885 715 ille
913 660 1084 729 major
1106 660 1364 715 habeatur
1382 659 1471 727 qui
1491 657 1671 711 humi-

67 752 174 804 lior
199 752 401 819 fuerit,
435 753 651 806 dicente
677 752 791 820 ipso
815 770 828 803 :
855 750 953 815 Qui
977 768 1032 805 se
1049 751 1351 805 excitauerit
1377 749 1672 803 humiliabi-

68 849 170 903 tur,
188 848 240 892 et
256 841 349 910 qui
372 857 433 893 se
458 841 796 894 Itumiliaverit
814 839 1124 894 exaltabitur
1140 839 1349 912 (Matth.
1370 839 1539 911 χχιιι).
1555 834 1669 892 Un-

66 929 136 983 de
160 945 276 984 non
308 931 597 985 immerito
622 930 687 984 ad
713 930 1087 999 amputandam
1115 930 1419 999 hujusmodi
1440 929 1671 997 discipu-

67 1018 247 1073 lorum
275 1036 519 1075 suorum
542 1036 647 1076 non
674 1021 1025 1076 necessariam
1048 1022 1472 1076 contentionem:
1498 1020 1667 1074 Voca-

69 1108 159 1173 eit,
193 1108 401 1178 inquit,
435 1110 590 1163 Jesus
621 1126 848 1179 puerum,
879 1118 927 1163 et
956 1110 1133 1164 statuit
1159 1126 1272 1164 eum
1299 1111 1351 1164 in
1380 1110 1546 1163 medio
1583 1127 1670 1163 eo-

69 1216 185 1253 rum
213 1210 265 1253 et
295 1201 442 1254 dixit
466 1218 484 1254 :
516 1202 673 1254 Amen
697 1202 809 1255 dico
831 1203 1114 1265 vobismtisi
1141 1201 1370 1256 conversi
1399 1201 1599 1272 {ueritis
1620 1209 1669 1255 et

69 1292 393 1359 efﬁciamini
424 1294 560 1345 sicut
578 1293 741 1360 pueri,
769 1310 871 1347 non
891 1294 1148 1346 intrabitis
1171 1295 1225 1346 in
1245 1309 1399 1365 regno
1428 1293 1666 1347 cartorum

72 1380 296 1445 (Matth.
327 1383 509 1452 xvm).
543 1383 752 1441 Statuto
781 1385 834 1441 in
870 1385 1047 1439 medio
1073 1400 1240 1454 puero
1268 1386 1334 1439 ad
1361 1385 1665 1454 exemplum

76 1472 244 1538 ipsius
273 1470 549 1527 Dominus
569 1473 851 1542 discipulos
868 1474 1197 1539 adhortatur,
1224 1474 1505 1529 ostendens
1524 1475 1668 1542 quod

74 1560 115 1612 si
136 1562 520 1630 unusquisque
543 1563 679 1615 sicut
694 1578 824 1630 puer
842 1562 1061 1618 eﬁ‘ectus
1076 1579 1182 1617 non
1204 1561 1380 1625 fuerit,
1400 1564 1597 1617 intrare
1613 1564 1665 1616 in

78 1663 303 1717 regnum
328 1652 595 1706 cmlorum
621 1668 725 1705 non
747 1652 929 1721 possit.
948 1651 1052 1706 Sed
1074 1667 1179 1705 non
1195 1652 1391 1706 idcirco
1412 1651 1666 1705 Dominus

1775 476 2004 545 apostoli
2031 491 2060 529 a
2101 475 2324 531 Domino
2371 475 2522 545 pueri
2550 474 2838 545 nuncupati
2864 481 3020 535 sunt,
3050 470 3344 525 secundum

1772 566 1917 636 quod
1956 561 2211 637 scriptum
2241 567 2306 620 de
2334 565 2462 635 ipsis
2508 564 2729 634 legimus
2759 580 2773 616 :
2806 562 2939 616 Ecce
2974 576 3065 633 ego
3108 569 3159 614 et
3194 577 3279 629 ραι
3296 568 3342 616 ri

1770 675 1895 731 quos
1929 658 2069 718 dedit
2115 658 2239 711 mihi
2286 657 2533 711 Dominus
2566 654 2720 725 (Isai.
2746 654 2889 724 vm),
2920 655 3041 722 quia
3084 659 3335 719 tanquam

1770 748 1920 820 pueri
1950 749 2064 804 sine
2088 748 2231 811 dolo,
2256 748 2370 803 sine
2392 747 2591 815 malitia
2615 752 3039 816 permanserunt.
3064 743 3335 796 imitemur

1769 838 1930 907 igitur
1958 837 2254 906 bujusmodi
2288 852 2573 906 puerorum
2601 835 2920 905 exemplum,
2978 833 3029 887 id
3080 838 3163 886 est
3214 849 3330 885 ont-

1770 930 1915 987 nium
1941 934 2272 993 sanctorum,
2299 935 2356 980 ut
2385 928 2436 980 in
2491 939 2656 992 regno
2684 924 2940 979 caelorum
2979 922 3177 976 intrare
3212 935 3331 979 cum

1770 1018 1897 1087 ipsis
1922 1031 2238 1071 mereamur.
2260 1016 2533 1070 Imitemur
2548 1016 2711 1084 ipsius
2726 1012 2934 1069 Domini
2958 1011 3331 1076 humilitatem,

1767 1109 1859 1178 qui
1887 1108 2070 1163 salutis
2098 1116 2293 1162 nostrae
2322 1122 2484 1161 causa
2524 1121 2657 1177 puer
2676 1120 2794 1161 esse
2822 1104 3095 1171 dignatus,
3129 1111 3186 1155 ut
3213 1116 3331 1155 cum

1770 1202 1883 1269 ipso
1906 1194 2129 1267 regnare
2149 1201 2311 1270 690
2338 1198 2622 1269 possimus.
2658 1196 2722 1250 Et
2750 1197 2939 1250 merito
2965 1194 3165 1249 addidit
3192 1212 3203 1246 :
3230 1189 3331 1261 Qui

1766 1297 1933 1342 autem
1974 1291 2158 1359 accipit
2187 1306 2346 1341 unum
2396 1288 2549 1342 talem
2588 1304 2800 1359 puerum
2836 1286 2890 1340 in
2935 1285 3142 1339 nomine
3175 1300 3285 1355 meo
3312 1322 3327 1346 ,

1767 1395 1847 1432 me
1866 1379 2079 1447 accipit;
2110 1377 2395 1432 ostendens
2422 1376 2564 1445 quod
2589 1377 2895 1446 quicunque
2922 1390 3132 1429 servum
3166 1371 3330 1426 ﬁdeli—

1769 1477 1849 1523 ter
1871 1452 2177 1523 credentem
2206 1469 2257 1521 in
2303 1467 2535 1529 Christo,
2567 1476 2622 1521 et
2665 1465 2954 1521 secundum
2992 1464 3144 1533 pueri
3174 1462 3331 1516 inno-

1766 1560 1995 1613 centiam
2024 1560 2289 1612 viventem
2326 1559 2559 1627 recepit,
2585 1573 2643 1612 se
2682 1557 2921 1626 recipiat.
2953 1556 3008 1609 in
3033 1553 3183 1623 cujus
3209 1567 3331 1606 sus-

1765 1649 2013 1717 ceptione
2040 1648 2237 1702 idcirco
2267 1662 2324 1713 se
2353 1648 2514 1717 recipi
2540 1647 2793 1701 Dominus
2821 1644 2974 1707 dixit,
3011 1659 3076 1697 ne
3099 1644 3331 1712 aliquem

75 1740 392 1808 exemplum
423 1756 714 1809 puerorum
748 1742 943 1805 attulit,
977 1742 1059 1795 vel
1088 1741 1207 1796 ideo
1243 1740 1381 1795 efﬁci
1419 1756 1517 1795 nos
1546 1751 1660 1797 tan-
1696 1729 1740 1787 Β
1766 1739 2067 1807 huiusmodi
2097 1755 2307 1794 servum
2331 1740 2425 1793 Dei
2454 1740 2724 1793 humiliter
2752 1739 3017 1792 viventem
3048 1743 3330 1804 contemp-

76 1840 237 1893 quam
278 1842 490 1896 pueros
515 1828 684 1897 jubet,
719 1836 775 1883 ut
801 1838 958 1884 aetate
986 1830 1163 1900 pueris
1200 1832 1512 1899 similemur,
1542 1849 1661 1887 cum

76 1918 242 1986 689
268 1929 409 1973 tetas
430 1920 543 1987 jam
564 1921 741 1975 senior
764 1938 975 1976 rursum
998 1923 1063 1978 ad
1084 1922 1336 1979 infantem
1358 1923 1533 1977 redire
1558 1941 1662 1979 non

78 2007 278 2074 possit;
326 2009 433 2063 sed
481 2019 537 2064 ut
585 2010 862 2067 infantiam
908 2027 1197 2081 puerorum
1221 2021 1275 2067 et
1304 2015 1661 2069 innocentiam

81 2094 377 2152 imitemur.
426 2099 585 2154 Novit
643 2102 831 2155 beatus
883 2102 1170 2171 Apostolus
1216 2103 1661 2171 quemadmodum

81 2186 229 2250 pueri
262 2202 387 2241 esse
438 2203 469 2242 a
513 2188 738 2244 Domino
760 2189 1044 2258 jubeamur
1089 2207 1210 2246 cum
1266 2192 1392 2246 dicit
1430 2210 1440 2244 :
1488 2190 1667 2247 Nolite

80 2276 226 2340 pueri
254 2277 388 2345 eﬁici
413 2280 663 2344 sensibus,
695 2281 785 2333 sed
806 2281 1007 2349 malitia
1034 2281 1229 2349 parvuli
1256 2290 1432 2346 estote,
1464 2292 1518 2334 ut
1548 2298 1663 2336 sen-

83 2363 219 2417 sibus
238 2369 464 2434 perfecti
484 2370 596 2422 sitis
627 2370 643 2439 (
666 2368 694 2423 Ι
718 2368 835 2425 Cor.
861 2374 992 2439 xxv).
1017 2370 1155 2425 Puer
1183 2373 1325 2426 enim
1354 2372 1437 2427 vel
1465 2389 1660 2442 parvu-

87 2450 166 2504 lus
195 2454 465 2509 malitiam
500 2459 679 2513 saeculi
720 2475 824 2514 non
854 2460 1020 2524 novit,
1054 2468 1336 2529 peccatum
1365 2461 1540 2517 lacere
1570 2478 1663 2517 ne-

83 2540 199 2602 scii,
233 2546 488 2610 proximo
518 2548 716 2601 malum
746 2564 853 2603 non
879 2560 1150 2619 operatur,
1184 2552 1315 2611 iram
1346 2568 1452 2607 non
1494 2561 1658 2618 tenet,

89 2632 361 2685 neminem
392 2636 525 2713 odit,
577 2636 786 2691 divitias
832 2654 939 2692 non
980 2640 1196 2707 qumrit,
1230 2641 1451 2709 gloriam
1482 2642 1661 2697 mundi

91 2716 250 2782 ipsius
279 2737 393 2775 non
420 2725 660 2791 miratur,
700 2736 902 2796 patrem
924 2744 1134 2799 semper
1151 2733 1408 2799 sequitur,
1441 2748 1468 2785 a
1491 2741 1663 2789 matre

95 2826 197 2865 non
234 2817 460 2871 recedit.
494 2818 606 2875 Hac
651 2834 777 2889 ergo
818 2822 883 2877 de
929 2838 1088 2878 causa
1114 2824 1229 2880 vult
1265 2841 1363 2879 nos
1408 2825 1661 2881 Dominus

94 2909 342 2971 tanquam
371 2924 569 2976 pueros
595 2909 749 2975 efﬁci,
775 2922 833 2967 ut
859 2915 1016 2967 simili
1045 2917 1289 2985 exemplo
1317 2916 1431 2972 sine
1461 2918 1661 2972 malitia

98 2997 149 3041 et
175 2992 286 3047 sine
314 2995 443 3051 dolo
473 2999 526 3052 in
570 3001 764 3056 saeculo
803 3005 1051 3071 praesenti
1079 3005 1336 3061 vivamus.
1370 3005 1658 3061 Peccatum

1770 1829 1843 1881 tui
1869 1828 2200 1884 haberemus.
2235 1827 2522 1896 Propterea
2546 1828 2744 1882 addidit
2784 1827 3001 1880 dicens:
3031 1825 3329 1893 Quicunque

1764 1920 2191 1973 scandalizarerit
2233 1936 2392 1973 unum
2437 1920 2500 1973 dc
2529 1920 2727 1989 pusillis
2766 1920 2878 1972 isiis
2923 1916 3249 1989 qui'credunt
3275 1917 3331 1969 in

1765 2026 1860 2074 me,
1893 2009 2096 2077 expedit
2117 2010 2162 2062 ei
2190 2018 2243 2061 ut
2270 2010 2610 2077 suspendatur
2646 2009 2782 2061 mola
2824 2008 3054 2060 asinaria
3102 2008 3154 2058 in
3199 2005 3332 2060 collo

1764 2100 1896 2170 ejus,
1926 2109 1974 2153 et
2000 2100 2322 2171 demergatur
2350 2102 2400 2153 in
2422 2100 2734 2170 profundum
2759 2100 2937 2152 muris.
2970 2096 3197 2152 Necesse
3215 2103 3332 2150 erat

1764 2198 1824 2245 ut
1853 2198 1973 2260 post
2001 2193 2271 2261 prmmium
2291 2191 2496 2246 devotae
2517 2190 2637 2245 ﬁdei
2668 2189 3031 2244 inﬁdelitatem
3060 2187 3332 2241 damnatio

1763 2288 2095 2348 sequeretur.
2125 2278 2291 2335 Sicuti
2325 2280 2465 2333 enim
2496 2278 2742 2335 ﬁdelibus
2772 2278 3073 2335 hominibus
3106 2274 3332 2330 scanda-

1765 2372 1873 2425 lum
1903 2371 2218 2426 facientibus
2238 2388 2393 2440 pmna
2421 2370 2669 2434 debetur,
2701 2378 2753 2424 et
2780 2384 2935 2438 quam
2966 2381 3122 2435 grave
3144 2381 3333 2435 pecca-

1766 2470 1878 2517 tum
1905 2464 1977 2517 sit
2003 2462 2307 2518 scandalum
2346 2463 2540 2527 facere,
2570 2478 2633 2515 ex
2661 2462 2766 2516 hoc
2804 2462 2919 2530 ipso
2942 2459 3330 2527 cognoscimus,

1763 2571 1883 2610 cum
1931 2556 2185 2611 Dominus
2213 2555 2465 2624 expedire
2505 2554 2645 2608 dicat
2674 2552 2975 2620 hujusmodi
3024 2549 3244 2616 homini,
3274 2557 3332 2603 ut

1764 2647 1905 2701 mola
1935 2648 2164 2718 asinaria
2195 2653 2453 2715 suspensa
2494 2646 2545 2699 in
2575 2643 2713 2700 collo
2762 2645 2877 2711 ejus
2928 2643 2979 2696 in
3011 2640 3330 2711 profuadum

1764 2738 1926 2791 maris
1950 2738 2307 2806 demergatur,
2330 2753 2488 2806 quam
2510 2744 2568 2790 ut
2596 2752 2758 2792 unum
2781 2735 2850 2790 de
2870 2734 3073 2804 pusillis
3102 2734 3153 2787 in
3183 2732 3335 2787 Chri-

1763 2835 1847 2881 sto
1867 2828 2202 2882 credentibus
2222 2827 2563 2882 scandalizet.
2587 2825 2655 2879 Ut
2676 2832 2945 2895 praevento
2961 2824 3162 2894 peccati
3188 2838 3341 2877 scan-

1764 2916 1884 2970 dalo
1913 2917 2237 2986 hujusmodi,
2267 2917 2310 2972 si
2342 2917 2454 2971 ﬁeri
2476 2923 2668 2985 potest,
2693 2916 2793 2970 hac
2812 2914 3164 2978 sententia,in
3194 2928 3336 2983 pra:-

1763 3007 1902 3060 scnti
1929 3008 2035 3060 vita
2058 3008 2172 3061 sine
2220 3007 2475 3061 seandalo
2504 3007 2709 3069 vivere,
2742 3020 2901 3074 quam
2932 3021 3050 3059 cum
3078 3003 3334 3058 seandalo

100 3074 375 3147 fugiamus.
401 3088 598 3143 malum
628 3092 872 3159 proximo
902 3108 1007 3148 non
1037 3108 1357 3164 operemur;
1399 3098 1531 3150 iram
1554 3113 1660 3152 non
1691 3079 1734 3141 Ο
1768 3113 1976 3167 pmnam
1992 3107 2249 3152 mternam
2297 3098 2434 3152 illius
2474 3099 2660 3152 mortis
2694 3098 2940 3151 malimus
2966 3098 3250 3151 incurrere.
3278 3094 3334 3149 Si

100 3176 395 3240 teneamus,
430 3196 536 3234 non
564 3179 791 3245 divitias,
825 3199 929 3238 non
959 3185 1179 3252 gloriam
1218 3190 1396 3242 smculi
1425 3190 1664 3257 requira-

102 3272 231 3347 mus.
264 3261 482 3323 Patrem
529 3286 738 3339 semper
765 3286 1071 3340 sequamur,
1116 3274 1169 3329 id
1192 3283 1272 3330 est
1304 3275 1489 3345 Deum,
1517 3279 1666 3347 cujus

104 3346 191 3403 ﬁlii
219 3368 314 3421 per
334 3357 676 3427 adoptionem
702 3375 821 3415 esse
844 3361 955 3431 jam
1000 3366 1278 3434 coepimus,
1305 3382 1332 3420 a
1366 3376 1533 3422 matre
1559 3346 1662 3424 non

106 3442 432 3513 recedamus,
456 3447 509 3502 id
557 3458 636 3503 est
669 3452 734 3505 ab
762 3449 1016 3517 Ecclesia,
1049 3470 1144 3523 per
1168 3472 1326 3526 quam
1366 3457 1475 3512 Deo
1506 3459 1664 3527 spiri-

105 3529 310 3585 tualiter
328 3538 441 3590 nati
472 3554 671 3593 sumus.
698 3540 755 3594 lu
776 3542 932 3611 hujus
957 3546 1139 3598 matris
1160 3548 1380 3613 gremio,
1416 3556 1665 3618 tanquam

110 3624 305 3706 parvuli
334 3628 453 3682 sinu
486 3632 650 3697 patris
677 3634 890 3702 proprie
928 3637 1201 3690 constituti
1246 3639 1661 3706 requiescamus.

108 3704 263 3776 Hujus
288 3716 489 3772 salubri
533 3719 773 3775 doctrina
802 3724 1039 3791 quotidie
1085 3704 1479 3794 denutria-mur,
1507 3738 1565 3782 ut
1612 3731 1666 3785 in

111 3796 206 3890 ﬁdo
252 3812 308 3857 et
350 3808 521 3874 gratia
565 3810 811 3880 baptismi
839 3829 1167 3884 crescamus;
1200 3818 1488 3874 secundum
1522 3821 1667 3890 quod

112 3883 287 3981 Petrus
316 3895 366 3949 in
389 3896 624 3967 Epistola
653 3916 747 3955 sua
776 3910 1002 3959 testatus
1022 3913 1123 3971 est,
1146 3907 1329 3963 dicens
1354 3926 1365 3961 :
1400 3883 1661 3981 Infantes,

112 3977 185 4031 lac
224 3985 477 4053 adamate,
511 3999 565 4042 ut
612 3993 665 4045 in
694 4008 753 4046 eo
800 3997 1041 4049 crescatis
1067 3995 1121 4066 (I
1161 3995 1275 4051 Pet.
1308 3998 1387 4068 tt).
1421 3977 1665 4054 ostendit

111 4070 254 4125 nobis
297 4085 352 4129 et
403 4088 619 4135 sanctus
660 4079 893 4137 Joannes
949 4086 999 4137 in
1028 4084 1265 4155 Epistola
1314 4103 1409 4141 sua
1439 4089 1667 4157 qualiter

116 4164 253 4224 pueri
281 4181 396 4223 esse
424 4169 734 4235 debeamus,
761 4188 879 4227 cum
909 4174 1036 4229 dicit
1063 4195 1074 4229 :
1107 4177 1287 4232 Scriba
1316 4178 1475 4246 vobis,
1497 4183 1663 4251 pueri,

113 4252 221 4317 quia
238 4262 543 4327 cognovistis
568 4272 761 4332 patrem
778 4263 830 4334 (1
855 4266 1011 4320 Joan.
1038 4269 1115 4339 ιι).
1150 4268 1206 4323 In
1236 4270 1340 4325 hoc
1368 4286 1493 4339 ergo
1514 4273 1667 4341 pueri

117 4350 225 4394 esse
270 4350 629 4417 praecipimur,
681 4360 738 4405 ut
782 4363 985 4422 patrem
1017 4370 1393 4423 agnoscamus;
1428 4370 1484 4413 ut
1512 4362 1666 4416 inno-

1768 3187 1926 3256 igitur
1954 3188 2055 3241 hoc
2082 3187 2337 3241 Dominus
2365 3187 2430 3240 dc
2456 3203 2522 3241 eo
2563 3189 2652 3255 qui
2702 3203 2862 3240 unum
2904 3186 3225 3240 scandalizat
3267 3186 3335 3240 de

1767 3280 1971 3348 pusillis
2017 3279 2268 3347 loquitur,
2300 3295 2459 3348 quam
2510 3288 2759 3348 putamus
2808 3294 3020 3347 poenam
3060 3277 3337 3331 habituros

1766 3368 2064 3431 htereticos,
2091 3368 2181 3436 qui
2204 3384 2299 3437 per
2320 3384 2535 3437 pravam
2560 3376 2613 3422 et
2634 3366 2889 3437 perﬁdam
2907 3366 3203 3422 doctrinam
3228 3383 3336 3422 non

1767 3456 1877 3522 uni,
1927 3456 2021 3510 sed
2074 3456 2293 3525 integra:
2341 3456 2592 3511 Ecclesiae
2642 3450 2949 3512 scandalum
3006 3457 3240 3511 faciunt?
3270 3457 3337 3512 Et

1767 3547 2231 3618 quamvis'dictum
2262 3549 2365 3602 hoc
2392 3548 2602 3602 Domini
2633 3548 2698 3602 de
2740 3548 2882 3602 mola
2912 3548 3142 3601 asinaria
3171 3549 3333 3603 etiam
3424 3614 3425 3617 η

1766 3639 2075 3709 simpliciter
2098 3641 2265 3709 possit
2290 3640 2527 3707 intelligi,
2546 3646 2721 3693 tamen
2744 3639 3030 3695 secundum
3057 3640 3334 3710 mysticam

1768 3730 2029 3784 rationem
2058 3731 2110 3783 in
2139 3728 2525 3798 signiﬁcatione
2550 3730 2705 3783 mola:
2729 3729 2968 3783 asinaria:
2992 3730 3109 3797 plus
3137 3728 3343 3798 aliquid

1769 3826 1945 3887 potest
1974 3818 2215 3887 intelligi.
2241 3820 2637 3889 Animalia'quxe
2664 3820 2731 3872 ad
2754 3819 2945 3872 molam
2967 3818 3116 3887 jungi
3138 3818 3335 3882 solent,

1769 3908 1978 3963 clausos
2007 3909 2190 3963 oculos
2213 3909 2409 3964 habere
2444 3917 2853 3964 consueverunt.
2887 3907 3037 3966 Unde
3078 3910 3232 3962 molce
3262 3910 3336 3963 si-

1770 3998 2108 4069 gniﬁcatione
2132 3999 2283 4054 labor
2321 4000 2440 4054 vita:
2470 4001 2744 4068 praesentis
2766 3992 3087 4053 ostenditur.
3106 3999 3159 4051 In
3186 4000 3337 4052 asino

1772 4106 1900 4145 vero
1928 4091 2140 4158 gentilis
2181 4091 2343 4145 homo
2373 4100 2719 4156 monstratur,
2766 4091 2854 4160 qui
2885 4092 2999 4144 sine
3030 4092 3354 4157 cognitione

1774 4181 1866 4234 Dei
1895 4189 1949 4235 et
1982 4181 2179 4235 lumine
2204 4182 2327 4236 lidei
2351 4189 2599 4250 tanquam
2630 4198 2828 4238 crocum
2853 4182 3055 4238 animal
3080 4182 3129 4235 in
3155 4183 3338 4237 labore

1770 4270 1950 4324 saeculi
1970 4270 2116 4323 vivit.
2142 4256 2466 4327 Profundum
2497 4287 2622 4325 vero
2653 4271 2813 4325 maris
2842 4270 3158 4339 profundum
3189 4286 3339 4325 erro-

1771 4374 1882 4412 rem
1912 4360 2112 4413 mundi.
2138 4359 2203 4413 Et
2233 4360 2350 4414 ideo
2372 4360 2508 4414 bene
2537 4360 2670 4414 dixit
2691 4362 2941 4430 expedire
2966 4362 3053 4414 tali
3082 4362 3171 4430 qui
3192 4377 3339 4416 scan-

116 4438 283 4486 centes
310 4444 364 4488 et
390 4438 662 4507 simplices
689 4442 826 4496 sicut
855 4444 1117 4500 columba:
1145 4448 1197 4501 in
1225 4448 1328 4502 hoc
1360 4450 1559 4506 mundo
1589 4453 1667 4506 vi-
1693 4422 1746 4482 Β
1771 4450 1948 4503 dalum
1980 4450 2104 4504 facit
2133 4452 2328 4505 molam
2360 4453 2645 4509 asinariam
2685 4454 2940 4522 suspendi
2982 4454 3031 4506 in
3063 4455 3201 4510 collo
3224 4454 3340 4522 ejus

117 4526 305 4576 \‘amus.
337 4527 537 4583 Veiens
584 4531 739 4598 igitur
782 4532 1034 4590 Dominus
1062 4537 1361 4606 hujusmodi
1414 4543 1465 4595 in
1515 4544 1668 4598 nobis

120 4620 226 4701 esse
247 4615 646 4676 similitudinem
676 4639 1103 4692 pucrorum,non
1135 4630 1400 4685 immerito
1416 4636 1667 4701 praesenti

120 4694 223 4791 loco
252 4706 319 4758 ait
351 4726 361 4761 :
396 4707 522 4763 Nisi
544 4715 769 4767 conversi
795 4716 1083 4784 eﬂiciamini
1110 4721 1240 4773 sicut
1268 4724 1430 4791 pueri,
1459 4740 1558 4776 non
1590 4727 1670 4777 in-

118 4788 299 4847 trabitis
342 4801 394 4853 in
426 4817 638 4870 regnum
666 4807 922 4859 caelorum.
960 4806 1253 4879 Quicunque
1282 4828 1400 4881 ergo
1432 4814 1673 4867 humilia-

120 4881 231 4932 εει-ξι
262 4902 313 4973 se
355 4892 489 4943 sicut
515 4909 642 4959 puer
668 4895 796 4959 iste,
825 4896 907 4950 hic
938 4899 1105 4968 major
1129 4910 1203 4954 est
1229 4902 1283 4955 in
1331 4920 1487 4973 regno
1517 4907 1669 4959 caelo-

123 4981 238 5022 rum.
262 4972 385 5033 Eum
430 4996 560 5049 ergo
587 4984 842 5052 majorem
871 4987 923 5040 in
951 5001 1116 5055 regno
1142 4972 1398 5046 cmlorum
1435 4995 1667 5050 futurum

122 5058 371 5122 CVidenter
412 5070 669 5126 Dominus
696 5074 1019 5140 manifestat,
1052 5080 1351 5149 quicunque
1398 5083 1666 5137 humilita-

124 5149 217 5241 lem
245 5162 295 5244 et
338 5159 695 5216 innocentiam
744 5167 893 5234 pueri
942 5167 1101 5221 fuerit
1130 5170 1381 5227 imitatus.
1428 5173 1665 5244 Denique

128 5249 223 5331 Ψξξ
250 5242 514 5316 Dominus,
540 5262 597 5305 ut
621 5255 771 5308 nobis
799 5256 1039 5325 perfecte
1067 5274 1133 5311 ex
1162 5276 1219 5314 se
1241 5264 1539 5331 exemplum
1568 5242 1667 5318 bu-

131 5326 340 5391 militatis
366 5341 693 5410 ostenderet,
724 5346 884 5399 etiam
907 5347 1019 5415 ipse
1048 5359 1316 5418 assumpta
1342 5326 1502 5407 carne
1530 5353 1668 5409 efﬁci

134 5428 245 5509 puer
268 5424 512 5495 dignatus
541 5440 641 5493 est,
672 5435 964 5488 secundum
994 5438 1133 5503 quod
1187 5441 1441 5509 scriptum
1489 5444 1555 5496 de
1602 5459 1666 5499 eo

126 5502 357 5571 "ciiiilius:
384 5519 643 5584 Quoniam
664 5541 787 5590 puer
816 5536 965 5578 natus
986 5537 1061 5578 est
1084 5528 1244 5594 nobis,
1274 5541 1322 5583 et
1350 5533 1487 5600 [ilius
1511 5535 1660 5588 datus

134 5609 196 5651 £81
237 5611 388 5679 nobis,
430 5617 578 5685 cujus
607 5617 873 5687 imperium
904 5619 1097 5685 factum
1126 5630 1199 5672 cst
1230 5639 1378 5692 super
1426 5626 1656 5682 humeros

1770 4550 1825 4597 et
1854 4543 2086 4611 demergi
2113 4544 2163 4596 in
2207 4544 2523 4612 profundum
2554 4546 2734 4599 maris.
2764 4546 2819 4598 In
2850 4561 2956 4613 quo
2986 4547 3214 4601 maxime
3243 4546 3339 4601 Ju-

1772 4636 1941 4691 dtcum
1990 4634 2288 4702 signiﬁcare
2336 4636 2567 4703 videtur,
2615 4638 2704 4704 qui
2736 4637 2801 4691 de
2840 4653 2993 4691 cruce
3024 4638 3239 4701 Christi,
3271 4637 3343 4692 de

1772 4725 2149 4793 pricdicatione
2180 4726 2405 4779 nominis
2435 4724 2547 4793 ejus
2576 4726 2883 4781 scandalum
2925 4727 3032 4794 pati
3065 4726 3340 4793 cognosci~

1774 4822 1875 4868 tur.
1911 4814 2043 4867 Huic
2067 4829 2194 4881 ergo
2234 4815 2323 4867 tali
2376 4814 2669 4881 expediret,
2701 4816 2743 4868 si
2795 4816 2846 4867 in
2886 4816 3123 4869 caecitate
3145 4817 3343 4871 erroris

1774 4905 1984 4972 gentilis
2013 4904 2173 4958 veluti
2197 4906 2247 4957 in
2277 4904 2594 4981 profundum
2626 4906 2784 4958 maris
2806 4905 3085 4959 demersus
3102 4922 3342 4961 versare-

1774 5002 1876 5059 tur,
1910 5009 2067 5063 quam
2096 4994 2193 5047 sub
2223 4994 2597 5062 prirdicatione
2646 4995 2792 5061 legis,
2826 5011 2920 5063 per
2966 5011 3123 5063 quam
3163 4996 3351 5057 lumen

1774 5086 2012 5138 veritatis
2040 5100 2329 5151 agnoscere
2380 5100 2436 5138 se
2464 5084 2674 5137 Judscus
2703 5086 3004 5153 existimat,
3024 5085 3091 5139 de
3130 5087 3343 5148 Christo

1774 5178 1859 5230 vel
1883 5176 2137 5243 apostolis
2158 5174 2289 5242 ejus,
2315 5191 2449 5243 quos
2473 5176 2722 5243 parvulos
2752 5176 3003 5244 appellat,
3033 5176 3344 5233 scandalum

1774 5275 2071 5335 pateretur;
2101 5266 2224 5333 quia
2255 5264 2458 5319 facilius
2486 5274 2566 5317 est
2586 5266 2836 5334 gentilem
2859 5266 2973 5319 sine
2998 5266 3111 5332 lege
3134 5268 3344 5323 Christo

1773 5374 1875 5411 non
1895 5357 2133 5420 credere,
2168 5373 2326 5425 quam
2354 5356 2592 5410 Judaeum
2624 5358 2885 5410 viventem
2916 5358 3013 5411 sub
3035 5358 3178 5425 lege,
3215 5357 3345 5425 legis

1772 5449 1936 5517 ipsius
1958 5448 2235 5502 Dominum
2267 5448 2550 5513 denegare.
2585 5446 2873 5501 Possumus
2912 5458 3089 5502 autem
3123 5450 3172 5501 in
3206 5451 3345 5503 mola

1774 5536 2000 5592 asinaria
2031 5536 2189 5590 ctiam
2218 5538 2322 5590 duo
2353 5536 2691 5589 Testamenta
2724 5535 3019 5602 signiﬁcata
3064 5540 3217 5609 691
3252 5553 3344 5591 co-

1772 5644 2048 5702 gnoscere,
2089 5643 2185 5697 per
2234 5642 2348 5697 qum
2398 5626 2758 5695 unusquisque
2789 5628 3099 5687 scandalum
3147 5628 3343 5684 faciens
